{"host":"Ryley","time":1612394015,"event":{"mods":["BaseMod","Downfall","Minty Spire (QoL Compilation)","StSLib"],"gold_per_floor":[113,132,132,152,164,164,179,179,203,225,237,283,470,262,262,366,366,383,416,121,141,159,189,189,202,202,218,232,251,0,100,100,203,203,220,239,257,257,268,268,268,268,294,319,319,165,179,401,401,401,401],"floor_reached":50,"language":"ENG","playtime":1789,"items_purged":["Doubt"],"score":546,"play_id":"bd4b3be9-8059-4f09-8c24-9e322274ce25","local_time":"20210203171335","is_ascension_mode":false,"campfire_choices":[{"data":"Twin Strike","floor":6,"key":"SMITH"},{"data":"Pommel Strike","floor":8,"key":"SMITH"},{"floor":15,"key":"REST"},{"floor":24,"key":"REST"},{"floor":32,"key":"REST"},{"floor":40,"key":"REST"},{"floor":42,"key":"RECALL"},{"floor":45,"key":"REST"},{"floor":49,"key":"REST"}],"circlet_count":0,"master_deck":["Strike_R","Strike_R","Strike_R","Strike_R","Strike_R","Defend_R","Defend_R","Defend_R","Defend_R","Bash","True Grit","Twin Strike+1","Shrug It Off","Anger","Heavy Blade","Pommel Strike+1","Perfected Strike","Iron Wave","Demon Form","Iron Wave","Cleave","Headbutt","Flex+1","Seeing Red+1","Thunderclap+1","Master of Strategy"],"relics":["Black Blood","Letter Opener","MawBank","Pantograph","Oddly Smooth Stone","Mark of Pain","Red Mask","Shuriken","Akabeko","Sundial","Paper Frog","Ginger","InkBottle","Boot","HandDrill"],"acts_visited":["Exordium","TheCity","TheBeyond"],"potions_floor_usage":[19,28,33,39,39,39,50,50],"damage_taken":[{"damage":1,"enemies":"Cultist","floor":1,"turns":4},{"damage":5,"enemies":"Jaw Worm","floor":2,"turns":4},{"damage":2,"enemies":"Small Slimes","floor":4,"turns":3},{"damage":6,"enemies":"3 Louse","floor":5,"turns":5},{"damage":9,"enemies":"Blue Slaver","floor":7,"turns":4},{"damage":18,"enemies":"Large Slime","floor":10,"turns":5},{"damage":19,"enemies":"Gremlin Nob","floor":12,"turns":4},{"damage":72,"enemies":"The Guardian","floor":16,"turns":15},{"damage":6,"enemies":"2 Thieves","floor":18,"turns":4},{"damage":33,"enemies":"Masked Bandits","floor":19,"turns":5},{"damage":0,"enemies":"Chosen","floor":21,"turns":4},{"damage":33,"enemies":"Sentry and Sphere","floor":22,"turns":6},{"damage":37,"enemies":"Gremlin Leader","floor":23,"turns":7},{"damage":6,"enemies":"3 Cultists","floor":25,"turns":4},{"damage":16,"enemies":"Snake Plant","floor":27,"turns":4},{"damage":0,"enemies":"Chosen and Byrds","floor":28,"turns":4},{"damage":11,"enemies":"Centurion and Healer","floor":29,"turns":4},{"damage":0,"enemies":"Colosseum Slavers","floor":31,"turns":4},{"damage":29,"enemies":"Colosseum Nobs","floor":31,"turns":5},{"damage":39,"enemies":"Champ","floor":33,"turns":7},{"damage":22,"enemies":"Orb Walker","floor":35,"turns":5},{"damage":35,"enemies":"3 Shapes","floor":36,"turns":5},{"damage":33,"enemies":"Maw","floor":37,"turns":7},{"damage":7,"enemies":"Jaw Worm Horde","floor":39,"turns":3},{"damage":52,"enemies":"Giant Head","floor":44,"turns":7},{"damage":19,"enemies":"Transient","floor":47,"turns":5},{"damage":124,"enemies":"Awakened One","floor":50,"turns":10}],"seed_played":"-2615487753986207606","potions_obtained":[{"floor":1,"key":"ElixirPotion"},{"floor":2,"key":"Energy Potion"},{"floor":5,"key":"EntropicBrew"},{"floor":7,"key":"CultistPotion"},{"floor":12,"key":"FairyPotion"},{"floor":22,"key":"FairyPotion"},{"floor":23,"key":"Fire Potion"},{"floor":28,"key":"Guardian:BlockOnCardUsePotion"},{"floor":33,"key":"Ancient Potion"},{"floor":44,"key":"champ:CounterPotion"}],"is_trial":false,"path_per_floor":["M","M","T","M","M","R","M","R","T","M","$","E","?","$","R","B",null,"M","?","$","M","M","E","R","M","T","M","M","M","$","?","R","B",null,"M","M","M","?","M","R","?","R","T","E","R","$","M","?","R","B"],"character_chosen":"IRONCLAD","items_purchased":["Oddly Smooth Stone","Shuriken","Cleave","Paper Frog","HandDrill"],"campfire_rested":6,"item_purchase_floors":[14,20,20,30,46],"current_hp_per_floor":[80,80,80,80,80,80,77,77,77,65,65,52,52,52,76,14,80,80,53,53,59,32,30,54,54,54,44,50,45,45,28,52,44,80,70,47,26,26,31,55,55,55,55,15,39,39,32,32,56,0,0],"gold":401,"neow_bonus":"THREE_CARDS","is_daily":false,"chose_seed":false,"campfire_upgraded":2,"win_rate":0.0,"timestamp":1612394015,"path_taken":["M","M","?","M","M","R","M","R","T","M","$","E","?","$","R","BOSS","M","?","$","M","M","E","R","M","T","M","M","M","$","?","R","BOSS","M","M","M","?","M","R","?","R","T","E","R","$","M","?","R","BOSS"],"items_purchased_type":["Relic","Relic","Card","Relic","Relic"],"build_version":"2020-12-18","purchased_purges":1,"victory":false,"max_hp_per_floor":[80,80,80,80,80,80,80,80,80,80,80,80,80,80,80,80,80,80,80,80,80,80,80,80,80,80,80,80,80,80,80,80,80,80,80,80,80,80,80,80,80,80,80,80,80,80,80,80,80,80,80],"card_choices":[{"not_picked":["Warcry","Second Wind"],"picked":"True Grit","floor":0},{"not_picked":["Shrug It Off","Havoc"],"picked":"Twin Strike","floor":1},{"not_picked":["Armaments","Fiend Fire"],"picked":"Shrug It Off","floor":2},{"not_picked":["Havoc","Warcry"],"picked":"Anger","floor":4},{"not_picked":["Wild Strike","Dark Embrace"],"picked":"Heavy Blade","floor":5},{"not_picked":["Power Through","Burning Pact"],"picked":"Pommel Strike","floor":7},{"not_picked":["Pummel","Feel No Pain"],"picked":"Perfected Strike","floor":10},{"not_picked":["Infernal Blade","Perfected Strike"],"picked":"Iron Wave","floor":12},{"not_picked":["Immolate","Juggernaut"],"picked":"Demon Form","floor":16},{"not_picked":["Rage","Cleave"],"picked":"Iron Wave","floor":18},{"not_picked":["Body Slam","Wild Strike+1"],"picked":"Headbutt","floor":21},{"not_picked":["True Grit","Wild Strike"],"picked":"Flex+1","floor":22},{"not_picked":["Corruption","Metallicize","Uppercut"],"picked":"SKIP","floor":23},{"not_picked":["True Grit","Sword Boomerang","Evolve+1"],"picked":"SKIP","floor":25},{"not_picked":["Hemokinesis+1","Body Slam+1"],"picked":"Seeing Red+1","floor":27},{"not_picked":["Twin Strike","Clothesline","Flex"],"picked":"SKIP","floor":28},{"not_picked":["Armaments","Infernal Blade","Immolate"],"picked":"SKIP","floor":29},{"not_picked":["True Grit","Warcry","Havoc"],"picked":"SKIP","floor":35},{"not_picked":["Pommel Strike+1","Perfected Strike","Armaments"],"picked":"SKIP","floor":36},{"not_picked":["Anger","Blood for Blood"],"picked":"Thunderclap+1","floor":37},{"not_picked":["Sword Boomerang","Warcry+1","Second Wind+1"],"picked":"SKIP","floor":39},{"not_picked":["PanicButton","Blind"],"picked":"Master of Strategy","floor":41},{"not_picked":["Fire Breathing","Burning Pact+1","Perfected Strike+1"],"picked":"SKIP","floor":44},{"not_picked":["Rupture","Dark Embrace","Shrug It Off"],"picked":"SKIP","floor":47}],"player_experience":380664,"relics_obtained":[{"floor":3,"key":"Letter Opener"},{"floor":9,"key":"MawBank"},{"floor":12,"key":"Pantograph"},{"floor":19,"key":"Red Mask"},{"floor":23,"key":"Akabeko"},{"floor":26,"key":"Sundial"},{"floor":31,"key":"Ginger"},{"floor":31,"key":"InkBottle"},{"floor":44,"key":"Boot"}],"event_choices":[{"damage_healed":0,"gold_gain":175,"player_choice":"AGREE","damage_taken":0,"max_hp_gain":0,"max_hp_loss":0,"event_name":"Liars Game","floor":13,"gold_loss":0,"cards_obtained":["Doubt"]},{"damage_healed":0,"gold_gain":0,"player_choice":"Fought Bandits","damage_taken":0,"max_hp_gain":0,"max_hp_loss":0,"event_name":"Masked Bandits","floor":19,"gold_loss":0},{"damage_healed":0,"gold_gain":0,"player_choice":"Fight","damage_taken":0,"max_hp_gain":0,"max_hp_loss":0,"event_name":"Colosseum","floor":31,"gold_loss":0},{"damage_healed":0,"gold_gain":0,"player_choice":"Fought Nobs","damage_taken":0,"max_hp_gain":0,"max_hp_loss":0,"event_name":"Colosseum","floor":31,"gold_loss":0},{"damage_healed":0,"gold_gain":0,"player_choice":"Ignored","damage_taken":0,"max_hp_gain":0,"max_hp_loss":0,"event_name":"The Moai Head","floor":38,"gold_loss":0},{"damage_healed":0,"gold_gain":0,"player_choice":"Memory 1","damage_taken":0,"max_hp_gain":0,"max_hp_loss":0,"event_name":"SensoryStone","floor":41,"gold_loss":0},{"damage_healed":0,"gold_gain":222,"player_choice":"Wore Mask","damage_taken":0,"max_hp_gain":0,"max_hp_loss":0,"event_name":"Tomb of Lord Red Mask","floor":48,"gold_loss":0}],"is_beta":true,"boss_relics":[{"not_picked":["Runic Pyramid","Empty Cage"],"picked":"Mark of Pain"},{"not_picked":["Sozu","Runic Dome"],"picked":"Black Blood"}],"items_purged_floors":[14],"is_endless":false,"potions_floor_spawned":[1,2,5,7,12,22,23,28,31,33,36,44],"killed_by":"Awakened One","ascension_level":0}}