{"host":"cjhtzh7tp54jdfyv","time":1612315756,"event":{"mods":["AchievementEnabler","BaseMod","Colored Map","Colored Powertips","Curses Come First","DeckTracker","Minty Spire (QoL Compilation)","RNG Fix","Relic Sorter","Relic Stats","StSLib","UnlockEverythingMod","ojb\u0027s Better Paths Mod","ojb\u0027s Info Mod"],"gold_per_floor":[116,41,41,41,65,99,120,120,120,151,171,211,10,10,10,108,108,132,57,332,373,373,373,373,373],"floor_reached":24,"language":"ENG","playtime":1227,"items_purged":["Defend_G"],"score":520,"play_id":"12bafe51-9b55-43f7-b0ab-3d17086f98cd","local_time":"20210202202916","is_ascension_mode":true,"campfire_choices":[{"data":"Eviscerate","floor":8,"key":"SMITH"},{"data":"Envenom","floor":15,"key":"SMITH"},{"data":"Burst","floor":23,"key":"SMITH"}],"circlet_count":0,"master_deck":["AscendersBane","Strike_G","Strike_G","Strike_G","Strike_G","Defend_G","Defend_G","Defend_G","Survivor","Neutralize","Deadly Poison","Backstab","Eviscerate+1","Calculated Gamble","After Image","Dagger Throw","Envenom+1","After Image","Reflex","Burst+1","Blade Dance","Regret","Well Laid Plans+1"],"relics":["Ring of the Snake","NeowsBlessing","Golden Idol","Lantern","HornCleat","Regal Pillow","Matryoshka","DollysMirror","Molten Egg 2","Coffee Dripper","Red Mask"],"acts_visited":["Exordium","TheCity"],"potions_floor_usage":[24],"damage_taken":[{"damage":0,"enemies":"Jaw Worm","floor":1,"turns":1},{"damage":0,"enemies":"2 Louse","floor":5,"turns":1},{"damage":0,"enemies":"Lagavulin","floor":6,"turns":1},{"damage":0,"enemies":"Cultist","floor":7,"turns":2},{"damage":17,"enemies":"3 Sentries","floor":10,"turns":7},{"damage":1,"enemies":"3 Louse","floor":11,"turns":3},{"damage":0,"enemies":"Gremlin Nob","floor":12,"turns":3},{"damage":52,"enemies":"Hexaghost","floor":16,"turns":10},{"damage":7,"enemies":"2 Thieves","floor":18,"turns":4},{"damage":20,"enemies":"Masked Bandits","floor":21,"turns":6},{"damage":24,"enemies":"Book of Stabbing","floor":24,"turns":6}],"seed_played":"456776246513356242","potions_obtained":[{"floor":5,"key":"LiquidBronze"},{"floor":6,"key":"SpeedPotion"},{"floor":7,"key":"FairyPotion"},{"floor":12,"key":"AttackPotion"},{"floor":18,"key":"Weak Potion"}],"is_trial":false,"path_per_floor":["M","?","?","?","M","E","M","R","T","E","M","E","$","?","R","B",null,"M","$","?","?","?","R","E"],"character_chosen":"THE_SILENT","items_purchased":["DollysMirror","Reflex"],"campfire_rested":0,"item_purchase_floors":[13,13],"current_hp_per_floor":[59,59,59,59,59,59,59,59,59,42,41,41,41,41,41,10,48,41,41,41,21,21,21,0,0],"gold":373,"neow_bonus":"THREE_ENEMY_KILL","is_daily":false,"chose_seed":false,"campfire_upgraded":3,"win_rate":0.0,"timestamp":1612315756,"path_taken":["M","?","?","?","M","E","M","R","T","E","M","E","$","?","R","BOSS","M","$","?","?","?","R","E"],"items_purchased_type":["Relic","Card"],"build_version":"2020-12-22","purchased_purges":1,"victory":false,"max_hp_per_floor":[66,66,66,60,60,60,60,60,60,60,60,60,60,60,60,60,60,60,60,60,60,60,60,60,60],"relic_stats":{"Regal Pillow":0,"counters":[11,44],"Golden Idol":67,"obtain_stats":[{"Lantern":6,"Regal Pillow":10,"HornCleat":9,"Matryoshka":12,"NeowsBlessing":0,"Golden Idol":4,"DollysMirror":13,"Molten Egg 2":14,"Coffee Dripper":17,"Red Mask":21,"Ring of the Snake":0},{"Lantern":3,"Regal Pillow":5,"HornCleat":4,"Matryoshka":7,"NeowsBlessing":0,"Golden Idol":1,"DollysMirror":7,"Molten Egg 2":7,"Coffee Dripper":8,"Red Mask":10,"Ring of the Snake":0},{"Lantern":3,"Regal Pillow":12,"HornCleat":5,"Matryoshka":18,"NeowsBlessing":0,"Golden Idol":1,"DollysMirror":18,"Molten Egg 2":18,"Coffee Dripper":28,"Red Mask":38,"Ring of the Snake":0}],"Ring of the Snake":[22]},"card_choices":[{"not_picked":["Acrobatics","Backflip"],"picked":"Deadly Poison","floor":1},{"not_picked":["Setup","PiercingWail"],"picked":"Backstab","floor":5},{"not_picked":["Tactician","Expertise"],"picked":"Eviscerate","floor":6},{"not_picked":["Prepared","Flying Knee"],"picked":"Calculated Gamble","floor":7},{"not_picked":["Blade Dance","Deflect"],"picked":"After Image","floor":10},{"not_picked":["Acrobatics","Leg Sweep"],"picked":"Dagger Throw","floor":11},{"not_picked":["Bouncing Flask","Flying Knee"],"picked":"Envenom","floor":12},{"not_picked":["Grand Finale+1","Night Terror"],"picked":"Burst","floor":16},{"not_picked":["Tactician","Backflip"],"picked":"Blade Dance","floor":18},{"not_picked":["Finisher+1","Slice+1"],"picked":"Well Laid Plans+1","floor":21}],"player_experience":4690838,"relics_obtained":[{"floor":6,"key":"Lantern"},{"floor":9,"key":"HornCleat"},{"floor":10,"key":"Regal Pillow"},{"floor":12,"key":"Matryoshka"},{"floor":21,"key":"Red Mask"}],"event_choices":[{"cards_removed":["Defend_G"],"damage_healed":0,"gold_gain":0,"player_choice":"Card Removal","damage_taken":0,"max_hp_gain":0,"max_hp_loss":0,"event_name":"The Cleric","floor":2,"gold_loss":75},{"cards_removed":["Strike_G"],"damage_healed":0,"gold_gain":0,"player_choice":"Offered Basic","damage_taken":0,"max_hp_gain":0,"max_hp_loss":0,"event_name":"Bonfire Elementals","floor":3,"gold_loss":0},{"damage_healed":0,"gold_gain":0,"player_choice":"Lose Max HP","damage_taken":0,"relics_obtained":["Golden Idol"],"max_hp_gain":0,"max_hp_loss":6,"event_name":"Golden Idol","floor":4,"gold_loss":0},{"damage_healed":0,"gold_gain":0,"player_choice":"Gave Potion","damage_taken":0,"relics_obtained":["Molten Egg 2"],"max_hp_gain":0,"max_hp_loss":0,"event_name":"WeMeetAgain","floor":14,"gold_loss":0},{"damage_healed":0,"gold_gain":275,"player_choice":"Desecrate","damage_taken":0,"max_hp_gain":0,"max_hp_loss":0,"event_name":"Golden Shrine","floor":20,"gold_loss":0,"cards_obtained":["Regret"]},{"damage_healed":0,"gold_gain":0,"player_choice":"Fought Bandits","damage_taken":0,"max_hp_gain":0,"max_hp_loss":0,"event_name":"Masked Bandits","floor":21,"gold_loss":0},{"damage_healed":0,"gold_gain":0,"player_choice":"Ignored","damage_taken":0,"max_hp_gain":0,"max_hp_loss":0,"event_name":"Cursed Tome","floor":22,"gold_loss":0}],"is_beta":false,"boss_relics":[{"not_picked":["WristBlade","Empty Cage"],"picked":"Coffee Dripper"}],"items_purged_floors":[19],"is_endless":false,"potions_floor_spawned":[5,6,7,12,18],"killed_by":"Book of Stabbing","ascension_level":20}}