{"host":"4qkvkh7pd9qr2mca","time":1612392774,"event":{"mods":["AchievementEnabler","Act Like it!","BaseMod","Colored Map","Colored Powertips","Highlight Path","Minty Spire (QoL Compilation)","Pale of the Ancients","Permanent Neow","Quick Restart","Relic Stats","StSLib","SuperFastMode"],"gold_per_floor":[116,126,138,138,153,179,179,205,205,205,205,216,245,264,264,264,264],"floor_reached":16,"language":"ENG","playtime":687,"items_purged":[],"score":244,"play_id":"36f2e266-6b0d-4e4a-8f62-97d3b7e4e791","local_time":"20210203235254","is_ascension_mode":true,"campfire_choices":[{"floor":10,"key":"REST"},{"floor":15,"key":"REST"}],"circlet_count":0,"master_deck":["AscendersBane","Strike_B","Strike_B","Strike_B","Defend_B","Defend_B","Defend_B","Zap","Dualcast+1","Tempest","Doom and Gloom","Chill","Leap+1","Compile Driver","Barrage","Defragment","Creative AI","Parasite","Chaos","Multi-Cast"],"relics":["Cracked Core","Bottled Lightning","War Paint","Pantograph","Emotion Chip"],"acts_visited":["Exordium"],"potions_floor_usage":[5],"damage_taken":[{"damage":5,"enemies":"Small Slimes","floor":1,"turns":2},{"damage":6,"enemies":"2 Louse","floor":2,"turns":2},{"damage":1,"enemies":"Cultist","floor":3,"turns":4},{"damage":6,"enemies":"3 Louse","floor":5,"turns":3},{"damage":6,"enemies":"3 Sentries","floor":6,"turns":6},{"damage":32,"enemies":"Gremlin Nob","floor":8,"turns":4},{"damage":0,"enemies":"Gremlin Gang","floor":12,"turns":3},{"damage":10,"enemies":"3 Sentries","floor":13,"turns":6},{"damage":0,"enemies":"Blue Slaver","floor":14,"turns":3},{"damage":79,"enemies":"Slime Boss","floor":16,"turns":13}],"seed_played":"1889382474334849006","potions_obtained":[{"floor":2,"key":"SteroidPotion"},{"floor":3,"key":"EssenceOfSteel"},{"floor":8,"key":"SneckoOil"},{"floor":13,"key":"DistilledChaos"}],"is_trial":false,"path_per_floor":["M","M","M","?","M","E","?","E","T","R","?","M","E","M","R","B"],"character_chosen":"DEFECT","items_purchased":[],"campfire_rested":2,"item_purchase_floors":[],"current_hp_per_floor":[59,53,52,52,46,40,33,1,1,22,39,39,29,29,50,0,0],"gold":264,"neow_bonus":"TRANSFORM_TWO_CARDS","is_daily":false,"chose_seed":false,"campfire_upgraded":0,"win_rate":0.0,"timestamp":1612392774,"path_taken":["M","M","M","?","M","E","?","E","T","R","?","M","E","M","R","BOSS"],"items_purchased_type":[],"build_version":"2020-12-22","purchased_purges":0,"victory":false,"max_hp_per_floor":[71,71,71,71,71,71,71,71,71,71,71,71,71,71,71,71,71],"relic_stats":{"Emotion Chip":[6,2,3,1,0],"counters":[10,46],"Pantograph":21,"War Paint":["Leap","Dualcast"],"obtain_stats":[{"Emotion Chip":13,"Pantograph":9,"Bottled Lightning":6,"War Paint":8,"Cracked Core":0},{"Emotion Chip":8,"Pantograph":6,"Bottled Lightning":5,"War Paint":6,"Cracked Core":0},{"Emotion Chip":30,"Pantograph":21,"Bottled Lightning":17,"War Paint":21,"Cracked Core":0}]},"card_choices":[{"not_picked":["Stack","Conserve Battery"],"picked":"Chill","floor":1},{"not_picked":["Sweeping Beam","Beam Cell"],"picked":"Leap","floor":2},{"not_picked":["Go for the Eyes","Streamline"],"picked":"Compile Driver","floor":3},{"not_picked":["Streamline","Stack"],"picked":"Barrage","floor":5},{"not_picked":["Undo","Buffer"],"picked":"Defragment","floor":6},{"not_picked":["Beam Cell","Go for the Eyes"],"picked":"Creative AI","floor":8},{"not_picked":["Redo","Sweeping Beam"],"picked":"Chaos","floor":12},{"not_picked":["Redo","Cold Snap"],"picked":"Multi-Cast","floor":13},{"not_picked":["Sunder","Go for the Eyes","Rebound"],"picked":"SKIP","floor":14}],"player_experience":620160,"relics_obtained":[{"floor":6,"key":"Bottled Lightning"},{"floor":8,"key":"War Paint"},{"floor":9,"key":"Pantograph"},{"floor":13,"key":"Emotion Chip"}],"event_choices":[{"damage_healed":0,"gold_gain":0,"player_choice":"Ignored","damage_taken":0,"max_hp_gain":0,"max_hp_loss":0,"event_name":"Liars Game","floor":4,"gold_loss":0},{"cards_removed":["Normality"],"damage_healed":0,"gold_gain":0,"player_choice":"Card Removal","damage_taken":7,"max_hp_gain":0,"max_hp_loss":0,"event_name":"Golden Wing","floor":7,"gold_loss":0},{"damage_healed":17,"gold_gain":0,"player_choice":"Healed and dodged fight","damage_taken":0,"max_hp_gain":0,"max_hp_loss":0,"event_name":"Mushrooms","floor":11,"gold_loss":0,"cards_obtained":["Parasite"]}],"is_beta":false,"boss_relics":[],"items_purged_floors":[],"is_endless":false,"potions_floor_spawned":[2,3,8,13],"killed_by":"Slime Boss","ascension_level":20}}