{"host":"nugqxfgozafdbmsu","time":1612312128,"event":{"mods":["BaseMod","Block Reminder","Highlight Path","Minty Spire (QoL Compilation)","Quick Restart","Relic Stats","Unceasing Turn Reminder","everything is the same but u backflip on backflip"],"gold_per_floor":[117,194,194,208,135,160,176,80,103,118,138,59,82,101,101,204,204,217,217,230,145,70,70,83,94,94,94,123,123,123,142,142,246,246,265,212,212,229,129,129,129,129],"floor_reached":41,"language":"ENG","playtime":2305,"items_purged":["Strike_G","Strike_G"],"score":508,"play_id":"acabc6a4-6a66-4493-8570-d19b0bd9f762","local_time":"20210202182848","is_ascension_mode":true,"campfire_choices":[{"data":"Accuracy","floor":15,"key":"SMITH"},{"floor":23,"key":"REST"},{"floor":30,"key":"REST"},{"data":"Envenom","floor":32,"key":"SMITH"},{"floor":40,"key":"REST"}],"circlet_count":0,"master_deck":["Strike_G","Strike_G","Strike_G","Defend_G","Defend_G","Defend_G","Defend_G","Defend_G","Survivor","Neutralize","Infinite Blades","Backstab","Noxious Fumes","Noxious Fumes","Dagger Spray","Accuracy+1","Accuracy","Accuracy","Blade Dance","Envenom+1","CurseOfTheBell","Infinite Blades+1","Prepared","Infinite Blades","Cloak And Dagger+1","PiercingWail","Outmaneuver+1","Ghostly","Ghostly","Ghostly","Ghostly","Ghostly","PiercingWail","Glass Knife","Finisher+1","Cloak And Dagger"],"relics":["Ring of the Snake","Happy Flower","Blood Vial","Odd Mushroom","Calling Bell","Nunchaku","Question Card","Prayer Wheel","Orichalcum","Singing Bowl","Snake Skull","Cursed Key"],"acts_visited":["Exordium","TheCity","TheBeyond"],"potions_floor_usage":[16,25,25,33,33,41,41],"damage_taken":[{"damage":0,"enemies":"Small Slimes","floor":1,"turns":3},{"damage":0,"enemies":"Cultist","floor":4,"turns":4},{"damage":11,"enemies":"Lagavulin","floor":6,"turns":8},{"damage":0,"enemies":"Jaw Worm","floor":7,"turns":4},{"damage":0,"enemies":"Exordium Wildlife","floor":10,"turns":3},{"damage":6,"enemies":"Gremlin Gang","floor":11,"turns":5},{"damage":14,"enemies":"The Mushroom Lair","floor":13,"turns":4},{"damage":4,"enemies":"2 Fungi Beasts","floor":14,"turns":2},{"damage":11,"enemies":"Slime Boss","floor":16,"turns":6},{"damage":27,"enemies":"2 Thieves","floor":18,"turns":4},{"damage":35,"enemies":"3 Byrds","floor":20,"turns":4},{"damage":14,"enemies":"Cultist and Chosen","floor":24,"turns":5},{"damage":21,"enemies":"Snake Plant","floor":25,"turns":4},{"damage":0,"enemies":"Gremlin Leader","floor":28,"turns":8},{"damage":12,"enemies":"Centurion and Healer","floor":31,"turns":5},{"damage":5,"enemies":"Champ","floor":33,"turns":8},{"damage":14,"enemies":"3 Shapes","floor":35,"turns":9},{"damage":15,"enemies":"Orb Walker","floor":38,"turns":4},{"damage":46,"enemies":"Nemesis","floor":41,"turns":5}],"seed_played":"-3757261247524956506","potions_obtained":[{"floor":1,"key":"Poison Potion"},{"floor":3,"key":"Explosive Potion"},{"floor":3,"key":"FairyPotion"},{"floor":3,"key":"DistilledChaos"},{"floor":16,"key":"ColorlessPotion"},{"floor":25,"key":"SpeedPotion"},{"floor":28,"key":"Dexterity Potion"},{"floor":31,"key":"Strength Potion"},{"floor":33,"key":"AttackPotion"},{"floor":38,"key":"CultistPotion"}],"is_trial":false,"path_per_floor":["M","?","?","M","$","E","M","$","T","M","M","$","?","M","R","B",null,"M","?","M","?","$","R","M","M","T","?","E","?","R","M","R","B",null,"M","$","?","M","$","R","E"],"character_chosen":"THE_SILENT","items_purchased":["Noxious Fumes","Dagger Spray","Accuracy","Accuracy","Cloak And Dagger"],"campfire_rested":3,"item_purchase_floors":[5,8,8,12,36],"current_hp_per_floor":[70,70,70,70,70,59,59,59,59,61,57,57,45,43,43,34,70,43,43,10,10,10,31,19,21,21,21,25,25,36,27,27,24,39,27,27,27,18,18,31,0,0],"gold":129,"neow_bonus":"THREE_CARDS","is_daily":false,"chose_seed":false,"campfire_upgraded":2,"win_rate":0.0,"timestamp":1612312128,"path_taken":["M","?","?","M","$","E","M","$","T","?","M","?","?","M","R","BOSS","M","?","?","?","$","R","M","M","T","?","E","?","R","M","R","BOSS","M","$","?","?","$","R","E"],"items_purchased_type":["Card","Card","Card","Card","Card"],"build_version":"2020-12-22","purchased_purges":2,"victory":false,"max_hp_per_floor":[70,70,70,70,70,70,70,70,70,70,70,70,70,70,70,70,70,70,70,70,70,70,70,70,70,70,35,37,37,37,39,39,39,39,41,41,41,45,45,45,45,45],"relic_stats":{"Blood Vial":25,"Nunchaku":[14],"Happy Flower":[26],"Singing Bowl":10,"counters":[19,95],"Prayer Wheel":7,"Snake Skull":[49],"Orichalcum":[138],"Question Card":16,"Cursed Key":0,"obtain_stats":[{"Blood Vial":9,"Calling Bell":17,"Nunchaku":17,"Happy Flower":6,"Singing Bowl":26,"Prayer Wheel":17,"Snake Skull":28,"Odd Mushroom":13,"Orichalcum":21,"Question Card":17,"Cursed Key":34,"Ring of the Snake":0},{"Blood Vial":4,"Calling Bell":9,"Nunchaku":9,"Happy Flower":3,"Singing Bowl":13,"Prayer Wheel":9,"Snake Skull":14,"Odd Mushroom":7,"Orichalcum":11,"Question Card":9,"Cursed Key":16,"Ring of the Snake":0},{"Blood Vial":19,"Calling Bell":39,"Nunchaku":39,"Happy Flower":15,"Singing Bowl":56,"Prayer Wheel":39,"Snake Skull":64,"Odd Mushroom":31,"Orichalcum":47,"Question Card":39,"Cursed Key":77,"Ring of the Snake":0}],"Ring of the Snake":[38]},"card_choices":[{"not_picked":["Reflex","Prepared"],"picked":"Infinite Blades","floor":0},{"not_picked":["Calculated Gamble","Quick Slash"],"picked":"Backstab","floor":1},{"not_picked":["Prepared","Reflex","Eviscerate"],"picked":"SKIP","floor":4},{"not_picked":["Underhanded Strike","Backflip"],"picked":"Noxious Fumes","floor":6},{"not_picked":["Skewer","Underhanded Strike","Flechettes"],"picked":"SKIP","floor":7},{"not_picked":["Endless Agony","Prepared","Expertise"],"picked":"SKIP","floor":10},{"not_picked":["Catalyst","Backflip"],"picked":"Accuracy","floor":11},{"not_picked":["Envenom","Outmaneuver"],"picked":"Blade Dance","floor":13},{"not_picked":["Bane","All Out Attack","Outmaneuver"],"picked":"SKIP","floor":14},{"not_picked":["Die Die Die","Venomology"],"picked":"Envenom","floor":16},{"not_picked":["Flying Knee","Predator+1","Slice"],"picked":"Infinite Blades+1","floor":18},{"not_picked":["Bane","Venomology","Flying Knee"],"picked":"Prepared","floor":18},{"not_picked":["Slice","Underhanded Strike","Infinite Blades"],"picked":"Cloak And Dagger+1","floor":20},{"not_picked":["Infinite Blades+1","Skewer","Riddle With Holes+1","Underhanded Strike"],"picked":"SKIP","floor":20},{"not_picked":["Dash","Quick Slash","Dodge and Roll"],"picked":"PiercingWail","floor":24},{"not_picked":["Acrobatics","Escape Plan+1","Envenom","Poisoned Stab"],"picked":"SKIP","floor":24},{"not_picked":["Bane","Dagger Spray","All Out Attack"],"picked":"Outmaneuver+1","floor":25},{"not_picked":["Flying Knee","Dagger Throw","Sucker Punch","Catalyst"],"picked":"SKIP","floor":25},{"not_picked":["Sucker Punch","Predator","Wraith Form v2","Backflip+1"],"picked":"Singing Bowl","floor":28},{"not_picked":["Escape Plan+1","Bane+1","Footwork","Dagger Throw"],"picked":"Singing Bowl","floor":31},{"not_picked":["Dodge and Roll","Caltrops","Masterful Stab"],"picked":"PiercingWail","floor":31},{"not_picked":["Doppelganger","Unload","Storm of Steel"],"picked":"Glass Knife","floor":33},{"not_picked":["Prepared+1","Reflex+1","Deflect"],"picked":"Finisher","floor":35},{"not_picked":["Accuracy","Bane+1","Calculated Gamble+1","PiercingWail"],"picked":"Singing Bowl","floor":35},{"not_picked":["Distraction","Corpse Explosion","Endless Agony+1","Flechettes"],"picked":"Singing Bowl","floor":38},{"not_picked":["Quick Slash+1","Backflip","Cloak And Dagger+1","Predator"],"picked":"Singing Bowl","floor":38}],"player_experience":42646,"relics_obtained":[{"floor":6,"key":"Happy Flower"},{"floor":9,"key":"Blood Vial"},{"floor":13,"key":"Odd Mushroom"},{"floor":17,"key":"Nunchaku"},{"floor":17,"key":"Question Card"},{"floor":17,"key":"Prayer Wheel"},{"floor":26,"key":"Singing Bowl"},{"floor":28,"key":"Snake Skull"}],"event_choices":[{"damage_healed":0,"gold_gain":77,"player_choice":"Gained Gold","damage_taken":0,"max_hp_gain":0,"max_hp_loss":0,"event_name":"Golden Wing","floor":2,"gold_loss":0},{"damage_healed":0,"gold_gain":0,"player_choice":"Got Potions","damage_taken":0,"max_hp_gain":0,"max_hp_loss":0,"event_name":"Lab","floor":3,"gold_loss":0},{"damage_healed":0,"gold_gain":0,"player_choice":"Fought Mushrooms","damage_taken":0,"max_hp_gain":0,"max_hp_loss":0,"event_name":"Mushrooms","floor":13,"gold_loss":0},{"damage_healed":0,"gold_gain":0,"player_choice":"Copied","damage_taken":0,"max_hp_gain":0,"max_hp_loss":0,"event_name":"Duplicator","floor":19,"gold_loss":0,"cards_obtained":["Infinite Blades"]},{"damage_healed":0,"gold_gain":0,"player_choice":"Obtained Relic","damage_taken":0,"relics_obtained":["Orichalcum"],"max_hp_gain":0,"max_hp_loss":0,"event_name":"Addict","floor":21,"gold_loss":85},{"damage_healed":0,"gold_gain":0,"player_choice":"Became a Ghost","damage_taken":0,"max_hp_gain":0,"max_hp_loss":35,"event_name":"Ghosts","floor":27,"gold_loss":0,"cards_obtained":["Ghostly","Ghostly","Ghostly","Ghostly","Ghostly"]},{"damage_healed":0,"gold_gain":0,"player_choice":"Ignored","damage_taken":0,"max_hp_gain":0,"max_hp_loss":0,"event_name":"Cursed Tome","floor":29,"gold_loss":0},{"damage_healed":0,"gold_gain":0,"player_choice":"Forge","damage_taken":0,"max_hp_gain":0,"max_hp_loss":0,"event_name":"Accursed Blacksmith","floor":37,"gold_loss":0,"cards_upgraded":["Finisher"]}],"is_beta":false,"boss_relics":[{"not_picked":["Ring of the Serpent","HoveringKite"],"picked":"Calling Bell"},{"not_picked":["SacredBark","Velvet Choker"],"picked":"Cursed Key"}],"items_purged_floors":[22,39],"is_endless":false,"potions_floor_spawned":[1,4,7,13,16,20,25,28,31,33,38],"killed_by":"Nemesis","ascension_level":1}}