{"host":"ttzdpsscxkem3xrs","time":1612385378,"event":{"mods":["BaseMod","Colored Map","Downfall","Minty Spire (QoL Compilation)","Replay The Spire","StSLib","The Cursed","The Hierophant"],"gold_per_floor":[96,106,106,106,118,118,136,126,126,140,140,148,148,152,152,215,215,188,202,54,54,66,59,59,78,127,160,37,37,53,71,71,153,203,222,234,94,139,196,215,215,251,296,344,344,97,97,140,140,120],"floor_reached":51,"language":"ENG","playtime":4340,"items_purged":["Decay","Defend_G","Writhe"],"score":911,"play_id":"3de3500c-2e83-4b6c-80c0-89c8647c3b63","local_time":"20210203124938","is_ascension_mode":false,"campfire_choices":[{"data":"hierophant:RepressedViolence","floor":6,"key":"SMITH"},{"data":"hierophant:Punish","floor":6,"key":"SMITH"},{"floor":11,"key":"REST"},{"floor":13,"key":"REST"},{"data":"hierophant:PristineSoul","floor":15,"key":"SMITH"},{"data":"hierophant:PassingBell","floor":15,"key":"SMITH"},{"data":"hierophant:ChurchCoffers","floor":29,"key":"SMITH"},{"data":"hierophant:Kindle","floor":29,"key":"SMITH"},{"floor":32,"key":"REST"},{"floor":47,"key":"REST"}],"circlet_count":0,"master_deck":["hierophant:Strike_Hierophant","hierophant:Strike_Hierophant+1","hierophant:Strike_Hierophant","hierophant:Strike_Hierophant","hierophant:Punish","hierophant:Defend_Hierophant+1","hierophant:Defend_Hierophant","hierophant:Defend_Hierophant","hierophant:Defend_Hierophant+1","hierophant:ChurchCoffers+1","hierophant:Punish+1","hierophant:RepressedViolence","hierophant:RepressedViolence+1","hierophant:Prophecy","hierophant:Shelter","hierophant:PassingBell+1","hierophant:PristineSoul+1","hierophant:Levitation","hierophant:Kindle+1","hierophant:Smite+1","hierophant:PristineSoul+1","hierophant:PassingBell+1","hierophant:HolyVerse+1","Pot Of Greed+1","Pot Of Greed+1","Pot Of Greed+1","hierophant:HolyVerse+1","hierophant:Repentance+1","hierophant:Sermon+1","hierophant:RustyCrate+2","hierophant:Doubloon+1","hierophant:Doubloon+1","hierophant:Kindle+1"],"relics":["hierophant:PropheticMaskRelic","Replay:Arrowhead","Ancient Tea Set","Lantern","Replay:Bottled Steam","Painkiller Herb","Regal Pillow","Toxic Egg 2","Turnip","Grinning Jar","Happy Flower","Tiny House","Matryoshka","Garlic","Anchor","Replay:Baseball"],"acts_visited":["Exordium","TheCity","TheBeyond"],"potions_floor_usage":[7,12,16,23,23,27,33,33,40,40,50,50],"damage_taken":[{"damage":0,"enemies":"Cultist","floor":1,"turns":2},{"damage":1,"enemies":"2 Louse","floor":2,"turns":3},{"damage":2,"enemies":"Small Slimes","floor":5,"turns":4},{"damage":32,"enemies":"Gremlin Nob","floor":7,"turns":6},{"damage":7,"enemies":"2 Fungi Beasts","floor":8,"turns":4},{"damage":9,"enemies":"Blue Slaver","floor":10,"turns":4},{"damage":8,"enemies":"Lagavulin","floor":12,"turns":6},{"damage":6,"enemies":"Exordium Thugs","floor":14,"turns":3},{"damage":24,"enemies":"The Guardian","floor":16,"turns":14},{"damage":4,"enemies":"Shell Parasite","floor":18,"turns":5},{"damage":0,"enemies":"Spheric Guardian","floor":19,"turns":1},{"damage":3,"enemies":"Shelled Parasite and Fungi","floor":22,"turns":3},{"damage":3,"enemies":"Slavers","floor":23,"turns":5},{"damage":2,"enemies":"Snake Plant","floor":25,"turns":2},{"damage":1,"enemies":"Book of Stabbing","floor":27,"turns":4},{"damage":3,"enemies":"Centurion and Healer","floor":30,"turns":4},{"damage":3,"enemies":"Snecko","floor":31,"turns":3},{"damage":4,"enemies":"Automaton","floor":33,"turns":6},{"damage":0,"enemies":"3 Shapes","floor":35,"turns":2},{"damage":5,"enemies":"3 Darklings","floor":36,"turns":3},{"damage":18,"enemies":"Jaw Worm Horde","floor":38,"turns":3},{"damage":0,"enemies":"4 Shapes","floor":39,"turns":4},{"damage":57,"enemies":"Giant Head","floor":40,"turns":11},{"damage":4,"enemies":"Maw","floor":42,"turns":8},{"damage":1,"enemies":"Reptomancer","floor":44,"turns":7},{"damage":9,"enemies":"3 Darklings","floor":48,"turns":4},{"damage":79,"enemies":"Donu and Deca","floor":50,"turns":9}],"seed_played":"6983218761169496476","potions_obtained":[{"floor":2,"key":"LifebloodPotion"},{"floor":7,"key":"sneckomod:MuddlingPotion"},{"floor":10,"key":"Languid Potion"},{"floor":16,"key":"PowerPotion"},{"floor":18,"key":"Block Potion"},{"floor":23,"key":"Reflective Coating"},{"floor":27,"key":"Adrenaline Potion"},{"floor":30,"key":"Toxic Potion"},{"floor":34,"key":"Regen Potion"},{"floor":38,"key":"Dexterity Potion"},{"floor":42,"key":"Death Potion"}],"is_trial":false,"path_per_floor":["M","M","?","?","M","R","E","M","T","M","R","E","R","M","R","B",null,"?","?","T","?","?","E","T","?","T","E","T","T","?","?","T","B",null,"?","?","T","?","?","E","?","?","T","E","?","T","T","?","T","B",null],"character_chosen":"HIEROPHANT","items_purchased":["Regal Pillow","hierophant:HolyVerse+1","hierophant:RustyCrate+2","Ancient Potion","AttackPotion"],"campfire_rested":4,"item_purchase_floors":[20,28,37,46,46],"current_hp_per_floor":[75,74,74,59,57,57,25,18,18,9,31,23,45,39,39,15,75,71,71,71,71,68,65,65,63,63,62,62,62,59,56,75,71,80,80,75,75,57,57,15,15,11,11,10,30,30,69,60,80,1],"gold":120,"neow_bonus":"ONE_RARE_RELIC","is_daily":false,"chose_seed":false,"campfire_upgraded":6,"win_rate":0.0,"timestamp":1612385378,"path_taken":["M","?","?","?","M","R","E","M","T","M","R","E","R","M","R","BOSS","?","?","T","?","?","E","T","?","T","E","?","T","?","?","T","BOSS","?","?","T","?","?","E","?","?","T","E","?","T","T","?","T","BOSS"],"items_purchased_type":["Relic","Card","Card","Potion","Potion"],"build_version":"2020-12-22","purchased_purges":3,"victory":true,"max_hp_per_floor":[75,75,75,75,75,75,75,75,75,75,75,75,75,75,75,75,75,75,75,75,75,75,75,75,75,75,75,75,75,75,75,75,75,80,80,80,80,80,80,80,80,80,80,80,80,80,80,80,80,80],"card_choices":[{"not_picked":["hierophant:OrnateBuckler","hierophant:Zeal"],"picked":"hierophant:RepressedViolence","floor":1},{"not_picked":["hierophant:Empathy","hierophant:DisplayOfPower"],"picked":"hierophant:RepressedViolence","floor":2},{"not_picked":["hierophant:OrnateBuckler","hierophant:CoinFling"],"picked":"hierophant:Prophecy","floor":5},{"not_picked":["hierophant:Chorus","hierophant:RustyCrate"],"picked":"hierophant:Shelter","floor":7},{"not_picked":["hierophant:Refuge","hierophant:RepressedViolence"],"picked":"hierophant:PassingBell","floor":8},{"not_picked":["hierophant:Encroach","hierophant:FieryStrike"],"picked":"hierophant:PristineSoul","floor":10},{"not_picked":["hierophant:Exaltation","hierophant:ConvertCurrency"],"picked":"hierophant:Levitation","floor":12},{"not_picked":["hierophant:RepressedViolence","hierophant:Sermon","hierophant:Dazzle"],"picked":"SKIP","floor":14},{"not_picked":["hierophant:WrathOfGod","hierophant:Batter"],"picked":"hierophant:Kindle","floor":16},{"not_picked":["hierophant:Purify","hierophant:HammerAndAnvil"],"picked":"hierophant:Smite","floor":18},{"not_picked":["hierophant:Zeal+1","hierophant:SecretStash"],"picked":"hierophant:PristineSoul+1","floor":19},{"not_picked":["hierophant:Prophecy+1","hierophant:Smite"],"picked":"hierophant:PassingBell+1","floor":22},{"not_picked":["hierophant:Martyrdom","hierophant:Doubloon+1"],"picked":"hierophant:HolyVerse+1","floor":23},{"not_picked":["hierophant:Zeal","hierophant:Smite","hierophant:TollTheBells+1"],"picked":"SKIP","floor":25},{"not_picked":["hierophant:AuricBeam","hierophant:Dazzle+1","hierophant:Purify"],"picked":"SKIP","floor":27},{"not_picked":["hierophant:HolyVerse+1","hierophant:WrathOfGod"],"picked":"hierophant:Repentance+1","floor":30},{"not_picked":["hierophant:Rebuild+1","hierophant:ConvertCurrency+1","hierophant:RustyCrate+1"],"picked":"SKIP","floor":31},{"not_picked":["hierophant:Glossolalia","hierophant:OrnateBuckler+1"],"picked":"hierophant:Sermon+1","floor":35},{"not_picked":["hierophant:Sermon+1","hierophant:TollTheBells+1","hierophant:Dazzle+1"],"picked":"SKIP","floor":36},{"not_picked":["hierophant:FaithHealing+1","hierophant:RepressedViolence+1"],"picked":"hierophant:Kindle+1","floor":38},{"not_picked":["hierophant:CoinFling","hierophant:AuricBeam","hierophant:ThreeLashes+1"],"picked":"SKIP","floor":39},{"not_picked":["hierophant:AuricBeam","hierophant:Rebuild+1","hierophant:Smite+1"],"picked":"SKIP","floor":40},{"not_picked":["hierophant:RepressedViolence+1","hierophant:ThreeLashes+1","hierophant:SecretStash+1"],"picked":"SKIP","floor":42},{"not_picked":["hierophant:Shelter+1","hierophant:AuricForm","hierophant:AuricBeam+1"],"picked":"SKIP","floor":44},{"not_picked":["hierophant:OrnateBuckler+1","hierophant:PassingBell+1","hierophant:Chorus+1"],"picked":"SKIP","floor":48}],"player_experience":1377013,"relics_obtained":[{"floor":7,"key":"Ancient Tea Set"},{"floor":9,"key":"Lantern"},{"floor":12,"key":"Replay:Bottled Steam"},{"floor":23,"key":"Turnip"},{"floor":26,"key":"Grinning Jar"},{"floor":27,"key":"Happy Flower"},{"floor":40,"key":"Matryoshka"},{"floor":43,"key":"Garlic"},{"floor":43,"key":"Anchor"},{"floor":44,"key":"Replay:Baseball"}],"event_choices":[{"damage_healed":0,"gold_gain":0,"player_choice":"Ignored","damage_taken":0,"max_hp_gain":0,"max_hp_loss":0,"event_name":"Liars Game","floor":3,"gold_loss":0},{"damage_healed":0,"gold_gain":0,"player_choice":"Entered Light","damage_taken":15,"max_hp_gain":0,"max_hp_loss":0,"event_name":"Shining Light","floor":4,"gold_loss":0,"cards_upgraded":["hierophant:Strike_Hierophant","hierophant:Defend_Hierophant"]},{"damage_healed":20,"gold_gain":0,"player_choice":"Writhe","damage_taken":0,"max_hp_gain":0,"max_hp_loss":0,"event_name":"Winding Halls","floor":45,"gold_loss":0,"cards_obtained":["Writhe"]}],"is_beta":false,"boss_relics":[{"not_picked":["ReplayTheSpireMod:DimensionalGlitch","Ring of Chaos"],"picked":"Painkiller Herb"},{"not_picked":["Velvet Choker","ChewingGum"],"picked":"Tiny House"}],"items_purged_floors":[28,37,46],"is_endless":false,"potions_floor_spawned":[2,7,10,16,18,23,27,30,38,42],"ascension_level":0}}