{"host":"mydft8i2zzydgggw","time":1612376016,"event":{"mods":["AchievementEnabler","BaseMod","BetterRewards","Colored Map","Colored Powertips","DeckTracker","Keyboard Shortcuts","Minty Spire (QoL Compilation)","Rare Cards Sparkle","StSLib","SuperFastMode","everything is the same but u backflip on backflip"],"gold_per_floor":[219,169,21,31,46,71,71,82,128,128,147,174,174,193,193,291,291,302,227,227,238,238,269,269,303,328,342,43,43,53,53,53,156,156,176,192,202,202,12,44,44,44,44,57,89,89,108,118,118,118],"floor_reached":51,"language":"KOR","playtime":1217,"items_purged":["Strike_R"],"score":969,"play_id":"0ec0ecb7-9d83-4eed-95a2-41405b5d0a06","local_time":"20210204031336","is_ascension_mode":true,"campfire_choices":[{"data":"Inflame","floor":7,"key":"SMITH"},{"data":"Reaper","floor":10,"key":"SMITH"},{"data":"Spot Weakness","floor":15,"key":"SMITH"},{"data":"Armaments","floor":32,"key":"SMITH"},{"data":"Spot Weakness","floor":41,"key":"SMITH"},{"floor":49,"key":"RECALL"}],"circlet_count":0,"master_deck":["Strike_R","Defend_R","Defend_R","Defend_R","Bash","Sword Boomerang","Inflame+1","True Grit","Heavy Blade","Shrug It Off","Reaper+1","Clothesline","Seeing Red","Spot Weakness+1","Whirlwind","Offering","Warcry+1","Armaments+1","Evolve","Flame Barrier","Twin Strike","Double Tap","Blood for Blood+1","Pummel","Bloodletting+1","Inflame","Spot Weakness+1","Heavy Blade+1","Shrug It Off","Pommel Strike+1","Dark Shackles","Intimidate+1","Exhume"],"relics":["Burning Blood","Self Forming Clay","Red Skull","Juzu Bracelet","Sozu","Bottled Flame","Omamori","Happy Flower","Bag of Marbles","MealTicket","Runic Pyramid","InkBottle","Bronze Scales","Paper Frog"],"acts_visited":["Exordium","TheCity","TheBeyond"],"potions_floor_usage":[12,16,27],"damage_taken":[{"damage":8,"enemies":"Jaw Worm","floor":1,"turns":5},{"damage":12,"enemies":"Small Slimes","floor":4,"turns":4},{"damage":0,"enemies":"Cultist","floor":5,"turns":3},{"damage":41,"enemies":"Lagavulin","floor":6,"turns":9},{"damage":5,"enemies":"Looter","floor":8,"turns":4},{"damage":13,"enemies":"Large Slime","floor":11,"turns":6},{"damage":21,"enemies":"3 Sentries","floor":12,"turns":5},{"damage":15,"enemies":"2 Fungi Beasts","floor":14,"turns":4},{"damage":30,"enemies":"Slime Boss","floor":16,"turns":6},{"damage":11,"enemies":"Spheric Guardian","floor":18,"turns":3},{"damage":6,"enemies":"Chosen","floor":21,"turns":3},{"damage":46,"enemies":"Gremlin Leader","floor":23,"turns":4},{"damage":45,"enemies":"Slavers","floor":25,"turns":4},{"damage":22,"enemies":"Snake Plant","floor":27,"turns":3},{"damage":28,"enemies":"Shelled Parasite and Fungi","floor":30,"turns":3},{"damage":97,"enemies":"Champ","floor":33,"turns":10},{"damage":17,"enemies":"Orb Walker","floor":35,"turns":2},{"damage":29,"enemies":"3 Shapes","floor":36,"turns":2},{"damage":17,"enemies":"Jaw Worm Horde","floor":37,"turns":4},{"damage":19,"enemies":"Giant Head","floor":40,"turns":5},{"damage":14,"enemies":"3 Darklings","floor":44,"turns":4},{"damage":34,"enemies":"Nemesis","floor":45,"turns":3},{"damage":14,"enemies":"Maw","floor":47,"turns":6},{"damage":26,"enemies":"Jaw Worm Horde","floor":48,"turns":3},{"damage":68,"enemies":"Awakened One","floor":50,"turns":6}],"seed_played":"-362644607962090940","potions_obtained":[{"floor":1,"key":"FairyPotion"},{"floor":8,"key":"BloodPotion"},{"floor":11,"key":"PowerPotion"},{"floor":12,"key":"Regen Potion"}],"is_trial":false,"path_per_floor":["M","?","$","M","M","E","R","M","T","R","M","E","?","M","R","B",null,"M","?","?","M","?","E","?","E","T","M","$","?","M","$","R","B",null,"M","M","M","?","$","E","R","?","T","M","E","?","M","M","R","B",null],"character_chosen":"IRONCLAD","items_purchased":["Inflame","True Grit","Heavy Blade","Bag of Marbles","MealTicket","Inflame","Spot Weakness"],"campfire_rested":0,"item_purchase_floors":[3,3,3,28,28,39,39],"current_hp_per_floor":[70,70,70,64,70,35,35,43,43,43,58,64,64,68,68,59,75,70,70,70,80,80,40,40,37,37,37,37,90,68,83,83,33,76,79,75,79,79,90,77,77,77,77,78,68,68,68,68,68,29],"gold":118,"neow_bonus":"HUNDRED_GOLD","is_daily":false,"chose_seed":false,"campfire_upgraded":5,"win_rate":0.0,"timestamp":1612376016,"path_taken":["M","?","$","M","M","E","R","M","T","R","M","E","?","M","R","BOSS","M","?","?","M","?","E","?","E","T","M","$","?","M","?","R","BOSS","M","M","M","?","$","E","R","?","T","M","E","?","M","M","R","BOSS"],"items_purchased_type":["Card","Card","Card","Relic","Relic","Card","Card"],"build_version":"2020-12-22","purchased_purges":1,"victory":true,"max_hp_per_floor":[80,80,80,80,80,80,80,80,80,80,80,80,80,80,80,80,80,80,80,80,80,80,80,80,80,80,80,80,90,90,90,90,90,90,90,90,90,90,90,90,90,85,85,85,85,85,85,85,85,85],"card_choices":[{"not_picked":["Iron Wave","Reckless Charge"],"picked":"Sword Boomerang","floor":1},{"not_picked":["Havoc","Iron Wave","Cleave"],"picked":"SKIP","floor":4},{"not_picked":["Bloodletting","Warcry"],"picked":"Shrug It Off","floor":5},{"not_picked":["Pommel Strike","Havoc"],"picked":"Reaper","floor":6},{"not_picked":["Reckless Charge","Clash"],"picked":"Clothesline","floor":8},{"not_picked":["Heavy Blade","Havoc"],"picked":"Seeing Red","floor":11},{"not_picked":["Iron Wave","Havoc"],"picked":"Spot Weakness","floor":12},{"not_picked":["Anger","Body Slam"],"picked":"Whirlwind","floor":14},{"not_picked":["Immolate","Exhume"],"picked":"Offering","floor":16},{"not_picked":["Cleave","Thunderclap"],"picked":"Warcry+1","floor":18},{"not_picked":["Rupture+1","Blood for Blood+1"],"picked":"Armaments","floor":21},{"not_picked":["Whirlwind","Perfected Strike","Brutality"],"picked":"SKIP","floor":23},{"not_picked":["Entrench","Juggernaut"],"picked":"Evolve","floor":25},{"not_picked":["Headbutt","Carnage"],"picked":"Flame Barrier","floor":27},{"not_picked":["Uppercut","Thunderclap"],"picked":"Twin Strike","floor":30},{"not_picked":["Barricade","Immolate"],"picked":"Double Tap","floor":33},{"not_picked":["Havoc+1","Warcry+1"],"picked":"Blood for Blood+1","floor":35},{"not_picked":["Body Slam+1","Berserk"],"picked":"Pummel","floor":36},{"not_picked":["Havoc+1","Intimidate"],"picked":"Bloodletting+1","floor":37},{"not_picked":["Clothesline","Clash"],"picked":"Heavy Blade+1","floor":40},{"not_picked":["Headbutt+1","Anger"],"picked":"Shrug It Off","floor":44},{"not_picked":["Searing Blow","Battle Trance+1"],"picked":"Pommel Strike+1","floor":45},{"not_picked":["Finesse","Mind Blast"],"picked":"Dark Shackles","floor":46},{"not_picked":["Wild Strike","Flex"],"picked":"Intimidate+1","floor":47},{"not_picked":["Shrug It Off","Perfected Strike+1"],"picked":"Exhume","floor":48}],"player_experience":229987,"relics_obtained":[{"floor":6,"key":"Self Forming Clay"},{"floor":9,"key":"Red Skull"},{"floor":12,"key":"Juzu Bracelet"},{"floor":23,"key":"Bottled Flame"},{"floor":25,"key":"Omamori"},{"floor":26,"key":"Happy Flower"},{"floor":40,"key":"InkBottle"},{"floor":43,"key":"Bronze Scales"},{"floor":45,"key":"Paper Frog"}],"event_choices":[{"cards_removed":["Strike_R"],"damage_healed":0,"gold_gain":0,"player_choice":"Card Removal","damage_taken":0,"max_hp_gain":0,"max_hp_loss":0,"event_name":"The Cleric","floor":2,"gold_loss":50},{"damage_healed":0,"gold_gain":0,"player_choice":"0 cards matched","damage_taken":0,"max_hp_gain":0,"max_hp_loss":0,"event_name":"Match and Keep!","floor":13,"gold_loss":0,"cards_obtained":[]},{"cards_removed":["Strike_R"],"damage_healed":0,"gold_gain":0,"player_choice":"Gave Gold","damage_taken":0,"max_hp_gain":0,"max_hp_loss":0,"event_name":"Beggar","floor":19,"gold_loss":75},{"cards_removed":["Strike_R"],"damage_healed":0,"gold_gain":0,"player_choice":"Elegance","damage_taken":0,"max_hp_gain":0,"max_hp_loss":0,"event_name":"Back to Basics","floor":20,"gold_loss":0},{"damage_healed":0,"gold_gain":0,"player_choice":"Ignored","damage_taken":0,"max_hp_gain":0,"max_hp_loss":0,"event_name":"Vampires","floor":22,"gold_loss":0},{"damage_healed":0,"gold_gain":0,"cards_transformed":["Defend_R"],"player_choice":"Transformed","damage_taken":0,"max_hp_gain":0,"max_hp_loss":0,"event_name":"Transmorgrifier","floor":24,"gold_loss":0,"cards_obtained":["Bludgeon"]},{"cards_removed":["Bludgeon"],"damage_healed":43,"gold_gain":0,"player_choice":"Offered Rare","damage_taken":0,"max_hp_gain":10,"max_hp_loss":0,"event_name":"Bonfire Elementals","floor":29,"gold_loss":0},{"damage_healed":0,"gold_gain":0,"player_choice":"Ignored","damage_taken":0,"max_hp_gain":0,"max_hp_loss":0,"event_name":"Tomb of Lord Red Mask","floor":38,"gold_loss":0},{"damage_healed":0,"gold_gain":0,"player_choice":"Max HP","damage_taken":0,"max_hp_gain":0,"max_hp_loss":5,"event_name":"Winding Halls","floor":42,"gold_loss":0},{"damage_healed":0,"gold_gain":0,"player_choice":"Memory 1","damage_taken":0,"max_hp_gain":0,"max_hp_loss":0,"event_name":"SensoryStone","floor":46,"gold_loss":0}],"is_beta":false,"boss_relics":[{"not_picked":["Busted Crown","Ectoplasm"],"picked":"Sozu"},{"not_picked":["Black Star","Tiny House"],"picked":"Runic Pyramid"}],"items_purged_floors":[39],"is_endless":false,"potions_floor_spawned":[1,8,11,12,23,25,27,33,37,44,45,48],"ascension_level":6}}