{"host":"mi0eibewekhugwl1","time":1612359293,"event":{"mods":["AchievementEnabler","BaseMod","Colored Map","Colored Powertips","DeckTracker","Keyboard Shortcuts","Minty Spire (QoL Compilation)","Quick Restart","Rare Cards Sparkle","Relic Stats","StSLib","SuperFastMode","everything is the same but u backflip on backflip"],"gold_per_floor":[110,110,120,133,408,408,422,448,475,487,487,45,64,64,64],"floor_reached":14,"language":"KOR","playtime":290,"items_purged":["Regret"],"score":184,"play_id":"628f53f7-6dc2-43c2-b1d1-059e9fde74b5","local_time":"20210203223453","is_ascension_mode":true,"campfire_choices":[{"data":"Infinite Blades","floor":6,"key":"SMITH"},{"floor":11,"key":"REST"}],"circlet_count":0,"master_deck":["AscendersBane","Strike_G","Strike_G","Strike_G","Strike_G","Strike_G","Defend_G","Defend_G","Defend_G","Defend_G","Defend_G","Survivor","Neutralize+1","Dagger Throw+1","Infinite Blades+1","Bouncing Flask+1","Catalyst+1","Well Laid Plans","Deadly Poison"],"relics":["Ring of the Snake","War Paint","Oddly Smooth Stone","Meat on the Bone"],"acts_visited":["Exordium"],"potions_floor_usage":[8,14],"damage_taken":[{"damage":8,"enemies":"Small Slimes","floor":1,"turns":4},{"damage":0,"enemies":"2 Louse","floor":3,"turns":2},{"damage":0,"enemies":"Cultist","floor":4,"turns":3},{"damage":16,"enemies":"Red Slaver","floor":7,"turns":5},{"damage":20,"enemies":"Lagavulin","floor":8,"turns":7},{"damage":20,"enemies":"3 Louse","floor":10,"turns":3},{"damage":18,"enemies":"2 Fungi Beasts","floor":13,"turns":4},{"damage":25,"enemies":"3 Sentries","floor":14,"turns":5}],"seed_played":"3726436406029792798","potions_obtained":[{"floor":4,"key":"SpeedPotion"},{"floor":7,"key":"Regen Potion"},{"floor":10,"key":"SteroidPotion"}],"is_trial":false,"path_per_floor":["M","?","M","M","?","R","M","E","T","M","R","$","M","E"],"character_chosen":"THE_SILENT","items_purchased":["Meat on the Bone","Well Laid Plans"],"campfire_rested":1,"item_purchase_floors":[12,12],"current_hp_per_floor":[51,51,51,51,51,51,35,30,30,10,29,29,23,0,0],"gold":64,"neow_bonus":"UPGRADE_CARD","is_daily":false,"chose_seed":false,"campfire_upgraded":1,"win_rate":0.0,"timestamp":1612359293,"path_taken":["M","?","M","M","?","R","M","E","T","M","R","$","M","E"],"items_purchased_type":["Relic","Card"],"build_version":"2020-12-22","purchased_purges":1,"victory":false,"max_hp_per_floor":[66,66,66,66,66,66,66,66,66,66,66,66,66,66,66],"relic_stats":{"counters":[8,33],"War Paint":["Bouncing Flask","Catalyst"],"obtain_stats":[{"Oddly Smooth Stone":9,"War Paint":8,"Ring of the Snake":0,"Meat on the Bone":12},{"Oddly Smooth Stone":5,"War Paint":5,"Ring of the Snake":0,"Meat on the Bone":6},{"Oddly Smooth Stone":21,"War Paint":21,"Ring of the Snake":0,"Meat on the Bone":24}],"Ring of the Snake":[16],"Meat on the Bone":12},"card_choices":[{"not_picked":["Flying Knee","Quick Slash"],"picked":"Dagger Throw","floor":1},{"not_picked":["Underhanded Strike","Outmaneuver","Dagger Throw"],"picked":"SKIP","floor":3},{"not_picked":["Bane","Expertise"],"picked":"Infinite Blades","floor":4},{"not_picked":["Deflect","Slice"],"picked":"Bouncing Flask","floor":7},{"not_picked":["Blade Dance","Quick Slash"],"picked":"Catalyst","floor":8},{"not_picked":["Prepared","Dodge and Roll","Bane"],"picked":"SKIP","floor":10},{"not_picked":["Dash","Bane"],"picked":"Deadly Poison","floor":13}],"player_experience":1774204,"relics_obtained":[{"floor":8,"key":"War Paint"},{"floor":9,"key":"Oddly Smooth Stone"}],"event_choices":[{"damage_healed":0,"gold_gain":0,"player_choice":"Grow","damage_taken":0,"max_hp_gain":0,"max_hp_loss":0,"event_name":"Living Wall","floor":2,"gold_loss":0,"cards_upgraded":["Dagger Throw"]},{"damage_healed":0,"gold_gain":275,"player_choice":"Desecrate","damage_taken":0,"max_hp_gain":0,"max_hp_loss":0,"event_name":"Golden Shrine","floor":5,"gold_loss":0,"cards_obtained":["Regret"]}],"is_beta":false,"boss_relics":[],"items_purged_floors":[12],"is_endless":false,"potions_floor_spawned":[4,7,10],"killed_by":"3 Sentries","ascension_level":20}}