{"host":"rantoq7h0pygex6x","time":1612358343,"event":{"mods":["AchievementEnabler","BaseMod","BetterRewards","Minty Spire (QoL Compilation)"],"gold_per_floor":[115,127,138,158,173,173,192,192,238,47,47,57,57,76,76,148,148,164,164,177,177,197,230,230,260,260,260,10,10,24,49,49,122,122,138,152,98,145,156,190,190,190,190,220,94,94,44,59,59,59,59],"floor_reached":52,"language":"ENG","playtime":1634,"items_purged":["Strike_B","Defend_B","Strike_B","Strike_B","Defend_B","Strike_B","Defend_B"],"score":2449,"play_id":"625e2ae5-4aa1-40a8-b64d-9a0b32d62a3e","local_time":"20210203211903","is_ascension_mode":true,"campfire_choices":[{"data":"Defragment","floor":6.0,"key":"SMITH"},{"data":"Defragment","floor":8.0,"key":"SMITH"},{"data":"Defragment","floor":11.0,"key":"SMITH"},{"data":"Defragment","floor":13.0,"key":"SMITH"},{"data":"Dualcast","floor":15.0,"key":"SMITH"},{"data":"Self Repair","floor":24,"key":"SMITH"},{"floor":27,"key":"REST"},{"data":"Zap","floor":32,"key":"SMITH"},{"data":"Seek","floor":41,"key":"SMITH"},{"data":"Coolheaded","floor":49,"key":"SMITH"}],"circlet_count":0,"master_deck":["AscendersBane","Zap+1","Dualcast+1","Self Repair+1","Defragment+1","Gash","Coolheaded+1","Defragment+1","Melter","Defragment+1","Coolheaded","Conserve Battery","Barrage","Hologram","Ball Lightning","Defragment+1","Conserve Battery","Seek+1","Conserve Battery+1","Lockon+1","Go for the Eyes+1","Chill","Amplify+1","Electrodynamics+1","Stack+1","Capacitor+1","White Noise+1"],"relics":["Cracked Core","Lee\u0027s Waffle","Anchor","Black Star","Frozen Egg 2","Singing Bowl","Centennial Puzzle","Vajra","Toxic Egg 2","Omamori","Bronze Scales","Busted Crown","Thread and Needle","Lizard Tail","Dead Branch","Prayer Wheel","Symbiotic Virus","Mango","Smiling Mask"],"acts_visited":["Exordium","TheCity","TheBeyond"],"potions_floor_usage":[23,23,31,38,51],"damage_taken":[{"damage":0.0,"enemies":"Cultist","floor":1.0,"turns":4.0},{"damage":14.0,"enemies":"Jaw Worm","floor":2.0,"turns":4.0},{"damage":3.0,"enemies":"Small Slimes","floor":3.0,"turns":4.0},{"damage":0.0,"enemies":"2 Fungi Beasts","floor":4.0,"turns":3.0},{"damage":17.0,"enemies":"3 Louse","floor":5.0,"turns":5.0},{"damage":23.0,"enemies":"Exordium Thugs","floor":7.0,"turns":5.0},{"damage":17.0,"enemies":"Large Slime","floor":12.0,"turns":4.0},{"damage":0.0,"enemies":"Red Slaver","floor":14.0,"turns":3.0},{"damage":23.0,"enemies":"Slime Boss","floor":16.0,"turns":6.0},{"damage":0.0,"enemies":"Spheric Guardian","floor":18.0,"turns":1.0},{"damage":7.0,"enemies":"Chosen","floor":20.0,"turns":5.0},{"damage":21.0,"enemies":"Snake Plant","floor":22.0,"turns":4.0},{"damage":13,"enemies":"Gremlin Leader","floor":23,"turns":7},{"damage":37,"enemies":"Book of Stabbing","floor":25,"turns":6},{"damage":3,"enemies":"Sentry and Sphere","floor":30,"turns":4},{"damage":24,"enemies":"Slavers","floor":31,"turns":6},{"damage":13,"enemies":"Automaton","floor":33,"turns":11},{"damage":0,"enemies":"Orb Walker","floor":35,"turns":3},{"damage":0,"enemies":"3 Shapes","floor":36,"turns":3},{"damage":1,"enemies":"2 Orb Walkers","floor":38,"turns":3},{"damage":2,"enemies":"3 Darklings","floor":39,"turns":3},{"damage":45,"enemies":"Nemesis","floor":40,"turns":5},{"damage":17,"enemies":"Reptomancer","floor":44,"turns":4},{"damage":2,"enemies":"Spire Growth","floor":48,"turns":5},{"damage":21,"enemies":"Donu and Deca","floor":50,"turns":6},{"damage":46,"enemies":"Time Eater","floor":51,"turns":9}],"seed_played":"806806450737546467","potions_obtained":[{"floor":3.0,"key":"DuplicationPotion"},{"floor":5.0,"key":"PowerPotion"},{"floor":7.0,"key":"FocusPotion"},{"floor":25,"key":"GamblersBrew"},{"floor":30,"key":"LiquidMemories"},{"floor":33,"key":"Swift Potion"},{"floor":39,"key":"Weak Potion"},{"floor":44,"key":"PotionOfCapacity"}],"is_trial":false,"path_per_floor":["M","M","M","M","M","R","M","R","T","$","R","M","R","M","R","B",null,"M","?","M","?","M","E","R","E","T","R","$","?","M","E","R","B",null,"M","M","$","?","M","E","R","T","T","E","$","?","$","M","R","B","B",null],"character_chosen":"DEFECT","items_purchased":["Self Repair","Defragment","Gash","Coolheaded","Defragment","Lee\u0027s Waffle","Melter","Defragment","Defragment","Amplify+1","Stack+1","White Noise+1"],"campfire_rested":1,"item_purchase_floors":[0,0,0,0,0,0,0,0,10,28,37,45],"current_hp_per_floor":[78,71,75,78,68,68,52,52,52,52,52,42,42,49,49,33,67,67,67,67,67,53,49,49,22,22,46,46,46,55,53,53,50,76,86,88,88,90,92,69,69,69,69,86,86,80,80,102,102,81,35],"gold":59,"neow_bonus":"","is_daily":false,"chose_seed":false,"campfire_upgraded":9,"win_rate":0.0,"timestamp":1612358343,"path_taken":["M","M","M","?","M","R","M","R","T","$","R","M","R","M","R","BOSS","M","?","M","?","M","E","R","E","T","R","$","?","M","E","R","BOSS","M","M","$","?","M","E","R","?","T","E","$","?","$","M","R","BOSS","BOSS"],"items_purchased_type":["Card","Card","Card","Card","Card","Relic","Card","Card","Card","Card","Card","Card"],"build_version":"2020-12-22","purchased_purges":7,"victory":true,"max_hp_per_floor":[78,78,78,78,78,78,78,78,78,78,78,78,78,78,78,78,78,78,78,78,78,78,80,80,80,80,80,80,80,82,84,84,84,84,86,88,88,90,92,94,94,94,94,108,108,108,108,112,112,112,112],"card_choices":[{"not_picked":["Steam","Leap"],"picked":"Coolheaded","floor":1.0},{"not_picked":["Aggregate","FTL"],"picked":"Conserve Battery","floor":2.0},{"not_picked":["Doom and Gloom","Fusion"],"picked":"Barrage","floor":3.0},{"not_picked":["Gash","Double Energy"],"picked":"Hologram","floor":4.0},{"not_picked":["Streamline","Go for the Eyes","Leap"],"picked":"SKIP","floor":5.0},{"not_picked":["Meteor Strike","Go for the Eyes"],"picked":"Ball Lightning","floor":7.0},{"not_picked":["Gash","Hologram"],"picked":"Conserve Battery","floor":12.0},{"not_picked":["Leap","Go for the Eyes","Beam Cell"],"picked":"SKIP","floor":14.0},{"not_picked":["Hyperbeam","Biased Cognition"],"picked":"Seek","floor":16.0},{"not_picked":["Beam Cell","Streamline"],"picked":"Conserve Battery+1","floor":18.0},{"not_picked":["Glacier","Conserve Battery"],"picked":"Lockon+1","floor":20.0},{"not_picked":["Sunder","Beam Cell"],"picked":"Go for the Eyes+1","floor":22.0},{"not_picked":["Go for the Eyes","Amplify","Sweeping Beam"],"picked":"Singing Bowl","floor":23},{"not_picked":["Reinforced Body","Conserve Battery"],"picked":"Chill","floor":25},{"not_picked":["Redo+1","Turbo+1","Coolheaded+1"],"picked":"Singing Bowl","floor":30},{"not_picked":["Sunder","Rainbow+1","Coolheaded+1"],"picked":"Singing Bowl","floor":31},{"not_picked":["Seek+1","Meteor Strike"],"picked":"Electrodynamics+1","floor":33},{"not_picked":["Auto Shields+1"],"picked":"Singing Bowl","floor":35},{"not_picked":["Redo+1"],"picked":"Singing Bowl","floor":36},{"not_picked":["Redo+1"],"picked":"Singing Bowl","floor":38},{"not_picked":["Beam Cell"],"picked":"Singing Bowl","floor":39},{"not_picked":["Doom and Gloom"],"picked":"Singing Bowl","floor":40},{"not_picked":[],"picked":"Capacitor+1","floor":44},{"not_picked":["Streamline"],"picked":"Singing Bowl","floor":48},{"not_picked":["Leap+1"],"picked":"Singing Bowl","floor":48}],"player_experience":976519,"relics_obtained":[{"floor":9.0,"key":"Anchor"},{"floor":23,"key":"Frozen Egg 2"},{"floor":23,"key":"Singing Bowl"},{"floor":25,"key":"Centennial Puzzle"},{"floor":25,"key":"Vajra"},{"floor":26,"key":"Toxic Egg 2"},{"floor":31,"key":"Omamori"},{"floor":31,"key":"Bronze Scales"},{"floor":38,"key":"Thread and Needle"},{"floor":40,"key":"Lizard Tail"},{"floor":40,"key":"Dead Branch"},{"floor":42,"key":"Prayer Wheel"},{"floor":43,"key":"Symbiotic Virus"},{"floor":44,"key":"Mango"},{"floor":44,"key":"Smiling Mask"}],"event_choices":[{"damage_healed":0.0,"max_hp_gain":0.0,"max_hp_loss":0.0,"gold_gain":0.0,"event_name":"Cursed Tome","player_choice":"Ignored","floor":19.0,"gold_loss":0.0,"damage_taken":0.0},{"damage_healed":0.0,"max_hp_gain":0.0,"max_hp_loss":0.0,"gold_gain":0.0,"event_name":"Ghosts","player_choice":"Ignored","floor":21.0,"gold_loss":0.0,"damage_taken":0.0},{"cards_removed":["Defend_B"],"damage_healed":0,"gold_gain":0,"player_choice":"Elegance","damage_taken":0,"max_hp_gain":0,"max_hp_loss":0,"event_name":"Back to Basics","floor":29,"gold_loss":0},{"damage_healed":0,"gold_gain":0,"player_choice":"Fight","damage_taken":0,"max_hp_gain":0,"max_hp_loss":0,"event_name":"Mysterious Sphere","floor":38,"gold_loss":0},{"damage_healed":0,"gold_gain":0,"player_choice":"Bought 0 Potions","damage_taken":0,"max_hp_gain":0,"max_hp_loss":0,"event_name":"The Woman in Blue","floor":46,"gold_loss":0}],"is_beta":false,"boss_relics":[{"not_picked":["Empty Cage","Velvet Choker"],"picked":"Black Star"},{"not_picked":["Runic Dome","Coffee Dripper"],"picked":"Busted Crown"}],"items_purged_floors":[0,0,0,10,28,45,47],"is_endless":false,"potions_floor_spawned":[3,5,7,25,30,33,39,44,48],"ascension_level":20}}