{"host":"rgy6n2eoa9ji6d0c","time":1612352926,"event":{"mods":["BaseMod","Downfall","Minty Spire (QoL Compilation)","Quick Restart","StSLib"],"gold_per_floor":[99,114,126,126,141,176,253,253,268,302,319,5,5,29,57,161,161,161,181,194,219,219,257,257,277,305,405,442,442,353,353,377,485,485,485,496,546,665,692,492,492,501,501,510,527,238,138,64,87,87,87,121,2,2,2,2],"floor_reached":57,"language":"ENG","playtime":6451,"items_purged":["Slimebound:Defend_Slimebound","Slimebound:SpikyOuterGoop","Slimebound:Defend_Slimebound","Slimebound:Defend_Slimebound","Slimebound:Defend_Slimebound"],"score":1322,"play_id":"0c6b30f6-8fd2-421c-9779-96866584cbe7","local_time":"20210203124846","is_ascension_mode":true,"campfire_choices":[{"data":"Slimebound:CorrosiveSpit","floor":1.0,"key":"SMITH"},{"data":"Slimebound:SlimeBarrage","floor":18.0,"key":"SMITH"},{"floor":29,"key":"REST"},{"data":"Slimebound:TagTeam","floor":35,"key":"SMITH"},{"floor":40,"key":"RECALL"},{"data":"Slimebound:OneTwoCombo","floor":47,"key":"SMITH"},{"data":"Slimebound:LeadByExample","floor":54,"key":"SMITH"}],"circlet_count":0,"master_deck":["Slimebound:Split","Slimebound:CorrosiveSpit+1","Slimebound:LeechingTouch","Slimebound:SplitSpecialist","Slimebound:SamplingLick","Slimebound:SlimeBarrage+1","Slimebound:Repurpose+1","Slimebound:Recollect+1","Slimebound:HauntingLick+1","Slimebound:SplitMire+1","Slimebound:Equalize","Slimebound:Darklings+1","Slimebound:PressTheAttack+1","Slimebound:LeadByExample+1","Slimebound:OneTwoCombo+1","Slimebound:HauntingLick+1","Slimebound:SamplingLick+1","Slimebound:SplitMire+1","expansioncontent:AwakenDeath","Slimebound:GoopSpray+1","Slimebound:TagTeam+1","Slimebound:Darklings+1","expansioncontent:AwakenDeath","Slimebound:Repurpose+1","Slimebound:MassRepurpose+1","Slimebound:SamplingLick+1","Slimebound:MegaLick+1"],"relics":["Slimebound:AbsorbEndCombat","Bronze Scales","Toxic Egg 2","Matryoshka","Membership Card","CeramicFish","Empty Cage","Enchiridion","Tiny Chest","Juzu Bracelet","Singing Bowl","WingedGreaves","Ornamental Fan","Dream Catcher","Busted Crown","CaptainsWheel","Ice Cream","Question Card","downfall:HeartBlessingGreen","downfall:HeartBlessingBlue","Mercury Hourglass","Orrery","Pear","downfall:HeartBlessingRed","Anchor","Slimebound:AggressiveSlimeRelic"],"acts_visited":["Exordium","TheCity","TheBeyond","TheEnding"],"potions_floor_usage":[28,33],"damage_taken":[{"damage":2.0,"enemies":"Cultist","floor":2.0,"turns":4.0},{"damage":0.0,"enemies":"Small Slimes","floor":3.0,"turns":3.0},{"damage":0.0,"enemies":"2 Louse","floor":5.0,"turns":2.0},{"damage":23.0,"enemies":"Gremlin Nob","floor":6.0,"turns":4.0},{"damage":10.0,"enemies":"Large Slime","floor":9.0,"turns":5.0},{"damage":0.0,"enemies":"3 Sentries","floor":10.0,"turns":9.0},{"damage":4.0,"enemies":"Blue Slaver","floor":11.0,"turns":4.0},{"damage":3.0,"enemies":"downfall:FleeingMerchant","floor":12.0,"turns":4.0},{"damage":0.0,"enemies":"3 Louse","floor":14.0,"turns":2.0},{"damage":17.0,"enemies":"Exordium Thugs","floor":15.0,"turns":4.0},{"damage":39.0,"enemies":"DF_ARCHETYPE_STREAMLINE","floor":16.0,"turns":9.0},{"damage":12.0,"enemies":"Shell Parasite","floor":19.0,"turns":2.0},{"damage":10.0,"enemies":"Snecko","floor":20.0,"turns":5.0},{"damage":10.0,"enemies":"Snake Plant","floor":21.0,"turns":3.0},{"damage":8.0,"enemies":"Book of Stabbing","floor":23.0,"turns":5.0},{"damage":24.0,"enemies":"Shelled Parasite and Fungi","floor":25.0,"turns":3.0},{"damage":33.0,"enemies":"Snecko","floor":26.0,"turns":5.0},{"damage":0.0,"enemies":"Colosseum Nobs","floor":27.0,"turns":2.0},{"damage":19,"enemies":"Slavers","floor":28,"turns":3},{"damage":6,"enemies":"downfall:FleeingMerchant","floor":30,"turns":4},{"damage":8,"enemies":"Centurion and Healer","floor":32,"turns":4},{"damage":22,"enemies":"SI_MIRROR_ARCHETYPE","floor":33,"turns":6},{"damage":26,"enemies":"3 Darklings","floor":36,"turns":3},{"damage":0,"enemies":"3 Darklings","floor":37,"turns":4},{"damage":0,"enemies":"downfall:FleeingMerchant","floor":38,"turns":2},{"damage":19,"enemies":"Orb Walker","floor":45,"turns":3},{"damage":6,"enemies":"4 Shapes","floor":49,"turns":4},{"damage":45,"enemies":"IC_BLOCK_ARCHETYPE","floor":50,"turns":8},{"damage":9,"enemies":"downfall:CharBossMerchant","floor":52,"turns":5},{"damage":13,"enemies":"downfall:NeowBoss","floor":55,"turns":10},{"damage":38,"enemies":"downfall:NeowBossFinal","floor":56,"turns":7}],"seed_played":"-4473200291094553039","potions_obtained":[{"floor":3.0,"key":"SkillPotion"},{"floor":9.0,"key":"FearPotion"},{"floor":11.0,"key":"Slimebound:ThreeZeroPotion"},{"floor":15.0,"key":"Regen Potion"},{"floor":25.0,"key":"Block Potion"},{"floor":32,"key":"ColorlessPotion"},{"floor":33,"key":"CultistPotion"},{"floor":49,"key":"sneckomod:MuddlingPotion"}],"is_trial":false,"path_per_floor":["R","M","M","?","M","E","T","?","M","E","M","$","?","M","M","B",null,"R","M","M","M","?","E","T","M","M","?","E","R","$","?","M","B",null,"R","M","?","$","T","R","T","?","?","?","M","$","R","$","M","B",null,"E","$","R","B","B",null],"character_chosen":"SLIMEBOUND","items_purchased":["Membership Card","CeramicFish","expansioncontent:AwakenDeath","expansioncontent:AwakenDeath","Ice Cream","Slimebound:Repurpose+1","Orrery","Pear","Anchor","Slimebound:MegaLick+1"],"campfire_rested":1,"item_purchase_floors":[12,12,12,30,38,46,46,46,48,53],"current_hp_per_floor":[71,71,71,76,76,57,57,57,53,57,55,54,54,56,43,20,76,76,66,68,62,46,52,52,36,11,17,4,30,36,36,44,38,82,82,62,78,82,82,92,92,92,92,92,100,118,118,118,114,81,118,113,113,113,107,82],"gold":2,"neow_bonus":"TEN_PERCENT_HP_BONUS","is_daily":false,"chose_seed":false,"campfire_upgraded":5,"win_rate":0.0,"timestamp":1612352926,"path_taken":["R","M","?","?","M","E","T","?","?","E","M","$","?","M","M","BOSS","R","M","?","M","?","E","T","M","M","?","E","R","$","?","M","BOSS","R","M","?","$","?","R","T","?","?","?","M","$","R","$","M","BOSS","E","$","R","BOSS","BOSS"],"items_purchased_type":["Relic","Relic","Card","Card","Relic","Card","Relic","Relic","Relic","Card"],"build_version":"2020-12-22","purchased_purges":5,"victory":true,"max_hp_per_floor":[71,71,71,76,76,76,76,76,76,76,76,76,76,76,76,76,76,76,76,76,76,76,76,76,78,78,80,80,82,82,82,82,82,82,82,84,86,88,88,98,98,98,98,98,100,118,118,118,118,118,118,120,120,120,120,120],"card_choices":[{"not_picked":["Slimebound:LeechEnergy","Slimebound:FinishingTackle"],"picked":"Slimebound:LeechingTouch","floor":2.0},{"not_picked":["Slimebound:GoopTackle","Slimebound:FlameTackle"],"picked":"Slimebound:SplitSpecialist","floor":3.0},{"not_picked":["Slimebound:SplitLeeching","Slimebound:BestDefense"],"picked":"Slimebound:SamplingLick","floor":5.0},{"not_picked":["Slimebound:GoopSpray","Slimebound:LeechLife"],"picked":"Slimebound:SlimeBarrage","floor":6.0},{"not_picked":["Slimebound:LeechEnergy","Slimebound:FinishingTackle"],"picked":"Slimebound:Recollect+1","floor":9.0},{"not_picked":["Slimebound:LeechingTouch","Slimebound:SlimeBrawl+1"],"picked":"Slimebound:Overexert","floor":10.0},{"not_picked":["Slimebound:HungryTackle","Slimebound:FinishingTackle"],"picked":"Slimebound:SpikyOuterGoop","floor":11.0},{"not_picked":["Slimebound:Grow","Slimebound:Schlurp+1"],"picked":"Slimebound:HauntingLick+1","floor":12.0},{"not_picked":["Slimebound:HungryTackle","Slimebound:Grow"],"picked":"Slimebound:SplitMire+1","floor":14.0},{"not_picked":["Slimebound:LeechEnergy","Slimebound:Repurpose+1"],"picked":"Slimebound:Equalize","floor":15.0},{"not_picked":["Slimebound:DuplicatedForm","Slimebound:LeechLife"],"picked":"Slimebound:Darklings+1","floor":16.0},{"not_picked":["Slimebound:BestDefense","Slimebound:SplitLeeching+1"],"picked":"Slimebound:PressTheAttack+1","floor":19.0},{"not_picked":["Slimebound:SplitBruiser+1","Slimebound:Gluttony","Slimebound:Grow+1"],"picked":"SKIP","floor":20.0},{"not_picked":["Slimebound:ItLooksTasty","Slimebound:SamplingLick+1"],"picked":"Slimebound:LeadByExample","floor":21.0},{"not_picked":["Slimebound:SplitLeeching+1","Slimebound:ComboTackle"],"picked":"Slimebound:OneTwoCombo","floor":23.0},{"not_picked":["Slimebound:ComboTackle","Slimebound:LivingWall+1","Slimebound:ServeAndProtect+1"],"picked":"Singing Bowl","floor":25.0},{"not_picked":["Slimebound:Nibble","Slimebound:ForwardTackle+1"],"picked":"Slimebound:HauntingLick+1","floor":26.0},{"not_picked":["Slimebound:RollThrough+1","Slimebound:SplitAcid+1","Slimebound:SlimeSpikes+1"],"picked":"Singing Bowl","floor":27.0},{"not_picked":["Slimebound:SlimeSlap","Slimebound:Schlurp+1"],"picked":"Slimebound:SamplingLick+1","floor":28},{"not_picked":["Slimebound:PressTheAttack+1","Slimebound:RallyTheTroops","Slimebound:SplitLeeching+1"],"picked":"Singing Bowl","floor":29},{"not_picked":["Slimebound:SplitBruiser+1","Slimebound:GoopTackle"],"picked":"Slimebound:SplitMire+1","floor":30},{"not_picked":["Slimebound:RainOfGoop+1","Slimebound:ItLooksTasty"],"picked":"Slimebound:GoopSpray+1","floor":32},{"not_picked":["Slimebound:RallyTheTroops","Slimebound:DouseInSlime+1"],"picked":"Slimebound:TagTeam","floor":33},{"not_picked":["Slimebound:LeechEnergy"],"picked":"Singing Bowl","floor":36},{"not_picked":["Slimebound:Prepare+1"],"picked":"Singing Bowl","floor":37},{"not_picked":["Slimebound:GoopSpray+1"],"picked":"Singing Bowl","floor":38},{"not_picked":["expansioncontent:Hexaburn","expansioncontent:PolyBeam"],"picked":"expansioncontent:AwakenDeath","floor":44},{"not_picked":["Slimebound:RainOfGoop+1","Slimebound:FormOfPuddle+1"],"picked":"Singing Bowl","floor":45},{"not_picked":["Slimebound:RollThrough+1","Slimebound:Schlurp+1"],"picked":"Singing Bowl","floor":46},{"not_picked":["Slimebound:PressTheAttack","Slimebound:GoopTackle"],"picked":"Singing Bowl","floor":46},{"not_picked":["Slimebound:SamplingLick+1","Slimebound:FormOfPuddle+1"],"picked":"Singing Bowl","floor":46},{"not_picked":["Slimebound:LeechEnergy+1"],"picked":"Slimebound:MassRepurpose+1","floor":46},{"not_picked":["Slimebound:FlameTackle+1","Slimebound:LivingWall+1"],"picked":"Singing Bowl","floor":46},{"not_picked":["Slimebound:ComboTackle"],"picked":"Slimebound:SamplingLick+1","floor":49},{"not_picked":["Slimebound:DivideAndConquer","Slimebound:ComboTackle"],"picked":"Singing Bowl","floor":52}],"player_experience":1495563,"relics_obtained":[{"floor":6.0,"key":"Bronze Scales"},{"floor":7.0,"key":"Toxic Egg 2"},{"floor":10.0,"key":"Matryoshka"},{"floor":22.0,"key":"Enchiridion"},{"floor":23.0,"key":"Tiny Chest"},{"floor":24.0,"key":"Juzu Bracelet"},{"floor":24.0,"key":"Singing Bowl"},{"floor":27.0,"key":"WingedGreaves"},{"floor":27.0,"key":"Ornamental Fan"},{"floor":28,"key":"Dream Catcher"},{"floor":37,"key":"CaptainsWheel"},{"floor":39,"key":"Question Card"},{"floor":41,"key":"Mercury Hourglass"},{"floor":52,"key":"Slimebound:AggressiveSlimeRelic"}],"event_choices":[{"damage_healed":0.0,"max_hp_gain":5.0,"max_hp_loss":0.0,"gold_gain":0.0,"event_name":"Big Fish","player_choice":"Donut","floor":4.0,"gold_loss":0.0,"damage_taken":0.0},{"damage_healed":0,"gold_gain":0,"player_choice":"Ignored","damage_taken":0,"max_hp_gain":0,"max_hp_loss":0,"event_name":"Vampires","floor":31,"gold_loss":0},{"cards_removed":["expansioncontent:AwakenDeath"],"damage_healed":0,"gold_gain":0,"player_choice":"Removed Power","damage_taken":0,"max_hp_gain":0,"max_hp_loss":0,"event_name":"Falling","floor":43,"gold_loss":0}],"is_beta":false,"boss_relics":[{"not_picked":["Tiny House","Snecko Eye"],"picked":"Empty Cage"},{"not_picked":["Fusion Hammer","Cursed Key"],"picked":"Busted Crown"}],"items_purged_floors":[12,30,38,46,53],"is_endless":false,"potions_floor_spawned":[3,9,11,14,15,20,21,25,32,33,49],"ascension_level":1}}