{"host":"vumwfieg2b2mnrfl","time":1612318687,"event":{"mods":["AchievementEnabler","BaseMod","Minty Spire (QoL Compilation)","Rare Cards Sparkle","Relic Stats"],"gold_per_floor":[113,113,69,69,69,102,102,140,140,155,155,185,212,253,253,361,361,383,383,392,412,65,95,95,95],"floor_reached":24,"language":"ENG","playtime":757,"items_purged":["Strike_G"],"score":528,"play_id":"9afb7b40-9312-48fd-b01f-cb2dae62c61c","local_time":"20210202201807","is_ascension_mode":true,"campfire_choices":[{"floor":7.0,"key":"REST"},{"floor":15.0,"key":"REST"}],"circlet_count":0,"master_deck":["AscendersBane","Strike_G","Strike_G","Strike_G","Defend_G","Defend_G","Defend_G","Defend_G","Defend_G","Survivor","Neutralize","Noxious Fumes","Noxious Fumes","Bane","Bouncing Flask","Crippling Poison","Calculated Gamble","Dagger Throw","Malaise","Concentrate","Bane+1","Catalyst","Concentrate"],"relics":["Ring of the Snake","NeowsBlessing","Dead Branch","Golden Idol","Lantern","Pear","The Courier","CeramicFish","Molten Egg 2","Runic Pyramid","Meat on the Bone"],"acts_visited":["Exordium","TheCity"],"potions_floor_usage":[],"damage_taken":[{"damage":0.0,"enemies":"Small Slimes","floor":1.0,"turns":1.0},{"damage":0.0,"enemies":"3 Sentries","floor":6.0,"turns":1.0},{"damage":0.0,"enemies":"Lagavulin","floor":8.0,"turns":1.0},{"damage":1.0,"enemies":"2 Louse","floor":10.0,"turns":3.0},{"damage":2.0,"enemies":"Jaw Worm","floor":12.0,"turns":3.0},{"damage":27.0,"enemies":"Exordium Thugs","floor":13.0,"turns":4.0},{"damage":1.0,"enemies":"3 Sentries","floor":14.0,"turns":6.0},{"damage":25.0,"enemies":"Slime Boss","floor":16.0,"turns":10.0},{"damage":11,"enemies":"Chosen","floor":18,"turns":4},{"damage":8,"enemies":"Spheric Guardian","floor":21,"turns":5},{"damage":22,"enemies":"Shelled Parasite and Fungi","floor":23,"turns":7},{"damage":35,"enemies":"Slavers","floor":24,"turns":3}],"seed_played":"6081211670621577476","potions_obtained":[{"floor":1.0,"key":"SteroidPotion"},{"floor":10.0,"key":"Strength Potion"},{"floor":18,"key":"LiquidBronze"}],"is_trial":false,"path_per_floor":["M","?","$","?","?","E","R","E","T","M","T","M","M","E","R","B",null,"M","?","?","M","$","M","E"],"character_chosen":"THE_SILENT","items_purchased":["Noxious Fumes","Catalyst","Meat on the Bone"],"campfire_rested":2,"item_purchase_floors":[3,22,22],"current_hp_per_floor":[59,41,41,41,34,34,53,63,63,62,62,60,33,32,54,29,64,53,53,53,45,45,35,0,0],"gold":95,"neow_bonus":"THREE_ENEMY_KILL","is_daily":false,"chose_seed":false,"campfire_upgraded":0,"win_rate":0.0,"timestamp":1612318687,"path_taken":["M","?","$","?","?","E","R","E","T","M","?","M","M","E","R","BOSS","M","?","?","M","$","M","E"],"items_purchased_type":["Card","Card","Relic"],"build_version":"2020-12-22","purchased_purges":1,"victory":false,"max_hp_per_floor":[66,66,66,66,66,66,66,76,76,76,76,76,76,76,76,76,76,76,76,76,76,76,76,76,76],"relic_stats":{"counters":[12,48],"Golden Idol":65,"Dead Branch":[35],"CeramicFish":63,"obtain_stats":[{"Lantern":6,"Pear":8,"NeowsBlessing":0,"Golden Idol":4,"Dead Branch":2,"CeramicFish":11,"Molten Egg 2":14,"The Courier":9,"Ring of the Snake":0,"Runic Pyramid":17,"Meat on the Bone":22},{"Lantern":2,"Pear":3,"NeowsBlessing":0,"Golden Idol":1,"Dead Branch":1,"CeramicFish":4,"Molten Egg 2":7,"The Courier":3,"Ring of the Snake":0,"Runic Pyramid":8,"Meat on the Bone":10},{"Lantern":2,"Pear":3,"NeowsBlessing":0,"Golden Idol":1,"Dead Branch":1,"CeramicFish":6,"Molten Egg 2":19,"The Courier":3,"Ring of the Snake":0,"Runic Pyramid":29,"Meat on the Bone":38}],"Ring of the Snake":[24],"Meat on the Bone":12},"card_choices":[{"not_picked":["Backstab","PiercingWail"],"picked":"Noxious Fumes","floor":1.0},{"not_picked":["Deflect","Caltrops"],"picked":"Bane","floor":6.0},{"not_picked":["Terror","Sucker Punch"],"picked":"Bouncing Flask","floor":8.0},{"not_picked":["Setup","Flying Knee"],"picked":"Crippling Poison","floor":10.0},{"not_picked":["Blade Dance","Dodge and Roll"],"picked":"Calculated Gamble","floor":12.0},{"not_picked":["Venomology","Deadly Poison"],"picked":"Dagger Throw","floor":13.0},{"not_picked":["Flying Knee+1","Blade Dance","Infinite Blades"],"picked":"SKIP","floor":14.0},{"not_picked":["Storm of Steel","Wraith Form v2"],"picked":"Malaise","floor":16.0},{"not_picked":["Masterful Stab+1","Dodge and Roll"],"picked":"Concentrate","floor":18},{"not_picked":["Deflect","Eviscerate+1","Deadly Poison"],"picked":"SKIP","floor":21},{"not_picked":["Flying Knee+1","Dodge and Roll"],"picked":"Concentrate","floor":23}],"player_experience":517297,"relics_obtained":[{"floor":6.0,"key":"Lantern"},{"floor":8.0,"key":"Pear"},{"floor":9.0,"key":"The Courier"},{"floor":11.0,"key":"CeramicFish"},{"floor":14.0,"key":"Molten Egg 2"}],"event_choices":[{"damage_healed":0.0,"max_hp_gain":0.0,"max_hp_loss":0.0,"gold_gain":0.0,"event_name":"Scrap Ooze","player_choice":"Success","floor":2.0,"gold_loss":0.0,"damage_taken":18.0,"relics_obtained":["Dead Branch"]},{"damage_healed":0.0,"max_hp_gain":0.0,"max_hp_loss":0.0,"gold_gain":0.0,"event_name":"Golden Idol","player_choice":"Take Wound","floor":4.0,"gold_loss":0.0,"damage_taken":0.0,"relics_obtained":["Golden Idol"],"cards_obtained":["Injury"]},{"cards_removed":["Injury"],"damage_healed":0.0,"max_hp_gain":0.0,"max_hp_loss":0.0,"gold_gain":0.0,"event_name":"Golden Wing","player_choice":"Card Removal","floor":5.0,"gold_loss":0.0,"damage_taken":7.0},{"cards_removed":["Strike_G"],"damage_healed":0,"gold_gain":0,"player_choice":"Elegance","damage_taken":0,"max_hp_gain":0,"max_hp_loss":0,"event_name":"Back to Basics","floor":19,"gold_loss":0},{"damage_healed":0,"gold_gain":0,"player_choice":"Read","damage_taken":0,"max_hp_gain":0,"max_hp_loss":0,"event_name":"The Library","floor":20,"gold_loss":0,"cards_obtained":["Bane"]}],"is_beta":false,"boss_relics":[{"not_picked":["Pandora\u0027s Box","Coffee Dripper"],"picked":"Runic Pyramid"}],"items_purged_floors":[22],"is_endless":false,"potions_floor_spawned":[1,10,12,13,18,21],"killed_by":"Slavers","ascension_level":20}}