{"host":"9mz6x6ekz95y53i5","time":1612351281,"event":{"mods":["AchievementEnabler","BaseMod","Downfall","Energized Spire","Minty Spire (QoL Compilation)","Reliquary","Replay The Spire","Spicy Shops","StSLib","The Bug Knight","UnlockEverythingMod","¡¾ÒÅÎï¿¨ÅÆ¡¿REMEMod"],"gold_per_floor":[118,118,43,63,63,95,95,108,135,410,410,83,98,108,108,213,213,227,238,238,252,45,45,76,76,76,93,110,110,110],"floor_reached":29,"language":"ZHS","playtime":1327,"items_purged":["HollowMod:NailStrikeStart","Regret","HollowMod:QuickDashStart","HollowMod:SoulSplash"],"score":311,"play_id":"0c8e487d-d1ad-4d39-9508-1f8f54a7b7ec","local_time":"20210203192121","is_ascension_mode":true,"campfire_choices":[{"data":"HollowMod:FocusHealStart","floor":7.0,"key":"SMITH"},{"data":"HollowMod:AbyssShriek","floor":11.0,"key":"SMITH"},{"data":"HollowMod:NailStrikeStart","floor":15.0,"key":"PURGE"},{"floor":23,"key":"REST"},{"data":"HollowMod:SiblingsShadow","floor":25,"key":"SMITH"}],"circlet_count":0,"master_deck":["HollowMod:NailStrikeStart","HollowMod:NailStrikeStart","HollowMod:QuickDashStart","HollowMod:QuickDashStart","HollowMod:FocusHealStart+1","HollowMod:PogoStrike","REME_Shoggoth+1","HollowMod:CycloneSlash+1","HollowMod:AbyssShriek+1","HollowMod:SiblingsShadow","HollowMod:DescendingDark","HollowMod:DescendingDark","HollowMod:ZotesMagnificence+1","HollowMod:DashSlash","HollowMod:SiblingsShadow+1","HollowMod:HeavyBlow+1","HollowMod:LifebloodCocoon+1"],"relics":["HollowMod:VesselMask","REME_ComplimentaryCards","NeowsBlessing","Dream Catcher","Smiling Mask","Happy Flower","REME_DuelDisc","Potion Belt","Guide Book","Akabeko","Snack Pack"],"acts_visited":["Exordium","TheCity"],"potions_floor_usage":[24,28],"damage_taken":[{"damage":0.0,"enemies":"Small Slimes","floor":1.0,"turns":1.0},{"damage":0.0,"enemies":"Cultist","floor":4.0,"turns":1.0},{"damage":0.0,"enemies":"3 Sentries","floor":6.0,"turns":1.0},{"damage":0.0,"enemies":"2 Louse","floor":8.0,"turns":1.0},{"damage":5.0,"enemies":"Gremlin Gang","floor":13.0,"turns":2.0},{"damage":0.0,"enemies":"Blue Slaver","floor":14.0,"turns":1.0},{"damage":67.0,"enemies":"Hexaghost","floor":16.0,"turns":6.0},{"damage":13.0,"enemies":"Shell Parasite","floor":18.0,"turns":2.0},{"damage":6.0,"enemies":"3 Byrds","floor":19.0,"turns":2.0},{"damage":19,"enemies":"Snecko","floor":21,"turns":3},{"damage":17,"enemies":"Gremlin Leader","floor":24,"turns":3},{"damage":29,"enemies":"Centurion and Healer","floor":27,"turns":2},{"damage":35,"enemies":"Snake Plant","floor":28,"turns":3},{"damage":19,"enemies":"Snecko","floor":29,"turns":2}],"seed_played":"-9050393207455114639","potions_obtained":[{"floor":4.0,"key":"SteroidPotion"},{"floor":13.0,"key":"Toxic Potion"},{"floor":14.0,"key":"Swift Potion"},{"floor":19.0,"key":"LiquidBronze"},{"floor":24,"key":"Weak Potion"}],"is_trial":false,"path_per_floor":["M","?","$","M","?","E","R","M","T","?","R","$","M","M","R","B",null,"M","M","?","M","$","R","E","R","T","M","M","M"],"character_chosen":"THE_BUGKNIGHT","items_purchased":["HollowMod:SiblingsShadow","Happy Flower","Guide Book"],"campfire_rested":1,"item_purchase_floors":[12,12,22],"current_hp_per_floor":[75,75,75,75,75,75,75,75,75,75,75,75,70,70,70,9,75,62,62,62,56,56,75,64,64,64,39,8,0,0],"gold":110,"neow_bonus":"THREE_ENEMY_KILL","is_daily":false,"chose_seed":false,"campfire_upgraded":3,"win_rate":0.0,"timestamp":1612351281,"path_taken":["M","?","$","?","?","E","R","M","T","?","R","$","M","M","R","BOSS","M","?","?","?","$","R","E","R","T","M","M","M"],"items_purchased_type":["Card","Relic","Relic"],"build_version":"2020-12-22","purchased_purges":4,"victory":false,"max_hp_per_floor":[75,75,75,75,75,75,75,75,75,75,75,75,75,75,75,75,75,75,75,75,75,75,75,75,75,75,75,75,75,75],"card_choices":[{"not_picked":["HollowMod:DreamGate","HollowMod:NewLittleFool"],"picked":"HollowMod:CycloneSlash","floor":1.0},{"not_picked":["HollowMod:TaintedHusks","HollowMod:LifebloodCocoon","HollowMod:ShapeofUnn"],"picked":"SKIP","floor":4.0},{"not_picked":["HollowMod:InfectedAttack","HollowMod:MantisMark"],"picked":"HollowMod:AbyssShriek","floor":6.0},{"not_picked":["HollowMod:GoodIntentions","HollowMod:LifebloodCocoon"],"picked":"HollowMod:SoulSplash","floor":8.0},{"not_picked":["HollowMod:ShadowDash","HollowMod:DoubleDash"],"picked":"HollowMod:DescendingDark","floor":13.0},{"not_picked":["HollowMod:ElderbugsWisdom","HollowMod:ShadowDash"],"picked":"HollowMod:DescendingDark","floor":14.0},{"not_picked":["HollowMod:MidwifesHunger","HollowMod:PureVessel"],"picked":"HollowMod:ZotesMagnificence","floor":16.0},{"not_picked":["HollowMod:NewJinnsSoul","HollowMod:DoubleDash","HollowMod:BaldurShell"],"picked":"SKIP","floor":18.0},{"not_picked":["HollowMod:LifebloodCocoon","HollowMod:DoubleDash"],"picked":"HollowMod:DashSlash","floor":19.0},{"not_picked":["HollowMod:RecoilStrike","HollowMod:Grubsong","HollowMod:BaldurShell+1"],"picked":"SKIP","floor":21},{"not_picked":["HollowMod:GoodIntentions","HollowMod:HuntersJournal"],"picked":"HollowMod:SiblingsShadow","floor":23},{"not_picked":["HollowMod:InfectionAssault+1","HollowMod:HornetsHelp"],"picked":"HollowMod:HeavyBlow+1","floor":24},{"not_picked":["HollowMod:SoulShaman","HollowMod:DoubleDash","HollowMod:SoulSplash"],"picked":"SKIP","floor":27},{"not_picked":["HollowMod:ShadowDash","HollowMod:ChannelNail+1"],"picked":"HollowMod:LifebloodCocoon+1","floor":28}],"player_experience":220321,"relics_obtained":[{"floor":6.0,"key":"Dream Catcher"},{"floor":9.0,"key":"Smiling Mask"},{"floor":24,"key":"Akabeko"},{"floor":26,"key":"Snack Pack"}],"event_choices":[{"cards_removed":["HollowMod:QuickDashStart"],"damage_healed":0.0,"max_hp_gain":0.0,"max_hp_loss":0.0,"gold_gain":0.0,"event_name":"Bonfire Elementals","player_choice":"Offered Basic","floor":2.0,"gold_loss":0.0,"damage_taken":0.0},{"damage_healed":0.0,"max_hp_gain":0.0,"max_hp_loss":0.0,"gold_gain":0.0,"event_name":"Living Wall","player_choice":"Grow","floor":5.0,"gold_loss":0.0,"damage_taken":0.0,"cards_upgraded":["HollowMod:CycloneSlash"]},{"damage_healed":0.0,"max_hp_gain":0.0,"max_hp_loss":0.0,"gold_gain":275.0,"event_name":"Golden Shrine","player_choice":"Desecrate","floor":10.0,"gold_loss":0.0,"damage_taken":0.0,"cards_obtained":["Regret"]}],"is_beta":false,"boss_relics":[{"not_picked":["Replay:Drink Me","energizedSpire:EnergizedDie"],"picked":"REME_DuelDisc"}],"items_purged_floors":[3,12,12,22],"is_endless":false,"potions_floor_spawned":[4,13,14,19,24],"killed_by":"Snecko","ascension_level":3}}