{"host":"Sean","time":1612391521,"event":{"mods":["BaseMod","Block Reminder","Colored Map","Colored Powertips","Highlight Path","Minty Spire (QoL Compilation)","Permanent Neow","Relic Stats"],"gold_per_floor":[111,111,131,151,170,170,26,26,26,54,54,80,41,58,58,163,163,174,174,187,187,206,238,255,289,289,10,30,30,30,45,45,144,144,158,158,208,260,278,278,313,313,392,732,732,757,771,798,798,798,798],"floor_reached":50,"language":"ENG","playtime":3510,"items_purged":["Strike_B","Defend_B"],"score":1025,"play_id":"8c5cb9e8-aa36-469a-9bb2-437c767722cf","local_time":"20210203223201","is_ascension_mode":true,"campfire_choices":[{"data":"Streamline","floor":6.0,"key":"SMITH"},{"data":"Rebound","floor":8.0,"key":"SMITH"},{"data":"Genetic Algorithm","floor":15.0,"key":"SMITH"},{"data":"Apotheosis","floor":29.0,"key":"SMITH"},{"floor":32.0,"key":"REST"},{"floor":40,"key":"REST"},{"floor":42,"key":"REST"},{"floor":45,"key":"REST"},{"floor":49,"key":"RECALL"}],"circlet_count":0,"master_deck":["Strike_B","Strike_B","Defend_B","Zap","Dualcast","FTL","Cold Snap","Redo","Streamline+1","Gash","Rebound+1","Multi-Cast","Beam Cell","Auto Shields","Genetic Algorithm+1","Cold Snap","Core Surge","Chill+1","Ghostly","Ghostly","Ghostly","Ghostly","Ghostly","Ball Lightning","Doom and Gloom+1","Static Discharge","Barrage+1","Apotheosis+1","Leap","Shame","Defragment","Seek","Undo+1","Turbo","Glacier+1","Go for the Eyes+1","Seek","Defragment"],"relics":["Cracked Core","MealTicket","Darkstone Periapt","Pocketwatch","Black Star","Nilry\u0027s Codex","Art of War","Pear","StrikeDummy","Vajra","Oddly Smooth Stone","PreservedInsect","Philosopher\u0027s Stone","Emotion Chip","Dead Branch","HornCleat","Bronze Scales","Old Coin","CeramicFish","Blue Candle","Du-Vu Doll"],"acts_visited":["Exordium","TheCity","TheBeyond"],"potions_floor_usage":[33,33],"damage_taken":[{"damage":1.0,"enemies":"Cultist","floor":1.0,"turns":3.0},{"damage":3.0,"enemies":"2 Louse","floor":3.0,"turns":3.0},{"damage":0.0,"enemies":"Small Slimes","floor":4.0,"turns":3.0},{"damage":10.0,"enemies":"Exordium Thugs","floor":5.0,"turns":4.0},{"damage":6.0,"enemies":"Gremlin Nob","floor":10.0,"turns":3.0},{"damage":5.0,"enemies":"3 Sentries","floor":12.0,"turns":3.0},{"damage":0.0,"enemies":"Large Slime","floor":14.0,"turns":5.0},{"damage":4.0,"enemies":"Slime Boss","floor":16.0,"turns":6.0},{"damage":39.0,"enemies":"Shell Parasite","floor":18.0,"turns":6.0},{"damage":13.0,"enemies":"2 Thieves","floor":20.0,"turns":5.0},{"damage":0.0,"enemies":"Snecko","floor":22.0,"turns":5.0},{"damage":3.0,"enemies":"Gremlin Leader","floor":23.0,"turns":7.0},{"damage":0.0,"enemies":"Shelled Parasite and Fungi","floor":24.0,"turns":7.0},{"damage":0.0,"enemies":"Slavers","floor":25.0,"turns":6.0},{"damage":0.0,"enemies":"Cultist and Chosen","floor":28.0,"turns":5.0},{"damage":17.0,"enemies":"Snake Plant","floor":31.0,"turns":6.0},{"damage":20,"enemies":"Champ","floor":33,"turns":9},{"damage":4,"enemies":"3 Shapes","floor":35,"turns":5},{"damage":13,"enemies":"Mind Bloom Boss Battle","floor":37,"turns":7},{"damage":12,"enemies":"2 Orb Walkers","floor":38,"turns":7},{"damage":0,"enemies":"3 Darklings","floor":39,"turns":6},{"damage":29,"enemies":"Giant Head","floor":41,"turns":6},{"damage":0,"enemies":"Reptomancer","floor":44,"turns":6},{"damage":0,"enemies":"Nemesis","floor":46,"turns":7},{"damage":0,"enemies":"Maw","floor":47,"turns":7},{"damage":14,"enemies":"Writhing Mass","floor":48,"turns":6},{"damage":34,"enemies":"Donu and Deca","floor":50,"turns":6}],"seed_played":"1263339784382215242","potions_obtained":[{"floor":1.0,"key":"Swift Potion"},{"floor":3.0,"key":"PowerPotion"},{"floor":10.0,"key":"PowerPotion"},{"floor":14.0,"key":"PowerPotion"},{"floor":25.0,"key":"DuplicationPotion"},{"floor":31.0,"key":"FocusPotion"},{"floor":35,"key":"BlessingOfTheForge"},{"floor":37,"key":"PotionOfCapacity"},{"floor":39,"key":"EssenceOfDarkness"}],"is_trial":false,"path_per_floor":["M","?","M","M","M","R","$","R","T","E","?","E","$","M","R","B",null,"M","?","M","?","M","E","M","E","T","$","M","R","?","M","R","B",null,"M","?","?","?","M","R","E","R","T","E","R","E","M","M","R","B"],"character_chosen":"DEFECT","items_purchased":["Gash","Rebound","Genetic Algorithm","Apotheosis"],"campfire_rested":4,"item_purchase_floors":[7,7,13,27],"current_hp_per_floor":[49,49,46,46,36,36,36,36,36,30,30,32,47,54,54,50,69,37,37,31,15,22,29,36,43,43,47,47,47,53,36,51,41,50,53,53,40,28,28,43,14,29,29,29,44,44,44,30,30,0,0],"gold":798,"neow_bonus":"REMOVE_TWO","is_daily":false,"chose_seed":false,"campfire_upgraded":4,"win_rate":0.0,"timestamp":1612391521,"path_taken":["M","?","M","M","M","R","?","R","T","E","?","E","$","M","R","BOSS","M","?","M","?","M","E","M","E","T","$","?","R","?","M","R","BOSS","M","?","?","?","?","R","E","R","T","E","R","E","M","M","R","BOSS"],"items_purchased_type":["Card","Card","Card","Card"],"build_version":"2020-12-18","purchased_purges":2,"victory":false,"max_hp_per_floor":[75,75,75,75,75,75,75,75,75,75,75,75,75,75,75,75,75,75,37,37,37,37,47,47,47,47,47,47,47,53,53,53,53,53,53,53,53,53,53,53,53,53,53,53,53,53,53,53,53,53,53],"relic_stats":{"Darkstone Periapt":6,"counters":[27,149],"Dead Branch":[69],"CeramicFish":18,"Blue Candle":[0],"PreservedInsect":258,"Emotion Chip":[16,11,3,2,0],"Bronze Scales":[83],"MealTicket":19,"Black Star":5,"Art of War":[17],"obtain_stats":[{"Darkstone Periapt":10,"Pear":23,"Nilry\u0027s Codex":21,"Dead Branch":38,"CeramicFish":44,"Blue Candle":46,"Vajra":25,"Oddly Smooth Stone":26,"PreservedInsect":30,"Old Coin":44,"Du-Vu Doll":46,"Emotion Chip":37,"HornCleat":41,"Bronze Scales":41,"MealTicket":9,"Philosopher\u0027s Stone":34,"Black Star":17,"Art of War":23,"Cracked Core":0,"StrikeDummy":25,"Pocketwatch":12},{"Darkstone Periapt":5,"Pear":12,"Nilry\u0027s Codex":10,"Dead Branch":20,"CeramicFish":23,"Blue Candle":24,"Vajra":14,"Oddly Smooth Stone":14,"PreservedInsect":15,"Old Coin":23,"Du-Vu Doll":24,"Emotion Chip":19,"HornCleat":22,"Bronze Scales":22,"MealTicket":4,"Philosopher\u0027s Stone":17,"Black Star":8,"Art of War":12,"Cracked Core":0,"StrikeDummy":14,"Pocketwatch":6},{"Darkstone Periapt":16,"Pear":53,"Nilry\u0027s Codex":41,"Dead Branch":105,"CeramicFish":123,"Blue Candle":130,"Vajra":66,"Oddly Smooth Stone":66,"PreservedInsect":71,"Old Coin":123,"Du-Vu Doll":130,"Emotion Chip":98,"HornCleat":117,"Bronze Scales":117,"MealTicket":13,"Philosopher\u0027s Stone":86,"Black Star":30,"Art of War":53,"Cracked Core":0,"StrikeDummy":66,"Pocketwatch":19}],"Pocketwatch":[123]},"card_choices":[{"not_picked":["Self Repair","Tempest"],"picked":"FTL","floor":1.0},{"not_picked":["Redo","Coolheaded"],"picked":"Cold Snap","floor":3.0},{"not_picked":["Force Field","Multi-Cast"],"picked":"Redo","floor":4.0},{"not_picked":["Sweeping Beam","Rip and Tear"],"picked":"Streamline","floor":5.0},{"not_picked":["Melter","Undo"],"picked":"Self Repair","floor":10.0},{"not_picked":["Darkness","Go for the Eyes"],"picked":"Auto Shields","floor":12.0},{"not_picked":["Barrage","Beam Cell"],"picked":"Cold Snap","floor":14.0},{"not_picked":["Hyperbeam","Amplify"],"picked":"Core Surge","floor":16.0},{"not_picked":["Loop+1","Streamline+1"],"picked":"Chill+1","floor":18.0},{"not_picked":["Genetic Algorithm","Leap"],"picked":"Ball Lightning","floor":20.0},{"not_picked":["Rip and Tear","Melter"],"picked":"Doom and Gloom+1","floor":22.0},{"not_picked":["Ball Lightning","Stack"],"picked":"Static Discharge","floor":23.0},{"not_picked":["Heatsinks","Tempest+1","Redo"],"picked":"SKIP","floor":24.0},{"not_picked":["Lockon","Hologram"],"picked":"Barrage+1","floor":25.0},{"not_picked":["Coolheaded","Barrage"],"picked":"Leap","floor":28.0},{"not_picked":["Beam Cell","Force Field"],"picked":"Defragment","floor":31.0},{"not_picked":["Rainbow","Biased Cognition"],"picked":"Seek","floor":33},{"not_picked":["Steam","Chill+1"],"picked":"Undo+1","floor":35},{"not_picked":["Lockon","Leap+1"],"picked":"Turbo","floor":38},{"not_picked":["Compile Driver","Go for the Eyes+1"],"picked":"Glacier+1","floor":39},{"not_picked":["Sweeping Beam","Streamline+1"],"picked":"Go for the Eyes+1","floor":41},{"not_picked":["Undo","Redo+1"],"picked":"Seek","floor":44},{"not_picked":["Hello World+1","Melter+1","Streamline"],"picked":"SKIP","floor":46},{"not_picked":["Loop","Cold Snap","Genetic Algorithm+1"],"picked":"SKIP","floor":47},{"not_picked":["Undo","Stack+1"],"picked":"Defragment","floor":48}],"player_experience":513001,"relics_obtained":[{"floor":9.0,"key":"MealTicket"},{"floor":10.0,"key":"Darkstone Periapt"},{"floor":12.0,"key":"Pocketwatch"},{"floor":21.0,"key":"Nilry\u0027s Codex"},{"floor":23.0,"key":"Art of War"},{"floor":23.0,"key":"Pear"},{"floor":25.0,"key":"StrikeDummy"},{"floor":25.0,"key":"Vajra"},{"floor":26.0,"key":"Oddly Smooth Stone"},{"floor":37,"key":"Emotion Chip"},{"floor":38,"key":"Dead Branch"},{"floor":41,"key":"HornCleat"},{"floor":41,"key":"Bronze Scales"},{"floor":44,"key":"Old Coin"},{"floor":44,"key":"CeramicFish"},{"floor":46,"key":"Blue Candle"},{"floor":46,"key":"Du-Vu Doll"}],"event_choices":[{"cards_removed":["Defend_B"],"damage_healed":0.0,"max_hp_gain":0.0,"max_hp_loss":0.0,"gold_gain":0.0,"event_name":"Purifier","player_choice":"Purged","floor":2.0,"gold_loss":0.0,"damage_taken":0.0},{"damage_healed":0.0,"max_hp_gain":0.0,"max_hp_loss":0.0,"gold_gain":0.0,"event_name":"Match and Keep!","player_choice":"2 cards matched","floor":11.0,"gold_loss":0.0,"damage_taken":0.0,"cards_obtained":["Multi-Cast","Beam Cell"]},{"damage_healed":0.0,"max_hp_gain":0.0,"max_hp_loss":38.0,"gold_gain":0.0,"event_name":"Ghosts","player_choice":"Became a Ghost","floor":19.0,"gold_loss":0.0,"damage_taken":0.0,"cards_obtained":["Ghostly","Ghostly","Ghostly","Ghostly","Ghostly"]},{"damage_healed":0.0,"max_hp_gain":0.0,"max_hp_loss":0.0,"gold_gain":0.0,"event_name":"Cursed Tome","player_choice":"Obtained Book","floor":21.0,"gold_loss":0.0,"damage_taken":16.0},{"damage_healed":0.0,"max_hp_gain":0.0,"max_hp_loss":0.0,"gold_gain":0.0,"event_name":"Addict","player_choice":"Stole Relic","floor":30.0,"gold_loss":0.0,"damage_taken":0.0,"relics_obtained":["PreservedInsect"],"cards_obtained":["Shame"]},{"cards_removed":["Self Repair"],"damage_healed":0,"gold_gain":0,"player_choice":"Removed Power","damage_taken":0,"max_hp_gain":0,"max_hp_loss":0,"event_name":"Falling","floor":36,"gold_loss":0},{"damage_healed":0,"gold_gain":0,"player_choice":"Fight","damage_taken":0,"max_hp_gain":0,"max_hp_loss":0,"event_name":"MindBloom","floor":37,"gold_loss":0},{"damage_healed":0,"gold_gain":0,"player_choice":"Fight","damage_taken":0,"max_hp_gain":0,"max_hp_loss":0,"event_name":"Mysterious Sphere","floor":38,"gold_loss":0}],"is_beta":true,"boss_relics":[{"not_picked":["SlaversCollar","Cursed Key"],"picked":"Black Star"},{"not_picked":["Velvet Choker","Pandora\u0027s Box"],"picked":"Philosopher\u0027s Stone"}],"items_purged_floors":[7,27],"is_endless":false,"potions_floor_spawned":[1,3,10,14,18,22,25,31,35,37,39,46,48],"killed_by":"Donu and Deca","ascension_level":9}}