{"host":"wghdsg8ym2wc7ov9","time":1612316594,"event":{"mods":["A Penny For Your Troubles","AchievementEnabler","Astrologer","BaseMod","Beaked The Cultist","Better Altar","Better Note","ChefMod","Colored Map","Evolution","Fox Events","Hermit","Highlight Path","Jorbs\u0027s Wanderer Trilogy","KinomotoSakuraMod(????)","Minty Spire (QoL Compilation)","Random Character Button","Relic Stats","SIMod","Shop Mod","StSLib","The Blackbeard","The Bladedancer","The Construct","The Cursed","The Death Knight","The Gatherer","The Hierophant","The Marked","The Mystic","The Necromancer","The Runesmith","The Senshi","The Servant 0.9.4","Weighted Paths"],"gold_per_floor":[114,144,164,189,204,204,259,259,259,284,299,299,314,359,359,484,484,509,509,8,48,48,103,103,378,378,393,393,438,27,67,67,192,192,207,207,247,247,65,65,115,115,115,115,130,170,170,200,200,253],"floor_reached":51,"language":"ENG","playtime":6861,"items_purged":["Regret"],"score":880,"play_id":"e6795f30-5348-4199-850d-a8c1d28c938d","local_time":"20210202174314","daily_mods":["Chimera","Green Cards","Binary"],"is_ascension_mode":false,"campfire_choices":[{"data":"Zap","floor":6,"key":"SMITH"},{"data":"blackbeard:BeatUp","floor":8,"key":"SMITH"},{"floor":15,"key":"REST"},{"floor":24,"key":"REST"},{"floor":28,"key":"REST"},{"floor":32,"key":"REST"},{"data":"blackbeard:Parrot","floor":40,"key":"SMITH"},{"floor":42,"key":"REST"},{"floor":44,"key":"REST"},{"floor":49,"key":"REST"}],"circlet_count":0,"master_deck":["Bash","Survivor","Zap+1","Strike_R","Strike_G","Strike_B","Defend_R","Defend_G","Defend_P","blackbeard:Bandana","blackbeard:Spear","blackbeard:Shrapnel","blackbeard:BeatUp+1","blackbeard:TacticalRetreat","blackbeard:Revenge","blackbeard:RearmingStrike+1","blackbeard:Boarding","blackbeard:Parrot+1","blackbeard:Spear","blackbeard:Salvager","blackbeard:SwordDance+1","blackbeard:Fencing","blackbeard:Sword","blackbeard:Anchor","blackbeard:RemoveScurvy","blackbeard:Fencing+1","Magnetism","blackbeard:ArmorUp+1","blackbeard:GoldenDefense+1","blackbeard:Halberd","blackbeard:BeatUp+1","blackbeard:PirateHook+1","Flash of Steel","The Bomb","blackbeard:Rum","blackbeard:FishingNets","blackbeard:PiratesWill","blackbeard:WeaponProficiency","blackbeard:Sword+1","blackbeard:TerrorOfTheSeas","blackbeard:PiratesWill"],"relics":["blackbeard:LoadTheCannons","EVO:Axolotl","construct:FoamFinger","Darkstone Periapt","Pyrelight","Odd Mushroom","beaked:ShinyBauble","blackbeard:Karategi","Nilry\u0027s Codex","construct:RocketBooster","blackbeard:BloodOrange","Anchor","WingedGreaves","Dead Branch","Vajra","Philosopher\u0027s Stone","Happy Flower","TungstenRod","blackbeard:MagicalCauldron"],"acts_visited":["Exordium","TheCity","TheBeyond"],"potions_floor_usage":[7,7,16,27,31,31,41,46,50,50],"damage_taken":[{"damage":1,"enemies":"Cultist","floor":1,"turns":3},{"damage":2,"enemies":"Small Slimes","floor":2,"turns":4},{"damage":0,"enemies":"2 Louse","floor":3,"turns":3},{"damage":2,"enemies":"Blue Slaver","floor":4,"turns":3},{"damage":10,"enemies":"Looter","floor":5,"turns":2},{"damage":8,"enemies":"Lagavulin","floor":7,"turns":6},{"damage":4,"enemies":"Exordium Thugs","floor":10,"turns":3},{"damage":0,"enemies":"Exordium Wildlife","floor":11,"turns":1},{"damage":9,"enemies":"The Mushroom Lair","floor":13,"turns":2},{"damage":0,"enemies":"3 Sentries","floor":14,"turns":4},{"damage":0,"enemies":"Slime Boss","floor":16,"turns":5},{"damage":10,"enemies":"Chosen","floor":18,"turns":3},{"damage":20,"enemies":"Shell Parasite","floor":21,"turns":7},{"damage":24,"enemies":"Gremlin Leader","floor":23,"turns":5},{"damage":16,"enemies":"Snake Plant","floor":27,"turns":3},{"damage":26,"enemies":"Book of Stabbing","floor":29,"turns":4},{"damage":23,"enemies":"Snecko","floor":31,"turns":6},{"damage":116,"enemies":"Automaton","floor":33,"turns":7},{"damage":6,"enemies":"Orb Walker","floor":35,"turns":4},{"damage":1,"enemies":"3 Shapes","floor":37,"turns":4},{"damage":49,"enemies":"Giant Head","floor":41,"turns":8},{"damage":0,"enemies":"Writhing Mass","floor":45,"turns":3},{"damage":43,"enemies":"Spire Growth","floor":46,"turns":4},{"damage":0,"enemies":"Reptomancer","floor":48,"turns":3},{"damage":68,"enemies":"Awakened One","floor":50,"turns":7}],"seed_played":"-9070903199233054170","potions_obtained":[{"floor":1,"key":"EssenceOfSteel"},{"floor":5,"key":"EntropicBrew"},{"floor":16,"key":"EssenceOfSteel"},{"floor":27,"key":"DuplicationPotion"},{"floor":31,"key":"Strength Potion"},{"floor":33,"key":"ColorlessPotion"},{"floor":41,"key":"blackbeard:OrangeJuicePotion"},{"floor":48,"key":"LiquidMemories"}],"is_trial":false,"path_per_floor":["M","M","M","M","M","R","E","R","T","M","M","?","?","E","R","B",null,"M","?","$","M","?","E","R","?","T","M","R","E","$","M","R","B",null,"M","?","M","?","$","R","E","R","T","R","M","M","?","E","R","B",null],"character_chosen":"BLACKBEARD_CLASS","items_purchased":["construct:RocketBooster","blackbeard:BloodOrange","blackbeard:Fencing","Magnetism","Vajra","blackbeard:ArmorUp","blackbeard:Rum","blackbeard:FishingNets"],"campfire_rested":7,"item_purchase_floors":[20,20,20,30,30,30,39,39],"current_hp_per_floor":[74,72,72,70,60,60,52,52,52,48,48,48,39,39,61,61,75,65,49,49,29,29,5,27,33,33,17,41,20,20,2,26,24,81,75,81,81,76,76,76,32,56,56,80,80,45,45,45,69,1],"gold":253,"neow_bonus":"","is_daily":true,"chose_seed":false,"campfire_upgraded":3,"win_rate":0.0,"timestamp":1612316594,"path_taken":["M","M","?","M","M","R","E","R","T","M","M","?","?","E","R","BOSS","M","?","$","M","?","E","R","?","T","M","R","E","$","?","R","BOSS","M","?","M","?","?","R","E","R","T","R","?","M","?","E","R","BOSS"],"items_purchased_type":["Relic","Relic","Card","Card","Relic","Card","Card","Card"],"build_version":"2020-12-22","purchased_purges":1,"victory":true,"max_hp_per_floor":[75,75,75,75,75,75,75,75,75,75,75,75,75,75,75,75,75,75,75,75,75,75,75,75,81,81,81,81,81,81,81,81,81,81,81,81,81,81,81,81,81,81,81,81,81,81,81,81,81,81],"relic_stats":{"Darkstone Periapt":6,"Happy Flower":[5],"counters":[25,104],"Dead Branch":[40],"obtain_stats":[{"Darkstone Periapt":9,"beaked:ShinyBauble":14,"construct:FoamFinger":7,"construct:RocketBooster":20,"Happy Flower":41,"Nilry\u0027s Codex":19,"blackbeard:LoadTheCannons":0,"Dead Branch":29,"Vajra":30,"Pyrelight":12,"EVO:Axolotl":0,"Odd Mushroom":13,"Anchor":23,"blackbeard:MagicalCauldron":48,"Philosopher\u0027s Stone":34,"WingedGreaves":26,"blackbeard:Karategi":17,"blackbeard:BloodOrange":20,"TungstenRod":43},{"Darkstone Periapt":6,"beaked:ShinyBauble":10,"construct:FoamFinger":6,"construct:RocketBooster":12,"Happy Flower":21,"Nilry\u0027s Codex":12,"blackbeard:LoadTheCannons":0,"Dead Branch":16,"Vajra":16,"Pyrelight":8,"EVO:Axolotl":0,"Odd Mushroom":9,"Anchor":14,"blackbeard:MagicalCauldron":24,"Philosopher\u0027s Stone":18,"WingedGreaves":14,"blackbeard:Karategi":11,"blackbeard:BloodOrange":12,"TungstenRod":21},{"Darkstone Periapt":21,"beaked:ShinyBauble":31,"construct:FoamFinger":21,"construct:RocketBooster":39,"Happy Flower":87,"Nilry\u0027s Codex":39,"blackbeard:LoadTheCannons":0,"Dead Branch":58,"Vajra":58,"Pyrelight":25,"EVO:Axolotl":0,"Odd Mushroom":27,"Anchor":51,"blackbeard:MagicalCauldron":97,"Philosopher\u0027s Stone":71,"WingedGreaves":51,"blackbeard:Karategi":36,"blackbeard:BloodOrange":39,"TungstenRod":87}],"TungstenRod":9},"card_choices":[{"not_picked":["blackbeard:WiseDefense"],"picked":"blackbeard:Bandana","floor":1},{"not_picked":["blackbeard:DeadlyArsenal"],"picked":"blackbeard:Spear","floor":2},{"not_picked":["blackbeard:DeadlyArsenal"],"picked":"blackbeard:Shrapnel","floor":3},{"not_picked":["blackbeard:ArmorUp"],"picked":"blackbeard:BeatUp","floor":4},{"not_picked":["blackbeard:Recklessness"],"picked":"blackbeard:TacticalRetreat","floor":5},{"not_picked":["blackbeard:WiseDefense"],"picked":"blackbeard:Revenge","floor":7},{"not_picked":["blackbeard:Sharpening"],"picked":"blackbeard:RearmingStrike","floor":10},{"not_picked":["blackbeard:DoubleCannonball"],"picked":"blackbeard:Boarding","floor":11},{"not_picked":["blackbeard:WeaponProficiency"],"picked":"blackbeard:Parrot","floor":13},{"not_picked":["blackbeard:Upgrade"],"picked":"blackbeard:Spear","floor":14},{"not_picked":["blackbeard:WeaponMastery"],"picked":"blackbeard:Salvager","floor":16},{"not_picked":["blackbeard:RearmingStrike"],"picked":"blackbeard:SwordDance","floor":18},{"not_picked":["blackbeard:FieryDefense"],"picked":"blackbeard:Sword","floor":21},{"not_picked":["blackbeard:Toast+1"],"picked":"blackbeard:Anchor","floor":23},{"not_picked":["blackbeard:BuriedTreasure"],"picked":"blackbeard:RemoveScurvy","floor":27},{"not_picked":["blackbeard:Recklessness"],"picked":"blackbeard:Fencing+1","floor":29},{"not_picked":["blackbeard:DoubleCannonball"],"picked":"blackbeard:GoldenDefense+1","floor":31},{"not_picked":["blackbeard:UndeadForm"],"picked":"blackbeard:Halberd","floor":33},{"not_picked":["blackbeard:VengefulSpirit+1"],"picked":"blackbeard:BeatUp+1","floor":35},{"not_picked":["blackbeard:PiratesWill+1"],"picked":"blackbeard:PirateHook","floor":37},{"not_picked":["Deep Breath"],"picked":"Flash of Steel","floor":38},{"not_picked":["Violence"],"picked":"The Bomb","floor":38},{"not_picked":["blackbeard:WoodenLeg"],"picked":"blackbeard:PiratesWill","floor":41},{"not_picked":["blackbeard:Fencing"],"picked":"blackbeard:WeaponProficiency","floor":45},{"not_picked":["blackbeard:Dagger"],"picked":"blackbeard:Sword+1","floor":46},{"not_picked":["blackbeard:Intoxication"],"picked":"blackbeard:PiratesWill","floor":48}],"player_experience":867997,"relics_obtained":[{"floor":7,"key":"construct:FoamFinger"},{"floor":9,"key":"Darkstone Periapt"},{"floor":13,"key":"Odd Mushroom"},{"floor":14,"key":"beaked:ShinyBauble"},{"floor":19,"key":"Nilry\u0027s Codex"},{"floor":23,"key":"Anchor"},{"floor":26,"key":"WingedGreaves"},{"floor":29,"key":"Dead Branch"},{"floor":41,"key":"Happy Flower"},{"floor":43,"key":"TungstenRod"},{"floor":48,"key":"blackbeard:MagicalCauldron"}],"event_choices":[{"damage_healed":0,"gold_gain":0,"player_choice":"Fought Mushrooms","damage_taken":0,"max_hp_gain":0,"max_hp_loss":0,"event_name":"Mushrooms","floor":13,"gold_loss":0},{"damage_healed":0,"gold_gain":0,"player_choice":"Obtained Book","damage_taken":16,"max_hp_gain":0,"max_hp_loss":0,"event_name":"Cursed Tome","floor":19,"gold_loss":0},{"damage_healed":0,"gold_gain":0,"player_choice":"Ignored","damage_taken":0,"max_hp_gain":0,"max_hp_loss":0,"event_name":"Ghosts","floor":22,"gold_loss":0},{"damage_healed":0,"gold_gain":275,"player_choice":"Desecrate","damage_taken":0,"max_hp_gain":0,"max_hp_loss":0,"event_name":"Golden Shrine","floor":25,"gold_loss":0,"cards_obtained":["Regret"]},{"damage_healed":0,"gold_gain":0,"player_choice":"Memory 2","damage_taken":5,"max_hp_gain":0,"max_hp_loss":0,"event_name":"SensoryStone","floor":38,"gold_loss":0},{"damage_healed":0,"gold_gain":0,"cards_transformed":["Eruption"],"player_choice":"Transformed","damage_taken":0,"max_hp_gain":0,"max_hp_loss":0,"event_name":"Transmorgrifier","floor":47,"gold_loss":0,"cards_obtained":["blackbeard:TerrorOfTheSeas"]}],"is_beta":false,"boss_relics":[{"not_picked":["Fusion Hammer","Pandora\u0027s Box"],"picked":"blackbeard:Karategi"},{"not_picked":["Tiny House","SacredBark"],"picked":"Philosopher\u0027s Stone"}],"items_purged_floors":[39],"is_endless":false,"potions_floor_spawned":[1,5,7,14,16,27,29,31,33,41,48],"ascension_level":0}}