{"host":"tetq3wi5anb97imq","time":1612324389,"event":{"mods":["BaseMod","Block Reminder","Minty Spire (QoL Compilation)","Quick Restart","StSLib","SuperFastMode"],"gold_per_floor":[19,19,39,13,27,27,57,57,106,139,139,139,159,185,185,261,261,280,290,3,3,3],"floor_reached":21,"language":"ENG","playtime":658,"items_purged":[],"score":394,"play_id":"1090b3a9-3dfc-4e1c-8d1b-ad75a05d9a53","local_time":"20210203015309","is_ascension_mode":true,"campfire_choices":[{"data":"Neutralize","floor":6.0,"key":"SMITH"},{"floor":8.0,"key":"REST"},{"floor":12.0,"key":"RECALL"},{"floor":15.0,"key":"REST"}],"circlet_count":0,"master_deck":["AscendersBane","Survivor","Neutralize+1","Apotheosis+1","Backflip","Dagger Throw","Flying Knee+1","Glass Knife+1","Deadly Poison","Slice","Acrobatics","After Image","A Thousand Cuts","Well Laid Plans","Leg Sweep","Terror","Reflex","Poisoned Stab","Glass Knife","Night Terror","Well Laid Plans","Storm of Steel","Deflect","Backflip+1"],"relics":["Ring of the Snake","Potion Belt","Oddly Smooth Stone","Sundial","Whetstone","Pandora\u0027s Box","Kunai"],"acts_visited":["Exordium","TheCity"],"potions_floor_usage":[],"damage_taken":[{"damage":1.0,"enemies":"Jaw Worm","floor":1.0,"turns":5.0},{"damage":2.0,"enemies":"Small Slimes","floor":3.0,"turns":4.0},{"damage":0.0,"enemies":"Cultist","floor":5.0,"turns":3.0},{"damage":27.0,"enemies":"Gremlin Nob","floor":7.0,"turns":4.0},{"damage":3.0,"enemies":"Lagavulin","floor":10.0,"turns":6.0},{"damage":0.0,"enemies":"Gremlin Gang","floor":13.0,"turns":5.0},{"damage":29.0,"enemies":"Gremlin Nob","floor":14.0,"turns":4.0},{"damage":19.0,"enemies":"Slime Boss","floor":16.0,"turns":9.0},{"damage":26.0,"enemies":"Shell Parasite","floor":18.0,"turns":5.0},{"damage":9,"enemies":"3 Byrds","floor":19,"turns":5},{"damage":20,"enemies":"Sentry and Sphere","floor":21,"turns":3}],"seed_played":"7350018546976800561","potions_obtained":[{"floor":3.0,"key":"Weak Potion"},{"floor":7.0,"key":"Dexterity Potion"},{"floor":14.0,"key":"Weak Potion"}],"is_trial":false,"path_per_floor":["M","?","M","$","M","R","E","R","T","E","?","R","M","E","R","B",null,"M","M","$","M"],"character_chosen":"THE_SILENT","items_purchased":["Flying Knee","Kunai"],"campfire_rested":2,"item_purchase_floors":[4,20],"current_hp_per_floor":[58,58,56,56,56,56,29,48,48,45,45,45,45,16,35,16,54,28,19,19,0,0],"gold":3,"neow_bonus":"RANDOM_COLORLESS_2","is_daily":false,"chose_seed":false,"campfire_upgraded":1,"win_rate":0.0,"timestamp":1612324389,"path_taken":["M","?","M","$","M","R","E","R","T","E","?","R","?","E","R","BOSS","M","?","$","M"],"items_purchased_type":["Card","Relic"],"build_version":"2020-12-22","purchased_purges":0,"victory":false,"max_hp_per_floor":[66,66,66,66,66,66,66,66,66,66,66,66,66,66,66,66,66,66,66,66,66,66],"card_choices":[{"not_picked":["Mayhem","Secret Technique"],"picked":"Apotheosis","floor":0.0},{"not_picked":["Outmaneuver","Acrobatics"],"picked":"Backflip","floor":1.0},{"not_picked":["Bouncing Flask","PiercingWail"],"picked":"Dagger Throw","floor":3.0},{"not_picked":["Sucker Punch","Outmaneuver"],"picked":"Glass Knife","floor":5.0},{"not_picked":["Skewer","Bane"],"picked":"Deadly Poison","floor":7.0},{"not_picked":["Bane","Doppelganger"],"picked":"Slice","floor":10.0},{"not_picked":["Bane","Prepared","Infinite Blades"],"picked":"SKIP","floor":13.0},{"not_picked":["Flying Knee","Well Laid Plans"],"picked":"Acrobatics","floor":14.0},{"not_picked":["Grand Finale","Venomology"],"picked":"After Image","floor":16.0},{"not_picked":["Riddle With Holes","Flying Knee"],"picked":"Deflect","floor":18.0},{"not_picked":["Bane+1","Dagger Spray+1"],"picked":"Backflip+1","floor":19}],"player_experience":1641362,"relics_obtained":[{"floor":7.0,"key":"Potion Belt"},{"floor":9.0,"key":"Oddly Smooth Stone"},{"floor":10.0,"key":"Sundial"},{"floor":14.0,"key":"Whetstone"}],"event_choices":[{"damage_healed":0.0,"max_hp_gain":0.0,"max_hp_loss":0.0,"gold_gain":0.0,"event_name":"Living Wall","player_choice":"Grow","floor":2.0,"gold_loss":0.0,"damage_taken":0.0,"cards_upgraded":["Apotheosis"]},{"damage_healed":0.0,"max_hp_gain":0.0,"max_hp_loss":0.0,"gold_gain":0.0,"event_name":"Accursed Blacksmith","player_choice":"Forge","floor":11.0,"gold_loss":0.0,"damage_taken":0.0,"cards_upgraded":["Glass Knife"]}],"is_beta":false,"boss_relics":[{"not_picked":["Ring of the Serpent","WristBlade"],"picked":"Pandora\u0027s Box"}],"items_purged_floors":[],"is_endless":false,"potions_floor_spawned":[3,7,14],"killed_by":"Sentry and Sphere","ascension_level":20}}