{"host":"0jile2yd1dg679g0","time":1612314461,"event":{"mods":["AchievementEnabler","Act Like it!","BaseMod","Better Third Choice","Colored Map","Colored Powertips","Gensokyo","Hermit","Luminous","Marisa????????","Minty Spire (QoL Compilation)","Random Character Button","Spicy Shops","StSLib","The Servant 0.9.4","Transform Curses","Waifu the Spire"],"gold_per_floor":[12,112,37,37,52,52,52,67,135,60,70,70,82,116,116,116,116],"floor_reached":16,"language":"ENG","playtime":883,"items_purged":["Strike_R"],"score":140,"play_id":"c2a9386d-7823-475c-b742-a8caf5c44ba4","local_time":"20210202200741","is_ascension_mode":true,"campfire_choices":[{"data":"Bash","floor":6,"key":"SMITH"},{"data":"Thunderclap","floor":12,"key":"SMITH"},{"data":"Seeing Red","floor":15,"key":"SMITH"}],"circlet_count":0,"master_deck":["Strike_R","Strike_R","Strike_R","Strike_R","Defend_R","Defend_R","Defend_R","Defend_R","Bash+1","Battle Trance","Thunderclap","Thunderclap+1","Carnage","Seeing Red+1"],"relics":["Burning Blood","Thread and Needle","Strawberry","Blue Candle","Kunai","Happy Flower"],"acts_visited":["Exordium"],"potions_floor_usage":[],"damage_taken":[{"damage":3,"enemies":"Jaw Worm","floor":1,"turns":3},{"damage":2,"enemies":"Cultist","floor":5,"turns":4},{"damage":0,"enemies":"2 Louse","floor":8,"turns":3},{"damage":17,"enemies":"Gremlin Gang","floor":11,"turns":4},{"damage":13,"enemies":"Exordium Wildlife","floor":13,"turns":4},{"damage":15,"enemies":"3 Sentries","floor":14,"turns":6},{"damage":60,"enemies":"Hexaghost","floor":16,"turns":10}],"seed_played":"-5173005677127668894","potions_obtained":[{"floor":1,"key":"Energy Potion"},{"floor":11,"key":"DistilledChaos"}],"is_trial":false,"path_per_floor":["M","?","$","$","M","R","?","M","T","$","M","R","M","E","R","B"],"character_chosen":"IRONCLAD","items_purchased":["Strawberry"],"campfire_rested":0,"item_purchase_floors":[3],"current_hp_per_floor":[75,75,82,82,86,86,86,87,87,87,76,76,69,60,60,0,0],"gold":116,"neow_bonus":"ONE_RARE_RELIC","is_daily":false,"chose_seed":false,"campfire_upgraded":3,"win_rate":0.0,"timestamp":1612314461,"path_taken":["M","?","?","$","?","R","?","?","T","$","M","R","?","E","R","BOSS"],"items_purchased_type":["Relic"],"build_version":"2020-12-22","purchased_purges":1,"victory":false,"max_hp_per_floor":[80,80,87,87,87,87,87,87,87,87,87,87,87,87,87,87,87],"card_choices":[{"not_picked":["Warcry","Iron Wave"],"picked":"Battle Trance","floor":1},{"not_picked":["True Grit","Searing Blow"],"picked":"Thunderclap","floor":5},{"not_picked":["Sentinel","Dark Embrace"],"picked":"Thunderclap","floor":8},{"not_picked":["Reckless Charge","Iron Wave","Clothesline"],"picked":"SKIP","floor":11},{"not_picked":["Flex","Sentinel"],"picked":"Carnage","floor":13},{"not_picked":["Iron Wave","Entrench"],"picked":"Seeing Red","floor":14}],"player_experience":301169,"relics_obtained":[{"floor":9,"key":"Kunai"},{"floor":14,"key":"Happy Flower"}],"event_choices":[{"damage_healed":0,"gold_gain":100,"player_choice":"Gold","damage_taken":0,"max_hp_gain":0,"max_hp_loss":0,"event_name":"Wheel of Change","floor":2,"gold_loss":0},{"damage_healed":0,"gold_gain":0,"player_choice":"Gave Potion","damage_taken":0,"relics_obtained":["Blue Candle"],"max_hp_gain":0,"max_hp_loss":0,"event_name":"WeMeetAgain","floor":7,"gold_loss":0}],"is_beta":false,"boss_relics":[],"items_purged_floors":[10],"is_endless":false,"potions_floor_spawned":[1,11],"killed_by":"Hexaghost","ascension_level":8}}