{"host":"g3js2eermvvpeiqn","time":1612321512,"event":{"mods":["BaseMod","DeckTracker","Downfall","Minty Spire (QoL Compilation)","Quick Restart","StSLib"],"gold_per_floor":[111,111,129,72,72,72,72,106,106,181,82,93,113,126,126,203,203,223,241,253,0,0,0,35,47,59,71,83,111,123,152,164,176,176],"floor_reached":33,"language":"ENG","playtime":1929,"items_purged":["Strike_P"],"score":780,"play_id":"837f9400-fb5d-4f91-93d6-3b2d698a6f1c","local_time":"20210202210512","is_ascension_mode":true,"campfire_choices":[{"data":"Eruption","floor":6.0,"key":"SMITH"},{"data":"Tantrum","floor":15.0,"key":"SMITH"},{"floor":23.0,"key":"REST"},{"floor":27.0,"key":"REST"},{"data":"Scrawl","floor":32.0,"key":"SMITH"}],"circlet_count":0,"master_deck":["AscendersBane","Strike_P","Strike_P","Strike_P","Defend_P","Defend_P","Defend_P","Defend_P","Eruption+1","Vigilance","Tantrum+1","FlurryOfBlows","FlyingSleeves","FlurryOfBlows","FlyingSleeves","Scrawl+1","ReachHeaven","Clumsy","Tantrum","FlurryOfBlows"],"relics":["PureWater","NeowsBlessing","Oddly Smooth Stone","Slimebound:PreparedRelic","Mango","Pear","Cursed Key","MawBank"],"acts_visited":["Exordium","TheCity"],"potions_floor_usage":[33],"damage_taken":[{"damage":0.0,"enemies":"Small Slimes","floor":1.0,"turns":1.0},{"damage":0.0,"enemies":"Cultist","floor":3.0,"turns":1.0},{"damage":0.0,"enemies":"Lagavulin","floor":8.0,"turns":1.0},{"damage":0.0,"enemies":"Jaw Worm","floor":12.0,"turns":2.0},{"damage":1.0,"enemies":"Blue Slaver","floor":13.0,"turns":3.0},{"damage":10.0,"enemies":"Exordium Wildlife","floor":14.0,"turns":3.0},{"damage":0.0,"enemies":"Slime Boss","floor":16.0,"turns":4.0},{"damage":3.0,"enemies":"Chosen","floor":18.0,"turns":3.0},{"damage":38.0,"enemies":"Shell Parasite","floor":19.0,"turns":5.0},{"damage":36.0,"enemies":"Chosen and Byrds","floor":20.0,"turns":6.0},{"damage":0.0,"enemies":"Gremlin Leader","floor":24.0,"turns":2.0},{"damage":3.0,"enemies":"Cultist and Chosen","floor":29.0,"turns":3.0},{"damage":11.0,"enemies":"Centurion and Healer","floor":31.0,"turns":4.0},{"damage":130,"enemies":"Champ","floor":33,"turns":7}],"seed_played":"-6417359473933027367","potions_obtained":[{"floor":1.0,"key":"BottledMiracle"},{"floor":3.0,"key":"GamblersBrew"},{"floor":20.0,"key":"SteroidPotion"},{"floor":31.0,"key":"Weak Potion"}],"is_trial":false,"path_per_floor":["M","?","M","$","?","R","$","E","T","?","$","M","M","M","R","B",null,"M","M","M","?","$","R","E","$","T","R","?","M","?","M","R","B"],"character_chosen":"WATCHER","items_purchased":["FlurryOfBlows","FlurryOfBlows"],"campfire_rested":2,"item_purchase_floors":[4,11],"current_hp_per_floor":[61,61,61,61,50,50,50,64,74,63,63,63,62,52,52,52,82,79,41,5,5,5,32,32,32,32,59,32,29,107,96,96,0,0],"gold":176,"neow_bonus":"THREE_ENEMY_KILL","is_daily":false,"chose_seed":false,"campfire_upgraded":3,"win_rate":0.0,"timestamp":1612321512,"path_taken":["M","?","?","$","?","R","$","E","T","?","?","M","?","M","R","BOSS","M","M","?","?","$","R","E","?","T","R","?","M","?","M","R","BOSS"],"items_purchased_type":["Card","Card"],"build_version":"2020-12-22","purchased_purges":1,"victory":false,"max_hp_per_floor":[68,68,68,68,68,68,68,82,92,92,92,92,92,92,92,92,92,92,92,92,92,92,92,92,92,92,92,97,97,107,107,107,107,107],"card_choices":[{"not_picked":["Vengeance","CrushJoints"],"picked":"Consecrate","floor":1.0},{"not_picked":["Perseverance","SandsOfTime"],"picked":"Tantrum","floor":3.0},{"not_picked":["SashWhip","Prostrate"],"picked":"FlyingSleeves","floor":8.0},{"not_picked":["CutThroughFate","Halt","Perseverance"],"picked":"SKIP","floor":12.0},{"not_picked":["Crescendo","Conclude","CrushJoints"],"picked":"SKIP","floor":13.0},{"not_picked":["CrushJoints","Conclude"],"picked":"FlyingSleeves","floor":14.0},{"not_picked":["Ragnarok","ConjureBlade"],"picked":"Scrawl","floor":16.0},{"not_picked":["PathToVictory","FearNoEvil","ClearTheMind"],"picked":"SKIP","floor":18.0},{"not_picked":["BowlingBash","PathToVictory+1","Halt"],"picked":"SKIP","floor":19.0},{"not_picked":["Pray","Prostrate"],"picked":"ReachHeaven","floor":20.0},{"not_picked":["CarveReality","Worship"],"picked":"Scrawl","floor":24.0},{"not_picked":["Consecrate","ClearTheMind"],"picked":"Tantrum","floor":29.0},{"not_picked":["Halt","Prostrate"],"picked":"FlurryOfBlows","floor":31.0}],"player_experience":1447261,"relics_obtained":[{"floor":8.0,"key":"Mango"},{"floor":9.0,"key":"Pear"},{"floor":24.0,"key":"MawBank"}],"event_choices":[{"cards_removed":["Consecrate"],"damage_healed":0.0,"max_hp_gain":0.0,"max_hp_loss":0.0,"gold_gain":0.0,"event_name":"WeMeetAgain","player_choice":"Gave Card","floor":2.0,"gold_loss":0.0,"damage_taken":0.0,"relics_obtained":["Oddly Smooth Stone"]},{"damage_healed":0.0,"max_hp_gain":0.0,"max_hp_loss":0.0,"gold_gain":0.0,"event_name":"Scrap Ooze","player_choice":"Success","floor":5.0,"gold_loss":0.0,"damage_taken":11.0,"relics_obtained":["Slimebound:PreparedRelic"]},{"damage_healed":0.0,"max_hp_gain":0.0,"max_hp_loss":0.0,"gold_gain":75.0,"event_name":"World of Goop","player_choice":"Gather Gold","floor":10.0,"gold_loss":0.0,"damage_taken":11.0},{"damage_healed":0.0,"max_hp_gain":0.0,"max_hp_loss":0.0,"gold_gain":0.0,"event_name":"Masked Bandits","player_choice":"Paid Fearfully","floor":21.0,"gold_loss":253.0,"damage_taken":0.0},{"damage_healed":0.0,"max_hp_gain":5.0,"max_hp_loss":0.0,"gold_gain":0.0,"event_name":"Forgotten Altar","player_choice":"Shed Blood","floor":28.0,"gold_loss":0.0,"damage_taken":32.0},{"cards_removed":["Scrawl"],"damage_healed":68.0,"max_hp_gain":10.0,"max_hp_loss":0.0,"gold_gain":0.0,"event_name":"Bonfire Elementals","player_choice":"Offered Rare","floor":30.0,"gold_loss":0.0,"damage_taken":0.0}],"is_beta":false,"boss_relics":[{"not_picked":["SlaversCollar","Runic Pyramid"],"picked":"Cursed Key"}],"items_purged_floors":[11],"is_endless":false,"potions_floor_spawned":[1,3,16,20,31],"killed_by":"Champ","ascension_level":20}}