{"host":"nsc6ozq3atyrdr3m","time":1612387904,"event":{"mods":["BaseMod","Colored Map","Minty Spire (QoL Compilation)"],"gold_per_floor":[114,114,132,207,207,232,250,331,380,380,398,323,323,350,350,350,350],"floor_reached":16,"language":"FRA","playtime":170,"items_purged":["Strike_R"],"score":250,"play_id":"bbb4387b-a687-4908-b01b-a0117dd10f72","local_time":"20210203223144","is_ascension_mode":true,"campfire_choices":[{"data":"Limit Break","floor":15,"key":"SMITH"}],"circlet_count":0,"master_deck":["AscendersBane","Strike_R","Strike_R","Strike_R","Strike_R+1","Defend_R","Defend_R","Defend_R","Bash","Sword Boomerang","Sword Boomerang+1","Limit Break+1","Sword Boomerang"],"relics":["Burning Blood","NeowsBlessing","Akabeko","Letter Opener","CeramicFish"],"acts_visited":["Exordium"],"potions_floor_usage":[14],"damage_taken":[{"damage":0,"enemies":"Cultist","floor":1,"turns":1},{"damage":0,"enemies":"Small Slimes","floor":3,"turns":1},{"damage":0,"enemies":"Lagavulin","floor":6,"turns":1},{"damage":8,"enemies":"2 Louse","floor":7,"turns":4},{"damage":9,"enemies":"Red Slaver","floor":11,"turns":2},{"damage":8,"enemies":"Exordium Thugs","floor":14,"turns":2},{"damage":67,"enemies":"Hexaghost","floor":16,"turns":7}],"seed_played":"428222169942110920","potions_obtained":[{"floor":3,"key":"DuplicationPotion"}],"is_trial":false,"path_per_floor":["M","$","M","?","?","E","M","T","T","?","M","$","?","M","R","B"],"character_chosen":"IRONCLAD","items_purchased":[],"campfire_rested":0,"item_purchase_floors":[],"current_hp_per_floor":[74,74,75,64,64,70,68,68,68,45,42,42,67,65,65,0,0],"gold":350,"neow_bonus":"THREE_ENEMY_KILL","is_daily":false,"chose_seed":false,"campfire_upgraded":1,"win_rate":0.0,"timestamp":1612387904,"path_taken":["M","$","?","?","?","E","?","?","T","?","M","$","?","M","R","BOSS"],"items_purchased_type":[],"build_version":"2020-12-22","purchased_purges":1,"victory":false,"max_hp_per_floor":[75,75,75,75,75,75,75,75,75,75,75,75,75,75,75,75,75],"card_choices":[{"not_picked":["Rage","True Grit"],"picked":"Sword Boomerang","floor":1},{"not_picked":["Cleave","Twin Strike"],"picked":"Sword Boomerang","floor":3},{"not_picked":["Iron Wave","Sever Soul","Clothesline"],"picked":"SKIP","floor":6},{"not_picked":["Disarm","Flex"],"picked":"Limit Break","floor":7},{"not_picked":["True Grit","Reckless Charge","Power Through"],"picked":"SKIP","floor":11},{"not_picked":["Iron Wave","Clothesline"],"picked":"Sword Boomerang","floor":14}],"player_experience":374946,"relics_obtained":[{"floor":6,"key":"Akabeko"},{"floor":8,"key":"Letter Opener"},{"floor":9,"key":"CeramicFish"}],"event_choices":[{"damage_healed":0,"gold_gain":75,"player_choice":"Gather Gold","damage_taken":11,"max_hp_gain":0,"max_hp_loss":0,"event_name":"World of Goop","floor":4,"gold_loss":0},{"cards_removed":["Defend_R"],"damage_healed":0,"gold_gain":0,"player_choice":"Purged","damage_taken":0,"max_hp_gain":0,"max_hp_loss":0,"event_name":"Purifier","floor":5,"gold_loss":0},{"damage_healed":0,"gold_gain":0,"player_choice":"Entered Light","damage_taken":23,"max_hp_gain":0,"max_hp_loss":0,"event_name":"Shining Light","floor":10,"gold_loss":0,"cards_upgraded":["Strike_R","Sword Boomerang"]},{"damage_healed":25,"gold_gain":0,"player_choice":"Banana","damage_taken":0,"max_hp_gain":0,"max_hp_loss":0,"event_name":"Big Fish","floor":13,"gold_loss":0}],"is_beta":false,"boss_relics":[],"items_purged_floors":[12],"is_endless":false,"potions_floor_spawned":[3],"killed_by":"Hexaghost","ascension_level":20}}