{"host":"p8bnstsjdxjza4jm","time":1612363684,"event":{"mods":["BaseMod","Colored Powertips","Marisa£¨Ùöéë¡¡Øª×âÞÞ£©","Minty Spire (QoL Compilation)","Quick Restart","StSLib"],"gold_per_floor":[110,110,62,74,74,109,109,143,143,143,162,179,204,222,222,323,323,342,342,353,353,353,353],"floor_reached":22,"language":"KOR","playtime":822,"items_purged":[],"score":230,"play_id":"08d72e54-4c7b-437a-a1b4-9e9f89f19548","local_time":"20210203234804","is_ascension_mode":true,"campfire_choices":[{"data":"Flex","floor":7,"key":"SMITH"},{"floor":10,"key":"DIG"},{"floor":15,"key":"REST"}],"circlet_count":0,"master_deck":["Strike_R","Strike_R","Strike_R","Strike_R","Defend_R","Defend_R","Defend_R","Defend_R","Bash","Flex+1","Flex","Spot Weakness"],"relics":["Black Blood","NeowsBlessing","StoneCalendar","Shovel","WingedGreaves","Juzu Bracelet","Odd Mushroom","Nilry\u0027s Codex"],"acts_visited":["Exordium","TheCity"],"potions_floor_usage":[13,16,16],"damage_taken":[{"damage":0,"enemies":"Small Slimes","floor":1,"turns":1},{"damage":0,"enemies":"2 Louse","floor":4,"turns":2},{"damage":0,"enemies":"Gremlin Nob","floor":6,"turns":1},{"damage":31,"enemies":"Lagavulin","floor":8,"turns":5},{"damage":11,"enemies":"Jaw Worm","floor":11,"turns":3},{"damage":19,"enemies":"Blue Slaver","floor":12,"turns":4},{"damage":15,"enemies":"The Mushroom Lair","floor":13,"turns":4},{"damage":13,"enemies":"3 Louse","floor":14,"turns":3},{"damage":33,"enemies":"Slime Boss","floor":16,"turns":7},{"damage":27,"enemies":"Spheric Guardian","floor":18,"turns":4},{"damage":36,"enemies":"2 Thieves","floor":20,"turns":5},{"damage":28,"enemies":"Centurion and Healer","floor":22,"turns":3}],"seed_played":"-704537868590421202","potions_obtained":[{"floor":1,"key":"Strength Potion"},{"floor":11,"key":"Energy Potion"},{"floor":13,"key":"DuplicationPotion"}],"is_trial":false,"path_per_floor":["M","?","$","M","$","E","R","E","T","R","M","M","?","M","R","B",null,"M","?","M","?","M"],"character_chosen":"IRONCLAD","items_purchased":["Flex"],"campfire_rested":1,"item_purchase_floors":[3],"current_hp_per_floor":[80,73,73,79,79,80,80,55,55,55,50,37,28,21,45,18,80,65,65,41,25,0,0],"gold":353,"neow_bonus":"THREE_ENEMY_KILL","is_daily":false,"chose_seed":false,"campfire_upgraded":1,"win_rate":0.0,"timestamp":1612363684,"path_taken":["M","?","$","M","$","E","R","E","T","R","M","M","?","M","R","BOSS","M","?","M","?","M"],"items_purchased_type":["Card"],"build_version":"2020-12-22","purchased_purges":0,"victory":false,"max_hp_per_floor":[80,80,80,80,80,80,80,80,80,80,80,80,80,80,80,80,80,80,80,80,80,80,80],"card_choices":[{"not_picked":["Sword Boomerang","Twin Strike"],"picked":"Flex","floor":1},{"not_picked":["Headbutt","Sword Boomerang","Shockwave"],"picked":"SKIP","floor":4},{"not_picked":["Double Tap","Wild Strike","Impervious"],"picked":"SKIP","floor":6},{"not_picked":["Iron Wave","Dual Wield"],"picked":"Spot Weakness","floor":8},{"not_picked":["Body Slam","Headbutt","Shrug It Off"],"picked":"SKIP","floor":11},{"not_picked":["Metallicize","True Grit","Thunderclap"],"picked":"SKIP","floor":12},{"not_picked":["Feel No Pain","Dark Embrace","Clash"],"picked":"SKIP","floor":14},{"not_picked":["Feel No Pain+1","Iron Wave","Rampage"],"picked":"SKIP","floor":18},{"not_picked":["Clash","Body Slam+1","Feel No Pain+1"],"picked":"SKIP","floor":20}],"player_experience":85544,"relics_obtained":[{"floor":6,"key":"StoneCalendar"},{"floor":8,"key":"Shovel"},{"floor":9,"key":"WingedGreaves"},{"floor":10,"key":"Juzu Bracelet"},{"floor":13,"key":"Odd Mushroom"},{"floor":21,"key":"Nilry\u0027s Codex"}],"event_choices":[{"cards_removed":["Strike_R"],"damage_healed":0,"gold_gain":0,"player_choice":"Card Removal","damage_taken":7,"max_hp_gain":0,"max_hp_loss":0,"event_name":"Golden Wing","floor":2,"gold_loss":0},{"damage_healed":0,"gold_gain":0,"player_choice":"Fought Mushrooms","damage_taken":0,"max_hp_gain":0,"max_hp_loss":0,"event_name":"Mushrooms","floor":13,"gold_loss":0},{"damage_healed":0,"gold_gain":0,"player_choice":"Ignored","damage_taken":0,"max_hp_gain":0,"max_hp_loss":0,"event_name":"Vampires","floor":19,"gold_loss":0},{"damage_healed":0,"gold_gain":0,"player_choice":"Obtained Book","damage_taken":16,"max_hp_gain":0,"max_hp_loss":0,"event_name":"Cursed Tome","floor":21,"gold_loss":0}],"is_beta":false,"boss_relics":[{"not_picked":["Sozu","Velvet Choker"],"picked":"Black Blood"}],"items_purged_floors":[],"is_endless":false,"potions_floor_spawned":[1,11,13],"killed_by":"Centurion and Healer","ascension_level":1}}