{"host":"w05x4i13f2m9joq1","time":1612318295,"event":{"mods":["Act Like it!","Bard","BaseMod","Better Altar","Better Match","Better Note","Better Sensory Stone","Better Skull","Better Third Choice","BetterRewards","CapriCore","Colored Map","Colored Powertips","Decade(???)","Defective Defect","Duelist Mod","Gensokyo","GifTheSpireLib","Googly Eyes","Infinite Spire","Ironclad Rager","Lobotomy","LobotomyExtend","Marisa????????","Melee Mod","Minty Spire (QoL Compilation)","Morshu Shopkeeper - ENHANCED","MostiFishMod","Quick Restart","Rare Cards Sparkle","Replay The Spire","Shop Mod","Spicy Shops","Spire Birthday Party","StSLib","Td1madao Mod","The Construct","The IronCluck","TheBandit","Uncapped","everything is the same but u backflip on backflip","slay the spire mod where everything is the same but ironclad has a cowboy hat"],"gold_per_floor":[120,120,32,51,68,102,117,146,146,246,246,14,14,14,14,112,112,125,144,164,176,194,194,220,220,220,247,247,276,276,347,347,452,452,472,472,492,503,13,43,43,43,66,97,97,113,113,113],"floor_reached":47,"language":"ENG","playtime":2984,"items_purged":["Sickly"],"score":1154,"play_id":"d405bc61-6bb3-4a97-a191-b2ac80f00cc2","local_time":"20210202211135","is_ascension_mode":true,"campfire_choices":[],"circlet_count":0,"master_deck":["SpecialBullet","HereticApostle","SpecialBullet","SpecialBullet","SpecialBullet","SpecialBullet","InformationCode","TrainingCode","WelfareCode","BigBird","Amita+1","Harvest+1","Beak+1","Wingbeat+1","OldLady","Hornet","DreamingCurrent","TheSmile+1","DespairKnight","Lamp+6","ShyLook","LifeForTheDareDevil+1","BearPaw+1","OSAHOGD","CENSORED_ego+1","LaLuna","Pleasure","WhiteNight","SolemnVow","GreedKing","Heaven","Scorched","CherryBlossom+1","CrumblingArmor","GrinderMk4","GrinderMk4","ExtractionCode","CrimsonScar","RitualDagger","GoldRush+1","GoldRush+1","MostiFishMod:Neptune+1","MostiFishMod:TheEndOfMoonlight+1","MostiFishMod:SparklingWater+1","MostiFishMod:FantasySummer+1","MostiFishMod:NightSea+1","RecordCode","Porccubus","Hypocrisy+1","LittleHelper","FourthMatchFlame+1","GoldRush+1","Ecstasy+1","Woodsman","Logging+1","MeltingLove","Pot Of Greed+1","Pot Of Greed+1","Pot Of Greed+1","Pot Of Greed+1","Pot Of Greed+1","Harvest+1","DisciplinaryCode","Funeral","FeatherOfHonor+1","Pot Of Greed+1","RedEyes+1"],"relics":["CogitoBucket","DaveBox","MealTicket","SynthV:TestCard","LetterFromLob","construct:RocketBooster","ReplayTheSpireMod:CursedCoin","HaiYi:Twilight","Replay:Ringing Soul","Juzu Bracelet","Bag of Preparation","Counterbalance","Guide Book","Moonlight_r","Calling Bell","infinitespire:Satchel","Divine Protection","SentryEyes","ResearcherNote","White Beast Statue","Iron Hammer","Anchor","Replay:Bottled Steam","Mirror","MoonlightInvasionPlan","GreenFoldingFan","Blood Vial","Bottled Tornado","Bag of Marbles","Bottled Flame","infinitespire:EvilPickle","ReplayFunnel","Grinning Jar","AspirationHeart","AtMidnight"],"acts_visited":["Exordium","TheCity","TheBeyond"],"potions_floor_usage":[8,22,47],"damage_taken":[{"damage":10,"enemies":"Small Slimes","floor":1,"turns":2},{"damage":6,"enemies":"Cultist","floor":4,"turns":3},{"damage":12,"enemies":"Jaw Worm","floor":5,"turns":2},{"damage":32,"enemies":"Lagavulin","floor":6,"turns":4},{"damage":28,"enemies":"Lots of Slimes","floor":7,"turns":4},{"damage":0,"enemies":"Gremlin Nob","floor":8,"turns":3},{"damage":0,"enemies":"3 Sentries","floor":14,"turns":8},{"damage":64,"enemies":"Fading Forest","floor":16,"turns":11},{"damage":0,"enemies":"Chosen","floor":18,"turns":2},{"damage":0,"enemies":"2 Thieves","floor":19,"turns":1},{"damage":0,"enemies":"Shelled Parasite and Fungi","floor":20,"turns":3},{"damage":0,"enemies":"Snecko","floor":21,"turns":2},{"damage":19,"enemies":"Cultist and Chosen","floor":22,"turns":2},{"damage":0,"enemies":"theDuelist:KaibaA2","floor":24,"turns":1},{"damage":20,"enemies":"Slavers","floor":27,"turns":2},{"damage":0,"enemies":"Gremlin Leader","floor":29,"turns":3},{"damage":16,"enemies":"Pondfish","floor":33,"turns":4},{"damage":0,"enemies":"3 Darklings","floor":35,"turns":3},{"damage":0,"enemies":"Orb Walker","floor":37,"turns":1},{"damage":0,"enemies":"Maw","floor":38,"turns":2},{"damage":0,"enemies":"R_Hoarder","floor":40,"turns":1},{"damage":0,"enemies":"Nemesis","floor":44,"turns":1},{"damage":0,"enemies":"4 Shapes","floor":46,"turns":1},{"damage":0,"enemies":"infinitespire:Three Voidlings","floor":47,"turns":1},{"damage":55,"enemies":"Nightmare_Alpha","floor":47,"turns":5}],"seed_played":"-4229917216719950928","potions_obtained":[{"floor":1,"key":"Flashbang"},{"floor":4,"key":"construct:ShiftPotion"},{"floor":18,"key":"Ancient Potion"},{"floor":24,"key":"Explosive Potion"},{"floor":29,"key":"Cursed Concoction"},{"floor":38,"key":"SkillPotion"},{"floor":40,"key":"Energy Potion"}],"is_trial":false,"path_per_floor":["M","?","$","M","M","E","M","E","T","?","R","$","R","E","R","B",null,"M","M","M","M","M","R","E","R","T","E","?","E","R","T","R","B",null,"M","AVR","M","M","$","E","R","?","T","E","R","M","?"],"character_chosen":"Angela","items_purchased":["construct:RocketBooster","Harvest","ReplayTheSpireMod:CursedCoin","Beak","Counterbalance","Guide Book","BearPaw","Bottled Tornado","Bag of Marbles","Ecstasy+1"],"campfire_rested":0,"item_purchase_floors":[3,3,3,3,12,12,12,39,39,39],"current_hp_per_floor":[60,60,70,64,52,23,28,49,49,49,49,67,67,50,50,51,88,91,94,94,97,100,100,103,103,103,99,93,115,115,115,115,109,109,124,124,131,138,138,144,144,144,144,149,149,158,145,145],"gold":113,"neow_bonus":"RANDOM_COMMON_RELIC","is_daily":false,"chose_seed":false,"campfire_upgraded":0,"win_rate":0.0,"timestamp":1612318295,"path_taken":["M","?","?","M","M","E","M","E","T","?","R","$","R","E","R","BOSS","M","M","M","M","M","R","E","R","T","E","?","E","R","?","R","BOSS","M","AVR","M","M","$","E","R","?","T","E","R","M","?"],"items_purchased_type":["Relic","Card","Relic","Card","Relic","Relic","Card","Relic","Relic","Card"],"build_version":"2020-12-22","purchased_purges":1,"victory":false,"max_hp_per_floor":[70,70,70,70,70,73,76,79,79,79,79,82,82,82,82,85,88,91,94,97,100,103,103,106,109,109,112,115,118,118,118,118,121,124,131,131,138,141,144,151,151,151,151,158,158,175,175,175],"card_choices":[{"not_picked":["SingingMachine","HeroicMonk"],"picked":"BigBird","floor":1},{"not_picked":["Harvest"],"picked":"Amita","floor":1},{"not_picked":["BlackSwan_ego","Loneliness","Pleasure"],"picked":"Wingbeat","floor":4},{"not_picked":["BigBadWolf","Variant"],"picked":"OldLady","floor":5},{"not_picked":["Wingbeat","Beak","Discord"],"picked":"Hornet","floor":5},{"not_picked":["MeatLantern","BeautyBeast"],"picked":"DreamingCurrent","floor":6},{"not_picked":["WristCuter","SwordSharpenedByTears","Tough"],"picked":"TheSmile","floor":6},{"not_picked":["Rudolta","Murderer"],"picked":"DespairKnight","floor":7},{"not_picked":["Adoration","Horn","BlackSwan_ego"],"picked":"Lamp","floor":7},{"not_picked":["MHz","SnowQueen"],"picked":"ShyLook","floor":8},{"not_picked":["Penitence","CENSORED_ego","BlackSwan_ego"],"picked":"LifeForTheDareDevil","floor":8},{"not_picked":["Yin","Scorched"],"picked":"OSAHOGD","floor":16},{"not_picked":["DaCapo","SoundOfStar","TheSmile"],"picked":"CENSORED_ego","floor":16},{"not_picked":["MeatLantern","Yin"],"picked":"LaLuna","floor":18},{"not_picked":["Regret_ego","Lantern","Wingbeat"],"picked":"Pleasure","floor":18},{"not_picked":["Variant","Murderer"],"picked":"WhiteNight","floor":19},{"not_picked":["Reverberation","CUTE+1","Wingbeat"],"picked":"SolemnVow","floor":19},{"not_picked":["VoidDream","Funeral"],"picked":"GreedKing","floor":20},{"not_picked":["Wingbeat+1","Beak+1","Penitence+1"],"picked":"Heaven","floor":20},{"not_picked":["BigBadWolf","CherryBlossoms"],"picked":"Scorched","floor":21},{"not_picked":["Lamp","WristCuter+1","SwordSharpenedByTears"],"picked":"CherryBlossom","floor":21},{"not_picked":["Rudolta","Woodsman"],"picked":"CrumblingArmor","floor":22},{"not_picked":["FrostShard+1","BlueScar","Noise"],"picked":"GrinderMk4","floor":22},{"not_picked":["Justitia","InTheNameOfLoveAndHate","Loneliness"],"picked":"GrinderMk4","floor":24},{"not_picked":["Gaze+1","CUTE","DaCapo"],"picked":"CrimsonScar","floor":27},{"not_picked":["SolemnVow","SomewhereSpear","Regret_ego","RedEyes"],"picked":"GoldRush","floor":29},{"not_picked":["Alriune","Rudolta","SpiderBud"],"picked":"Singing Bowl","floor":33},{"not_picked":["Justitia+1","Adoration+1","CENSORED_ego+1","DaCapo+1"],"picked":"GoldRush+1","floor":33},{"not_picked":["Yin","FieryBird","Variant"],"picked":"Singing Bowl","floor":35},{"not_picked":["Rudolta","SpiderBud"],"picked":"Porccubus","floor":35},{"not_picked":["CUTE+1","CENSORED_ego+1","Wingbeat+1","Noise+1"],"picked":"Hypocrisy+1","floor":35},{"not_picked":["WhitesApple","BeautyBeast"],"picked":"LittleHelper","floor":37},{"not_picked":["Reverberation+1","WristCuter+1","LifeForTheDareDevil+1","Penitence+1"],"picked":"FourthMatchFlame+1","floor":37},{"not_picked":["Hornet+1","Soda+1","Hypocrisy+1","Lantern+1"],"picked":"GoldRush+1","floor":38},{"not_picked":["Yin","FairyFestival"],"picked":"Woodsman","floor":40},{"not_picked":["Lantern+1","BlackSwan_ego+1","Beak+1","Justitia+1"],"picked":"Logging+1","floor":40},{"not_picked":["SnowQueen","NakedNest"],"picked":"MeltingLove","floor":44},{"not_picked":["RedEyes+1","Moonlight+1","CUTE+1","TodaysExpression+1"],"picked":"Harvest+1","floor":44},{"not_picked":["QueenBee","Variant"],"picked":"Funeral","floor":46},{"not_picked":["FrostShard+1","Discord+1","Gaze+1","Lantern+1"],"picked":"FeatherOfHonor+1","floor":46},{"not_picked":["Pinks+1","Heaven+1","Galaxy+1","ScreamingWedge+1"],"picked":"RedEyes+1","floor":46}],"player_experience":179348,"relics_obtained":[{"floor":1,"key":"SynthV:TestCard"},{"floor":1,"key":"LetterFromLob"},{"floor":6,"key":"Replay:Ringing Soul"},{"floor":8,"key":"Juzu Bracelet"},{"floor":9,"key":"Bag of Preparation"},{"floor":17,"key":"infinitespire:Satchel"},{"floor":17,"key":"Divine Protection"},{"floor":17,"key":"SentryEyes"},{"floor":24,"key":"White Beast Statue"},{"floor":26,"key":"Iron Hammer"},{"floor":27,"key":"Anchor"},{"floor":29,"key":"Replay:Bottled Steam"},{"floor":31,"key":"Mirror"},{"floor":40,"key":"Bottled Flame"},{"floor":43,"key":"ReplayFunnel"},{"floor":44,"key":"Grinning Jar"},{"floor":46,"key":"AtMidnight"}],"event_choices":[{"cards_removed":["SpecialBullet"],"damage_healed":0,"gold_gain":0,"player_choice":"Purged","damage_taken":0,"max_hp_gain":0,"max_hp_loss":0,"event_name":"Purifier","floor":2,"gold_loss":0},{"damage_healed":0,"gold_gain":100,"player_choice":"Pray","damage_taken":0,"max_hp_gain":0,"max_hp_loss":0,"event_name":"Golden Shrine","floor":10,"gold_loss":0},{"damage_healed":0,"gold_gain":0,"player_choice":"Dagger","damage_taken":6,"max_hp_gain":0,"max_hp_loss":0,"event_name":"betterThird:BetterNest","floor":28,"gold_loss":0,"cards_obtained":["RitualDagger"]},{"damage_healed":0,"gold_gain":0,"player_choice":"Upgraded","damage_taken":0,"max_hp_gain":0,"max_hp_loss":0,"event_name":"Upgrade Shrine","floor":42,"gold_loss":0,"cards_upgraded":["GoldRush"]}],"is_beta":false,"boss_relics":[{"not_picked":["OneHitWonderSystem","Replay:Wanted Poster"],"picked":"Calling Bell"},{"not_picked":["construct:ClawGrip","Replay:Ancient Bell"],"picked":"MoonlightInvasionPlan"}],"items_purged_floors":[3],"is_endless":false,"potions_floor_spawned":[1,4,6,14,18,21,24,27,29,33,35,37,38,40,44,46,47],"killed_by":"Nightmare_Alpha","ascension_level":3}}