{"host":"laumv2se3mpoo1t2","time":1612378934,"event":{"mods":["2.2 Compatiblity","AchievementEnabler","BaseMod","Better Skull","BetterRewards","Block Reminder","Colored Map","Colored Powertips","DeckTracker","Googly Eyes","Highlight Path","Minty Spire (QoL Compilation)","Permanent Neow","Quick Restart","Rare Cards Sparkle","Relic Stats","Shop Mod","Spicy Shops","StSLib","Swap Starting Deck Mod","Unknown Chances"],"gold_per_floor":[114,133,151,151,151,177,207,207,207],"floor_reached":8,"language":"ENG","playtime":397,"items_purged":[],"score":89,"play_id":"4f4bbc05-9572-482a-8e77-77aaf05ba641","local_time":"20210203210214","is_ascension_mode":true,"campfire_choices":[],"circlet_count":0,"master_deck":["Strike_G","Strike_G","Strike_G","Strike_G","Strike_G","Defend_G","Defend_G+1","Defend_G","Defend_G","Defend_G","Survivor","Neutralize+1","Trip","Choke+1","Blade Dance","Underhanded Strike","Choke"],"relics":["Ring of the Snake","Juzu Bracelet","Art of War"],"acts_visited":["Exordium"],"potions_floor_usage":[6,6],"damage_taken":[{"damage":7,"enemies":"Jaw Worm","floor":1,"turns":4},{"damage":0,"enemies":"2 Louse","floor":2,"turns":3},{"damage":0,"enemies":"Cultist","floor":3,"turns":3},{"damage":0,"enemies":"Gremlin Nob","floor":6,"turns":3},{"damage":49,"enemies":"3 Sentries","floor":8,"turns":10}],"seed_played":"-4166175452534446368","potions_obtained":[{"floor":1,"key":"Energy Potion"},{"floor":3,"key":"AttackPotion"}],"is_trial":false,"path_per_floor":["M","M","M","?","?","E","?","E"],"character_chosen":"THE_SILENT","items_purchased":[],"campfire_rested":0,"item_purchase_floors":[],"current_hp_per_floor":[63,63,63,63,49,49,49,0,0],"gold":207,"neow_bonus":"RANDOM_COLORLESS","is_daily":false,"chose_seed":false,"campfire_upgraded":0,"win_rate":0.0,"timestamp":1612378934,"path_taken":["M","M","M","?","?","E","?","E"],"items_purchased_type":[],"build_version":"2020-12-22","purchased_purges":0,"victory":false,"max_hp_per_floor":[70,70,70,70,70,70,70,70,70],"relic_stats":{"counters":[5,23],"Juzu Bracelet":0,"Art of War":[1],"obtain_stats":[{"Juzu Bracelet":6,"Art of War":7,"Ring of the Snake":0},{"Juzu Bracelet":4,"Art of War":4,"Ring of the Snake":0},{"Juzu Bracelet":13,"Art of War":13,"Ring of the Snake":0}],"Ring of the Snake":[10]},"card_choices":[{"not_picked":["Purity","Deep Breath"],"picked":"Trip","floor":0},{"not_picked":["Outmaneuver","Calculated Gamble"],"picked":"Choke","floor":1},{"not_picked":["Backflip","Underhanded Strike"],"picked":"Blade Dance","floor":2},{"not_picked":["Riddle With Holes","Dagger Spray"],"picked":"Underhanded Strike","floor":3},{"not_picked":["Leg Sweep","Deadly Poison"],"picked":"Choke","floor":6}],"player_experience":321309,"relics_obtained":[{"floor":6,"key":"Juzu Bracelet"}],"event_choices":[{"damage_healed":0,"gold_gain":0,"player_choice":"Grow","damage_taken":0,"max_hp_gain":0,"max_hp_loss":0,"event_name":"Living Wall","floor":4,"gold_loss":0,"cards_upgraded":["Choke"]},{"damage_healed":0,"gold_gain":0,"player_choice":"Entered Light","damage_taken":14,"max_hp_gain":0,"max_hp_loss":0,"event_name":"Shining Light","floor":5,"gold_loss":0,"cards_upgraded":["Defend_G","Neutralize"]},{"damage_healed":0,"gold_gain":30,"player_choice":"Searched \u00273\u0027 times","damage_taken":0,"relics_obtained":["Art of War"],"max_hp_gain":0,"max_hp_loss":0,"event_name":"Dead Adventurer","floor":7,"gold_loss":0}],"is_beta":false,"boss_relics":[],"items_purged_floors":[],"is_endless":false,"potions_floor_spawned":[1,3],"killed_by":"3 Sentries","ascension_level":2}}