{"host":"2mxajwyidsax8sss","time":1612392761,"event":{"mods":["100% Spire Juice","2.2 Compatiblity","Act Like it!","Arknights","Aspiration","Bartender","BaseMod","Better Match","Better Note","Better Sensory Stone","Better Vampires","BetterRewards","Block Reminder","CapriCore","ChefMod","Chen","Colored Powertips","Conspire","Decade(???)","Defuse TimeMaze Blight","Downfall","Energized Spire","Friendly Minions","Gensokyo","Googly Eyes","GungeonMod","Hallownest","Hermit","HololiveMod","Hubris","Humility","Jorbs\u0027s Wanderer Trilogy","Koishi","Luminous","Marked Mod","Minty Spire (QoL Compilation)","Nova Terra(??·??)","Pale of the Ancients","Permanent Neow","Prisma Mod","Quick Restart","Random Character Button","Reimu??????","Relic Filter","Relic Stats","Reliquary","Remilia??????","Replay The Spire","SIMod","SOS???????","StSLib","The Animator","The Bug Knight","The Death Knight","The Dragon Tamer","The Immortal","The Kombatant","Wandering Minibosses"],"gold_per_floor":[138,196,31,78,78,78,154,79,103,128,128,128,128,154,154,277,277,368,368,288,353,144,144,144,220,220,261,6,25,25,48,48,48,48],"floor_reached":33,"language":"ENG","playtime":3053,"items_purged":["Defend_Dante","Shoot"],"score":383,"play_id":"ef27534e-01ac-433a-ae6d-e1e693d5145f","local_time":"20210203235241","is_ascension_mode":false,"campfire_choices":[{"data":"SSScard","floor":6,"key":"SMITH"},{"data":"Attack_b","floor":11,"key":"SMITH"},{"data":"Redorb","floor":15,"key":"SMITH"},{"data":"Millionstab","floor":23,"key":"SMITH"},{"floor":32,"key":"DIG"}],"circlet_count":0,"master_deck":["Attack_a","Attack_a","Attack_b+1","Shoot","Provocation","Defend_Dante","Defend_Dante","Redorb+1","Swordmaster+1","SSScard+1","Millionstab+1","Swordcombo+1","Gensokyo:SummonPsychicCat","Enemystep","Hallownest:skillCityofTearsMap"],"relics":["SSS","Combocheck","aspiration:Nostalgia","ScarletHat","DeathKnight:PutricidesVial","Juzu Bracelet","Gensokyo:Companionship","reliquary:Craggleroot","hubris:Icosahedron","BargainBundle","Regal Pillow","reliquary:Firecrackers","ReplayTheSpireMod:TigerMarble","hubris:SlimyHat","Bird Faced Urn","reliquary:Bookmark","Replay:Baseball"],"acts_visited":["Gensokyo:Gensokyo","Hallownest:CityofTears"],"potions_floor_usage":[7],"damage_taken":[{"damage":0,"enemies":"Gensokyo:2_Kodama","floor":1,"turns":3},{"damage":0,"enemies":"Gensokyo:3_Fairies","floor":2,"turns":4},{"damage":19,"enemies":"Gensokyo:Gryphon","floor":4,"turns":5},{"damage":14,"enemies":"Gensokyo:Mamizou","floor":7,"turns":9},{"damage":9,"enemies":"Gensokyo:CorruptedTreant","floor":10,"turns":3},{"damage":0,"enemies":"Gensokyo:LivingMonolith","floor":14,"turns":3},{"damage":0,"enemies":"Gensokyo:Yukari","floor":16,"turns":3},{"damage":6,"enemies":"Hallownest:3_Youths","floor":18,"turns":9},{"damage":0,"enemies":"Hallownest:Guard_and_Sentry","floor":21,"turns":4},{"damage":8,"enemies":"Hallownest:eliteWatcherKnight","floor":25,"turns":10},{"damage":0,"enemies":"Hallownest:eliteSoulWarrior","floor":27,"turns":1},{"damage":0,"enemies":"Hallownest:monsterShrumalOgre","floor":29,"turns":1},{"damage":0,"enemies":"Hallownest:Master_and_Novice","floor":31,"turns":1},{"damage":75,"enemies":"Hallownest:BossGrimm","floor":33,"turns":6}],"seed_played":"-5383036704220825313","potions_obtained":[{"floor":2,"key":"SteroidPotion"},{"floor":4,"key":"Weak Potion"},{"floor":7,"key":"Elixir"},{"floor":10,"key":"hexamod:SoulburnPotion"}],"is_trial":false,"path_per_floor":["M","M","COS","M","$","R","E","?","T","M","R","?","?","M","R","B",null,"M","?","?","M","$","R","?","E","T","E","$","M","$","M","R","B"],"character_chosen":"DANTE","items_purchased":["BargainBundle","Regal Pillow","reliquary:Firecrackers","Fire Potion","reliquary:Bookmark"],"campfire_rested":0,"item_purchase_floors":[22,22,22,22,28],"current_hp_per_floor":[80,80,80,61,61,61,47,47,47,38,38,46,46,46,46,46,80,74,74,74,74,74,74,74,72,72,72,72,72,72,72,72,0,0],"gold":48,"neow_bonus":"NOSTALGIA","is_daily":false,"chose_seed":false,"campfire_upgraded":4,"win_rate":0.0,"timestamp":1612392761,"path_taken":["M","M","COS","M","$","R","E","?","T","M","R","?","?","M","R","BOSS","M","?","?","M","$","R","?","E","T","E","$","M","?","M","R","BOSS"],"items_purchased_type":["Relic","Relic","Relic","Potion","Relic"],"build_version":"2020-12-22","purchased_purges":2,"victory":false,"max_hp_per_floor":[80,80,80,80,80,80,80,80,80,80,80,80,80,80,80,80,80,80,80,80,80,80,80,80,80,80,80,80,80,80,80,80,80,80],"relic_stats":{"Regal Pillow":0,"counters":[14,62],"Bird Faced Urn":[0],"Juzu Bracelet":2,"obtain_stats":[{"BargainBundle":22,"Regal Pillow":22,"aspiration:Nostalgia":0,"reliquary:Firecrackers":22,"DemoMod:GlassGuonStoneRelic":2,"Juzu Bracelet":9,"hubris:SlimyHat":26,"ScarletHat":0,"Combocheck":0,"reliquary:Bookmark":28,"SSS":0,"Replay:Baseball":32,"hubris:Icosahedron":19,"Gensokyo:Companionship":10,"Bird Faced Urn":27,"DeathKnight:PutricidesVial":7,"reliquary:Craggleroot":17,"ReplayTheSpireMod:TigerMarble":25},{"BargainBundle":9,"Regal Pillow":9,"aspiration:Nostalgia":0,"reliquary:Firecrackers":9,"DemoMod:GlassGuonStoneRelic":2,"Juzu Bracelet":4,"hubris:SlimyHat":10,"ScarletHat":0,"Combocheck":0,"reliquary:Bookmark":11,"SSS":0,"Replay:Baseball":13,"hubris:Icosahedron":8,"Gensokyo:Companionship":5,"Bird Faced Urn":11,"DeathKnight:PutricidesVial":4,"reliquary:Craggleroot":7,"ReplayTheSpireMod:TigerMarble":10},{"BargainBundle":43,"Regal Pillow":43,"aspiration:Nostalgia":0,"reliquary:Firecrackers":43,"DemoMod:GlassGuonStoneRelic":7,"Juzu Bracelet":21,"hubris:SlimyHat":53,"ScarletHat":0,"Combocheck":0,"reliquary:Bookmark":54,"SSS":0,"Replay:Baseball":56,"hubris:Icosahedron":39,"Gensokyo:Companionship":22,"Bird Faced Urn":54,"DeathKnight:PutricidesVial":21,"reliquary:Craggleroot":30,"ReplayTheSpireMod:TigerMarble":53}]},"card_choices":[{"not_picked":["GilgameshcomboA","Unrisingdragon"],"picked":"Swordmaster","floor":1},{"not_picked":["BeastUppercut","Shock"],"picked":"SSScard","floor":2},{"not_picked":["Dash1","DevilstarS"],"picked":"Millionstab","floor":4},{"not_picked":["Lucifer","BeastUppercut","DT"],"picked":"SKIP","floor":7},{"not_picked":["Goldorb+1","Trickster+1"],"picked":"Swordcombo+1","floor":8},{"not_picked":["BeastUppercut","Chargeshoot","LucifercomboB"],"picked":"SKIP","floor":10},{"not_picked":["Fullhouse","CoyoteA","Whiteorb"],"picked":"SKIP","floor":14},{"not_picked":["Purpleorb","Weaponreturn"],"picked":"Enemystep","floor":16},{"not_picked":["Dash1","Hightime","Honeycombofire"],"picked":"SKIP","floor":18},{"not_picked":["Fullhouse","Doubleshoot","GilgameshcomboA"],"picked":"SKIP","floor":21},{"not_picked":["Chargeshoot","LucifercomboA","CoyoteA+1"],"picked":"SKIP","floor":25},{"not_picked":["CoyoteA","Rebellion","Pandora"],"picked":"SKIP","floor":27},{"not_picked":["Swordmaster+1","Whiteorb+1","LucifercomboB+1"],"picked":"SKIP","floor":29},{"not_picked":["Fullhouse+1","LucifercomboC","BeastUppercut"],"picked":"SKIP","floor":31}],"player_experience":229356,"relics_obtained":[{"floor":7,"key":"DeathKnight:PutricidesVial"},{"floor":9,"key":"Juzu Bracelet"},{"floor":25,"key":"ReplayTheSpireMod:TigerMarble"},{"floor":26,"key":"hubris:SlimyHat"},{"floor":27,"key":"Bird Faced Urn"},{"floor":32,"key":"Replay:Baseball"}],"event_choices":[{"damage_healed":0,"gold_gain":0,"player_choice":"2","damage_taken":0,"max_hp_gain":0,"max_hp_loss":0,"event_name":"betterMatch:BetterMatch","floor":8,"gold_loss":0,"cards_obtained":["betterMatch:CommonCard","betterMatch:RareCard"]}],"is_beta":false,"boss_relics":[{"not_picked":["hubris:GrandSneckoEye","Painkiller Herb"],"picked":"reliquary:Craggleroot"}],"items_purged_floors":[22,28],"is_endless":false,"potions_floor_spawned":[2,4,7,10,16,21,29,31],"killed_by":"Hallownest:BossGrimm","ascension_level":0,"is_humility":true}}