{"host":"mnpd8gh7cwxsn5kh","time":1612387307,"event":{"mods":["BaseMod","Bestiary","Block Reminder","Colored Map","Colored Powertips","Highlight Path","Minty Spire (QoL Compilation)","Relic Sorter","Relic Stats"],"gold_per_floor":[112,212,29,39,51,84,102,102,129,129,161,171,197,197,197,299,299,311,322,322,322,322,322,322],"floor_reached":23,"language":"ENG","playtime":1355,"items_purged":[],"score":318,"play_id":"6bacb794-5170-4009-8561-568478b4cef9","local_time":"20210203222147","is_ascension_mode":true,"campfire_choices":[{"data":"Body Slam","floor":10,"key":"SMITH"},{"data":"Immolate","floor":15,"key":"SMITH"}],"circlet_count":0,"master_deck":["Strike_R","Strike_R","Strike_R","Strike_R","Defend_R","Defend_R","Defend_R","Defend_R","Bash","Hemokinesis","Carnage","Body Slam+1","Immolate+1","Flame Barrier+1","Rupture","Shrug It Off","Ghostly Armor+1","Offering","Headbutt","Battle Trance+1","Ghostly","Ghostly","Ghostly","Ghostly","Ghostly","RitualDagger"],"relics":["Black Blood","NeowsBlessing","Oddly Smooth Stone","Juzu Bracelet","Ancient Tea Set","Smiling Mask","Art of War"],"acts_visited":["Exordium","TheCity"],"potions_floor_usage":[6,7,13,13,16],"damage_taken":[{"damage":0,"enemies":"2 Louse","floor":1,"turns":1},{"damage":0,"enemies":"Cultist","floor":4,"turns":1},{"damage":2,"enemies":"Small Slimes","floor":5,"turns":1},{"damage":10,"enemies":"Gremlin Nob","floor":6,"turns":3},{"damage":6,"enemies":"2 Fungi Beasts","floor":7,"turns":4},{"damage":42,"enemies":"Lagavulin","floor":11,"turns":6},{"damage":0,"enemies":"Blue Slaver","floor":12,"turns":2},{"damage":2,"enemies":"3 Sentries","floor":13,"turns":7},{"damage":26,"enemies":"Slime Boss","floor":16,"turns":11},{"damage":6,"enemies":"3 Byrds","floor":18,"turns":4},{"damage":40,"enemies":"2 Thieves","floor":19,"turns":4},{"damage":40,"enemies":"Book of Stabbing","floor":23,"turns":7}],"seed_played":"-3249547310496492254","potions_obtained":[{"floor":1,"key":"LiquidBronze"},{"floor":5,"key":"Explosive Potion"},{"floor":6,"key":"Ancient Potion"},{"floor":8,"key":"EssenceOfSteel"},{"floor":8,"key":"Ancient Potion"},{"floor":11,"key":"EssenceOfSteel"},{"floor":19,"key":"SpeedPotion"}],"is_trial":false,"path_per_floor":["M","?","$","M","M","E","M","?","T","R","E","M","E","?","R","B",null,"M","M","?","?","?","E"],"character_chosen":"IRONCLAD","items_purchased":["Oddly Smooth Stone","Carnage"],"campfire_rested":0,"item_purchase_floors":[3,3],"current_hp_per_floor":[78,78,78,80,80,76,76,76,76,76,40,46,50,34,34,14,64,70,42,42,40,34,0,0],"gold":322,"neow_bonus":"THREE_ENEMY_KILL","is_daily":false,"chose_seed":false,"campfire_upgraded":2,"win_rate":0.0,"timestamp":1612387307,"path_taken":["M","?","?","M","M","E","M","?","T","R","E","M","E","?","R","BOSS","M","M","?","?","?","E"],"items_purchased_type":["Relic","Card"],"build_version":"2020-12-22","purchased_purges":0,"victory":false,"max_hp_per_floor":[80,80,80,80,80,80,80,80,80,80,80,80,80,80,80,80,80,80,80,80,40,40,40,40],"relic_stats":{"counters":[12,51],"Black Blood":70,"Juzu Bracelet":2,"Art of War":[2],"Smiling Mask":0,"obtain_stats":[{"NeowsBlessing":0,"Oddly Smooth Stone":3,"Black Blood":17,"Juzu Bracelet":6,"Art of War":13,"Ancient Tea Set":9,"Smiling Mask":11,"Burning Blood":0},{"NeowsBlessing":0,"Oddly Smooth Stone":1,"Black Blood":9,"Juzu Bracelet":4,"Art of War":8,"Ancient Tea Set":5,"Smiling Mask":6,"Burning Blood":0},{"NeowsBlessing":0,"Oddly Smooth Stone":1,"Black Blood":36,"Juzu Bracelet":6,"Art of War":25,"Ancient Tea Set":10,"Smiling Mask":16,"Burning Blood":0}]},"card_choices":[{"not_picked":["True Grit","Dual Wield"],"picked":"Hemokinesis","floor":1},{"not_picked":["Havoc","Entrench","Searing Blow"],"picked":"SKIP","floor":4},{"not_picked":["Twin Strike","Flex"],"picked":"Body Slam","floor":5},{"not_picked":["Dual Wield","Clash"],"picked":"Immolate","floor":6},{"not_picked":["Clothesline","Armaments"],"picked":"Flame Barrier","floor":7},{"not_picked":["Sever Soul","Carnage"],"picked":"Rupture","floor":11},{"not_picked":["Flex","Hemokinesis"],"picked":"Shrug It Off","floor":12},{"not_picked":["Evolve","Heavy Blade"],"picked":"Ghostly Armor","floor":13},{"not_picked":["Juggernaut","Demon Form"],"picked":"Offering","floor":16},{"not_picked":["Heavy Blade","Thunderclap"],"picked":"Headbutt","floor":18},{"not_picked":["Armaments","Pummel+1"],"picked":"Battle Trance+1","floor":19}],"player_experience":277336,"relics_obtained":[{"floor":6,"key":"Juzu Bracelet"},{"floor":9,"key":"Ancient Tea Set"},{"floor":11,"key":"Smiling Mask"},{"floor":13,"key":"Art of War"}],"event_choices":[{"damage_healed":0,"gold_gain":100,"player_choice":"Pray","damage_taken":0,"max_hp_gain":0,"max_hp_loss":0,"event_name":"Golden Shrine","floor":2,"gold_loss":0},{"damage_healed":0,"gold_gain":0,"player_choice":"Got Potions","damage_taken":0,"max_hp_gain":0,"max_hp_loss":0,"event_name":"Lab","floor":8,"gold_loss":0},{"damage_healed":0,"gold_gain":0,"player_choice":"Entered Light","damage_taken":16,"max_hp_gain":0,"max_hp_loss":0,"event_name":"Shining Light","floor":14,"gold_loss":0,"cards_upgraded":["Flame Barrier","Ghostly Armor"]},{"cards_removed":["Strike_R"],"damage_healed":0,"gold_gain":0,"player_choice":"Purged","damage_taken":0,"max_hp_gain":0,"max_hp_loss":0,"event_name":"Purifier","floor":20,"gold_loss":0},{"damage_healed":0,"gold_gain":0,"player_choice":"Became a Ghost","damage_taken":0,"max_hp_gain":0,"max_hp_loss":40,"event_name":"Ghosts","floor":21,"gold_loss":0,"cards_obtained":["Ghostly","Ghostly","Ghostly","Ghostly","Ghostly"]},{"damage_healed":0,"gold_gain":0,"player_choice":"Joined the Cult","damage_taken":6,"max_hp_gain":0,"max_hp_loss":0,"event_name":"Nest","floor":22,"gold_loss":0,"cards_obtained":["RitualDagger"]}],"is_beta":false,"boss_relics":[{"not_picked":["Calling Bell","Pandora\u0027s Box"],"picked":"Black Blood"}],"items_purged_floors":[],"is_endless":false,"potions_floor_spawned":[1,5,6,11,19],"killed_by":"Book of Stabbing","ascension_level":8}}