{"host":"mai03x2ekbjy4059","time":1612367715,"event":{"mods":["2.2 Compatiblity","BaseMod","Colored Map","DeckTracker","Keyboard Shortcuts","Minty Spire (QoL Compilation)","Permanent Neow","Quick Restart","SuperFastMode","everything is the same but u backflip on backflip"],"gold_per_floor":[110,110,125,51,74,110,110,151,451,490,509,534,568,597,597,722,722,746,255,255,278,37,68,68,68,68,68,112,112,150,3,3,131,131,146,0,19,34,97,97,138,138,138,182,182,203,241,257,257,257,257,257,35,75,75],"floor_reached":56,"language":"KOR","playtime":1760,"items_purged":["Strike_G","Strike_G"],"score":1682,"play_id":"0d84d40c-1945-4cf4-882f-07e85220435f","local_time":"20210204005515","is_ascension_mode":true,"campfire_choices":[{"data":"Blade Dance","floor":7.0,"key":"SMITH"},{"data":"Blade Dance","floor":15.0,"key":"SMITH"},{"data":"Finisher","floor":25.0,"key":"SMITH"},{"data":"Neutralize","floor":27.0,"key":"SMITH"},{"data":"After Image","floor":29.0,"key":"SMITH"},{"data":"Adrenaline","floor":32.0,"key":"SMITH"},{"data":"Masterful Stab","floor":42.0,"key":"SMITH"},{"data":"Infinite Blades","floor":45.0,"key":"SMITH"},{"floor":49.0,"key":"RECALL"},{"data":"Finesse","floor":52.0,"key":"SMITH"}],"circlet_count":0,"master_deck":["Strike_G+1","Strike_G","Strike_G","Defend_G","Defend_G","Defend_G","Defend_G","Survivor","Neutralize+1","Adrenaline+1","Blade Dance+1","Infinite Blades+1","Backstab+1","Escape Plan","Blade Dance+1","Masterful Stab+1","Deflect","After Image+1","Finisher+1","Finesse+1","Caltrops+1","Adrenaline+1","Cloak And Dagger+1","Terror+1","Accuracy+1","Cloak And Dagger+1","Cloak And Dagger+1","Accuracy"],"relics":["Ring of the Serpent","Golden Idol","StrikeDummy","Ginger","Old Coin","Lantern","Darkstone Periapt","Odd Mushroom","Singing Bowl","Enchiridion","Gremlin Horn","Du-Vu Doll","Tingsha","Paper Crane","Whetstone","Thread and Needle","Medical Kit","Empty Cage","Red Mask","Gambling Chip","Nunchaku","Blood Vial","Mummified Hand","Bag of Preparation"],"acts_visited":["Exordium","TheCity","TheBeyond","TheEnding"],"potions_floor_usage":[55,55],"damage_taken":[{"damage":1.0,"enemies":"Cultist","floor":1.0,"turns":5.0},{"damage":0.0,"enemies":"2 Louse","floor":3.0,"turns":2.0},{"damage":0.0,"enemies":"Small Slimes","floor":5.0,"turns":3.0},{"damage":9.0,"enemies":"3 Sentries","floor":6.0,"turns":8.0},{"damage":0.0,"enemies":"Gremlin Nob","floor":8.0,"turns":1.0},{"damage":28.0,"enemies":"Lagavulin","floor":10.0,"turns":4.0},{"damage":0.0,"enemies":"3 Louse","floor":11.0,"turns":1.0},{"damage":0.0,"enemies":"Blue Slaver","floor":12.0,"turns":1.0},{"damage":1.0,"enemies":"3 Sentries","floor":13.0,"turns":6.0},{"damage":0.0,"enemies":"The Mushroom Lair","floor":14.0,"turns":2.0},{"damage":0.0,"enemies":"Hexaghost","floor":16.0,"turns":9.0},{"damage":6.0,"enemies":"Shell Parasite","floor":18.0,"turns":6.0},{"damage":3.0,"enemies":"Chosen","floor":21.0,"turns":2.0},{"damage":0.0,"enemies":"Book of Stabbing","floor":23.0,"turns":5.0},{"damage":14.0,"enemies":"Slavers","floor":28.0,"turns":5.0},{"damage":0.0,"enemies":"Book of Stabbing","floor":30.0,"turns":4.0},{"damage":0.0,"enemies":"Collector","floor":33.0,"turns":8.0},{"damage":0.0,"enemies":"3 Darklings","floor":35.0,"turns":3.0},{"damage":0.0,"enemies":"3 Shapes","floor":37.0,"turns":2.0},{"damage":10.0,"enemies":"Maw","floor":38.0,"turns":6.0},{"damage":0.0,"enemies":"Mind Bloom Boss Battle","floor":39.0,"turns":3.0},{"damage":6.0,"enemies":"Nemesis","floor":41.0,"turns":5.0},{"damage":0.0,"enemies":"Reptomancer","floor":44.0,"turns":4.0},{"damage":0.0,"enemies":"4 Shapes","floor":46.0,"turns":2.0},{"damage":0.0,"enemies":"Nemesis","floor":47.0,"turns":5.0},{"damage":4.0,"enemies":"Writhing Mass","floor":48.0,"turns":4.0},{"damage":46.0,"enemies":"Time Eater","floor":50.0,"turns":10.0},{"damage":0.0,"enemies":"Shield and Spear","floor":54.0,"turns":4.0},{"damage":23,"enemies":"The Heart","floor":55,"turns":5}],"seed_played":"1795181935658828059","potions_obtained":[{"floor":6.0,"key":"SteroidPotion"},{"floor":12.0,"key":"LiquidMemories"},{"floor":13.0,"key":"GamblersBrew"},{"floor":14.0,"key":"DistilledChaos"},{"floor":16.0,"key":"Block Potion"},{"floor":21.0,"key":"SpeedPotion"},{"floor":23.0,"key":"LiquidMemories"},{"floor":30.0,"key":"ColorlessPotion"},{"floor":38.0,"key":"SteroidPotion"}],"is_trial":false,"path_per_floor":["M","?","M","$","M","E","R","E","T","E","M","M","E","?","R","B",null,"M","$","?","M","$","E","?","R","T","R","E","R","E","$","R","B",null,"M","?","M","M","?","?","E","R","T","E","R","M","E","M","R","B",null,"R","$","E","B",null],"character_chosen":"THE_SILENT","items_purchased":["Infinite Blades","Singing Bowl","Finisher","Finesse","Gremlin Horn","Medical Kit","Accuracy","Swift Potion"],"campfire_rested":0,"item_purchase_floors":[4,19,19,19,22,31,53,53],"current_hp_per_floor":[62,47,47,47,47,38,38,38,38,10,10,10,9,9,9,9,63,57,57,41,40,40,42,48,48,48,48,36,36,36,36,36,36,75,77,77,77,67,67,67,63,63,63,63,63,67,69,69,69,25,83,83,83,85,62],"gold":75,"neow_bonus":"THREE_RARE_CARDS","is_daily":false,"chose_seed":false,"campfire_upgraded":9,"win_rate":0.0,"timestamp":1612367715,"path_taken":["M","?","M","$","M","E","R","E","T","E","M","M","E","?","R","BOSS","M","$","?","M","$","E","?","R","T","R","E","R","E","$","R","BOSS","M","?","M","M","?","?","E","R","T","E","R","M","E","M","R","BOSS","R","$","E","BOSS"],"items_purchased_type":["Card","Relic","Card","Card","Relic","Relic","Card","Potion"],"build_version":"2020-12-22","purchased_purges":2,"victory":true,"max_hp_per_floor":[63,63,63,63,63,63,63,63,63,63,63,63,63,63,63,63,63,63,63,63,65,65,67,73,73,73,73,75,75,75,75,75,75,75,77,77,77,77,77,77,79,79,79,79,79,81,81,83,83,83,83,83,83,85,85],"card_choices":[{"not_picked":["Die Die Die","Burst"],"picked":"Adrenaline","floor":0.0},{"not_picked":["Dagger Spray","Prepared"],"picked":"Blade Dance","floor":1.0},{"not_picked":["Quick Slash","Setup","Underhanded Strike"],"picked":"SKIP","floor":3.0},{"not_picked":["Backflip","PiercingWail"],"picked":"Backstab","floor":5.0},{"not_picked":["Underhanded Strike","Backstab"],"picked":"Escape Plan","floor":6.0},{"not_picked":["Deflect","Calculated Gamble"],"picked":"Blade Dance","floor":8.0},{"not_picked":["Phantasmal Killer","Sucker Punch"],"picked":"Masterful Stab","floor":10.0},{"not_picked":["Backflip","Flechettes","Well Laid Plans"],"picked":"SKIP","floor":11.0},{"not_picked":["Noxious Fumes","Dagger Spray"],"picked":"Deflect","floor":12.0},{"not_picked":["Quick Slash","Tactician","Sucker Punch"],"picked":"SKIP","floor":13.0},{"not_picked":["Envenom","Wraith Form v2"],"picked":"After Image","floor":16.0},{"not_picked":["Dash","Flechettes","Riddle With Holes"],"picked":"SKIP","floor":18.0},{"not_picked":["Deadly Poison","Dash","Eviscerate"],"picked":"Singing Bowl","floor":21.0},{"not_picked":["Reflex","Setup","Slice+1"],"picked":"Singing Bowl","floor":23.0},{"not_picked":["Choke","Sucker Punch","Finisher"],"picked":"Singing Bowl","floor":28.0},{"not_picked":["Calculated Gamble","Finisher"],"picked":"Caltrops+1","floor":30.0},{"not_picked":["Bullet Time","Tools of the Trade"],"picked":"Adrenaline","floor":33.0},{"not_picked":["Underhanded Strike+1","Quick Slash","Riddle With Holes+1"],"picked":"Singing Bowl","floor":35.0},{"not_picked":["Noxious Fumes","Dagger Spray+1"],"picked":"Cloak And Dagger+1","floor":37.0},{"not_picked":["All Out Attack","A Thousand Cuts"],"picked":"Terror+1","floor":38.0},{"not_picked":["Bouncing Flask+1","Outmaneuver"],"picked":"Accuracy+1","floor":39.0},{"not_picked":["Crippling Poison","Grand Finale","Expertise"],"picked":"Singing Bowl","floor":41.0},{"not_picked":["Dagger Spray","Deflect+1"],"picked":"Cloak And Dagger+1","floor":44.0},{"not_picked":["Deflect+1","Sucker Punch","Leg Sweep"],"picked":"Singing Bowl","floor":46.0},{"not_picked":["Underhanded Strike","Burst"],"picked":"Cloak And Dagger+1","floor":47.0},{"not_picked":["Distraction+1","Endless Agony","Dodge and Roll"],"picked":"Singing Bowl","floor":48.0},{"not_picked":["Masterful Stab","Slice+1","Quick Slash"],"picked":"Singing Bowl","floor":54.0}],"player_experience":1164693,"relics_obtained":[{"floor":6.0,"key":"StrikeDummy"},{"floor":8.0,"key":"Ginger"},{"floor":9.0,"key":"Old Coin"},{"floor":10.0,"key":"Lantern"},{"floor":13.0,"key":"Darkstone Periapt"},{"floor":14.0,"key":"Odd Mushroom"},{"floor":20.0,"key":"Enchiridion"},{"floor":23.0,"key":"Du-Vu Doll"},{"floor":26.0,"key":"Paper Crane"},{"floor":28.0,"key":"Whetstone"},{"floor":30.0,"key":"Thread and Needle"},{"floor":39.0,"key":"Gambling Chip"},{"floor":41.0,"key":"Nunchaku"},{"floor":44.0,"key":"Blood Vial"},{"floor":47.0,"key":"Mummified Hand"},{"floor":54.0,"key":"Bag of Preparation"}],"event_choices":[{"damage_healed":0.0,"max_hp_gain":0.0,"max_hp_loss":0.0,"gold_gain":0.0,"event_name":"Golden Idol","player_choice":"Take Damage","floor":2.0,"gold_loss":0.0,"damage_taken":15.0,"relics_obtained":["Golden Idol"]},{"damage_healed":0.0,"max_hp_gain":0.0,"max_hp_loss":0.0,"gold_gain":0.0,"event_name":"Mushrooms","player_choice":"Fought Mushrooms","floor":14.0,"gold_loss":0.0,"damage_taken":0.0},{"damage_healed":0.0,"max_hp_gain":0.0,"max_hp_loss":0.0,"gold_gain":0.0,"event_name":"Cursed Tome","player_choice":"Obtained Book","floor":20.0,"gold_loss":0.0,"damage_taken":16.0},{"damage_healed":0.0,"max_hp_gain":0.0,"max_hp_loss":0.0,"gold_gain":0.0,"event_name":"Addict","player_choice":"Stole Relic","floor":24.0,"gold_loss":0.0,"damage_taken":0.0,"relics_obtained":["Tingsha"],"cards_obtained":["Shame"]},{"damage_healed":0.0,"max_hp_gain":0.0,"max_hp_loss":0.0,"gold_gain":0.0,"event_name":"Tomb of Lord Red Mask","player_choice":"Paid","floor":36.0,"gold_loss":146.0,"damage_taken":0.0,"relics_obtained":["Red Mask"]},{"damage_healed":0.0,"max_hp_gain":0.0,"max_hp_loss":0.0,"gold_gain":0.0,"event_name":"MindBloom","player_choice":"Fight","floor":39.0,"gold_loss":0.0,"damage_taken":0.0},{"damage_healed":0.0,"max_hp_gain":0.0,"max_hp_loss":0.0,"gold_gain":0.0,"event_name":"Upgrade Shrine","player_choice":"Upgraded","floor":40.0,"gold_loss":0.0,"damage_taken":0.0,"cards_upgraded":["Adrenaline"]}],"is_beta":false,"boss_relics":[{"not_picked":["Runic Pyramid","Snecko Eye"],"picked":"Ring of the Serpent"},{"not_picked":["Coffee Dripper","Fusion Hammer"],"picked":"Empty Cage"}],"items_purged_floors":[19,53],"is_endless":false,"potions_floor_spawned":[6,12,13,14,16,21,23,30,38,41,46],"ascension_level":1}}