{"host":"2q4w55ev63ot6isg","time":1612342513,"event":{"mods":["Aspiration","BaseMod","Downfall","Hubris","Marisa????????","Minty Spire (QoL Compilation)","Replay The Spire","StSLib","The Cursed","The Jungle","The Servant 0.9.4"],"gold_per_floor":[109,129,129,54,67,67,67,67,67,82,92,2,2,22,22,127,127,139,139,64,64,74,133,133,161,206,247,292,47,47,87,87,192,192,237,282,300,49,87,87,87,87,87,87,97,97,97,111,111,111],"floor_reached":51,"language":"ENG","playtime":2610,"items_purged":["Strike_P","Strike_P"],"score":900,"play_id":"3a73b60d-569d-403f-ba86-92ef04fb130a","local_time":"20210203005513","is_ascension_mode":true,"campfire_choices":[{"data":"Prostrate","floor":6,"key":"SMITH"},{"data":"Pray","floor":8,"key":"SMITH"},{"data":"Discovery","floor":13,"key":"SMITH"},{"floor":15,"key":"REST"},{"floor":24,"key":"REST"},{"floor":30,"key":"REST"},{"floor":32,"key":"REST"},{"data":"Devotion","floor":40,"key":"SMITH"},{"data":"Wish","floor":42,"key":"SMITH"},{"data":"DeusExMachina","floor":47,"key":"SMITH"},{"floor":49,"key":"REST"}],"circlet_count":0,"master_deck":["Defend_P","Defend_P","Defend_P","Defend_P","Eruption","Vigilance","sneckomod:Strike","TheCursedMod:Strike_TheCursed","Prostrate+1","Pray+1","Vault","Evaluate","Discovery+1","Wish+1","CutThroughFate","Brilliance","Perseverance","Devotion+1","Protect","FlurryOfBlows","LikeWater+1","Nirvana+1","DeusExMachina","Perseverance+1","Evaluate+1","DeusExMachina+1","ThirdEye+1","Finesse","Wireheading+1","Halt"],"relics":["PureWater","Ice Cream","ReplayTheSpireMod:Lightbulb","Boot","Honey Jar","hubris:Metronome","hubris:DeckOfHolding","Replay:Wax Seal","Garlic","VioletLotus","OrangePellets","Regal Pillow","hubris:ToyBattleship","hubris:Towel"],"acts_visited":["Exordium","TheCity","TheBeyond"],"potions_floor_usage":[14,16,33,35,35,39,50,50],"damage_taken":[{"damage":0,"enemies":"Cultist","floor":1,"turns":2},{"damage":5,"enemies":"2 Louse","floor":2,"turns":3},{"damage":0,"enemies":"Small Slimes","floor":5,"turns":3},{"damage":10,"enemies":"3 Louse","floor":10,"turns":3},{"damage":9,"enemies":"Red Slaver","floor":11,"turns":3},{"damage":11,"enemies":"Gremlin Gang","floor":14,"turns":4},{"damage":2,"enemies":"Hexaghost","floor":16,"turns":7},{"damage":0,"enemies":"Spheric Guardian","floor":18,"turns":1},{"damage":0,"enemies":"Shell Parasite","floor":22,"turns":4},{"damage":50,"enemies":"Gremlin Leader","floor":23,"turns":7},{"damage":11,"enemies":"Book of Stabbing","floor":25,"turns":4},{"damage":0,"enemies":"Centurion and Healer","floor":27,"turns":4},{"damage":16,"enemies":"Chosen and Byrds","floor":28,"turns":7},{"damage":0,"enemies":"Sentry and Sphere","floor":31,"turns":4},{"damage":2,"enemies":"Automaton","floor":33,"turns":8},{"damage":13,"enemies":"3 Darklings","floor":35,"turns":5},{"damage":0,"enemies":"3 Shapes","floor":36,"turns":5},{"damage":0,"enemies":"Sphere and 2 Shapes","floor":37,"turns":8},{"damage":5,"enemies":"3 Darklings","floor":39,"turns":8},{"damage":0,"enemies":"Maw","floor":45,"turns":6},{"damage":0,"enemies":"Writhing Mass","floor":48,"turns":4},{"damage":6,"enemies":"hubris:GrandSnecko","floor":50,"turns":10}],"seed_played":"-4318843415455656818","potions_obtained":[{"floor":11,"key":"Adrenaline Potion"},{"floor":14,"key":"PowerPotion"},{"floor":16,"key":"Ancient Potion"},{"floor":22,"key":"Explosive Potion"},{"floor":23,"key":"SteroidPotion"},{"floor":27,"key":"AttackPotion"},{"floor":28,"key":"Swift Potion"},{"floor":36,"key":"Languid Potion"},{"floor":37,"key":"DuplicationPotion"},{"floor":39,"key":"SpeedPotion"},{"floor":45,"key":"Slimebound:ThreeZeroPotion"}],"is_trial":false,"path_per_floor":["M","M","?","$","M","R","?","R","T","M","M","$","R","M","R","B",null,"M","?","?","?","M","E","R","E","T","M","M","$","R","M","R","B",null,"M","M","M","$","M","R","?","R","T","T","M","?","R","M","R","B",null],"character_chosen":"WATCHER","items_purchased":["Discovery","Garlic","OrangePellets"],"campfire_rested":5,"item_purchase_floors":[12,29,38],"current_hp_per_floor":[65,60,57,57,57,57,50,50,50,40,31,31,31,20,41,39,64,64,64,64,64,64,14,35,24,24,24,8,8,29,29,50,48,66,53,53,53,53,48,48,48,48,48,48,48,48,48,48,72,66],"gold":111,"neow_bonus":"ONE_RARE_RELIC","is_daily":false,"chose_seed":false,"campfire_upgraded":6,"win_rate":0.0,"timestamp":1612342513,"path_taken":["M","?","?","$","M","R","?","R","T","M","?","$","R","M","R","BOSS","M","?","?","?","?","E","R","E","T","M","M","$","R","M","R","BOSS","M","M","?","$","M","R","?","R","T","?","M","?","R","M","R","BOSS"],"items_purchased_type":["Card","Relic","Relic"],"build_version":"2020-12-22","purchased_purges":2,"victory":true,"max_hp_per_floor":[72,72,72,72,72,72,72,72,72,72,72,72,72,72,72,72,72,72,72,72,72,72,72,72,72,72,72,72,72,72,72,72,72,72,72,72,72,72,72,72,72,72,72,72,72,72,72,72,72,72],"card_choices":[{"not_picked":["EmptyFist","ThirdEye"],"picked":"Prostrate","floor":1},{"not_picked":["FearNoEvil","FlyingSleeves","Replay:Battleflow"],"picked":"SKIP","floor":2},{"not_picked":["PathToVictory","WreathOfFlame"],"picked":"Pray","floor":5},{"not_picked":["DeceiveReality","FlurryOfBlows"],"picked":"Vault","floor":10},{"not_picked":["Conclude","Replay:BluntJabs"],"picked":"Evaluate","floor":11},{"not_picked":["Replay:AtTheReady","Swivel","FlyingSleeves"],"picked":"SKIP","floor":14},{"not_picked":["ConjureBlade","Replay:AllIn"],"picked":"Wish","floor":16},{"not_picked":["Crescendo+1","FlyingSleeves","Replay:Hum"],"picked":"CutThroughFate","floor":18},{"not_picked":["EmptyBody","EmptyFist","Crescendo"],"picked":"Perseverance","floor":22},{"not_picked":["BowlingBash","Replay:BluntJabs+1","ThirdEye+1"],"picked":"Devotion","floor":23},{"not_picked":["BowlingBash+1","CutThroughFate","PathToVictory+1"],"picked":"Protect","floor":25},{"not_picked":["Swivel","EmptyFist","Crescendo+1"],"picked":"FlurryOfBlows","floor":27},{"not_picked":["FlyingSleeves","Replay:ManipulateFuture","Evaluate"],"picked":"LikeWater+1","floor":28},{"not_picked":["SashWhip","EmptyBody","Replay:Cycle"],"picked":"Nirvana+1","floor":31},{"not_picked":["Scrawl","ConjureBlade","Vault"],"picked":"DeusExMachina","floor":33},{"not_picked":["Indignation+1","SashWhip","ThirdEye"],"picked":"Perseverance+1","floor":35},{"not_picked":["FlyingSleeves+1","CarveReality+1","ThirdEye"],"picked":"Evaluate+1","floor":36},{"not_picked":["ThirdEye","SashWhip+1","EmptyBody+1"],"picked":"DeusExMachina","floor":37},{"not_picked":["SashWhip+1","InnerPeace","FollowUp"],"picked":"ThirdEye+1","floor":39},{"not_picked":["HandOfGreed","Transmutation","PanicButton"],"picked":"Finesse","floor":41},{"not_picked":["ThirdEye+1","BowlingBash","Conclude+1"],"picked":"Wireheading+1","floor":45},{"not_picked":["Vengeance+1","Collect","DeceiveReality+1"],"picked":"Halt","floor":48}],"player_experience":205632,"relics_obtained":[{"floor":9,"key":"Boot"},{"floor":23,"key":"hubris:Metronome"},{"floor":25,"key":"hubris:DeckOfHolding"},{"floor":26,"key":"Replay:Wax Seal"},{"floor":43,"key":"Regal Pillow"},{"floor":44,"key":"hubris:ToyBattleship"}],"event_choices":[{"damage_healed":0,"gold_gain":0,"player_choice":"Success","damage_taken":3,"relics_obtained":["ReplayTheSpireMod:Lightbulb"],"max_hp_gain":0,"max_hp_loss":0,"event_name":"Scrap Ooze","floor":3,"gold_loss":0},{"damage_healed":0,"gold_gain":0,"player_choice":"Damaged","damage_taken":7,"max_hp_gain":0,"max_hp_loss":0,"event_name":"Wheel of Change","floor":7,"gold_loss":0},{"damage_healed":0,"gold_gain":0,"player_choice":"Ignored","damage_taken":0,"max_hp_gain":0,"max_hp_loss":0,"event_name":"Vampires","floor":19,"gold_loss":0},{"cards_removed":["Strike_P"],"damage_healed":0,"gold_gain":0,"player_choice":"Gave Gold","damage_taken":0,"max_hp_gain":0,"max_hp_loss":0,"event_name":"Beggar","floor":20,"gold_loss":75},{"damage_healed":0,"gold_gain":0,"cards_transformed":["Strike_P"],"player_choice":"Transformed","damage_taken":0,"max_hp_gain":0,"max_hp_loss":0,"event_name":"Transmorgrifier","floor":21,"gold_loss":0,"cards_obtained":["Brilliance"]},{"damage_healed":0,"gold_gain":0,"player_choice":"Memory 1","damage_taken":0,"max_hp_gain":0,"max_hp_loss":0,"event_name":"SensoryStone","floor":41,"gold_loss":0}],"is_beta":false,"boss_relics":[{"not_picked":["aspiration:SilentSkillbook","hubris:Stopwatch"],"picked":"Honey Jar"},{"not_picked":["aspiration:FutureDiary","Tiny House"],"picked":"VioletLotus"}],"items_purged_floors":[4,38],"is_endless":false,"potions_floor_spawned":[11,14,16,22,23,27,28,36,37,39,45],"ascension_level":6}}