{"host":"27tk4xseidcli2mr","time":1612356198,"event":{"mods":["2.2 Compatiblity","AchievementEnabler","Aspiration","BaseMod","Better Third Choice","Conspire","Custom Start","Downfall","Hubris","Infinite Spire","Jorbs\u0027s Wanderer Trilogy","Minty Spire (QoL Compilation)","Replay The Spire","StSLib","SuperFastMode","[IsaacMod]????"],"gold_per_floor":[116,116,116,134,153,183,183,197,221,121,148,148,172,187,187,195,195],"floor_reached":16,"language":"ENG","playtime":440,"items_purged":[],"score":224,"play_id":"7f792fa8-a478-4b37-95e9-b3b4d095374e","local_time":"20210203134318","is_ascension_mode":true,"campfire_choices":[{"data":"Impervious","floor":7.0,"key":"SMITH"},{"floor":15.0,"key":"DIG"}],"circlet_count":0,"master_deck":["AscendersBane","Strike_R","Strike_R","Strike_R","Strike_R","Defend_R","Defend_R","Defend_R","Defend_R","Bash+1","Thunderclap","Replay:Undeath\u0027s Touch","Impervious+1","Heavy Blade","Ghostly","Flex","Iron Wave"],"relics":["Burning Blood","HushsDoor","NineVolt","Mercury Hourglass","Boot","infinitespire:Midas Blood","hubris:Icosahedron","Replay:Wax Seal"],"acts_visited":["Exordium"],"potions_floor_usage":[16],"damage_taken":[{"damage":9.0,"enemies":"Jaw Worm","floor":1.0,"turns":4.0},{"damage":1.0,"enemies":"Cultist","floor":4.0,"turns":3.0},{"damage":1.0,"enemies":"2 Louse","floor":5.0,"turns":3.0},{"damage":49.0,"enemies":"Lagavulin","floor":6.0,"turns":8.0},{"damage":8.0,"enemies":"Red Slaver","floor":8.0,"turns":3.0},{"damage":30.0,"enemies":"3 Sentries","floor":11.0,"turns":7.0},{"damage":2.0,"enemies":"Looter","floor":13.0,"turns":3.0},{"damage":0.0,"enemies":"2 Fungi Beasts","floor":14.0,"turns":3.0},{"damage":42,"enemies":"Fading Forest","floor":16,"turns":7}],"seed_played":"-1706131801636371866","potions_obtained":[{"floor":1.0,"key":"BloodPotion"},{"floor":5.0,"key":"Fire Potion"},{"floor":13.0,"key":"SpeedPotion"}],"is_trial":false,"path_per_floor":["M","T","?","M","M","E","R","M","T","?","E","?","M","M","R","B"],"character_chosen":"IRONCLAD","items_purchased":[],"campfire_rested":0,"item_purchase_floors":[],"current_hp_per_floor":[65,65,65,70,75,32,32,30,30,30,21,21,25,31,31,0,0],"gold":195,"neow_bonus":"RANDOM_EVENT","is_daily":false,"chose_seed":false,"campfire_upgraded":1,"win_rate":0.0,"timestamp":1612356198,"path_taken":["M","?","?","M","?","E","R","M","T","?","E","?","M","M","R","BOSS"],"items_purchased_type":[],"build_version":"2020-12-22","purchased_purges":0,"victory":false,"max_hp_per_floor":[75,75,75,75,75,75,75,75,75,75,75,75,75,75,75,75,75],"card_choices":[{"not_picked":["ReplayTheSpireMod:Strike From Hell","Warcry"],"picked":"Thunderclap","floor":1.0},{"not_picked":["Bloodletting","Massacre"],"picked":"Replay:Undeath\u0027s Touch","floor":4.0},{"not_picked":["Perfected Strike","Wild Strike"],"picked":"Impervious","floor":5.0},{"not_picked":["Body Slam","Twin Strike"],"picked":"Heavy Blade","floor":6.0},{"not_picked":["Rage","ReplayTheSpireMod:Stacked","Sever Soul"],"picked":"SKIP","floor":8.0},{"not_picked":["Twin Strike","Intimidate"],"picked":"Flex","floor":11.0},{"not_picked":["ReplayTheSpireMod:Strike From Hell","hubris:CleavingFinish","Heavy Blade"],"picked":"SKIP","floor":13.0},{"not_picked":["Wild Strike","Searing Blow"],"picked":"Iron Wave","floor":14.0}],"player_experience":1312749,"relics_obtained":[{"floor":2.0,"key":"Mercury Hourglass"},{"floor":6.0,"key":"Boot"},{"floor":11.0,"key":"infinitespire:Midas Blood"},{"floor":15.0,"key":"Replay:Wax Seal"}],"event_choices":[{"cards_removed":["Strike_R"],"damage_healed":0.0,"max_hp_gain":0.0,"max_hp_loss":0.0,"gold_gain":0.0,"event_name":"Living Wall","player_choice":"Forget","floor":0.0,"gold_loss":0.0,"damage_taken":0.0},{"damage_healed":0.0,"max_hp_gain":0.0,"max_hp_loss":0.0,"gold_gain":0.0,"event_name":"conspire:LoneGhost","player_choice":"Argue","floor":10.0,"gold_loss":0.0,"damage_taken":0.0}],"is_beta":false,"boss_relics":[],"items_purged_floors":[],"is_endless":false,"potions_floor_spawned":[1,5,13],"killed_by":"Fading Forest","ascension_level":20}}