{"host":"utqe55yv0jihe4d6","time":1612322072,"event":{"mods":["2.2 Compatiblity","AchievementEnabler","BaseMod","Block Reminder","Colored Map","Colored Powertips","Minty Spire (QoL Compilation)","Quick Restart","Rare Cards Sparkle","Relic Stats","SuperFastMode"],"gold_per_floor":[111,111,126,126,147,147,183,203,228,228,241,241,285,306,306,306,306],"floor_reached":16,"language":"ENG","playtime":399,"items_purged":[],"score":224,"play_id":"0f36876f-2fc0-467a-8147-9e776390c47b","local_time":"20210202221432","is_ascension_mode":true,"campfire_choices":[{"data":"Neutralize","floor":6,"key":"SMITH"},{"floor":10,"key":"REST"},{"floor":12,"key":"REST"},{"data":"Bane","floor":15,"key":"SMITH"}],"circlet_count":0,"master_deck":["AscendersBane","Strike_G","Strike_G","Strike_G","Strike_G","Strike_G","Defend_G","Defend_G","Defend_G","Defend_G","Defend_G","Survivor","Neutralize+1","Poisoned Stab","Deadly Poison","Noxious Fumes","Flying Knee","Deflect","Bane+1"],"relics":["Ring of the Snake","Golden Idol","Nunchaku","Bag of Marbles","Oddly Smooth Stone"],"acts_visited":["Exordium"],"potions_floor_usage":[16],"damage_taken":[{"damage":6,"enemies":"Small Slimes","floor":1,"turns":5},{"damage":0,"enemies":"2 Louse","floor":3,"turns":3},{"damage":0,"enemies":"Jaw Worm","floor":5,"turns":4},{"damage":13,"enemies":"Lagavulin","floor":7,"turns":6},{"damage":23,"enemies":"Large Slime","floor":8,"turns":6},{"damage":6,"enemies":"Lots of Slimes","floor":11,"turns":4},{"damage":21,"enemies":"3 Sentries","floor":13,"turns":8},{"damage":7,"enemies":"Blue Slaver","floor":14,"turns":3},{"damage":23,"enemies":"Slime Boss","floor":16,"turns":5}],"seed_played":"-8548733036842208947","potions_obtained":[{"floor":1,"key":"GamblersBrew"},{"floor":7,"key":"Dexterity Potion"},{"floor":11,"key":"Ancient Potion"},{"floor":13,"key":"Energy Potion"},{"floor":14,"key":"SteroidPotion"}],"is_trial":false,"path_per_floor":["M","?","M","?","M","R","E","M","T","R","M","R","E","M","R","B"],"character_chosen":"THE_SILENT","items_purchased":[],"campfire_rested":2,"item_purchase_floors":[],"current_hp_per_floor":[50,50,50,50,50,50,37,14,14,35,29,50,29,22,22,0,0],"gold":306,"neow_bonus":"TWENTY_PERCENT_HP_BONUS","is_daily":false,"chose_seed":false,"campfire_upgraded":2,"win_rate":0.0,"timestamp":1612322072,"path_taken":["M","?","M","?","M","R","E","M","T","R","M","R","E","M","R","BOSS"],"items_purchased_type":[],"build_version":"2020-12-22","purchased_purges":0,"victory":false,"max_hp_per_floor":[78,71,71,71,71,71,71,71,71,71,71,71,71,71,71,71,71],"relic_stats":{"Nunchaku":[4],"counters":[9,44],"Golden Idol":34,"obtain_stats":[{"Nunchaku":7,"Golden Idol":2,"Oddly Smooth Stone":13,"Bag of Marbles":9,"Ring of the Snake":0},{"Nunchaku":4,"Golden Idol":1,"Oddly Smooth Stone":7,"Bag of Marbles":5,"Ring of the Snake":0},{"Nunchaku":18,"Golden Idol":5,"Oddly Smooth Stone":36,"Bag of Marbles":24,"Ring of the Snake":0}],"Ring of the Snake":[18]},"card_choices":[{"not_picked":["Escape Plan","Underhanded Strike"],"picked":"Poisoned Stab","floor":1},{"not_picked":["PiercingWail","Cloak And Dagger"],"picked":"Deadly Poison","floor":3},{"not_picked":["Underhanded Strike","Setup"],"picked":"Noxious Fumes","floor":5},{"not_picked":["Backflip","Bouncing Flask"],"picked":"Flying Knee","floor":7},{"not_picked":["Heel Hook","Riddle With Holes","Poisoned Stab"],"picked":"SKIP","floor":8},{"not_picked":["Blur","Distraction","Setup"],"picked":"SKIP","floor":11},{"not_picked":["Blur","Slice"],"picked":"Deflect","floor":13},{"not_picked":["Distraction","Poisoned Stab"],"picked":"Bane","floor":14}],"player_experience":3002264,"relics_obtained":[{"floor":7,"key":"Nunchaku"},{"floor":9,"key":"Bag of Marbles"},{"floor":13,"key":"Oddly Smooth Stone"}],"event_choices":[{"damage_healed":0,"gold_gain":0,"player_choice":"Lose Max HP","damage_taken":0,"relics_obtained":["Golden Idol"],"max_hp_gain":0,"max_hp_loss":7,"event_name":"Golden Idol","floor":2,"gold_loss":0},{"damage_healed":0,"gold_gain":0,"player_choice":"Ignored","damage_taken":0,"max_hp_gain":0,"max_hp_loss":0,"event_name":"Liars Game","floor":4,"gold_loss":0}],"is_beta":false,"boss_relics":[],"items_purged_floors":[],"is_endless":false,"potions_floor_spawned":[1,7,11,13,14],"killed_by":"Slime Boss","ascension_level":20}}