{"host":"1y3caoxlf2txzqg0","time":1612377722,"event":{"mods":["BaseMod","Clockwork Mod","DeckTracker","GifTheSpireLib","Minty Spire (QoL Compilation)","Relic Stats","StSLib"],"gold_per_floor":[116,116,132,145,145,171,171,200,200,200,220,190,190,210,210,210,210],"floor_reached":16,"language":"DEU","playtime":3412,"items_purged":[],"score":110,"play_id":"e2566421-24a8-4fbd-9765-a93967915d48","local_time":"20210203194202","is_ascension_mode":false,"campfire_choices":[{"floor":7.0,"key":"REST"},{"floor":10.0,"key":"REST"},{"floor":13,"key":"RECALL"},{"floor":15,"key":"REST"}],"circlet_count":0,"master_deck":["Clockwork:Strike","Clockwork:Strike","Clockwork:Strike","Clockwork:Strike","Clockwork:Shield","Clockwork:Shield","Clockwork:Shield","Clockwork:Shield","Clockwork:Tinker","Clockwork:WarmUp","Clockwork:ForgeStrike+1","Clockwork:AdaptiveShield","Clockwork:SystemHardening","Clockwork:Roundhouse","Clockwork:TimeOut","Clockwork:SpringShield","Clockwork:AdaptiveCannon","Clockwork:AdaptiveCannon"],"relics":["Clockwork:MomentumEngine","WingedGreaves","Gremlin Horn"],"acts_visited":["Exordium"],"potions_floor_usage":[16],"damage_taken":[{"damage":6.0,"enemies":"2 Louse","floor":1.0,"turns":6.0},{"damage":13.0,"enemies":"Cultist","floor":3.0,"turns":6.0},{"damage":0.0,"enemies":"Jaw Worm","floor":4.0,"turns":8.0},{"damage":32.0,"enemies":"Gremlin Nob","floor":6.0,"turns":9.0},{"damage":28.0,"enemies":"3 Sentries","floor":8.0,"turns":13.0},{"damage":7.0,"enemies":"Lots of Slimes","floor":11.0,"turns":4.0},{"damage":0,"enemies":"Looter","floor":12,"turns":4},{"damage":9,"enemies":"Exordium Thugs","floor":14,"turns":5},{"damage":79,"enemies":"Hexaghost","floor":16,"turns":16}],"seed_played":"-7167697406443559098","potions_obtained":[{"floor":1.0,"key":"Weak Potion"},{"floor":3.0,"key":"EssenceOfSteel"},{"floor":11.0,"key":"ColorlessPotion"}],"is_trial":false,"path_per_floor":["M","?","M","M","?","E","R","E","T","R","M","M","R","M","R","B"],"character_chosen":"CLOCKWORK","items_purchased":[],"campfire_rested":3,"item_purchase_floors":[],"current_hp_per_floor":[87,87,74,74,74,42,69,41,41,68,61,61,61,52,79,0,0],"gold":210,"neow_bonus":"TEN_PERCENT_HP_BONUS","is_daily":false,"chose_seed":false,"campfire_upgraded":0,"win_rate":0.0,"timestamp":1612377722,"path_taken":["M","?","?","M","?","E","R","E","T","R","?","M","R","M","R","BOSS"],"items_purchased_type":[],"build_version":"2020-12-22","purchased_purges":0,"victory":false,"max_hp_per_floor":[93,93,93,93,93,93,93,93,93,93,93,93,93,93,93,93,93],"relic_stats":{"Gremlin Horn":[5,5],"counters":[9,71],"obtain_stats":[{"Clockwork:MomentumEngine":0,"Gremlin Horn":8,"WingedGreaves":6},{"Clockwork:MomentumEngine":0,"Gremlin Horn":5,"WingedGreaves":4},{"Clockwork:MomentumEngine":0,"Gremlin Horn":42,"WingedGreaves":29}]},"card_choices":[{"not_picked":["Clockwork:Pluck","Clockwork:SmithsMallet"],"picked":"Clockwork:ForgeStrike","floor":1.0},{"not_picked":["Clockwork:LiteraryArmor","Clockwork:Pluck"],"picked":"Clockwork:AdaptiveShield","floor":3.0},{"not_picked":["Clockwork:RitualDaggerMk0","Clockwork:Downsize"],"picked":"Clockwork:SystemHardening","floor":4.0},{"not_picked":["Clockwork:SystemHardening","Clockwork:SearingStrike"],"picked":"Clockwork:Roundhouse","floor":6.0},{"not_picked":["Clockwork:ChargingShield","Clockwork:Improve"],"picked":"Clockwork:TimeOut","floor":8.0},{"not_picked":["Clockwork:Selectivity","Clockwork:SearchingStrike"],"picked":"Clockwork:SpringShield","floor":11.0},{"not_picked":["Clockwork:SystemHardening","Clockwork:TestingEnvironment"],"picked":"Clockwork:AdaptiveCannon","floor":12},{"not_picked":["Clockwork:ReserveSystems","Clockwork:RampUp"],"picked":"Clockwork:AdaptiveCannon","floor":14}],"player_experience":924819,"relics_obtained":[{"floor":6.0,"key":"WingedGreaves"},{"floor":8.0,"key":"Gremlin Horn"}],"event_choices":[{"damage_healed":0.0,"max_hp_gain":0.0,"max_hp_loss":0.0,"gold_gain":0.0,"event_name":"NoteForYourself","player_choice":"Ignored","floor":2.0,"gold_loss":0.0,"damage_taken":0.0},{"damage_healed":0.0,"max_hp_gain":0.0,"max_hp_loss":0.0,"gold_gain":0.0,"event_name":"Upgrade Shrine","player_choice":"Upgraded","floor":5.0,"gold_loss":0.0,"damage_taken":0.0,"cards_upgraded":["Clockwork:ForgeStrike"]}],"is_beta":false,"boss_relics":[],"items_purged_floors":[],"is_endless":false,"potions_floor_spawned":[1,3,11],"killed_by":"Hexaghost","ascension_level":0}}