{"host":"2q82lssse0ckn8xu","time":1612367361,"event":{"mods":["AchievementEnabler","BaseMod","Colored Map","Colored Powertips","Minty Spire (QoL Compilation)","Permanent Neow","Quick Restart","StSLib","The Saiyan","Unceasing Turn Reminder"],"gold_per_floor":[112,132,150,150,167,167,117,136,159,189,199,199,262,277,277,378,378,395,395,421,435,435,454,454,464,536,536,536,536,547,565,565,664,664,676,688,703,628,642,642,656,584,631,631,62,87,137,153,153,153],"floor_reached":51,"language":"ENG","playtime":3576,"items_purged":["Writhe"],"score":1018,"play_id":"d8f4fe88-fd36-4d46-a199-8c369022cbf1","local_time":"20210203211921","is_ascension_mode":true,"campfire_choices":[{"floor":6.0,"key":"REST"},{"data":"BattleHymn","floor":12.0,"key":"SMITH"},{"floor":15.0,"key":"REST"},{"floor":27.0,"key":"REST"},{"data":"Wallop","floor":29.0,"key":"SMITH"},{"floor":32.0,"key":"REST"},{"floor":40.0,"key":"REST"},{"floor":44.0,"key":"REST"},{"floor":49,"key":"REST"}],"circlet_count":0,"master_deck":["Strike_P","Strike_P","Strike_P","Strike_P","Defend_P","Defend_P","Defend_P","Eruption","Vigilance","Evaluate","Crescendo","BattleHymn+1","ThirdEye","Wallop+1","CutThroughFate","Study","Sanctity","Adaptation","Ragnarok","PathToVictory","Conclude","LikeWater","Tantrum","FollowUp","WheelKick","LikeWater+1","Meditate","DevaForm","Crescendo+1","Prostrate","Establishment","Perseverance","Protect","ClearTheMind","Conclude+1"],"relics":["HolyWater","Bag of Preparation","Regal Pillow","Damaru","Lizard Tail","Red Mask","Bird Faced Urn","Mummified Hand","FaceOfCleric","Busted Crown","Bronze Scales","HornCleat","Yang","GoldenEye"],"acts_visited":["Exordium","TheCity","TheBeyond"],"potions_floor_usage":[46,47,50,50,50],"damage_taken":[{"damage":0.0,"enemies":"Small Slimes","floor":1.0,"turns":3.0},{"damage":0.0,"enemies":"Jaw Worm","floor":2.0,"turns":3.0},{"damage":0.0,"enemies":"2 Louse","floor":3.0,"turns":3.0},{"damage":8.0,"enemies":"2 Fungi Beasts","floor":5.0,"turns":4.0},{"damage":1.0,"enemies":"Red Slaver","floor":8.0,"turns":2.0},{"damage":14.0,"enemies":"Gremlin Nob","floor":10.0,"turns":3.0},{"damage":5.0,"enemies":"Blue Slaver","floor":11.0,"turns":3.0},{"damage":20.0,"enemies":"Lagavulin Event","floor":13.0,"turns":5.0},{"damage":8.0,"enemies":"Lots of Slimes","floor":14.0,"turns":3.0},{"damage":17.0,"enemies":"The Guardian","floor":16.0,"turns":10.0},{"damage":28.0,"enemies":"2 Thieves","floor":18.0,"turns":5.0},{"damage":41.0,"enemies":"Masked Bandits","floor":20.0,"turns":4.0},{"damage":5.0,"enemies":"Shell Parasite","floor":21.0,"turns":5.0},{"damage":2.0,"enemies":"Snecko","floor":23.0,"turns":3.0},{"damage":0.0,"enemies":"Cultist and Chosen","floor":25.0,"turns":4.0},{"damage":9.0,"enemies":"Centurion and Healer","floor":30.0,"turns":4.0},{"damage":0.0,"enemies":"3 Cultists","floor":31.0,"turns":2.0},{"damage":33.0,"enemies":"Automaton","floor":33.0,"turns":5.0},{"damage":8.0,"enemies":"Orb Walker","floor":35.0,"turns":4.0},{"damage":49.0,"enemies":"3 Darklings","floor":36.0,"turns":5.0},{"damage":20.0,"enemies":"Transient","floor":37.0,"turns":5.0},{"damage":0.0,"enemies":"Jaw Worm Horde","floor":39.0,"turns":2.0},{"damage":53.0,"enemies":"Sphere and 2 Shapes","floor":41.0,"turns":4.0},{"damage":50,"enemies":"Nemesis","floor":46,"turns":5},{"damage":0,"enemies":"Mind Bloom Boss Battle","floor":47,"turns":2},{"damage":17,"enemies":"Transient","floor":48,"turns":5},{"damage":110,"enemies":"Donu and Deca","floor":50,"turns":9}],"seed_played":"5803969804814380820","potions_obtained":[{"floor":2.0,"key":"LiquidMemories"},{"floor":10.0,"key":"Strength Potion"},{"floor":13.0,"key":"ColorlessPotion"},{"floor":18.0,"key":"Fruit Juice"},{"floor":21.0,"key":"Ancient Potion"},{"floor":31.0,"key":"PowerPotion"},{"floor":35.0,"key":"LiquidBronze"},{"floor":46,"key":"AttackPotion"},{"floor":47,"key":"SkillPotion"},{"floor":48,"key":"AttackPotion"}],"is_trial":false,"path_per_floor":["M","M","M","?","M","R","?","M","T","E","M","R","?","M","R","B",null,"M","?","?","M","?","M","?","M","T","R","?","R","M","M","R","B",null,"M","M","M","$","M","R","M","$","T","R","$","E","?","M","R","B",null],"character_chosen":"WATCHER","items_purchased":["Regen Potion","Establishment","HornCleat","Perseverance","Protect","AttackPotion"],"campfire_rested":7,"item_purchase_floors":[42,45,45,45,45,45],"current_hp_per_floor":[61,61,61,58,50,75,75,74,74,60,55,55,35,27,67,50,77,54,54,13,8,8,14,14,18,18,60,60,60,56,59,93,61,86,87,51,44,44,47,91,45,45,45,89,89,52,59,57,102,20],"gold":153,"neow_bonus":"TWENTY_PERCENT_HP_BONUS","is_daily":false,"chose_seed":false,"campfire_upgraded":2,"win_rate":0.0,"timestamp":1612367361,"path_taken":["M","M","M","?","M","R","?","M","T","E","M","R","?","M","R","BOSS","M","?","?","M","?","M","?","?","T","R","?","R","?","M","R","BOSS","M","M","?","$","M","R","?","$","T","R","$","E","?","M","R","BOSS"],"items_purchased_type":["Potion","Card","Relic","Card","Card","Potion"],"build_version":"2020-12-22","purchased_purges":1,"victory":true,"max_hp_per_floor":[86,86,86,86,86,86,86,86,86,86,86,86,86,86,86,86,86,91,91,91,91,91,91,91,91,91,91,91,91,92,93,93,94,94,95,96,97,97,98,98,99,99,99,99,99,100,101,102,102,103],"card_choices":[{"not_picked":["EmptyBody","BowlingBash"],"picked":"Evaluate","floor":1.0},{"not_picked":["BowlingBash","SashWhip"],"picked":"Crescendo","floor":2.0},{"not_picked":["Collect","ThirdEye"],"picked":"BattleHymn","floor":3.0},{"not_picked":["Crescendo","SashWhip"],"picked":"ThirdEye","floor":5.0},{"not_picked":["FearNoEvil","Scrawl"],"picked":"Wallop","floor":8.0},{"not_picked":["Consecrate","BowlingBash"],"picked":"CutThroughFate","floor":10.0},{"not_picked":["FollowUp","EmptyFist"],"picked":"Study","floor":11.0},{"not_picked":["Crescendo","Consecrate"],"picked":"Sanctity","floor":13.0},{"not_picked":["FearNoEvil","FlyingSleeves"],"picked":"Adaptation","floor":14.0},{"not_picked":["DeusExMachina","Omniscience"],"picked":"Ragnarok","floor":16.0},{"not_picked":["Crescendo","EmptyMind"],"picked":"PathToVictory","floor":18.0},{"not_picked":["Halt","Prostrate"],"picked":"LikeWater","floor":20.0},{"not_picked":["Consecrate","Halt+1"],"picked":"Tantrum","floor":21.0},{"not_picked":["EmptyMind","Consecrate"],"picked":"FollowUp","floor":23.0},{"not_picked":["MentalFortress+1","Sanctity"],"picked":"WheelKick","floor":25.0},{"not_picked":["Pray","Study"],"picked":"LikeWater+1","floor":30.0},{"not_picked":["PathToVictory","EmptyFist+1"],"picked":"Meditate","floor":31.0},{"not_picked":["MasterReality","Wish"],"picked":"DevaForm","floor":33.0},{"not_picked":[],"picked":"Crescendo+1","floor":35.0},{"not_picked":["FollowUp"],"picked":"SKIP","floor":36.0},{"not_picked":["EmptyBody"],"picked":"SKIP","floor":37.0},{"not_picked":[],"picked":"Prostrate","floor":39.0},{"not_picked":["CutThroughFate"],"picked":"SKIP","floor":41.0},{"not_picked":[],"picked":"ClearTheMind","floor":46},{"not_picked":[],"picked":"Conclude+1","floor":47},{"not_picked":["EmptyBody"],"picked":"SKIP","floor":48}],"player_experience":662579,"relics_obtained":[{"floor":9.0,"key":"Regal Pillow"},{"floor":10.0,"key":"Damaru"},{"floor":13.0,"key":"Lizard Tail"},{"floor":20.0,"key":"Red Mask"},{"floor":26.0,"key":"Mummified Hand"},{"floor":43.0,"key":"Bronze Scales"},{"floor":46,"key":"Yang"},{"floor":47,"key":"GoldenEye"}],"event_choices":[{"damage_healed":0.0,"max_hp_gain":0.0,"max_hp_loss":0.0,"gold_gain":0.0,"event_name":"Scrap Ooze","player_choice":"Success","floor":4.0,"gold_loss":0.0,"damage_taken":3.0,"relics_obtained":["Bag of Preparation"]},{"cards_removed":["Defend_P"],"damage_healed":0.0,"max_hp_gain":0.0,"max_hp_loss":0.0,"gold_gain":0.0,"event_name":"The Cleric","player_choice":"Card Removal","floor":7.0,"gold_loss":50.0,"damage_taken":0.0},{"damage_healed":0.0,"max_hp_gain":0.0,"max_hp_loss":0.0,"gold_gain":30.0,"event_name":"Dead Adventurer","player_choice":"Searched \u00273\u0027 times","floor":13.0,"gold_loss":0.0,"damage_taken":0.0},{"damage_healed":0.0,"max_hp_gain":0.0,"max_hp_loss":0.0,"gold_gain":0.0,"event_name":"The Library","player_choice":"Read","floor":19.0,"gold_loss":0.0,"damage_taken":0.0,"cards_obtained":["Conclude"]},{"damage_healed":0.0,"max_hp_gain":0.0,"max_hp_loss":0.0,"gold_gain":0.0,"event_name":"Masked Bandits","player_choice":"Fought Bandits","floor":20.0,"gold_loss":0.0,"damage_taken":0.0},{"damage_healed":0.0,"max_hp_gain":0.0,"max_hp_loss":0.0,"gold_gain":0.0,"event_name":"The Mausoleum","player_choice":"Opened","floor":22.0,"gold_loss":0.0,"damage_taken":0.0,"relics_obtained":["Bird Faced Urn"],"cards_obtained":["Writhe"]},{"damage_healed":0.0,"max_hp_gain":0.0,"max_hp_loss":0.0,"gold_gain":0.0,"event_name":"Match and Keep!","player_choice":"0 cards matched","floor":24.0,"gold_loss":0.0,"damage_taken":0.0,"cards_obtained":[]},{"damage_healed":0.0,"max_hp_gain":0.0,"max_hp_loss":0.0,"gold_gain":0.0,"event_name":"FaceTrader","player_choice":"Trade","floor":28.0,"gold_loss":0.0,"damage_taken":0.0,"relics_obtained":["FaceOfCleric"]},{"damage_healed":0,"gold_gain":0,"player_choice":"Fight","damage_taken":0,"max_hp_gain":0,"max_hp_loss":0,"event_name":"MindBloom","floor":47,"gold_loss":0}],"is_beta":false,"boss_relics":[{"not_picked":["SlaversCollar","Snecko Eye"],"picked":"HolyWater"},{"not_picked":["Astrolabe","Black Star"],"picked":"Busted Crown"}],"items_purged_floors":[38],"is_endless":false,"potions_floor_spawned":[2,10,13,18,21,31,35,46,47,48],"ascension_level":9}}