{"host":"drjz7zl15rqtgg20","time":1612390498,"event":{"mods":["BaseMod","Colored Map","Downfall","Minty Spire (QoL Compilation)","Permanent Neow","Quick Restart","StSLib"],"gold_per_floor":[99,115,131,143,143,43,43,68,133,146,46,73,73,58,69,168,168,68,84,84,103,116,116,116,12,12,46,61,96,96,125,138,242,242,242,258,308,325,225,225,225,251,251,278,278,325,360,360,378,378,378,378,378,378],"floor_reached":52,"language":"ENG","playtime":3256,"items_purged":["bronze:Strike","bronze:Strike","bronze:Strike"],"score":1053,"play_id":"0bbdc3f5-9ea5-45c4-ae76-3b19ef43c323","local_time":"20210203171458","is_ascension_mode":true,"campfire_choices":[{"floor":1,"key":"RECALL"},{"data":"bronze:Invalidate","floor":6,"key":"SMITH"},{"data":"bronze:FindAndReplace","floor":11,"key":"SMITH"},{"data":"bronze:Backtrace","floor":13,"key":"SMITH"},{"data":"bronze:SpaghettiCode","floor":18,"key":"SMITH"},{"data":"bronze:Boost","floor":23,"key":"SMITH"},{"data":"bronze:Assembly","floor":26,"key":"SMITH"},{"data":"bronze:ThunderWave","floor":35,"key":"SMITH"},{"data":"bronze:MaxOutput","floor":43,"key":"SMITH"},{"data":"bronze:AlphaBuild","floor":45,"key":"SMITH"}],"circlet_count":0,"master_deck":["bronze:Defend","bronze:Defend","bronze:Defend","bronze:Defend","bronze:Replicate","bronze:Goto","bronze:Format","bronze:Invalidate+1","bronze:Optimize","bronze:DelayedSlice","bronze:Spike","bronze:FollowUp","bronze:Boost+1","bronze:FindAndReplace+1","bronze:Backtrace+1","bronze:SpaghettiCode+1","bronze:DelayedSlice+1","bronze:Assembly+1","bronze:InfiniteBeams","bronze:FineTuning+1","bronze:Shell+1","bronze:ChosenStrike","bronze:AlphaBuild+1","RitualDagger","bronze:MaxOutput+1","bronze:ThunderWave+1","bronze:FineTuning+1","bronze:Shell"],"relics":["bronze:BronzeCore","downfall:HeartBlessingRed","Bag of Marbles","Guardian:PocketSentry","downfall:HeartBlessingBlue","Shuriken","Black Star","downfall:HeartBlessingGreen","MealTicket","The Courier","Red Mask","Mummified Hand","Juzu Bracelet","CaptainsWheel","Strawberry","Singing Bowl","bronze:MakeshiftBattery","WingedGreaves","Blue Candle","White Beast Statue","Centennial Puzzle","Lantern","HornCleat","Darkstone Periapt","Bird Faced Urn","Eternal Feather","Thread and Needle"],"acts_visited":["Exordium","TheCity","TheBeyond","TheEnding"],"potions_floor_usage":[16,32,46,50],"damage_taken":[{"damage":0,"enemies":"2 Louse","floor":2,"turns":2},{"damage":0,"enemies":"Jaw Worm","floor":3,"turns":3},{"damage":0,"enemies":"Small Slimes","floor":4,"turns":2},{"damage":8,"enemies":"Small Slimes","floor":5,"turns":3},{"damage":0,"enemies":"Gremlin Nob","floor":8,"turns":2},{"damage":4,"enemies":"3 Sentries","floor":9,"turns":4},{"damage":0,"enemies":"Large Slime","floor":10,"turns":3},{"damage":6,"enemies":"3 Sentries","floor":12,"turns":4},{"damage":0,"enemies":"downfall:FleeingMerchant","floor":14,"turns":4},{"damage":0,"enemies":"3 Louse","floor":15,"turns":2},{"damage":30,"enemies":"IC_STATUS_ARCHETYPE","floor":16,"turns":5},{"damage":0,"enemies":"Chosen","floor":19,"turns":3},{"damage":0,"enemies":"Snecko","floor":21,"turns":3},{"damage":14,"enemies":"Shelled Parasite and Fungi","floor":22,"turns":3},{"damage":2,"enemies":"downfall:FleeingMerchant","floor":25,"turns":4},{"damage":0,"enemies":"Masked Bandits","floor":27,"turns":1},{"damage":0,"enemies":"downfall:FleeingMerchant","floor":28,"turns":2},{"damage":0,"enemies":"Slavers","floor":29,"turns":2},{"damage":0,"enemies":"Book of Stabbing","floor":31,"turns":4},{"damage":0,"enemies":"Centurion and Healer","floor":32,"turns":2},{"damage":39,"enemies":"DF_ARCHETYPE_CLAW","floor":33,"turns":7},{"damage":0,"enemies":"3 Shapes","floor":36,"turns":1},{"damage":0,"enemies":"3 Shapes","floor":37,"turns":3},{"damage":0,"enemies":"Orb Walker","floor":38,"turns":2},{"damage":0,"enemies":"Reptomancer","floor":42,"turns":3},{"damage":0,"enemies":"Nemesis","floor":44,"turns":3},{"damage":0,"enemies":"2 Orb Walkers","floor":46,"turns":3},{"damage":0,"enemies":"Reptomancer","floor":47,"turns":3},{"damage":0,"enemies":"Sphere and 2 Shapes","floor":49,"turns":2},{"damage":84,"enemies":"WA_ARCHETYPE_DIVINITY","floor":50,"turns":7},{"damage":49,"enemies":"downfall:CharBossMerchant","floor":52,"turns":7}],"seed_played":"-5395629076466909555","potions_obtained":[{"floor":4,"key":"DistilledChaos"},{"floor":5,"key":"Strength Potion"},{"floor":15,"key":"Energy Potion"},{"floor":16,"key":"Fruit Juice"},{"floor":19,"key":"champ:CounterPotion"},{"floor":32,"key":"CultistPotion"},{"floor":42,"key":"Swift Potion"},{"floor":46,"key":"FairyPotion"}],"is_trial":false,"path_per_floor":["R","M","M","M","?","R","T","E","?","M","R","E","R","$","M","B",null,"R","M","?","M","M","R","T","$","R","?","$","E","?","E","M","B",null,"R","M","?","M","$","?","T","E","R","E","R","?","E","?","M","B",null,"E"],"character_chosen":"THE_AUTOMATON","items_purchased":["bronze:InfiniteBeams","bronze:ChosenStrike","Mummified Hand"],"campfire_rested":0,"item_purchase_floors":[25,28,28],"current_hp_per_floor":[70,70,70,70,62,62,62,62,58,58,68,62,62,62,62,37,85,85,85,85,85,71,71,71,83,83,83,85,85,79,88,88,49,94,94,96,98,98,98,93,93,95,95,97,97,99,106,108,108,26,108,59,59,59],"gold":378,"neow_bonus":"TRANSFORM_CARD","is_daily":false,"chose_seed":false,"campfire_upgraded":9,"win_rate":0.0,"timestamp":1612390498,"path_taken":["R","M","M","M","?","R","T","E","?","M","R","E","R","$","M","BOSS","R","M","?","M","M","R","T","$","R","?","$","E","?","E","M","BOSS","R","M","?","M","$","?","T","E","R","E","R","?","E","?","M","BOSS","E"],"items_purchased_type":["Card","Card","Relic"],"build_version":"2020-12-22","purchased_purges":3,"victory":false,"max_hp_per_floor":[70,70,70,70,70,70,70,70,70,70,80,80,80,80,80,85,85,85,85,85,85,85,85,85,85,85,85,85,85,85,94,94,94,94,94,96,98,98,98,98,98,100,100,102,102,104,106,108,108,108,108,108,108,108],"card_choices":[{"not_picked":["bronze:NullPointer","bronze:CutThrough"],"picked":"bronze:Invalidate","floor":2},{"not_picked":["bronze:BugBarrage","bronze:FineTuning"],"picked":"bronze:Optimize","floor":3},{"not_picked":["bronze:NullPointer","bronze:Frontload"],"picked":"bronze:DelayedSlice","floor":4},{"not_picked":[],"picked":"bronze:Spike","floor":5},{"not_picked":["bronze:CutThrough","bronze:DigitalCarnage"],"picked":"bronze:FollowUp","floor":5},{"not_picked":["bronze:Branch","bronze:Deprecate"],"picked":"bronze:Boost","floor":8},{"not_picked":["bronze:BitShift","bronze:BuggyMess"],"picked":"bronze:FindAndReplace","floor":9},{"not_picked":["bronze:CutThrough","bronze:OilSpill","bronze:FollowUp"],"picked":"SKIP","floor":10},{"not_picked":["bronze:Overheat","bronze:Shield"],"picked":"bronze:Backtrace","floor":12},{"not_picked":["bronze:CutThrough","bronze:Refactor","bronze:Constructor"],"picked":"SKIP","floor":14},{"not_picked":["bronze:Iterate","bronze:WildBeam","bronze:BuggyMess"],"picked":"SKIP","floor":15},{"not_picked":["bronze:Assembly","bronze:Format"],"picked":"bronze:SpaghettiCode","floor":16},{"not_picked":["bronze:WhirlingStrike","bronze:Allocate+1","bronze:Branch"],"picked":"SKIP","floor":19},{"not_picked":["bronze:Frontload","bronze:BuggyMess+1"],"picked":"bronze:DelayedSlice+1","floor":21},{"not_picked":["bronze:Frontload","bronze:CutThrough","bronze:ForLoop"],"picked":"SKIP","floor":22},{"not_picked":["bronze:Branch","bronze:DelayedGuard"],"picked":"bronze:Assembly","floor":25},{"not_picked":["bronze:OilSpill+1","bronze:Overheat"],"picked":"bronze:FineTuning+1","floor":27},{"not_picked":["bronze:ClassDefault","bronze:Overload+1"],"picked":"bronze:Shell+1","floor":28},{"not_picked":["bronze:Separator+1","bronze:BitShift"],"picked":"bronze:AlphaBuild","floor":29},{"not_picked":["bronze:Return","bronze:BugBarrage+1","bronze:FollowUp"],"picked":"Singing Bowl","floor":31},{"not_picked":["bronze:Turbo","bronze:Constructor+1"],"picked":"bronze:MaxOutput","floor":32},{"not_picked":["bronze:SpaghettiCode","bronze:FindAndReplace"],"picked":"bronze:ThunderWave","floor":33},{"not_picked":["bronze:ChildClass","bronze:Philosophize+1","bronze:Return+1"],"picked":"Singing Bowl","floor":36},{"not_picked":["bronze:Boost","bronze:WhirlingStrike+1","bronze:Shield"],"picked":"Singing Bowl","floor":37},{"not_picked":["bronze:WhirlingStrike+1","bronze:DelayedSlice"],"picked":"bronze:FineTuning+1","floor":38},{"not_picked":["bronze:Overload","bronze:Overheat","bronze:DelayedSlice+1"],"picked":"Singing Bowl","floor":42},{"not_picked":["bronze:ChildClass+1","bronze:WildBeam","bronze:NullPointer"],"picked":"Singing Bowl","floor":44},{"not_picked":["bronze:Constructor","bronze:Iterate","bronze:MaxOutput+1"],"picked":"Singing Bowl","floor":46},{"not_picked":["bronze:BronzeOrb","bronze:CutThrough","bronze:DarkDash"],"picked":"Singing Bowl","floor":47},{"not_picked":["expansioncontent:YouAreMine","expansioncontent:Hexaburn","expansioncontent:LastStand"],"picked":"Singing Bowl","floor":48},{"not_picked":["bronze:Frontload+1","bronze:Turbo"],"picked":"bronze:Shell","floor":49}],"player_experience":649940,"relics_obtained":[{"floor":8,"key":"Bag of Marbles"},{"floor":9,"key":"Guardian:PocketSentry"},{"floor":12,"key":"Shuriken"},{"floor":24,"key":"The Courier"},{"floor":27,"key":"Red Mask"},{"floor":29,"key":"Juzu Bracelet"},{"floor":29,"key":"CaptainsWheel"},{"floor":31,"key":"Strawberry"},{"floor":31,"key":"Singing Bowl"},{"floor":37,"key":"WingedGreaves"},{"floor":41,"key":"White Beast Statue"},{"floor":42,"key":"Centennial Puzzle"},{"floor":42,"key":"Lantern"},{"floor":44,"key":"HornCleat"},{"floor":44,"key":"Darkstone Periapt"},{"floor":46,"key":"Bird Faced Urn"},{"floor":47,"key":"Eternal Feather"},{"floor":47,"key":"Thread and Needle"}],"event_choices":[{"damage_healed":0,"gold_gain":0,"player_choice":"Fought Bandits","damage_taken":0,"max_hp_gain":0,"max_hp_loss":0,"event_name":"Masked Bandits","floor":27,"gold_loss":0},{"damage_healed":0,"gold_gain":0,"player_choice":"Fight","damage_taken":0,"max_hp_gain":0,"max_hp_loss":0,"event_name":"Mysterious Sphere","floor":46,"gold_loss":0}],"is_beta":false,"boss_relics":[{"not_picked":["Pandora\u0027s Box","Empty Cage"],"picked":"Black Star"},{"not_picked":["expansioncontent:StudyCardRelic","SlaversCollar"],"picked":"bronze:MakeshiftBattery"}],"items_purged_floors":[25,28,39],"is_endless":false,"potions_floor_spawned":[4,5,15,16,19,29,31,32,42,44,46,47,49],"killed_by":"downfall:CharBossMerchant","ascension_level":1}}