{"host":"szp1d6dso4pv7ddl","time":1612315710,"event":{"mods":["AchievementEnabler","Alarm Clock","BaseMod","Bestiary","Block Reminder","Colored Map","Colored Powertips","Curses Come First","Dark Map","Displayed Cursed Tome","Highlight Path","Minty Spire (QoL Compilation)","Permanent Neow","Quick Restart","Relic Sorter","Relic Stats","StSLib","Synergy Search"],"gold_per_floor":[111,111,36,47,67,84,119,119,164,181,192,209,209,209,209,282,282,293,304,322,45,45,45,61,61,61,61,61,75,95,112,112,189,189,207,207,482,494,178,178,195,195,195,210,210,210],"floor_reached":45,"language":"ENG","playtime":3041,"items_purged":["Zap","Regret"],"score":758,"play_id":"820ca74e-4ec2-4ef6-b991-89258dafd2f9","local_time":"20210202172830","is_ascension_mode":true,"campfire_choices":[{"data":"Defragment","floor":8,"key":"SMITH"},{"data":"Buffer","floor":13,"key":"SMITH"},{"data":"Chill","floor":15,"key":"SMITH"},{"data":"Machine Learning","floor":23,"key":"SMITH"},{"data":"Force Field","floor":25,"key":"SMITH"},{"floor":32,"key":"REST"},{"data":"Echo Form","floor":40,"key":"SMITH"},{"floor":42,"key":"REST"}],"circlet_count":0,"master_deck":["AscendersBane","Dualcast","Streamline","Streamline","Buffer+1","Force Field+1","Chill+1","Turbo","Auto Shields","Defragment+1","Streamline","FTL","Rebound","Meteor Strike","Hologram+1","Turbo","Capacitor","Scrape","Machine Learning+1","Force Field","Defragment+1","Rebound","Echo Form+1","Coolheaded+1","Reinforced Body+1","Blind+1","Stack+1","Coolheaded+1","Skim+1"],"relics":["Pandora\u0027s Box","Bottled Tornado","Anchor","Sozu","Toxic Egg 2","Cursed Key"],"acts_visited":["Exordium","TheCity","TheBeyond"],"potions_floor_usage":[24,33],"damage_taken":[{"damage":1,"enemies":"Jaw Worm","floor":1,"turns":2},{"damage":0,"enemies":"Cultist","floor":4,"turns":4},{"damage":6,"enemies":"2 Louse","floor":5,"turns":2},{"damage":5,"enemies":"Gremlin Gang","floor":6,"turns":6},{"damage":5,"enemies":"Lagavulin","floor":7,"turns":6},{"damage":0,"enemies":"3 Louse","floor":10,"turns":4},{"damage":3,"enemies":"Blue Slaver","floor":11,"turns":3},{"damage":1,"enemies":"Exordium Thugs","floor":12,"turns":4},{"damage":6,"enemies":"Slime Boss","floor":16,"turns":11},{"damage":0,"enemies":"Spheric Guardian","floor":18,"turns":4},{"damage":0,"enemies":"Chosen","floor":19,"turns":4},{"damage":25,"enemies":"Shelled Parasite and Fungi","floor":20,"turns":6},{"damage":6,"enemies":"Snake Plant","floor":24,"turns":5},{"damage":0,"enemies":"Centurion and Healer","floor":29,"turns":5},{"damage":0,"enemies":"Sentry and Sphere","floor":30,"turns":7},{"damage":0,"enemies":"Cultist and Chosen","floor":31,"turns":7},{"damage":24,"enemies":"Automaton","floor":33,"turns":12},{"damage":9,"enemies":"Orb Walker","floor":35,"turns":6},{"damage":1,"enemies":"3 Shapes","floor":38,"turns":6},{"damage":0,"enemies":"Transient","floor":41,"turns":5},{"damage":33,"enemies":"Writhing Mass","floor":44,"turns":8},{"damage":42,"enemies":"Reptomancer","floor":45,"turns":2}],"seed_played":"-944268000891888902","potions_obtained":[{"floor":1,"key":"Weak Potion"},{"floor":12,"key":"Swift Potion"}],"is_trial":false,"path_per_floor":["M","?","$","M","M","M","E","R","T","M","M","M","R","T","R","B",null,"M","M","M","$","?","R","M","R","T","?","$","M","M","M","R","B",null,"M","?","?","M","$","R","M","R","T","M","E"],"character_chosen":"DEFECT","items_purchased":["Defragment","Scrape","Machine Learning","Blind+1","Stack+1","Coolheaded+1"],"campfire_rested":2,"item_purchase_floors":[3,21,21,39,39,39],"current_hp_per_floor":[63,71,71,71,65,60,55,55,55,55,52,51,51,51,51,45,65,65,65,40,40,54,54,48,48,48,48,48,48,48,48,69,45,65,56,56,56,55,55,55,55,71,71,38,0,0],"gold":210,"neow_bonus":"BOSS_RELIC","is_daily":false,"chose_seed":false,"campfire_upgraded":6,"win_rate":0.0,"timestamp":1612315710,"path_taken":["M","?","$","?","M","M","E","R","T","M","?","M","R","?","R","BOSS","M","M","?","$","?","R","M","R","T","?","$","M","?","M","R","BOSS","M","?","?","M","$","R","?","R","T","M","E"],"items_purchased_type":["Card","Card","Card","Card","Card","Card"],"build_version":"2020-12-22","purchased_purges":2,"victory":false,"max_hp_per_floor":[71,71,71,71,71,71,71,71,71,71,71,71,71,71,71,71,71,71,71,71,71,71,71,71,71,71,71,71,71,71,71,71,71,71,71,71,71,71,71,71,71,71,71,71,71,71],"relic_stats":{"Sozu":5,"counters":[22,119],"Pandora\u0027s Box":["Streamline","Heatsinks","Streamline","Buffer","Force Field","Chill","Turbo","Auto Shields"],"Cursed Key":0,"obtain_stats":[{"Sozu":17,"Anchor":9,"Pandora\u0027s Box":0,"Bottled Tornado":7,"Toxic Egg 2":26,"Cracked Core":0,"Cursed Key":34},{"Sozu":9,"Anchor":5,"Pandora\u0027s Box":0,"Bottled Tornado":5,"Toxic Egg 2":13,"Cracked Core":0,"Cursed Key":17},{"Sozu":42,"Anchor":20,"Pandora\u0027s Box":0,"Bottled Tornado":20,"Toxic Egg 2":61,"Cracked Core":0,"Cursed Key":92}]},"card_choices":[{"not_picked":["Storm","Steam Power","Redo"],"picked":"SKIP","floor":1},{"not_picked":["Redo","Heatsinks"],"picked":"Streamline","floor":4},{"not_picked":["Streamline","Cold Snap","Scrape"],"picked":"SKIP","floor":5},{"not_picked":["Sweeping Beam","Turbo"],"picked":"FTL","floor":6},{"not_picked":["Static Discharge","Recycle","Streamline"],"picked":"SKIP","floor":7},{"not_picked":["Reprogram","Electrodynamics","Barrage"],"picked":"SKIP","floor":10},{"not_picked":["Steam","Streamline"],"picked":"Rebound","floor":11},{"not_picked":["Barrage","Cold Snap","Steam Power"],"picked":"SKIP","floor":12},{"not_picked":["Reboot","Multi-Cast"],"picked":"Meteor Strike","floor":16},{"not_picked":["Sweeping Beam","Redo"],"picked":"Hologram+1","floor":18},{"not_picked":["Streamline","Steam"],"picked":"Turbo","floor":19},{"not_picked":["Rebound","Ball Lightning"],"picked":"Capacitor","floor":20},{"not_picked":["Auto Shields","Beam Cell"],"picked":"Force Field","floor":24},{"not_picked":["Streamline","Sweeping Beam","Gash"],"picked":"SKIP","floor":29},{"not_picked":["Conserve Battery+1","Ball Lightning"],"picked":"Rebound","floor":30},{"not_picked":["Barrage","Scrape","Aggregate+1"],"picked":"SKIP","floor":31},{"not_picked":["Buffer","Rainbow+1"],"picked":"Echo Form","floor":33},{"not_picked":["Go for the Eyes","Double Energy+1"],"picked":"Coolheaded+1","floor":35},{"not_picked":["Genetic Algorithm+1","Capacitor"],"picked":"Reinforced Body+1","floor":38},{"not_picked":["Double Energy+1","Lockon"],"picked":"Skim+1","floor":41},{"not_picked":["Steam+1","Leap+1","Streamline"],"picked":"SKIP","floor":44}],"player_experience":1352113,"relics_obtained":[{"floor":7,"key":"Bottled Tornado"},{"floor":9,"key":"Anchor"},{"floor":26,"key":"Toxic Egg 2"}],"event_choices":[{"cards_removed":["Heatsinks"],"damage_healed":8,"gold_gain":0,"player_choice":"Offered Uncommon","damage_taken":0,"max_hp_gain":0,"max_hp_loss":0,"event_name":"Bonfire Elementals","floor":2,"gold_loss":0},{"damage_healed":14,"gold_gain":0,"player_choice":"Heal","damage_taken":0,"max_hp_gain":0,"max_hp_loss":0,"event_name":"The Library","floor":22,"gold_loss":0},{"damage_healed":0,"gold_gain":0,"player_choice":"Copied","damage_taken":0,"max_hp_gain":0,"max_hp_loss":0,"event_name":"Duplicator","floor":27,"gold_loss":0,"cards_obtained":["Defragment"]},{"damage_healed":0,"gold_gain":0,"player_choice":"Ignored","damage_taken":0,"max_hp_gain":0,"max_hp_loss":0,"event_name":"Tomb of Lord Red Mask","floor":36,"gold_loss":0},{"damage_healed":0,"gold_gain":275,"player_choice":"Desecrate","damage_taken":0,"max_hp_gain":0,"max_hp_loss":0,"event_name":"Golden Shrine","floor":37,"gold_loss":0,"cards_obtained":["Regret"]}],"is_beta":false,"boss_relics":[{"not_picked":["Coffee Dripper","Velvet Choker"],"picked":"Sozu"},{"not_picked":["Tiny House","SacredBark"],"picked":"Cursed Key"}],"items_purged_floors":[21,39],"is_endless":false,"potions_floor_spawned":[1,7,12,16,18,20,30,31,44],"killed_by":"Reptomancer","ascension_level":16}}