{"host":"94aus4jnk6thj94q","time":1612375470,"event":{"mods":["BaseMod","Minty Spire (QoL Compilation)","Quick Restart","StSLib"],"gold_per_floor":[128,27,54,82,17,17,36,50,50,81,100,123,146,170,170,277,277,300,144,136,160,169,169,212,212,212,233,233,233],"floor_reached":28,"language":"ENG","playtime":1724,"items_purged":[],"score":246,"play_id":"1a01a567-cc67-458d-94b5-fac7a4a41ee9","local_time":"20210203200430","is_ascension_mode":false,"campfire_choices":[{"floor":6.0,"key":"RECALL"},{"floor":15.0,"key":"REST"},{"floor":23,"key":"REST"},{"floor":25,"key":"REST"}],"circlet_count":0,"master_deck":["Strike_B","Strike_B","Strike_B","Defend_B","Defend_B","Defend_B","Defend_B","Zap","Dualcast","White Noise","Self Repair","Conserve Battery","Conserve Battery","Sunder","Undo","Static Discharge","Leap","Self Repair","Self Repair","Capacitor","Buffer","Cold Snap+1","Cold Snap","Leap","Undo","Doom and Gloom","Blizzard"],"relics":["Cracked Core","CeramicFish","Tiny Chest","DataDisk","Philosopher\u0027s Stone","Bronze Scales","Sundial"],"acts_visited":["Exordium","TheCity"],"potions_floor_usage":[24,24],"damage_taken":[{"damage":1.0,"enemies":"Cultist","floor":1.0,"turns":3.0},{"damage":3.0,"enemies":"Jaw Worm","floor":3.0,"turns":5.0},{"damage":7.0,"enemies":"2 Louse","floor":4.0,"turns":3.0},{"damage":0.0,"enemies":"Lots of Slimes","floor":7.0,"turns":2.0},{"damage":8.0,"enemies":"2 Fungi Beasts","floor":8.0,"turns":4.0},{"damage":21.0,"enemies":"Lagavulin","floor":10.0,"turns":8.0},{"damage":7.0,"enemies":"Blue Slaver","floor":11.0,"turns":4.0},{"damage":0.0,"enemies":"Lots of Slimes","floor":12.0,"turns":4.0},{"damage":33.0,"enemies":"Gremlin Gang","floor":13.0,"turns":5.0},{"damage":7.0,"enemies":"Blue Slaver","floor":14.0,"turns":5.0},{"damage":42.0,"enemies":"Slime Boss","floor":16.0,"turns":9.0},{"damage":37,"enemies":"3 Byrds","floor":18,"turns":5},{"damage":15,"enemies":"2 Thieves","floor":20,"turns":4},{"damage":20,"enemies":"Sentry and Sphere","floor":21,"turns":6},{"damage":60,"enemies":"Slavers","floor":24,"turns":7},{"damage":20,"enemies":"Snake Plant","floor":27,"turns":4},{"damage":2,"enemies":"Shelled Parasite and Fungi","floor":28,"turns":3}],"seed_played":"-6820888528183442193","potions_obtained":[{"floor":1.0,"key":"LiquidMemories"},{"floor":3.0,"key":"Ancient Potion"},{"floor":7.0,"key":"GamblersBrew"},{"floor":11.0,"key":"AttackPotion"},{"floor":12.0,"key":"DuplicationPotion"},{"floor":18,"key":"FearPotion"},{"floor":20,"key":"Regen Potion"},{"floor":24,"key":"LiquidMemories"}],"is_trial":false,"path_per_floor":["M","$","M","M","$","R","M","M","T","E","M","M","M","M","R","B",null,"M","$","M","M","?","R","E","R","T","M","M"],"character_chosen":"DEFECT","items_purchased":["Self Repair","Conserve Battery","Undo","Bronze Scales"],"campfire_rested":3,"item_purchase_floors":[2,2,5,19],"current_hp_per_floor":[74,74,75,75,75,75,75,67,67,53,53,60,41,55,75,47,75,59,59,65,66,66,75,50,72,72,59,57,57],"gold":233,"neow_bonus":"RANDOM_COMMON_RELIC","is_daily":false,"chose_seed":false,"campfire_upgraded":0,"win_rate":0.0,"timestamp":1612375470,"path_taken":["M","$","M","M","$","R","M","M","T","E","M","M","M","M","R","BOSS","M","$","M","M","?","R","E","R","T","?","M"],"items_purchased_type":["Card","Card","Card","Relic"],"build_version":"2020-12-22","purchased_purges":0,"victory":false,"max_hp_per_floor":[75,75,75,75,75,75,75,75,75,75,75,75,75,75,75,75,75,75,75,75,75,75,75,75,75,75,75,75,75],"card_choices":[{"not_picked":["Go for the Eyes","Tempest"],"picked":"White Noise","floor":1.0},{"not_picked":["Tempest","Scrape"],"picked":"Conserve Battery","floor":3.0},{"not_picked":["Conserve Battery","Steam"],"picked":"Sunder","floor":4.0},{"not_picked":["Scrape","BootSequence"],"picked":"Static Discharge","floor":7.0},{"not_picked":["Streamline","Stack","Beam Cell"],"picked":"SKIP","floor":8.0},{"not_picked":["Sweeping Beam","Reprogram","Meteor Strike"],"picked":"SKIP","floor":10.0},{"not_picked":["Go for the Eyes","Genetic Algorithm"],"picked":"Leap","floor":11.0},{"not_picked":["Barrage","Ball Lightning"],"picked":"Self Repair","floor":12.0},{"not_picked":["Fusion","FTL"],"picked":"Self Repair","floor":13.0},{"not_picked":["Leap","Coolheaded"],"picked":"Capacitor","floor":14.0},{"not_picked":["Amplify","Creative AI"],"picked":"Buffer","floor":16.0},{"not_picked":["Redo","Hologram"],"picked":"Cold Snap+1","floor":18},{"not_picked":["Aggregate+1","Sweeping Beam"],"picked":"Cold Snap","floor":20},{"not_picked":["Storm","Compile Driver"],"picked":"Leap","floor":21},{"not_picked":["Darkness","Barrage+1"],"picked":"Doom and Gloom","floor":24},{"not_picked":["Self Repair","Cold Snap"],"picked":"Blizzard","floor":27}],"player_experience":4479589,"relics_obtained":[{"floor":9.0,"key":"Tiny Chest"},{"floor":10.0,"key":"DataDisk"},{"floor":24,"key":"Sundial"}],"event_choices":[{"damage_healed":0,"gold_gain":0,"cards_transformed":["Strike_B"],"player_choice":"Transformed","damage_taken":0,"max_hp_gain":0,"max_hp_loss":0,"event_name":"Transmorgrifier","floor":22,"gold_loss":0,"cards_obtained":["Undo"]}],"is_beta":false,"boss_relics":[{"not_picked":["SacredBark","Runic Pyramid"],"picked":"Philosopher\u0027s Stone"}],"items_purged_floors":[],"is_endless":false,"potions_floor_spawned":[1,3,7,11,12,18,20,24],"killed_by":"Shelled Parasite and Fungi","ascension_level":0}}