{"host":"9mz6x6ekz95y53i5","time":1612346423,"event":{"mods":["AchievementEnabler","BaseMod","Downfall","Energized Spire","Minty Spire (QoL Compilation)","Reliquary","Replay The Spire","Spicy Shops","StSLib","The Bug Knight","UnlockEverythingMod","¡¾ÒÅÎï¿¨ÅÆ¡¿REMEMod"],"gold_per_floor":[113,113,113,132,132,132,158,158,158,169,169,179,195,211,211,315,315,331,331,349,18,18,18,29,49,49,49,72,72,72,48,48,59,59,154,154,172,22,38,146,164,164,164,164],"floor_reached":43,"language":"ZHS","playtime":2378,"items_purged":["HollowMod:QuickDashStart"],"score":492,"play_id":"dc138683-496d-413a-b381-2a0689b65048","local_time":"20210203180023","is_ascension_mode":true,"campfire_choices":[{"data":"expansioncontent:StudyTheSpire","floor":6.0,"key":"SMITH"},{"data":"HollowMod:ChannelNail","floor":8.0,"key":"SMITH"},{"floor":23,"key":"RECALL"},{"floor":29,"key":"REST"},{"floor":34,"key":"REST"},{"floor":42,"key":"REST"}],"circlet_count":0,"master_deck":["HollowMod:QuickDashStart","HollowMod:QuickDashStart","HollowMod:PogoStrike","expansioncontent:StudyTheSpire+1","HollowMod:NewLittleFool","HollowMod:MothsMistake+1","HollowMod:SoulSplash","HollowMod:ChannelNail+1","HollowMod:TaintedHusks+1","HollowMod:HowlingWraiths","HollowMod:Hiveblood","HollowMod:SiblingsSouls","HollowMod:Weaversong","HollowMod:InfectionAssault+1","Slimebound:Tackle+1","Slimebound:Tackle+1","Slimebound:Tackle+1","HollowMod:FallenFury","HollowMod:InfectedAttack","HollowMod:NewJinnsSoul","HollowMod:HeavyBlow","downfall:Bewildered","HollowMod:CloakDash+1","HollowMod:HerrahsAnger","HollowMod:SharpenedNail+1","ReplayTheSpireMod:Splinters","HollowMod:DesolateDive","HollowMod:CycloneSlash+1","HollowMod:InfectedAttack+1","Parasite","HollowMod:PerfectDash"],"relics":["HollowMod:VesselMask","REME_ComplimentaryCards","NeowsBlessing","Art of War","ReplayTheSpireMod:TigerMarble","REME_ChargedStone","reliquary:Stiletto","HollowMod:IsmasTear","sneckomod:BabySnecko","energizedSpire:NeverEndingSparkler","HollowMod:StagPassRelic"],"acts_visited":["Exordium","TheCity","TheBeyond"],"potions_floor_usage":[13,13,18,24,35,35,39,41],"damage_taken":[{"damage":0.0,"enemies":"Small Slimes","floor":1.0,"turns":2.0},{"damage":0.0,"enemies":"Jaw Worm","floor":4.0,"turns":1.0},{"damage":0.0,"enemies":"Lagavulin","floor":7.0,"turns":1.0},{"damage":6,"enemies":"Cultist","floor":10,"turns":4},{"damage":10,"enemies":"2 Fungi Beasts","floor":12,"turns":4},{"damage":6,"enemies":"Lots of Slimes","floor":13,"turns":4},{"damage":15,"enemies":"Large Slime","floor":14,"turns":4},{"damage":71,"enemies":"The Guardian","floor":16,"turns":8},{"damage":9,"enemies":"3 Byrds","floor":18,"turns":3},{"damage":8,"enemies":"Spheric Guardian","floor":20,"turns":3},{"damage":9,"enemies":"Chosen and Byrds","floor":24,"turns":4},{"damage":37,"enemies":"Snake Plant","floor":25,"turns":2},{"damage":14,"enemies":"Snecko","floor":33,"turns":3},{"damage":74,"enemies":"Automaton","floor":35,"turns":7},{"damage":11,"enemies":"3 Shapes","floor":37,"turns":4},{"damage":42,"enemies":"3 Darklings","floor":39,"turns":4},{"damage":21,"enemies":"Writhing Mass","floor":41,"turns":4},{"damage":43,"enemies":"HollowMod:SlobberingHusk","floor":43,"turns":3}],"seed_played":"3354377544536869660","potions_obtained":[{"floor":1.0,"key":"Elixir"},{"floor":4.0,"key":"Swift Potion"},{"floor":12,"key":"ColorlessPotion"},{"floor":16,"key":"Adrenaline Potion"},{"floor":25,"key":"FearPotion"},{"floor":33,"key":"Fire Potion"},{"floor":35,"key":"SteroidPotion"},{"floor":39,"key":"LifebloodPotion"},{"floor":41,"key":"Doom Potion"}],"is_trial":false,"path_per_floor":["M","?","?","M","T","R","E","R","T","M","?","M","M","M","R","B",null,"M","?","M","$","?","R","M","M","PTL","PTL","T","R","?","$","?","M","R","B",null,"M","?","M","?","M","R","M"],"character_chosen":"THE_BUGKNIGHT","items_purchased":["reliquary:Stiletto","Block Potion","HollowMod:FallenFury","HollowMod:HeavyBlow"],"campfire_rested":3,"item_purchase_floors":[21,21,21,31],"current_hp_per_floor":[75,75,68,68,68,68,68,68,68,62,62,52,46,40,62,6,75,66,66,58,58,75,75,66,38,38,38,38,60,60,60,60,46,68,9,75,64,64,22,22,1,23,0,0],"gold":164,"neow_bonus":"THREE_ENEMY_KILL","is_daily":false,"chose_seed":false,"campfire_upgraded":2,"win_rate":0.0,"timestamp":1612346423,"path_taken":["M","?","?","M","?","R","E","R","T","?","?","M","M","?","R","BOSS","M","?","M","$","?","R","M","M","PTL","PTL","T","R","?","$","?","M","R","BOSS","M","?","M","?","M","R","M"],"items_purchased_type":["Relic","Potion","Card","Card"],"build_version":"2020-12-22","purchased_purges":1,"victory":false,"max_hp_per_floor":[75,75,75,75,75,75,75,75,75,75,75,75,75,75,75,75,75,75,75,75,75,75,75,75,75,75,75,75,75,75,75,75,75,75,75,75,75,75,75,75,75,75,75,75],"card_choices":[{"not_picked":["HollowMod:ChannelNail","HollowMod:FastStrike"],"picked":"HollowMod:NewLittleFool","floor":1.0},{"not_picked":["HollowMod:MothsMistake","HollowMod:ShadowDash"],"picked":"HollowMod:SoulSplash","floor":4.0},{"not_picked":["HollowMod:LifebloodCocoon","HollowMod:MonarchWings"],"picked":"HollowMod:ChannelNail","floor":7.0},{"not_picked":["HollowMod:WraithStrike","HollowMod:VengefulSpirit"],"picked":"HollowMod:TaintedHusks","floor":10},{"not_picked":["HollowMod:CloakDash","HollowMod:WraithStrike"],"picked":"HollowMod:HowlingWraiths","floor":12},{"not_picked":["HollowMod:WraithStrike","HollowMod:DesolateDive"],"picked":"HollowMod:Hiveblood","floor":13},{"not_picked":["HollowMod:PureNailStrike","HollowMod:NewLittleFool"],"picked":"HollowMod:SiblingsSouls","floor":14},{"not_picked":["HollowMod:AwokenDreamNail","HollowMod:MidwifesHunger"],"picked":"HollowMod:Weaversong","floor":16},{"not_picked":["HollowMod:HowlingWraiths","HollowMod:GoodIntentions"],"picked":"HollowMod:InfectionAssault+1","floor":18},{"not_picked":["HollowMod:NewLittleFool","HollowMod:ShadowDash+1","HollowMod:ChannelNail"],"picked":"SKIP","floor":20},{"not_picked":["HollowMod:SharpenedNail+1","HollowMod:SoulSplash"],"picked":"HollowMod:InfectedAttack","floor":24},{"not_picked":["HollowMod:CoiledNail+1","HollowMod:BlackTendrils","HollowMod:HowlingWraiths"],"picked":"SKIP","floor":25},{"not_picked":["HollowMod:Hiveblood","HollowMod:DoubleDash"],"picked":"HollowMod:CloakDash+1","floor":33},{"not_picked":["HollowMod:SlysStrikes","HollowMod:VoidDash"],"picked":"HollowMod:HerrahsAnger","floor":35},{"not_picked":["HollowMod:CloakDash+1","HollowMod:ShadowDash"],"picked":"HollowMod:SharpenedNail+1","floor":37},{"not_picked":["HollowMod:ChannelNail","HollowMod:DoubleDash","HollowMod:CoiledNail+1"],"picked":"SKIP","floor":39},{"not_picked":["HollowMod:ShapeofUnn","HollowMod:NewLittleFool"],"picked":"HollowMod:DesolateDive","floor":40},{"not_picked":["HollowMod:DescendingDark","HollowMod:NewJinnsSoul+1"],"picked":"HollowMod:CycloneSlash+1","floor":40},{"not_picked":["HollowMod:AbyssShriek+1","HollowMod:CloakDash"],"picked":"HollowMod:InfectedAttack+1","floor":40},{"not_picked":["HollowMod:PureNailStrike","HollowMod:SoulShaman+1"],"picked":"HollowMod:PerfectDash","floor":41}],"player_experience":215518,"relics_obtained":[{"floor":5.0,"key":"Art of War"},{"floor":7.0,"key":"ReplayTheSpireMod:TigerMarble"},{"floor":28,"key":"HollowMod:IsmasTear"}],"event_choices":[{"cards_removed":["HollowMod:QuickDashStart"],"damage_healed":0.0,"max_hp_gain":0.0,"max_hp_loss":0.0,"gold_gain":0.0,"event_name":"Golden Wing","player_choice":"Card Removal","floor":3.0,"gold_loss":0.0,"damage_taken":7.0},{"cards_removed":["HollowMod:NailStrikeStart"],"damage_healed":0,"gold_gain":0,"player_choice":"Offered Basic","damage_taken":0,"max_hp_gain":0,"max_hp_loss":0,"event_name":"Bonfire Elementals","floor":11,"gold_loss":0},{"damage_healed":0,"gold_gain":0,"player_choice":"Read","damage_taken":0,"max_hp_gain":0,"max_hp_loss":0,"event_name":"The Library","floor":30,"gold_loss":0,"cards_obtained":["HollowMod:NewJinnsSoul"]}],"is_beta":false,"boss_relics":[{"not_picked":["Fusion Hammer","HollowMod:VoidIdolRelic"],"picked":"REME_ChargedStone"},{"not_picked":["Philosopher\u0027s Stone","REME_DuelDisc"],"picked":"energizedSpire:NeverEndingSparkler"}],"items_purged_floors":[21],"is_endless":false,"potions_floor_spawned":[1,4,12,16,25,33,35,39,41],"killed_by":"HollowMod:SlobberingHusk","ascension_level":3}}