{"host":"wuernuywc9gl215o","time":1612361135,"event":{"mods":["AchievementEnabler","BaseMod","Block Reminder","Highlight Path","Key Reminder","Minty Spire (QoL Compilation)","Permanent Neow","Potion Indicator Mod","Quick Restart","Relic Stats"],"gold_per_floor":[115,126,126,139,152,152,152,165,190,210,226,246,246,281,281,358,358,378,378,33,33,0,0,0,0],"floor_reached":24,"language":"ENG","playtime":1443,"items_purged":[],"score":396,"play_id":"8b0f5a10-8973-428a-b4e9-58cf4af7253a","local_time":"20210203140535","is_ascension_mode":true,"campfire_choices":[{"data":"Whirlwind","floor":6.0,"key":"SMITH"},{"floor":13.0,"key":"REST"},{"data":"Body Slam","floor":15.0,"key":"SMITH"},{"floor":23.0,"key":"REST"}],"circlet_count":0,"master_deck":["AscendersBane","Bash","Seeing Red","True Grit","Body Slam+1","Metallicize","Entrench","Impervious","Dark Embrace","Spot Weakness","Thunderclap","Twin Strike","Whirlwind+1","Wild Strike","Anger","Armaments","Fiend Fire","Shrug It Off","Barricade","RitualDagger","J.A.X."],"relics":["Pandora\u0027s Box","Regal Pillow","Smiling Mask","Mark of Pain","Dead Branch"],"acts_visited":["Exordium","TheCity"],"potions_floor_usage":[24],"damage_taken":[{"damage":0.0,"enemies":"2 Louse","floor":1.0,"turns":3.0},{"damage":0.0,"enemies":"Jaw Worm","floor":2.0,"turns":2.0},{"damage":7.0,"enemies":"Small Slimes","floor":4.0,"turns":5.0},{"damage":0.0,"enemies":"3 Louse","floor":5.0,"turns":1.0},{"damage":9.0,"enemies":"2 Fungi Beasts","floor":8.0,"turns":2.0},{"damage":0.0,"enemies":"Large Slime","floor":10.0,"turns":3.0},{"damage":0.0,"enemies":"Exordium Wildlife","floor":11.0,"turns":3.0},{"damage":6.0,"enemies":"Blue Slaver","floor":12.0,"turns":3.0},{"damage":20.0,"enemies":"3 Sentries","floor":14.0,"turns":5.0},{"damage":34.0,"enemies":"The Guardian","floor":16.0,"turns":13.0},{"damage":22.0,"enemies":"3 Byrds","floor":18.0,"turns":4.0},{"damage":72,"enemies":"Book of Stabbing","floor":24,"turns":5}],"seed_played":"-1613236144074963169","potions_obtained":[{"floor":1.0,"key":"PowerPotion"},{"floor":4.0,"key":"Explosive Potion"},{"floor":10.0,"key":"AttackPotion"},{"floor":12.0,"key":"EssenceOfSteel"},{"floor":16.0,"key":"SkillPotion"},{"floor":18.0,"key":"EssenceOfSteel"}],"is_trial":false,"path_per_floor":["M","M","?","M","M","R","?","M","T","M","M","M","R","E","R","B",null,"M","?","$","?","?","R","E"],"character_chosen":"IRONCLAD","items_purchased":["Dead Branch"],"campfire_rested":2,"item_purchase_floors":[20],"current_hp_per_floor":[68,68,68,61,61,61,61,52,52,52,52,46,75,55,55,21,62,40,34,34,34,34,71,0,0],"gold":0,"neow_bonus":"BOSS_RELIC","is_daily":false,"chose_seed":false,"campfire_upgraded":2,"win_rate":0.0,"timestamp":1612361135,"path_taken":["M","M","?","M","M","R","?","M","T","M","M","M","R","E","R","BOSS","M","?","$","?","?","R","E"],"items_purchased_type":["Relic"],"build_version":"2020-12-22","purchased_purges":0,"victory":false,"max_hp_per_floor":[75,75,75,75,75,75,75,75,75,75,75,75,75,75,75,75,75,75,75,75,75,75,75,75,75],"relic_stats":{"Regal Pillow":22,"counters":[12,49],"Dead Branch":[6],"Pandora\u0027s Box":["Seeing Red","True Grit","Body Slam","Metallicize","Entrench","Impervious","Dark Embrace","Spot Weakness","Thunderclap"],"Smiling Mask":0,"obtain_stats":[{"Regal Pillow":9,"Dead Branch":20,"Pandora\u0027s Box":0,"Mark of Pain":17,"Smiling Mask":14,"Burning Blood":0},{"Regal Pillow":5,"Dead Branch":11,"Pandora\u0027s Box":0,"Mark of Pain":10,"Smiling Mask":9,"Burning Blood":0},{"Regal Pillow":13,"Dead Branch":44,"Pandora\u0027s Box":0,"Mark of Pain":40,"Smiling Mask":27,"Burning Blood":0}]},"card_choices":[{"not_picked":["Seeing Red","Body Slam","Flex"],"picked":"SKIP","floor":1.0},{"not_picked":["Perfected Strike","Sever Soul"],"picked":"Twin Strike","floor":2.0},{"not_picked":["Rampage","Blood for Blood"],"picked":"Whirlwind","floor":4.0},{"not_picked":["Seeing Red","Clash"],"picked":"Wild Strike","floor":5.0},{"not_picked":["Thunderclap","Perfected Strike","Power Through"],"picked":"SKIP","floor":8.0},{"not_picked":["True Grit","Heavy Blade"],"picked":"Anger","floor":10.0},{"not_picked":["Clash","Feel No Pain"],"picked":"Armaments","floor":11.0},{"not_picked":["Wild Strike","Anger"],"picked":"Fiend Fire","floor":12.0},{"not_picked":["Cleave","Pummel"],"picked":"Shrug It Off","floor":14.0},{"not_picked":["Feed","Juggernaut"],"picked":"Barricade","floor":16.0},{"not_picked":["True Grit","Headbutt","Spot Weakness"],"picked":"SKIP","floor":18.0}],"player_experience":796782,"relics_obtained":[{"floor":9.0,"key":"Regal Pillow"},{"floor":14.0,"key":"Smiling Mask"}],"event_choices":[{"damage_healed":0.0,"max_hp_gain":0.0,"max_hp_loss":0.0,"gold_gain":0.0,"event_name":"The Cleric","player_choice":"Leave","floor":3.0,"gold_loss":0.0,"damage_taken":0.0},{"damage_healed":0.0,"max_hp_gain":0.0,"max_hp_loss":0.0,"gold_gain":0.0,"event_name":"Liars Game","player_choice":"Ignored","floor":7.0,"gold_loss":0.0,"damage_taken":0.0},{"damage_healed":0.0,"max_hp_gain":0.0,"max_hp_loss":0.0,"gold_gain":0.0,"event_name":"Nest","player_choice":"Joined the Cult","floor":19.0,"gold_loss":0.0,"damage_taken":6.0,"cards_obtained":["RitualDagger"]},{"damage_healed":0.0,"max_hp_gain":0.0,"max_hp_loss":0.0,"gold_gain":0.0,"event_name":"Drug Dealer","player_choice":"Obtain J.A.X.","floor":21.0,"gold_loss":0.0,"damage_taken":0.0,"cards_obtained":["J.A.X."]},{"damage_healed":0.0,"max_hp_gain":0.0,"max_hp_loss":0.0,"gold_gain":0.0,"event_name":"Masked Bandits","player_choice":"Paid Fearfully","floor":22.0,"gold_loss":33.0,"damage_taken":0.0}],"is_beta":false,"boss_relics":[{"not_picked":["Busted Crown","Velvet Choker"],"picked":"Mark of Pain"}],"items_purged_floors":[],"is_endless":false,"potions_floor_spawned":[1,4,10,12,16,18],"killed_by":"Book of Stabbing","ascension_level":20}}