{"host":"6pfj0wha12yu6wq3","time":1612393384,"event":{"mods":["AchievementEnabler","BaseMod","Colored Map","Colored Powertips","Curses Come First","DeckTracker","Minty Spire (QoL Compilation)","RNG Fix","Relic Sorter","Relic Stats","StSLib","UnlockEverythingMod","ojb\u0027s Better Paths Mod","ojb\u0027s Info Mod"],"gold_per_floor":[12,12,12,25,35,35,65,65,92,120,138,156,156,156,156],"floor_reached":14,"language":"ENG","playtime":674,"items_purged":[],"score":200,"play_id":"ff9933e5-1ffe-42bc-b7a9-05d26ddd7fc9","local_time":"20210203180304","is_ascension_mode":true,"campfire_choices":[{"data":"Poisoned Stab","floor":6.0,"key":"SMITH"},{"data":"Finisher","floor":8.0,"key":"SMITH"}],"circlet_count":0,"master_deck":["AscendersBane","Strike_G","Strike_G","Strike_G","Strike_G","Strike_G","Defend_G","Defend_G","Defend_G","Defend_G","Defend_G","Survivor","Neutralize","Master of Strategy","Poisoned Stab+1","Dagger Spray","Finisher+1","Infinite Blades","Leg Sweep"],"relics":["Ring of the Snake","Pear","Sundial","Happy Flower","Mummified Hand"],"acts_visited":["Exordium"],"potions_floor_usage":[11,12],"damage_taken":[{"damage":4.0,"enemies":"Small Slimes","floor":1.0,"turns":5.0},{"damage":0.0,"enemies":"Jaw Worm","floor":4.0,"turns":5.0},{"damage":1.0,"enemies":"Cultist","floor":5.0,"turns":4.0},{"damage":8.0,"enemies":"Gremlin Nob","floor":7.0,"turns":3.0},{"damage":30.0,"enemies":"Lagavulin","floor":10.0,"turns":7.0},{"damage":14,"enemies":"Exordium Thugs","floor":11,"turns":4},{"damage":3,"enemies":"Blue Slaver","floor":12,"turns":6},{"damage":34,"enemies":"Gremlin Nob","floor":14,"turns":4}],"seed_played":"-1860820237721915159","potions_obtained":[{"floor":1.0,"key":"Energy Potion"},{"floor":4.0,"key":"BlessingOfTheForge"},{"floor":10.0,"key":"BlessingOfTheForge"},{"floor":11,"key":"Regen Potion"}],"is_trial":false,"path_per_floor":["M","?","?","M","M","R","E","R","T","E","M","M","?","E"],"character_chosen":"THE_SILENT","items_purchased":[],"campfire_rested":0,"item_purchase_floors":[],"current_hp_per_floor":[55,60,60,60,59,59,51,51,51,21,7,19,19,0,0],"gold":156,"neow_bonus":"RANDOM_COLORLESS_2","is_daily":false,"chose_seed":false,"campfire_upgraded":2,"win_rate":0.0,"timestamp":1612393384,"path_taken":["M","?","?","M","M","R","E","R","T","E","M","M","?","E"],"items_purchased_type":[],"build_version":"2020-12-22","purchased_purges":0,"victory":false,"max_hp_per_floor":[66,76,76,76,76,76,76,76,76,76,76,76,76,76,76],"relic_stats":{"Happy Flower":[7],"counters":[8,38],"Sundial":[4],"Mummified Hand":[3],"obtain_stats":[{"Pear":2,"Happy Flower":9,"Sundial":7,"Mummified Hand":10,"Ring of the Snake":0},{"Pear":1,"Happy Flower":4,"Sundial":4,"Mummified Hand":5,"Ring of the Snake":0},{"Pear":5,"Happy Flower":17,"Sundial":17,"Mummified Hand":24,"Ring of the Snake":0}],"Ring of the Snake":[16]},"card_choices":[{"not_picked":["Violence","Magnetism"],"picked":"Master of Strategy","floor":0.0},{"not_picked":["Blur","Catalyst"],"picked":"Poisoned Stab","floor":1.0},{"not_picked":["Masterful Stab","Underhanded Strike"],"picked":"Dagger Spray","floor":4.0},{"not_picked":["Well Laid Plans","Dagger Spray"],"picked":"Finisher","floor":5.0},{"not_picked":["Quick Slash","Deflect","Night Terror"],"picked":"SKIP","floor":7.0},{"not_picked":["Skewer","Reflex"],"picked":"Infinite Blades","floor":10.0},{"not_picked":["Poisoned Stab","Reflex"],"picked":"Leg Sweep","floor":11},{"not_picked":["Deadly Poison","Flechettes","Finisher"],"picked":"SKIP","floor":12}],"player_experience":607531,"relics_obtained":[{"floor":7.0,"key":"Sundial"},{"floor":9.0,"key":"Happy Flower"},{"floor":10.0,"key":"Mummified Hand"}],"event_choices":[{"damage_healed":0.0,"max_hp_gain":0.0,"max_hp_loss":0.0,"gold_gain":0.0,"event_name":"Scrap Ooze","player_choice":"Success","floor":2.0,"gold_loss":0.0,"damage_taken":5.0,"relics_obtained":["Pear"]},{"damage_healed":0.0,"max_hp_gain":0.0,"max_hp_loss":0.0,"gold_gain":0.0,"event_name":"Liars Game","player_choice":"Ignored","floor":3.0,"gold_loss":0.0,"damage_taken":0.0},{"damage_healed":0,"gold_gain":0,"player_choice":"Ignored","damage_taken":0,"max_hp_gain":0,"max_hp_loss":0,"event_name":"Shining Light","floor":13,"gold_loss":0}],"is_beta":false,"boss_relics":[],"items_purged_floors":[],"is_endless":false,"potions_floor_spawned":[1,4,10,11],"killed_by":"Gremlin Nob","ascension_level":20}}