{"host":"9n6i2vl93jt4o42q","time":1612349217,"event":{"mods":["BaseMod","Minty Spire (QoL Compilation)","Relic Stats"],"gold_per_floor":[116,116,127,139,139,139,158,169,169,169,184,209,209,232,232,307,307,317,330,330,18,37,37,68,68,68,68,85,102,102,102],"floor_reached":30,"language":"ENG","playtime":1653,"items_purged":["Strike_B"],"score":504,"play_id":"86f5ed3a-3574-4084-aac8-b374bb67e001","local_time":"20210203114657","is_ascension_mode":true,"campfire_choices":[{"data":"Zap","floor":6,"key":"SMITH"},{"data":"Dualcast","floor":10,"key":"SMITH"},{"data":"1","floor":13,"key":"LIFT"},{"data":"2","floor":15,"key":"LIFT"},{"floor":23,"key":"REST"},{"floor":25,"key":"REST"},{"floor":27,"key":"REST"}],"circlet_count":0,"master_deck":["AscendersBane","Strike_B","Strike_B","Strike_B","Defend_B","Defend_B","Defend_B","Zap+1","Dualcast+1","Auto Shields","Undo","Compile Driver","Coolheaded","Steam","Ball Lightning","Hyperbeam","Beam Cell","Double Energy","Rip and Tear","Reprogram+1","Leap+1"],"relics":["Cracked Core","Torii","InkBottle","Girya","Bronze Scales","Philosopher\u0027s Stone","PreservedInsect","White Beast Statue","Singing Bowl"],"acts_visited":["Exordium","TheCity"],"potions_floor_usage":[12,29,30,30],"damage_taken":[{"damage":1,"enemies":"Jaw Worm","floor":1,"turns":3},{"damage":1,"enemies":"Cultist","floor":3,"turns":3},{"damage":0,"enemies":"Small Slimes","floor":4,"turns":3},{"damage":1,"enemies":"Exordium Wildlife","floor":7,"turns":4},{"damage":1,"enemies":"Blue Slaver","floor":8,"turns":5},{"damage":13,"enemies":"Exordium Thugs","floor":11,"turns":6},{"damage":14,"enemies":"Lagavulin","floor":12,"turns":8},{"damage":18,"enemies":"Slime Boss","floor":16,"turns":9},{"damage":17,"enemies":"Shell Parasite","floor":18,"turns":4},{"damage":11,"enemies":"Chosen","floor":19,"turns":5},{"damage":16,"enemies":"Shelled Parasite and Fungi","floor":22,"turns":5},{"damage":34,"enemies":"Slavers","floor":24,"turns":3},{"damage":0,"enemies":"Snecko","floor":28,"turns":5},{"damage":30,"enemies":"Cultist and Chosen","floor":29,"turns":6},{"damage":16,"enemies":"Book of Stabbing","floor":30,"turns":4}],"seed_played":"4402750841416652685","potions_obtained":[{"floor":4,"key":"GamblersBrew"},{"floor":7,"key":"FocusPotion"},{"floor":11,"key":"Regen Potion"},{"floor":24,"key":"LiquidBronze"},{"floor":28,"key":"Weak Potion"},{"floor":29,"key":"SteroidPotion"}],"is_trial":false,"path_per_floor":["M","?","M","M","?","R","M","M","T","R","M","E","R","T","R","B",null,"M","M","?","$","M","R","E","R","T","R","M","M","E"],"character_chosen":"DEFECT","items_purchased":["PreservedInsect","Rip and Tear"],"campfire_rested":3,"item_purchase_floors":[21,21],"current_hp_per_floor":[63,63,62,62,67,67,66,65,65,65,52,50,50,50,50,32,60,43,32,32,32,16,36,2,22,22,42,44,16,0,0],"gold":102,"neow_bonus":"ONE_RARE_RELIC","is_daily":false,"chose_seed":false,"campfire_upgraded":2,"win_rate":0.0,"timestamp":1612349217,"path_taken":["M","?","?","M","?","R","M","M","T","R","M","E","R","?","R","BOSS","M","M","?","?","M","R","E","R","T","R","M","M","E"],"items_purchased_type":["Relic","Card"],"build_version":"2020-12-22","purchased_purges":1,"victory":false,"max_hp_per_floor":[64,64,64,64,69,69,69,69,69,69,69,69,69,69,69,69,69,69,69,69,69,69,69,69,69,69,69,71,73,73,73],"relic_stats":{"Torii":23,"Singing Bowl":4,"counters":[15,73],"Bronze Scales":[108],"PreservedInsect":95,"obtain_stats":[{"Girya":12,"Torii":0,"Singing Bowl":26,"Bronze Scales":14,"Philosopher\u0027s Stone":17,"PreservedInsect":21,"Cracked Core":0,"InkBottle":9,"White Beast Statue":24},{"Girya":7,"Torii":0,"Singing Bowl":12,"Bronze Scales":7,"Philosopher\u0027s Stone":8,"PreservedInsect":10,"Cracked Core":0,"InkBottle":5,"White Beast Statue":12},{"Girya":32,"Torii":0,"Singing Bowl":58,"Bronze Scales":32,"Philosopher\u0027s Stone":41,"PreservedInsect":50,"Cracked Core":0,"InkBottle":18,"White Beast Statue":58}],"InkBottle":[16]},"card_choices":[{"not_picked":["Compile Driver","Go for the Eyes"],"picked":"Auto Shields","floor":1},{"not_picked":["Loop","Consume","Reinforced Body"],"picked":"SKIP","floor":3},{"not_picked":["Redo","Barrage"],"picked":"Compile Driver","floor":4},{"not_picked":["Rip and Tear","Hello World"],"picked":"Coolheaded","floor":7},{"not_picked":["Sweeping Beam","Chill"],"picked":"Steam","floor":8},{"not_picked":["Compile Driver","Consume","Reinforced Body"],"picked":"SKIP","floor":11},{"not_picked":["Static Discharge","Beam Cell"],"picked":"Ball Lightning","floor":12},{"not_picked":["Reboot","Electrodynamics"],"picked":"Hyperbeam","floor":16},{"not_picked":["Static Discharge","Compile Driver"],"picked":"Beam Cell","floor":18},{"not_picked":["Chaos","White Noise"],"picked":"Double Energy","floor":19},{"not_picked":["Ball Lightning","Conserve Battery+1"],"picked":"Reprogram+1","floor":22},{"not_picked":["Go for the Eyes","Defragment"],"picked":"Leap+1","floor":24},{"not_picked":["Force Field","Streamline","Conserve Battery"],"picked":"Singing Bowl","floor":28},{"not_picked":["Cold Snap","Redo","Streamline"],"picked":"Singing Bowl","floor":29}],"player_experience":2413344,"relics_obtained":[{"floor":9,"key":"InkBottle"},{"floor":12,"key":"Girya"},{"floor":14,"key":"Bronze Scales"},{"floor":24,"key":"White Beast Statue"},{"floor":26,"key":"Singing Bowl"}],"event_choices":[{"damage_healed":0,"gold_gain":0,"player_choice":"1 cards matched","damage_taken":0,"max_hp_gain":0,"max_hp_loss":0,"event_name":"Match and Keep!","floor":2,"gold_loss":0,"cards_obtained":["Undo"]},{"damage_healed":0,"gold_gain":0,"player_choice":"Donut","damage_taken":0,"max_hp_gain":5,"max_hp_loss":0,"event_name":"Big Fish","floor":5,"gold_loss":0},{"cards_removed":["Defend_B"],"damage_healed":0,"gold_gain":0,"player_choice":"Offered Basic","damage_taken":0,"max_hp_gain":0,"max_hp_loss":0,"event_name":"Bonfire Elementals","floor":20,"gold_loss":0}],"is_beta":false,"boss_relics":[{"not_picked":["Tiny House","Sozu"],"picked":"Philosopher\u0027s Stone"}],"items_purged_floors":[21],"is_endless":false,"potions_floor_spawned":[4,7,8,11,24,28,29],"killed_by":"Book of Stabbing","ascension_level":20}}