{"host":"yuwyc1esdalgjt4e","time":1612373185,"event":{"mods":["Astrologer","BaseMod","Hermit","KomeijiMod","Marisa????????","Minty Spire (QoL Compilation)","Railgun Mod","Reimu??????","StSLib","The Bug Knight","The Dragon Tamer","The Hierophant","The Marked","The Servant 0.9.4","Yuri Mod"],"gold_per_floor":[110,110,210,226,245,265,265,47,71,84,111,123,123,142,142,244,244,258,7,27,126,126,154,172,172,199,230,230,46,80,95,95,200,200,217,19,35,35,35,35,35],"floor_reached":40,"language":"ENG","playtime":1645,"items_purged":["Defend_Lin:ReiMu","Defend_Lin:ReiMu","Strike_Lin:ReiMu"],"score":446,"play_id":"a902c702-9d55-4498-bcf8-ebc30649d737","local_time":"20210203182625","is_ascension_mode":false,"campfire_choices":[{"data":"OctopathBindingBorder2:ReiMu","floor":7,"key":"SMITH"},{"data":"PhosphorusFlame:ReiMu","floor":15,"key":"SMITH"},{"floor":25,"key":"REST"},{"floor":28,"key":"REST"},{"floor":32,"key":"REST"}],"circlet_count":0,"master_deck":["Strike_Lin:ReiMu","Strike_Lin:ReiMu","Strike_Lin:ReiMu","Defend_Lin:ReiMu","Defend_Lin:ReiMu","NB:ReiMu","Stagnation:ReiMu","PhosphorusFlame:ReiMu+1","OctopathBindingBorder2:ReiMu+1","SubcavityInstant:ReiMu","CareerPray:ReiMu","OctopathBindingBorder2:ReiMu+1","Gathering:ReiMu","SafetyPray:ReiMu","KamiRite:ReiMu","Dreaming:ReiMu","AlertArray:ReiMu","TightArray:ReiMu","DependentForm:ReiMu","AirStrike:ReiMu","AlertArray:ReiMu+1","AlertArray:ReiMu+1","Revelation:ReiMu+1","YinYangSange:ReiMu","NineCharacters:ReiMu+1","FoulBorder2:ReiMu"],"relics":["FlyPower:ReiMu","NeowsBlessing","Orichalcum","SkyOrb:ReiMu","Strawberry","Lantern","SlaversCollar","Bronze Scales","Toxic Egg 2","PreservedInsect","Juzu Bracelet","Calipers","Busted Crown"],"acts_visited":["Exordium","TheCity","TheBeyond"],"potions_floor_usage":[6,18,23,33,33,40,40],"damage_taken":[{"damage":0.0,"enemies":"Jaw Worm","floor":1.0,"turns":1.0},{"damage":0,"enemies":"Small Slimes","floor":4,"turns":1},{"damage":0,"enemies":"Cultist","floor":5,"turns":1},{"damage":8,"enemies":"Large Slime","floor":6,"turns":5},{"damage":0,"enemies":"Looter","floor":10,"turns":3},{"damage":19,"enemies":"3 Sentries","floor":11,"turns":6},{"damage":6,"enemies":"3 Louse","floor":12,"turns":4},{"damage":0,"enemies":"Exordium Wildlife","floor":14,"turns":3},{"damage":1,"enemies":"The Guardian","floor":16,"turns":8},{"damage":15,"enemies":"3 Byrds","floor":18,"turns":4},{"damage":18,"enemies":"Shelled Parasite and Fungi","floor":20,"turns":5},{"damage":15,"enemies":"Slavers","floor":23,"turns":4},{"damage":32,"enemies":"Cultist and Chosen","floor":24,"turns":7},{"damage":4,"enemies":"HollowMod:Nosk","floor":27,"turns":7},{"damage":16,"enemies":"Gremlin Leader","floor":30,"turns":4},{"damage":22,"enemies":"Chosen and Byrds","floor":31,"turns":6},{"damage":3,"enemies":"Champ","floor":33,"turns":9},{"damage":31,"enemies":"3 Darklings","floor":35,"turns":5},{"damage":10,"enemies":"Orb Walker","floor":37,"turns":4},{"damage":69,"enemies":"Awakened One","floor":40,"turns":5}],"seed_played":"-4377672702245687356","potions_obtained":[{"floor":1.0,"key":"FairyPotion"},{"floor":5,"key":"Fire Potion"},{"floor":11,"key":"Swift Potion"},{"floor":14,"key":"ColorlessPotion"},{"floor":20,"key":"BottledKami:ReiMu"},{"floor":24,"key":"Strength Potion"},{"floor":31,"key":"DistilledChaos"},{"floor":33,"key":"ZuzhouPotion:ReiMu"}],"is_trial":false,"path_per_floor":["M","?","?","M","M","M","R","$","T","M","E","M","?","M","R","B",null,"M","$","M","?","?","E","M","R","T","E","R","$","E","M","R","B",null,"M","$","M","?","?","B"],"character_chosen":"REIMU","items_purchased":["SkyOrb:ReiMu","OctopathBindingBorder2:ReiMu","TightArray:ReiMu","Bronze Scales","AlertArray:ReiMu+1","Revelation:ReiMu+1","FoulBorder2:ReiMu"],"campfire_rested":3,"item_purchase_floors":[8,8,19,19,29,29,36],"current_hp_per_floor":[65,58,58,58,58,50,50,50,57,57,38,32,32,32,32,31,72,57,57,39,39,26,11,8,31,31,27,50,50,34,12,35,32,77,46,46,36,67,67,0,0],"gold":35,"neow_bonus":"THREE_ENEMY_KILL","is_daily":false,"chose_seed":false,"campfire_upgraded":2,"win_rate":0.0,"timestamp":1612373185,"path_taken":["M","?","?","?","M","M","R","$","T","M","E","M","?","M","R","BOSS","M","$","M","?","?","E","?","R","T","E","R","$","E","M","R","BOSS","M","$","M","?","?","BOSS"],"items_purchased_type":["Relic","Card","Card","Relic","Card","Card","Card"],"build_version":"2020-12-22","purchased_purges":3,"victory":false,"max_hp_per_floor":[65,65,65,65,65,65,65,65,72,72,72,72,72,72,72,72,72,72,72,72,72,77,77,77,77,77,77,77,77,77,77,77,77,77,77,77,77,67,67,67,67],"card_choices":[{"not_picked":["ShadowOfCrow2:ReiMu","RainPray2:ReiMu"],"picked":"PhosphorusFlame:ReiMu","floor":1.0},{"not_picked":["SubAcupoint:ReiMu","ShadowOfCrow2:ReiMu"],"picked":"OctopathBindingBorder2:ReiMu","floor":4},{"not_picked":["MikOfLucky:ReiMu","KamiSacrifice:ReiMu"],"picked":"SubcavityInstant:ReiMu","floor":5},{"not_picked":["FineLineFantasy:ReiMu","Intuition:ReiMu"],"picked":"CareerPray:ReiMu","floor":6},{"not_picked":["SubAcupoint:ReiMu","RainPray2:ReiMu","Intuition:ReiMu"],"picked":"SKIP","floor":10},{"not_picked":["HakureiPhantom:ReiMu","EmergencyTakeOff:ReiMu"],"picked":"Gathering:ReiMu","floor":11},{"not_picked":["RainPray2:ReiMu","Amulet:ReiMu"],"picked":"SafetyPray:ReiMu","floor":12},{"not_picked":["Enchanting:ReiMu","SpringWay:ReiMu"],"picked":"KamiRite:ReiMu","floor":14},{"not_picked":["Determination:ReiMu","OctopathSalyBorderN:ReiMu"],"picked":"Dreaming:ReiMu","floor":16},{"not_picked":["Meditation:ReiMu","SafetyPray:ReiMu+1"],"picked":"AlertArray:ReiMu","floor":18},{"not_picked":["TightArray:ReiMu","Enchanting:ReiMu","PhosphorusFlame:ReiMu"],"picked":"SKIP","floor":20},{"not_picked":["SafetyPray:ReiMu+1","Meditation:ReiMu+1"],"picked":"DependentForm:ReiMu","floor":23},{"not_picked":["PrepareRite:ReiMu+1","OrbThrow:ReiMu"],"picked":"AirStrike:ReiMu","floor":24},{"not_picked":["AirManeuver:ReiMu+1","MountainWay:ReiMu+1"],"picked":"AlertArray:ReiMu+1","floor":27},{"not_picked":["Amulet:ReiMu+1","ManaGlint:ReiMu"],"picked":"YinYangSange:ReiMu","floor":30},{"not_picked":["OrbThrow:ReiMu+1","Determination:ReiMu"],"picked":"NineCharacters:ReiMu+1","floor":31},{"not_picked":["EmergencyTakeOff:ReiMu+1"],"picked":"SKIP","floor":35},{"not_picked":["Enchanting:ReiMu+1"],"picked":"SKIP","floor":37}],"player_experience":89750,"relics_obtained":[{"floor":9,"key":"Strawberry"},{"floor":11,"key":"Lantern"},{"floor":23,"key":"Toxic Egg 2"},{"floor":26,"key":"PreservedInsect"},{"floor":27,"key":"Juzu Bracelet"},{"floor":30,"key":"Calipers"}],"event_choices":[{"damage_healed":0.0,"max_hp_gain":0.0,"max_hp_loss":0.0,"gold_gain":0.0,"event_name":"Scrap Ooze","player_choice":"Success","floor":2.0,"gold_loss":0.0,"damage_taken":7.0,"relics_obtained":["Orichalcum"]},{"damage_healed":0,"gold_gain":100,"player_choice":"Gold","damage_taken":0,"max_hp_gain":0,"max_hp_loss":0,"event_name":"Wheel of Change","floor":3,"gold_loss":0},{"damage_healed":0,"gold_gain":0,"player_choice":"Grow","damage_taken":0,"max_hp_gain":0,"max_hp_loss":0,"event_name":"Living Wall","floor":13,"gold_loss":0,"cards_upgraded":["OctopathBindingBorder2:ReiMu"]},{"damage_healed":0,"gold_gain":99,"player_choice":"Stole From Cult","damage_taken":0,"max_hp_gain":0,"max_hp_loss":0,"event_name":"Nest","floor":21,"gold_loss":0},{"damage_healed":0,"gold_gain":0,"player_choice":"Shed Blood","damage_taken":18,"max_hp_gain":5,"max_hp_loss":0,"event_name":"Forgotten Altar","floor":22,"gold_loss":0},{"damage_healed":67,"gold_gain":0,"player_choice":"Heal","damage_taken":0,"max_hp_gain":0,"max_hp_loss":10,"event_name":"The Moai Head","floor":38,"gold_loss":0},{"damage_healed":0,"gold_gain":0,"player_choice":"Took Portal","damage_taken":0,"max_hp_gain":0,"max_hp_loss":0,"event_name":"SecretPortal","floor":39,"gold_loss":0}],"is_beta":false,"boss_relics":[{"not_picked":["Black Star","Runic Pyramid"],"picked":"SlaversCollar"},{"not_picked":["RedLine:ReiMu","Coffee Dripper"],"picked":"Busted Crown"}],"items_purged_floors":[19,29,36],"is_endless":false,"potions_floor_spawned":[1,5,11,14,20,24,31,33],"killed_by":"Awakened One","ascension_level":0}}