{"host":"r53pw7z744tg3fxg","time":1612317832,"event":{"mods":["AchievementEnabler","BaseMod","Colored Map","Colored Powertips","Highlight Path","Minty Spire (QoL Compilation)","Quick Restart","Transform Curses"],"gold_per_floor":[110,128,145,13,13,13,43,54,79,91,1,1,12,47,47,123,123,164,164,189,22,72,72,72],"floor_reached":23,"language":"ENG","playtime":759,"items_purged":[],"score":521,"play_id":"2c7f333c-1c02-4367-865b-ed2df35a7e27","local_time":"20210202190352","is_ascension_mode":true,"campfire_choices":[{"floor":6.0,"key":"REST"},{"data":"ForeignInfluence","floor":12,"key":"SMITH"},{"floor":15,"key":"REST"}],"circlet_count":0,"master_deck":["AscendersBane","Strike_P","Strike_P","Strike_P","Strike_P+1","Defend_P","Defend_P","Defend_P+1","Defend_P+1","Eruption+1","Vigilance+1","Prostrate","BattleHymn+1","FlurryOfBlows","LessonLearned","Evaluate","BowlingBash+1","ForeignInfluence+1","PathToVictory","TalkToTheHand","MasterReality","Consecrate"],"relics":["PureWater","Lantern","Potion Belt","MealTicket","Juzu Bracelet","SacredBark","Smiling Mask","Dream Catcher","Red Mask"],"acts_visited":["Exordium","TheCity"],"potions_floor_usage":[7,13,13,14,22,23],"damage_taken":[{"damage":0.0,"enemies":"2 Louse","floor":1.0,"turns":2.0},{"damage":4.0,"enemies":"Jaw Worm","floor":2.0,"turns":6.0},{"damage":7.0,"enemies":"Small Slimes","floor":3.0,"turns":2.0},{"damage":0,"enemies":"Gremlin Nob","floor":7,"turns":2},{"damage":3,"enemies":"Blue Slaver","floor":8,"turns":5},{"damage":0,"enemies":"Looter","floor":10,"turns":2},{"damage":3,"enemies":"3 Louse","floor":13,"turns":3},{"damage":12,"enemies":"Lagavulin","floor":14,"turns":5},{"damage":0,"enemies":"Slime Boss","floor":16,"turns":6},{"damage":18,"enemies":"2 Thieves","floor":18,"turns":5},{"damage":33,"enemies":"Masked Bandits","floor":22,"turns":5},{"damage":32,"enemies":"Slavers","floor":23,"turns":3}],"seed_played":"2770886040020795912","potions_obtained":[{"floor":2.0,"key":"Energy Potion"},{"floor":3.0,"key":"Swift Potion"},{"floor":8,"key":"ColorlessPotion"},{"floor":10,"key":"Block Potion"},{"floor":13,"key":"CultistPotion"},{"floor":22,"key":"SneckoOil"}],"is_trial":false,"path_per_floor":["M","M","M","$","?","R","E","M","T","M","$","R","M","E","R","B",null,"M","?","T","$","?","E"],"character_chosen":"WATCHER","items_purchased":["LessonLearned","Evaluate","ForeignInfluence","Dream Catcher"],"campfire_rested":2,"item_purchase_floors":[4,4,11,21],"current_hp_per_floor":[61,57,50,50,32,52,52,49,49,49,64,64,61,49,68,68,68,50,50,50,65,32,0,0],"gold":72,"neow_bonus":"UPGRADE_CARD","is_daily":false,"chose_seed":false,"campfire_upgraded":1,"win_rate":0.0,"timestamp":1612317832,"path_taken":["M","M","M","$","?","R","E","M","T","M","$","R","M","E","R","BOSS","M","?","?","$","?","E"],"items_purchased_type":["Card","Card","Card","Relic"],"build_version":"2020-12-22","purchased_purges":0,"victory":false,"max_hp_per_floor":[68,68,68,68,68,68,68,68,68,68,68,68,68,68,68,68,68,68,68,68,68,68,68,68],"card_choices":[{"not_picked":["Nirvana","SandsOfTime"],"picked":"Prostrate","floor":1.0},{"not_picked":["SignatureMove","Consecrate"],"picked":"BattleHymn","floor":2.0},{"not_picked":["Fasting2","FlyingSleeves"],"picked":"FlurryOfBlows","floor":3.0},{"not_picked":["Weave","FlyingSleeves","Crescendo"],"picked":"SKIP","floor":7},{"not_picked":["CrushJoints","EmptyFist","SashWhip"],"picked":"SKIP","floor":8},{"not_picked":["FollowUp","Blasphemy"],"picked":"BowlingBash","floor":10},{"not_picked":["JustLucky","BowlingBash"],"picked":"PathToVictory","floor":13},{"not_picked":["CrushJoints","ClearTheMind"],"picked":"TalkToTheHand","floor":14},{"not_picked":["Scrawl","Blasphemy"],"picked":"MasterReality","floor":16},{"not_picked":["FollowUp","Prostrate"],"picked":"Consecrate","floor":18}],"player_experience":1426249,"relics_obtained":[{"floor":7,"key":"Potion Belt"},{"floor":9,"key":"MealTicket"},{"floor":14,"key":"Juzu Bracelet"},{"floor":20,"key":"Smiling Mask"},{"floor":22,"key":"Red Mask"}],"event_choices":[{"damage_healed":0.0,"max_hp_gain":0.0,"max_hp_loss":0.0,"gold_gain":0.0,"event_name":"Scrap Ooze","player_choice":"Success","floor":5.0,"gold_loss":0.0,"damage_taken":18.0,"relics_obtained":["Lantern"]},{"damage_healed":0,"gold_gain":0,"player_choice":"Ignored","damage_taken":0,"max_hp_gain":0,"max_hp_loss":0,"event_name":"Vampires","floor":19,"gold_loss":0},{"damage_healed":0,"gold_gain":0,"player_choice":"Fought Bandits","damage_taken":0,"max_hp_gain":0,"max_hp_loss":0,"event_name":"Masked Bandits","floor":22,"gold_loss":0}],"is_beta":false,"boss_relics":[{"not_picked":["Runic Dome","Snecko Eye"],"picked":"SacredBark"}],"items_purged_floors":[],"is_endless":false,"potions_floor_spawned":[2,3,8,10,13,22],"killed_by":"Slavers","ascension_level":18}}