{"host":"v9ordiuf4xzdpttp","time":1612335755,"event":{"mods":["AchievementEnabler","Act Like it!","Aspiration","BaseMod","Better Third Choice","Better Vampires","BetterRewards","CCEM2","Colored Map","Gold Saver","Halation","Hubris","Infinite Spire","Jedi Mod","Marked Mod","Minty Spire (QoL Compilation)","Reliquary","Remove Card Discount Mod","Replay The Spire","Shop Mod","Spicy Shops","StSLib"],"gold_per_floor":[109,120,15,34,50,64,64,64],"floor_reached":7,"language":"ENG","playtime":362,"items_purged":[],"score":45,"play_id":"d7f480dd-a85c-418b-8288-dce029cb1d51","local_time":"20210203020235","is_ascension_mode":false,"campfire_choices":[],"circlet_count":0,"master_deck":["Strike_B","Strike_B","Strike_B","Strike_B","Defend_B","Defend_B","Defend_B","Defend_B","Zap","Dualcast","Defend_G","hubris:Strike_Merchant","Tempest","Fusion","Cold Snap","Redo","Time Bomb","jedi:blockon","Leap"],"relics":["Cracked Core"],"acts_visited":["Exordium"],"potions_floor_usage":[7],"damage_taken":[{"damage":6,"enemies":"Cultist","floor":1,"turns":3},{"damage":12,"enemies":"2 Louse","floor":2,"turns":2},{"damage":3,"enemies":"Small Slimes","floor":4,"turns":3},{"damage":33,"enemies":"Gremlin Gang","floor":5,"turns":3},{"damage":3,"enemies":"Blue Slaver","floor":6,"turns":4},{"damage":38,"enemies":"3 Sentries","floor":7,"turns":5}],"seed_played":"3039523425536916328","potions_obtained":[{"floor":5,"key":"jedi:hoardpotion"},{"floor":6,"key":"Strength Potion"}],"is_trial":false,"path_per_floor":["M","M","$","M","M","M","E"],"character_chosen":"DEFECT","items_purchased":["Cold Snap","Redo"],"campfire_rested":0,"item_purchase_floors":[3,3],"current_hp_per_floor":[83,71,71,68,35,32,0,0],"gold":64,"neow_bonus":"TWENTY_PERCENT_HP_BONUS","is_daily":false,"chose_seed":false,"campfire_upgraded":0,"win_rate":0.0,"timestamp":1612335755,"path_taken":["M","M","$","M","?","M","E"],"items_purchased_type":["Card","Card"],"build_version":"2020-12-22","purchased_purges":0,"victory":false,"max_hp_per_floor":[89,89,89,89,89,89,89,89],"card_choices":[{"not_picked":["Stack","Hologram"],"picked":"Tempest","floor":1},{"not_picked":["Leap","Barrage"],"picked":"Fusion","floor":2},{"not_picked":["Turbo","Conserve Battery"],"picked":"Time Bomb","floor":4},{"not_picked":["Steam","jedi:BurstLightning"],"picked":"jedi:blockon","floor":5},{"not_picked":["jedi:readyaimfire","Steam"],"picked":"Leap","floor":6}],"player_experience":259126,"relics_obtained":[],"event_choices":[],"is_beta":false,"boss_relics":[],"items_purged_floors":[],"is_endless":false,"potions_floor_spawned":[5,6],"killed_by":"3 Sentries","ascension_level":0}}