{"host":"9viy3memdfgcf4vy","time":1612379926,"event":{"mods":["BaseMod","Colored Map","Downfall","Minty Spire (QoL Compilation)","StSLib"],"gold_per_floor":[99,110,123,48,59,9,32,132,163,113,129,144,55,71,91,190,190,40,55,155,171,9,26,26,46,65,97,47,81,181,216,235,333,333,83,97,197,214,234,184,209,237,187,201,257,257,207,227,242,242,242,272,90,40,40,40,40,40],"floor_reached":56,"language":"ENG","playtime":5439,"items_purged":[],"score":1174,"play_id":"a25806e1-320a-47a8-869a-6d57295ea296","local_time":"20210203211846","is_ascension_mode":true,"campfire_choices":[{"data":"Slimebound:Split","floor":1,"key":"SMITH"},{"data":"Slimebound:Overexert","floor":6,"key":"SMITH"},{"data":"Slimebound:LeadByExample","floor":10,"key":"SMITH"},{"data":"Slimebound:OneTwoCombo","floor":18,"key":"SMITH"},{"floor":28,"key":"RECALL"},{"data":"Slimebound:MassRepurpose","floor":35,"key":"SMITH"},{"floor":40,"key":"REST"},{"floor":43,"key":"REST"},{"floor":47,"key":"DIG"},{"floor":54,"key":"REST"}],"circlet_count":0,"master_deck":["AscendersBane","Slimebound:Strike_Slimebound+1","Slimebound:Strike_Slimebound","Slimebound:Strike_Slimebound","Slimebound:Tackle+1","Slimebound:Defend_Slimebound","Slimebound:Defend_Slimebound","Slimebound:Defend_Slimebound","Slimebound:Defend_Slimebound","Slimebound:Split+1","Slimebound:CorrosiveSpit","Slimebound:Overexert+1","Slimebound:SplitLeeching","Slimebound:Prepare","Slimebound:LeadByExample+1","Slimebound:Prepare","Slimebound:SplitSpecialist+1","Slimebound:OneTwoCombo+1","Slimebound:Equalize","Slimebound:HauntingLick+1","Slimebound:OozeBath","Slimebound:SpikyOuterGoop","Slimebound:LeechingTouch+1","Pride","Slimebound:ServeAndProtect","Slimebound:MassRepurpose+1","Slimebound:MegaLick","Slimebound:SlimeTap","Slimebound:SplitAcid+1","Slimebound:GrowthPunch","Slimebound:LeadByExample","Panacea"],"relics":["Slimebound:AbsorbEndCombat","Slimebound:GreedOozeRelic","Ornamental Fan","Busted Crown","downfall:HeartBlessingBlue","Membership Card","Du-Vu Doll","Lizard Tail","Sundial","Bag of Marbles","Philosopher\u0027s Stone","downfall:HeartBlessingRed","downfall:HeartBlessingGreen","Centennial Puzzle","Slimebound:MaxSlimesRelic","bronze:DecasWashers","champ:Barbells","Whetstone","Shovel","Gremlin Horn","White Beast Statue","Strange Spoon"],"acts_visited":["Exordium","TheCity","TheBeyond","TheEnding"],"potions_floor_usage":[16,16,23,27,29,33,52,52],"damage_taken":[{"damage":7,"enemies":"Jaw Worm","floor":2,"turns":4},{"damage":3,"enemies":"Small Slimes","floor":3,"turns":4},{"damage":0,"enemies":"Cultist","floor":5,"turns":3},{"damage":4,"enemies":"Lagavulin","floor":9,"turns":5},{"damage":3,"enemies":"Exordium Thugs","floor":11,"turns":3},{"damage":13,"enemies":"Lots of Slimes","floor":12,"turns":2},{"damage":0,"enemies":"downfall:FleeingMerchant","floor":13,"turns":4},{"damage":1,"enemies":"Blue Slaver","floor":14,"turns":3},{"damage":7,"enemies":"2 Fungi Beasts","floor":15,"turns":3},{"damage":7,"enemies":"SI_SHIV_ARCHETYPE","floor":16,"turns":6},{"damage":7,"enemies":"Chosen","floor":19,"turns":3},{"damage":10,"enemies":"Shell Parasite","floor":21,"turns":4},{"damage":5,"enemies":"downfall:FleeingMerchant","floor":22,"turns":4},{"damage":8,"enemies":"Snake Plant","floor":23,"turns":3},{"damage":0,"enemies":"Chosen and Byrds","floor":25,"turns":4},{"damage":7,"enemies":"Snecko","floor":26,"turns":5},{"damage":41,"enemies":"Book of Stabbing","floor":27,"turns":5},{"damage":17,"enemies":"Gremlin Leader","floor":29,"turns":5},{"damage":22,"enemies":"Book of Stabbing","floor":31,"turns":5},{"damage":12,"enemies":"Shelled Parasite and Fungi","floor":32,"turns":3},{"damage":33,"enemies":"DF_ARCHETYPE_CLAW","floor":33,"turns":7},{"damage":4,"enemies":"3 Shapes","floor":36,"turns":3},{"damage":34,"enemies":"3 Darklings","floor":38,"turns":4},{"damage":7,"enemies":"Spire Growth","floor":39,"turns":3},{"damage":15,"enemies":"Giant Head","floor":42,"turns":6},{"damage":3,"enemies":"Writhing Mass","floor":44,"turns":3},{"damage":0,"enemies":"downfall:FleeingMerchant","floor":45,"turns":3},{"damage":0,"enemies":"4 Shapes","floor":48,"turns":4},{"damage":8,"enemies":"Spire Growth","floor":49,"turns":3},{"damage":28,"enemies":"IC_BLOCK_ARCHETYPE","floor":50,"turns":9},{"damage":123,"enemies":"downfall:CharBossMerchant","floor":52,"turns":9},{"damage":24,"enemies":"downfall:NeowBoss","floor":55,"turns":13},{"damage":76,"enemies":"downfall:NeowBossFinal","floor":56,"turns":6}],"seed_played":"2060946898390824137","potions_obtained":[{"floor":3,"key":"hexamod:SoulburnPotion"},{"floor":5,"key":"Slimebound:SlimyTonguePotion"},{"floor":19,"key":"Weak Potion"},{"floor":21,"key":"Regen Potion"},{"floor":23,"key":"SpeedPotion"},{"floor":31,"key":"champ:CounterPotion"},{"floor":36,"key":"Ancient Potion"},{"floor":42,"key":"Guardian:BlockOnCardUsePotion"},{"floor":49,"key":"LiquidMemories"}],"is_trial":false,"path_per_floor":["R","M","M","?","M","R","T","?","E","R","M","M","$","M","M","B",null,"R","M","?","M","$","M","T","M","M","E","R","E","?","E","M","B",null,"R","M","?","M","M","R","T","E","R","M","$","T","R","M","M","B",null,"E","$","R","B","B"],"character_chosen":"SLIMEBOUND","items_purchased":["Slimebound:Equalize","Membership Card","bronze:DecasWashers","champ:Barbells","Whetstone","Slimebound:GrowthPunch","Slimebound:LeadByExample","Strange Spoon","Panacea"],"campfire_rested":3,"item_purchase_floors":[13,22,45,45,45,53,53,53,53],"current_hp_per_floor":[59,58,59,59,65,65,65,65,63,63,62,49,55,56,51,60,64,74,70,70,66,74,75,75,75,74,60,60,51,51,43,41,24,62,62,60,60,28,23,45,45,46,68,75,75,75,75,75,75,47,68,37,37,59,51,0,0,0],"gold":40,"neow_bonus":"ONE_RANDOM_RARE_CARD","is_daily":false,"chose_seed":false,"campfire_upgraded":5,"win_rate":0.0,"timestamp":1612379926,"path_taken":["R","M","M","?","M","R","T","?","E","R","M","?","$","?","M","BOSS","R","M","?","M","$","M","T","?","M","E","R","E","?","E","M","BOSS","R","M","?","M","M","R","T","E","R","M","$","?","R","M","M","BOSS","E","$","R","BOSS","BOSS"],"items_purchased_type":["Card","Relic","Relic","Relic","Relic","Card","Card","Relic","Card"],"build_version":"2020-12-22","purchased_purges":0,"victory":false,"max_hp_per_floor":[65,65,65,65,65,65,65,65,65,65,65,65,65,65,65,65,65,75,75,75,75,75,75,75,75,75,75,75,75,75,75,75,75,75,75,75,75,75,75,75,75,75,75,75,75,75,75,75,75,75,75,75,75,75,75,75,75,75],"card_choices":[{"not_picked":["Slimebound:ComboTackle","Slimebound:SpikyOuterGoop"],"picked":"Slimebound:SplitLeeching","floor":2},{"not_picked":["Slimebound:LivingWall","Slimebound:RallyTheTroops"],"picked":"Slimebound:Prepare","floor":3},{"not_picked":["Slimebound:ItLooksTasty","Slimebound:ComboTackle","Slimebound:ProtectTheBoss"],"picked":"SKIP","floor":5},{"not_picked":["Slimebound:PressTheAttack","Slimebound:LivingWall"],"picked":"Slimebound:LeadByExample","floor":9},{"not_picked":["Slimebound:ServeAndProtect","Slimebound:GoopTackle"],"picked":"Slimebound:Prepare","floor":11},{"not_picked":["Slimebound:HauntingLick","Slimebound:SlimeBrawl"],"picked":"Slimebound:SplitSpecialist","floor":12},{"not_picked":["Slimebound:Chomp","Slimebound:FormOfPuddle"],"picked":"Slimebound:OneTwoCombo","floor":13},{"not_picked":["Slimebound:SlimeSpikes","Slimebound:GoopTackle","Slimebound:SlimeBrawl"],"picked":"SKIP","floor":14},{"not_picked":["Slimebound:LeechEnergy","Slimebound:Equalize"],"picked":"Slimebound:HauntingLick","floor":15},{"not_picked":["Slimebound:OneTwoCombo","Slimebound:PrepareCrush"],"picked":"Slimebound:OozeBath","floor":16},{"not_picked":["Slimebound:HauntingLick"],"picked":"SKIP","floor":19},{"not_picked":["Slimebound:Schlurp"],"picked":"SKIP","floor":21},{"not_picked":[],"picked":"Slimebound:SpikyOuterGoop","floor":22},{"not_picked":[],"picked":"Slimebound:LeechingTouch+1","floor":23},{"not_picked":["Slimebound:FinishingTackle"],"picked":"SKIP","floor":25},{"not_picked":["Slimebound:DisruptingSlam"],"picked":"SKIP","floor":26},{"not_picked":["Slimebound:TongueLash"],"picked":"SKIP","floor":27},{"not_picked":["Slimebound:Equalize"],"picked":"SKIP","floor":29},{"not_picked":[],"picked":"Slimebound:ServeAndProtect","floor":31},{"not_picked":["Slimebound:SplitMire"],"picked":"SKIP","floor":32},{"not_picked":[],"picked":"Slimebound:MassRepurpose","floor":33},{"not_picked":["Slimebound:LeechingTouch+1"],"picked":"SKIP","floor":36},{"not_picked":["Slimebound:FinishingTackle"],"picked":"SKIP","floor":38},{"not_picked":["Slimebound:SamplingLick"],"picked":"SKIP","floor":39},{"not_picked":["Slimebound:ComboTackle"],"picked":"SKIP","floor":42},{"not_picked":[],"picked":"Slimebound:MegaLick","floor":44},{"not_picked":["Slimebound:LeechingTouch"],"picked":"SKIP","floor":45},{"not_picked":[],"picked":"Slimebound:SlimeTap","floor":48},{"not_picked":["Slimebound:SplitBruiser"],"picked":"SKIP","floor":49},{"not_picked":[],"picked":"Slimebound:SplitAcid+1","floor":52}],"player_experience":468852,"relics_obtained":[{"floor":9,"key":"Ornamental Fan"},{"floor":24,"key":"Du-Vu Doll"},{"floor":27,"key":"Lizard Tail"},{"floor":29,"key":"Sundial"},{"floor":31,"key":"Bag of Marbles"},{"floor":41,"key":"Centennial Puzzle"},{"floor":42,"key":"Slimebound:MaxSlimesRelic"},{"floor":46,"key":"Shovel"},{"floor":47,"key":"Gremlin Horn"},{"floor":52,"key":"White Beast Statue"}],"event_choices":[],"is_beta":false,"boss_relics":[{"not_picked":["Runic Pyramid","SlaversCollar"],"picked":"Busted Crown"},{"not_picked":["Black Star","Runic Dome"],"picked":"Philosopher\u0027s Stone"}],"items_purged_floors":[],"is_endless":false,"potions_floor_spawned":[3,5,11,19,21,23,31,36,42,49],"killed_by":"downfall:NeowBossFinal","ascension_level":12}}