{"host":"uld0x1f6or5rl385","time":1612318258,"event":{"mods":["BaseMod","Minty Spire (QoL Compilation)","Quick Restart","StSLib","Unceasing Turn Reminder"],"gold_per_floor":[13,29,48,48,48,48,81,97,123,148,22,37,118,118,118,247,247,260,275,275,275,291,291,291,304,330,353,367,408,431,431,431,562,562,583,292,292,313,168,168,182,205,205,220,220,283,283,348,348,348],"floor_reached":51,"language":"ZHS","playtime":1259,"items_purged":["Injury"],"score":696,"play_id":"ee95a0ab-eba1-4498-b731-9fc01806fd72","local_time":"20210203101058","is_ascension_mode":false,"campfire_choices":[{"data":"Shrug It Off","floor":6.0,"key":"SMITH"},{"data":"Carnage","floor":15.0,"key":"SMITH"},{"data":"Whirlwind","floor":23.0,"key":"SMITH"},{"data":"Metallicize","floor":32.0,"key":"SMITH"},{"data":"Metallicize","floor":40,"key":"SMITH"},{"data":"Limit Break","floor":45,"key":"SMITH"},{"data":"Carnage","floor":47,"key":"SMITH"},{"data":"Metallicize","floor":49,"key":"SMITH"}],"circlet_count":0,"master_deck":["Strike_R+1","Strike_R+1","Strike_R+1","Strike_R+1","Strike_R+1","Defend_R+1","Defend_R+1","Defend_R+1","Defend_R+1","Bash","Clash","Shrug It Off+1","Headbutt","Thunderclap+1","Carnage+1","Seeing Red","Feed+1","Whirlwind+1","Flex+1","J.A.X.","Seeing Red","Carnage+1","Metallicize+1","Metallicize+1","Limit Break+1","Metallicize+1","Flex+1"],"relics":["Burning Blood","Incense Burner","Golden Idol","Bag of Marbles","Dream Catcher","Lantern","Philosopher\u0027s Stone","Orichalcum","HornCleat","Coffee Dripper","Strawberry","Brimstone","Whetstone","Pocketwatch","Charon\u0027s Ashes","Champion Belt"],"acts_visited":["Exordium","TheCity","TheBeyond"],"potions_floor_usage":[48,50],"damage_taken":[{"damage":3.0,"enemies":"Cultist","floor":1.0,"turns":5.0},{"damage":0.0,"enemies":"Small Slimes","floor":2.0,"turns":2.0},{"damage":0.0,"enemies":"2 Louse","floor":3.0,"turns":2.0},{"damage":50.0,"enemies":"3 Sentries","floor":7.0,"turns":12.0},{"damage":10.0,"enemies":"Looter","floor":8.0,"turns":3.0},{"damage":3.0,"enemies":"Large Slime","floor":10.0,"turns":7.0},{"damage":8.0,"enemies":"Exordium Wildlife","floor":12.0,"turns":5.0},{"damage":4.0,"enemies":"3 Sentries","floor":13.0,"turns":8.0},{"damage":42.0,"enemies":"The Guardian","floor":16.0,"turns":9.0},{"damage":10.0,"enemies":"3 Byrds","floor":18.0,"turns":4.0},{"damage":2.0,"enemies":"Chosen","floor":19.0,"turns":4.0},{"damage":3.0,"enemies":"Centurion and Healer","floor":22.0,"turns":3.0},{"damage":4.0,"enemies":"Cultist and Chosen","floor":25.0,"turns":3.0},{"damage":7.0,"enemies":"Chosen and Byrds","floor":27.0,"turns":4.0},{"damage":0.0,"enemies":"Snecko","floor":28.0,"turns":2.0},{"damage":18.0,"enemies":"Book of Stabbing","floor":29.0,"turns":4.0},{"damage":0.0,"enemies":"Snake Plant","floor":30.0,"turns":2.0},{"damage":39.0,"enemies":"Champ","floor":33.0,"turns":9.0},{"damage":8,"enemies":"Orb Walker","floor":35,"turns":2},{"damage":0,"enemies":"3 Darklings","floor":38,"turns":1},{"damage":19,"enemies":"Writhing Mass","floor":41,"turns":3},{"damage":3,"enemies":"Spire Growth","floor":42,"turns":3},{"damage":6,"enemies":"Sphere and 2 Shapes","floor":44,"turns":2},{"damage":2,"enemies":"Mind Bloom Boss Battle","floor":46,"turns":5},{"damage":0,"enemies":"2 Orb Walkers","floor":48,"turns":3},{"damage":32,"enemies":"Time Eater","floor":50,"turns":5}],"seed_played":"8686315913750679211","potions_obtained":[{"floor":3.0,"key":"GamblersBrew"},{"floor":12.0,"key":"ElixirPotion"},{"floor":13.0,"key":"DuplicationPotion"},{"floor":18.0,"key":"Block Potion"},{"floor":25.0,"key":"Strength Potion"},{"floor":35,"key":"SmokeBomb"},{"floor":44,"key":"Block Potion"}],"is_trial":false,"path_per_floor":["M","M","M","?","?","R","E","M","T","M","$","M","?","?","R","B",null,"M","M","?","?","M","R","?","M","T","M","M","E","M","?","R","B",null,"M","$","$","M","$","R","M","M","T","M","R","?","R","?","R","B",null],"character_chosen":"IRONCLAD","items_purchased":["BloodPotion","Strawberry","Brimstone","Whetstone"],"campfire_rested":0,"item_purchase_floors":[11,36,36,39],"current_hp_per_floor":[80,80,80,80,80,80,36,32,32,35,35,49,51,51,51,15,80,79,83,83,83,83,83,83,86,86,85,86,74,80,80,80,50,89,87,94,94,96,96,96,83,86,86,86,86,90,90,96,96,74],"gold":348,"neow_bonus":"ONE_RARE_RELIC","is_daily":false,"chose_seed":false,"campfire_upgraded":8,"win_rate":0.0,"timestamp":1612318258,"path_taken":["M","M","?","?","?","R","E","M","T","M","$","M","?","?","R","BOSS","M","M","?","?","M","R","?","M","T","M","M","E","?","?","R","BOSS","M","?","$","M","$","R","M","M","T","?","R","?","R","?","R","BOSS"],"items_purchased_type":["Potion","Relic","Relic","Relic"],"build_version":"2020-12-22","purchased_purges":1,"victory":true,"max_hp_per_floor":[80,80,80,80,80,80,80,80,80,80,80,80,80,80,80,80,80,83,83,83,83,83,83,83,86,86,86,86,86,86,86,86,89,89,89,96,96,96,96,96,96,96,96,96,96,96,96,96,96,100],"card_choices":[{"not_picked":["Armaments","Anger"],"picked":"Clash","floor":1.0},{"not_picked":["Rupture","Thunderclap"],"picked":"Shrug It Off","floor":2.0},{"not_picked":["Wild Strike","True Grit"],"picked":"Headbutt","floor":3.0},{"not_picked":["Second Wind","Warcry"],"picked":"Thunderclap","floor":7.0},{"not_picked":["Warcry","Bloodletting","Combust"],"picked":"SKIP","floor":8.0},{"not_picked":["Shockwave","Evolve"],"picked":"Carnage","floor":10.0},{"not_picked":["Iron Wave","Clothesline","Reckless Charge"],"picked":"SKIP","floor":12.0},{"not_picked":["Pommel Strike","Barricade"],"picked":"Seeing Red","floor":13.0},{"not_picked":["Fiend Fire","Barricade"],"picked":"Feed","floor":16.0},{"not_picked":["Armaments","Bloodletting"],"picked":"Whirlwind","floor":18.0},{"not_picked":["Havoc+1","Spot Weakness"],"picked":"Flex+1","floor":19.0},{"not_picked":["Sword Boomerang","Heavy Blade","Intimidate"],"picked":"SKIP","floor":22.0},{"not_picked":["Sever Soul+1","Warcry"],"picked":"Seeing Red","floor":25.0},{"not_picked":["Wild Strike","Iron Wave"],"picked":"Carnage","floor":27.0},{"not_picked":["Pommel Strike","Combust","Intimidate"],"picked":"SKIP","floor":28.0},{"not_picked":["Sword Boomerang","Warcry","Armaments"],"picked":"SKIP","floor":29.0},{"not_picked":["Sever Soul+1","Warcry"],"picked":"Metallicize","floor":30.0},{"not_picked":["Reaper","Fiend Fire"],"picked":"Limit Break","floor":33.0},{"not_picked":["Feel No Pain","Body Slam+1"],"picked":"Metallicize","floor":35},{"not_picked":["Flame Barrier","Thunderclap+1","Pummel"],"picked":"SKIP","floor":38},{"not_picked":["Shrug It Off+1","Clothesline"],"picked":"Flex+1","floor":41},{"not_picked":["Wild Strike","Sentinel","Anger+1"],"picked":"SKIP","floor":42},{"not_picked":["Carnage","Armaments+1","Cleave"],"picked":"SKIP","floor":44}],"player_experience":352244,"relics_obtained":[{"floor":7.0,"key":"Bag of Marbles"},{"floor":9.0,"key":"Dream Catcher"},{"floor":13.0,"key":"Lantern"},{"floor":26.0,"key":"Orichalcum"},{"floor":29.0,"key":"HornCleat"},{"floor":43,"key":"Pocketwatch"},{"floor":46,"key":"Charon\u0027s Ashes"},{"floor":48,"key":"Champion Belt"}],"event_choices":[{"damage_healed":0.0,"max_hp_gain":0.0,"max_hp_loss":0.0,"gold_gain":0.0,"event_name":"Golden Idol","player_choice":"Take Wound","floor":4.0,"gold_loss":0.0,"damage_taken":0.0,"relics_obtained":["Golden Idol"],"cards_obtained":["Injury"]},{"damage_healed":0.0,"max_hp_gain":0.0,"max_hp_loss":0.0,"gold_gain":0.0,"event_name":"The Cleric","player_choice":"Leave","floor":5.0,"gold_loss":0.0,"damage_taken":0.0},{"damage_healed":0.0,"max_hp_gain":0.0,"max_hp_loss":0.0,"gold_gain":0.0,"event_name":"Dead Adventurer","player_choice":"Searched \u00271\u0027 times","floor":13.0,"gold_loss":0.0,"damage_taken":0.0},{"damage_healed":0.0,"max_hp_gain":0.0,"max_hp_loss":0.0,"gold_gain":0.0,"event_name":"Liars Game","player_choice":"Ignored","floor":14.0,"gold_loss":0.0,"damage_taken":0.0},{"damage_healed":0.0,"max_hp_gain":0.0,"max_hp_loss":0.0,"gold_gain":0.0,"event_name":"Back to Basics","player_choice":"Simplicity","floor":20.0,"gold_loss":0.0,"damage_taken":0.0,"cards_upgraded":["Strike_R","Strike_R","Strike_R","Strike_R","Strike_R","Defend_R","Defend_R","Defend_R","Defend_R"]},{"damage_healed":0.0,"max_hp_gain":0.0,"max_hp_loss":0.0,"gold_gain":0.0,"event_name":"Vampires","player_choice":"Ignored","floor":21.0,"gold_loss":0.0,"damage_taken":0.0},{"damage_healed":0.0,"max_hp_gain":0.0,"max_hp_loss":0.0,"gold_gain":0.0,"event_name":"Drug Dealer","player_choice":"Obtain J.A.X.","floor":24.0,"gold_loss":0.0,"damage_taken":0.0,"cards_obtained":["J.A.X."]},{"damage_healed":0.0,"max_hp_gain":0.0,"max_hp_loss":0.0,"gold_gain":0.0,"event_name":"Duplicator","player_choice":"Copied","floor":31.0,"gold_loss":0.0,"damage_taken":0.0,"cards_obtained":["Metallicize"]},{"damage_healed":0,"gold_gain":0,"player_choice":"Fight","damage_taken":0,"max_hp_gain":0,"max_hp_loss":0,"event_name":"MindBloom","floor":46,"gold_loss":0},{"damage_healed":0,"gold_gain":0,"player_choice":"Fight","damage_taken":0,"max_hp_gain":0,"max_hp_loss":0,"event_name":"Mysterious Sphere","floor":48,"gold_loss":0}],"is_beta":false,"boss_relics":[{"not_picked":["Calling Bell","Snecko Eye"],"picked":"Philosopher\u0027s Stone"},{"not_picked":["Pandora\u0027s Box","Runic Dome"],"picked":"Coffee Dripper"}],"items_purged_floors":[11],"is_endless":false,"potions_floor_spawned":[3,12,13,18,22,25,35,44],"ascension_level":0}}