{"host":"11728qvdvolffudn","time":1612366344,"event":{"mods":["BaseMod","Block Reminder","Colored Powertips","Curses Come First","Custom Start","Displayed Cursed Tome","Filter the Spire","Highlight Path","Minty Spire (QoL Compilation)","Permanent Neow","Quick Restart","Rare Cards Sparkle","Relic Stats","StSLib","Weighted Paths"],"gold_per_floor":[116,133,150,164,180,206,206,219,268,268,300,300,333,60,60,159,159,174,174,184,116,131,157,192,192,215,228,228,253,279,303,315,429,441,472,484,496,528,554,566,611,623,623],"floor_reached":42,"language":"ENG","playtime":2133,"items_purged":["Sentinel"],"score":537,"play_id":"5a79a919-47d4-4c5e-8c2f-9edddc5260d0","local_time":"20210203153224","is_ascension_mode":true,"campfire_choices":[{"data":"Immolate","floor":7,"key":"SMITH"},{"data":"Rampage","floor":10,"key":"SMITH"},{"floor":15,"key":"REST"},{"data":"Limit Break","floor":25,"key":"SMITH"},{"data":"Whirlwind","floor":28,"key":"SMITH"},{"data":"Demon Form","floor":32,"key":"SMITH"},{"data":"Berserk","floor":40,"key":"SMITH"}],"circlet_count":0,"master_deck":["Strike_R","Strike_R","Strike_R","Strike_R","Defend_R","Defend_R","Defend_R","Defend_R","Bash","Immolate+1","Rampage+1","Cleave","Flex","Demon Form+1","Whirlwind+1","Limit Break+1","Flex+1","Berserk+1","Bash"],"relics":["Burning Blood","Tiny Chest","Orichalcum","Mercury Hourglass","InkBottle","Lantern","SacredBark","Boot","Red Mask","Omamori","Self Forming Clay","MawBank","Runic Pyramid","Bag of Preparation"],"acts_visited":["Exordium","TheCity","TheBeyond"],"potions_floor_usage":[6,6,20,22,29,33,33,41],"damage_taken":[{"damage":9,"enemies":"Jaw Worm","floor":1,"turns":3},{"damage":1,"enemies":"Cultist","floor":2,"turns":3},{"damage":0,"enemies":"2 Louse","floor":3,"turns":2},{"damage":11,"enemies":"Blue Slaver","floor":4,"turns":5},{"damage":8,"enemies":"Looter","floor":5,"turns":4},{"damage":39,"enemies":"Lagavulin","floor":6,"turns":8},{"damage":5,"enemies":"Exordium Thugs","floor":8,"turns":4},{"damage":7,"enemies":"3 Sentries","floor":11,"turns":3},{"damage":27,"enemies":"Gremlin Nob","floor":13,"turns":5},{"damage":48,"enemies":"The Guardian","floor":16,"turns":10},{"damage":6,"enemies":"Chosen","floor":18,"turns":4},{"damage":5,"enemies":"Spheric Guardian","floor":20,"turns":3},{"damage":29,"enemies":"Snake Plant","floor":22,"turns":4},{"damage":22,"enemies":"Gremlin Leader","floor":23,"turns":5},{"damage":10,"enemies":"Masked Bandits","floor":24,"turns":3},{"damage":14,"enemies":"Snecko","floor":27,"turns":6},{"damage":36,"enemies":"Book of Stabbing","floor":29,"turns":5},{"damage":2,"enemies":"Chosen and Byrds","floor":31,"turns":4},{"damage":59,"enemies":"Collector","floor":33,"turns":7},{"damage":29,"enemies":"Orb Walker","floor":35,"turns":5},{"damage":10,"enemies":"3 Darklings","floor":38,"turns":3},{"damage":24,"enemies":"Sphere and 2 Shapes","floor":39,"turns":4},{"damage":33,"enemies":"Reptomancer","floor":41,"turns":6},{"damage":16,"enemies":"Transient","floor":42,"turns":2}],"seed_played":"5183868923517765712","potions_obtained":[{"floor":1,"key":"SneckoOil"},{"floor":2,"key":"AttackPotion"},{"floor":5,"key":"Regen Potion"},{"floor":16,"key":"FairyPotion"},{"floor":18,"key":"SpeedPotion"},{"floor":20,"key":"SneckoOil"},{"floor":27,"key":"SneckoOil"},{"floor":31,"key":"BloodPotion"},{"floor":39,"key":"LiquidMemories"}],"is_trial":false,"path_per_floor":["M","M","M","M","M","E","R","M","T","R","E","?","E","$","R","B",null,"M","?","M","$","M","E","?","R","T","M","R","E","T","M","R","B",null,"M","?","?","M","M","R","E","M"],"character_chosen":"IRONCLAD","items_purchased":["Lantern","Flex","Whirlwind"],"campfire_rested":1,"item_purchase_floors":[14,14,21],"current_hp_per_floor":[77,80,80,75,73,55,55,56,56,56,55,55,34,34,58,16,80,80,80,80,80,57,41,37,37,37,29,29,48,48,52,52,31,80,57,57,57,53,35,35,8,0,0],"gold":623,"neow_bonus":"ONE_RANDOM_RARE_CARD","is_daily":false,"chose_seed":false,"campfire_upgraded":6,"win_rate":0.0,"timestamp":1612366344,"path_taken":["M","M","M","M","M","E","R","M","T","R","E","?","E","$","R","BOSS","M","?","M","$","M","E","?","R","T","M","R","E","?","M","R","BOSS","M","?","?","M","M","R","E","M"],"items_purchased_type":["Relic","Card","Card"],"build_version":"2020-12-22","purchased_purges":1,"victory":false,"max_hp_per_floor":[80,80,80,80,80,80,80,80,80,80,80,80,80,80,80,80,80,80,80,80,80,80,80,80,80,80,80,80,80,80,80,80,80,80,80,80,80,80,80,80,80,80,80],"relic_stats":{"counters":[24,107],"Self Forming Clay":[57],"Tiny Chest":1,"Bag of Preparation":[2],"Orichalcum":[186],"Boot":[2],"MawBank":144,"obtain_stats":[{"Lantern":14,"Self Forming Clay":29,"SacredBark":17,"Omamori":26,"Bag of Preparation":41,"Orichalcum":9,"Boot":23,"MawBank":30,"Burning Blood":0,"Mercury Hourglass":11,"Tiny Chest":6,"Red Mask":24,"InkBottle":13,"Runic Pyramid":34},{"Lantern":9,"Self Forming Clay":17,"SacredBark":10,"Omamori":15,"Bag of Preparation":23,"Orichalcum":7,"Boot":14,"MawBank":17,"Burning Blood":0,"Mercury Hourglass":8,"Tiny Chest":6,"Red Mask":15,"InkBottle":9,"Runic Pyramid":19},{"Lantern":37,"Self Forming Clay":77,"SacredBark":47,"Omamori":66,"Bag of Preparation":105,"Orichalcum":29,"Boot":63,"MawBank":77,"Burning Blood":0,"Mercury Hourglass":32,"Tiny Chest":25,"Red Mask":66,"InkBottle":37,"Runic Pyramid":87}],"Burning Blood":129,"InkBottle":[16],"Mercury Hourglass":[280]},"card_choices":[{"not_picked":["Spot Weakness","Metallicize"],"picked":"Rampage","floor":1},{"not_picked":["Warcry","Dark Embrace","Anger"],"picked":"SKIP","floor":2},{"not_picked":["Disarm","Carnage"],"picked":"Shrug It Off","floor":3},{"not_picked":["Sever Soul","Twin Strike","Fire Breathing"],"picked":"SKIP","floor":4},{"not_picked":["Second Wind","Headbutt","Twin Strike"],"picked":"SKIP","floor":5},{"not_picked":["Shrug It Off","Spot Weakness"],"picked":"Cleave","floor":6},{"not_picked":["Evolve","Warcry","Metallicize"],"picked":"SKIP","floor":8},{"not_picked":["Wild Strike","Twin Strike","Armaments"],"picked":"SKIP","floor":11},{"not_picked":["Fiend Fire","Reckless Charge","Heavy Blade"],"picked":"SKIP","floor":13},{"not_picked":["Offering","Impervious"],"picked":"Demon Form","floor":16},{"not_picked":["Pommel Strike","Evolve","Anger"],"picked":"SKIP","floor":18},{"not_picked":["Thunderclap","Hemokinesis","Combust+1"],"picked":"SKIP","floor":20},{"not_picked":["Dropkick","Armaments","Iron Wave"],"picked":"SKIP","floor":22},{"not_picked":["Spot Weakness","Power Through"],"picked":"Limit Break","floor":23},{"not_picked":["Headbutt","Combust","Berserk"],"picked":"SKIP","floor":27},{"not_picked":["Warcry+1","Evolve+1","Sword Boomerang"],"picked":"SKIP","floor":29},{"not_picked":["Clothesline","Clash","Inflame"],"picked":"SKIP","floor":31},{"not_picked":["True Grit","Body Slam+1"],"picked":"Flex+1","floor":35},{"not_picked":["Inflame+1","Cleave","Iron Wave+1"],"picked":"SKIP","floor":38},{"not_picked":["Power Through+1","Pommel Strike","Thunderclap+1"],"picked":"SKIP","floor":39},{"not_picked":["Heavy Blade+1","Anger","Headbutt"],"picked":"SKIP","floor":41}],"player_experience":176494,"relics_obtained":[{"floor":6,"key":"Tiny Chest"},{"floor":9,"key":"Orichalcum"},{"floor":11,"key":"Mercury Hourglass"},{"floor":13,"key":"InkBottle"},{"floor":23,"key":"Boot"},{"floor":24,"key":"Red Mask"},{"floor":26,"key":"Omamori"},{"floor":29,"key":"Self Forming Clay"},{"floor":30,"key":"MawBank"},{"floor":41,"key":"Bag of Preparation"}],"event_choices":[{"damage_healed":0,"gold_gain":0,"cards_transformed":["Strike_R"],"player_choice":"Transformed","damage_taken":0,"max_hp_gain":0,"max_hp_loss":0,"event_name":"Transmorgrifier","floor":12,"gold_loss":0,"cards_obtained":["Sentinel"]},{"damage_healed":0,"gold_gain":0,"player_choice":"Ignored","damage_taken":0,"max_hp_gain":0,"max_hp_loss":0,"event_name":"Beggar","floor":19,"gold_loss":0},{"damage_healed":0,"gold_gain":0,"player_choice":"Fought Bandits","damage_taken":0,"max_hp_gain":0,"max_hp_loss":0,"event_name":"Masked Bandits","floor":24,"gold_loss":0},{"cards_removed":["Shrug It Off"],"damage_healed":0,"gold_gain":0,"player_choice":"Removed Skill","damage_taken":0,"max_hp_gain":0,"max_hp_loss":0,"event_name":"Falling","floor":36,"gold_loss":0},{"damage_healed":0,"gold_gain":0,"player_choice":"2 cards matched","damage_taken":0,"max_hp_gain":0,"max_hp_loss":0,"event_name":"Match and Keep!","floor":37,"gold_loss":0,"cards_obtained":["Berserk","Bash"]}],"is_beta":false,"boss_relics":[{"not_picked":["Busted Crown","Pandora\u0027s Box"],"picked":"SacredBark"},{"not_picked":["Tiny House","Fusion Hammer"],"picked":"Runic Pyramid"}],"items_purged_floors":[14],"is_endless":false,"potions_floor_spawned":[1,2,5,16,18,20,27,31,39],"killed_by":"Transient","ascension_level":2}}