{"host":"wghdsg8ym2wc7ov9","time":1612337477,"event":{"mods":["A Penny For Your Troubles","AchievementEnabler","Astrologer","BaseMod","Beaked The Cultist","Better Altar","Better Note","ChefMod","Colored Map","Evolution","Fox Events","Hermit","Highlight Path","Jorbs\u0027s Wanderer Trilogy","KinomotoSakuraMod(????)","Minty Spire (QoL Compilation)","Random Character Button","Relic Stats","SIMod","Shop Mod","StSLib","The Blackbeard","The Bladedancer","The Construct","The Cursed","The Death Knight","The Gatherer","The Hierophant","The Marked","The Mystic","The Necromancer","The Runesmith","The Senshi","The Servant 0.9.4","Weighted Paths"],"gold_per_floor":[117,117,117,132,7,40,40,72,72,86,86,86,124,124,124,253,253,271,271,289,306,306,306,336,336,381,391,391,391,391,391],"floor_reached":30,"language":"ENG","playtime":2676,"items_purged":[],"score":290,"play_id":"92f1da06-e284-4bee-8e25-78f560989541","local_time":"20210202233117","is_ascension_mode":true,"campfire_choices":[{"floor":7.0,"key":"REST"},{"floor":11.0,"key":"REST"},{"floor":15.0,"key":"REST"},{"floor":23,"key":"REST"},{"floor":25,"key":"REST"},{"data":"SilverBlades","floor":29,"key":"SMITH"}],"circlet_count":0,"master_deck":["Strike_S+1","Strike_S","Strike_S","Strike_S","Defend_S","Defend_S+1","Defend_S","Defend_S","KidneyShot","Exchange","Rearm","Rewind","SilverBlades+1","Defy","Sabotage","Sunlight","RealityMarble","Injury","Potential","Embodiment","Moonlight","Foresight+1","SurpressingFire","Necronomicurse","GearUp","ShatteredReality+1"],"relics":["Uniform","EVO:Axolotl","StrikeDummy","Sundial","Blue Candle","Bloody Idol","Nunchaku","Letter Opener","MysterySword","Blood Vial","Necronomicon","Darkstone Periapt","Vajra"],"acts_visited":["Exordium","TheCity"],"potions_floor_usage":[13020,20,21,24,27],"damage_taken":[{"damage":1.0,"enemies":"Small Slimes","floor":1.0,"turns":4.0},{"damage":0.0,"enemies":"2 Louse","floor":4.0,"turns":3.0},{"damage":44.0,"enemies":"Lagavulin","floor":6.0,"turns":13.0},{"damage":13.0,"enemies":"Gremlin Nob","floor":8.0,"turns":5.0},{"damage":5.0,"enemies":"Jaw Worm","floor":10.0,"turns":2.0},{"damage":8.0,"enemies":"Lagavulin","floor":13.0,"turns":7.0},{"damage":8.0,"enemies":"Hexaghost","floor":16.0,"turns":9.0},{"damage":14,"enemies":"Spheric Guardian","floor":18,"turns":5},{"damage":10,"enemies":"Chosen","floor":20,"turns":4},{"damage":16,"enemies":"Centurion and Healer","floor":21,"turns":6},{"damage":20,"enemies":"Gremlin Leader","floor":24,"turns":4},{"damage":24,"enemies":"Snake Plant","floor":27,"turns":4},{"damage":43,"enemies":"Book of Stabbing","floor":30,"turns":3}],"seed_played":"-7186720803216382002","potions_obtained":[{"floor":6.0,"key":"Dexterity Potion"},{"floor":8.0,"key":"SkillPotion"},{"floor":10.0,"key":"SteroidPotion"},{"floor":13.0,"key":"BlessingOfTheForge"},{"floor":18,"key":"LiquidBronze"},{"floor":21,"key":"Energy Potion"}],"is_trial":false,"path_per_floor":["M","?","?","M","$","E","R","E","T","M","R","?","E","T","R","B",null,"M","?","M","M","?","R","E","R","T","M","?","R","E"],"character_chosen":"THE_SERVANT","items_purchased":["SilverBlades","Defy"],"campfire_rested":5,"item_purchase_floors":[5,5],"current_hp_per_floor":[70,56,56,56,56,12,33,20,20,15,36,36,28,28,49,41,71,57,21,40,31,15,36,23,44,49,32,32,32,0,0],"gold":391,"neow_bonus":"TEN_PERCENT_HP_BONUS","is_daily":false,"chose_seed":false,"campfire_upgraded":1,"win_rate":0.0,"timestamp":1612337477,"path_taken":["M","?","?","M","$","E","R","E","T","M","R","?","E","?","R","BOSS","M","?","M","M","?","R","E","R","T","M","?","R","E"],"items_purchased_type":["Card","Card"],"build_version":"2020-12-22","purchased_purges":0,"victory":false,"max_hp_per_floor":[71,71,71,71,71,71,71,71,71,71,71,71,71,71,71,71,71,71,71,71,71,71,71,71,71,71,71,71,71,71,71],"relic_stats":{"Blood Vial":10,"Darkstone Periapt":0,"Nunchaku":[7],"counters":[13,69],"Sundial":[4],"Blue Candle":[0],"Bloody Idol":25,"Necronomicon":[4],"Letter Opener":[15],"obtain_stats":[{"Darkstone Periapt":24,"Golden Idol":12,"Blue Candle":9,"Vajra":26,"Uniform":0,"EVO:Axolotl":0,"Letter Opener":14,"Blood Vial":19,"Nunchaku":13,"Sundial":8,"MysterySword":17,"Bloody Idol":19,"Necronomicon":22,"StrikeDummy":6},{"Darkstone Periapt":11,"Golden Idol":5,"Blue Candle":4,"Vajra":11,"Uniform":0,"EVO:Axolotl":0,"Letter Opener":6,"Blood Vial":8,"Nunchaku":6,"Sundial":4,"MysterySword":7,"Bloody Idol":8,"Necronomicon":10,"StrikeDummy":3},{"Darkstone Periapt":62,"Golden Idol":27,"Blue Candle":25,"Vajra":62,"Uniform":0,"EVO:Axolotl":0,"Letter Opener":34,"Blood Vial":48,"Nunchaku":34,"Sundial":25,"MysterySword":43,"Bloody Idol":48,"Necronomicon":58,"StrikeDummy":20}]},"card_choices":[{"not_picked":["Starlight","Rewind"],"picked":"Rearm","floor":1.0},{"not_picked":["Unruled","Revamp"],"picked":"Rewind","floor":4.0},{"not_picked":["DoubleEdge","FastForward"],"picked":"Sabotage","floor":6.0},{"not_picked":["GearUp","FanOfKnives"],"picked":"Sunlight","floor":8.0},{"not_picked":["Snipe","Rearm"],"picked":"RealityMarble","floor":10.0},{"not_picked":["Replace","Alleviate"],"picked":"Potential","floor":13.0},{"not_picked":["FloweringNight","Initiator"],"picked":"Embodiment","floor":16.0},{"not_picked":["Potential","Starlight"],"picked":"Moonlight","floor":18},{"not_picked":["FastForward","GearUp"],"picked":"Foresight+1","floor":20},{"not_picked":["TimeWarp+1","Comet+1"],"picked":"SurpressingFire","floor":21},{"not_picked":["WasteNot","Desolation"],"picked":"GearUp","floor":24},{"not_picked":["Contraction","Unruled+1"],"picked":"ShatteredReality+1","floor":27}],"player_experience":874858,"relics_obtained":[{"floor":6.0,"key":"StrikeDummy"},{"floor":8.0,"key":"Sundial"},{"floor":9.0,"key":"Blue Candle"},{"floor":13.0,"key":"Nunchaku"},{"floor":14.0,"key":"Letter Opener"},{"floor":22,"key":"Necronomicon"},{"floor":24,"key":"Darkstone Periapt"},{"floor":26,"key":"Vajra"}],"event_choices":[{"damage_healed":0.0,"max_hp_gain":0.0,"max_hp_loss":0.0,"gold_gain":0.0,"event_name":"Shining Light","player_choice":"Entered Light","floor":2.0,"gold_loss":0.0,"damage_taken":14.0,"cards_upgraded":["Defend_S","Strike_S"]},{"damage_healed":0.0,"max_hp_gain":0.0,"max_hp_loss":0.0,"gold_gain":0.0,"event_name":"The Cleric","player_choice":"Leave","floor":3.0,"gold_loss":0.0,"damage_taken":0.0},{"damage_healed":0.0,"max_hp_gain":0.0,"max_hp_loss":0.0,"gold_gain":0.0,"event_name":"Golden Idol","player_choice":"Take Wound","floor":12.0,"gold_loss":0.0,"damage_taken":0.0,"relics_obtained":["Golden Idol"],"cards_obtained":["Injury"]},{"damage_healed":0,"gold_gain":0,"player_choice":" GoldIdol Vial Potion ","damage_taken":36,"relics_obtained":["Bloody Idol","Blood Vial"],"max_hp_gain":57,"max_hp_loss":21,"event_name":"betterAltar:BetterAltar","floor":19,"potions_obtained":["betterAltar:AltarPotion"],"relics_lost":["Golden Idol"],"gold_loss":0},{"damage_healed":0,"gold_gain":0,"player_choice":"Obtained Book","damage_taken":16,"max_hp_gain":0,"max_hp_loss":0,"event_name":"Cursed Tome","floor":22,"gold_loss":0},{"damage_healed":0,"gold_gain":0,"player_choice":"Ignored","damage_taken":0,"max_hp_gain":0,"max_hp_loss":0,"event_name":"Ghosts","floor":28,"gold_loss":0}],"is_beta":false,"boss_relics":[{"not_picked":["Tiny House","Velvet Choker"],"picked":"MysterySword"}],"items_purged_floors":[],"is_endless":false,"potions_floor_spawned":[6,8,10,13,18,21],"killed_by":"Book of Stabbing","ascension_level":2}}