{"host":"9jkzatiwan7o33sr","time":1612381663,"event":{"mods":["AchievementEnabler","Act Like it!","Aspiration","BaseMod","Colored Map","Colored Powertips","Conspire","Downfall","GifTheSpireLib","Hallownest","Hermit","Hubris","Infinite Spire","Jorbs\u0027s Wanderer Trilogy","Mad Scientist","Mimic Mod","Minty Spire (QoL Compilation)","Permanent Neow","Shade Mod","StSLib","Stuff the Spire","Td1madao Mod","The Bladedancer","The Bug Knight","The Cursed","The Forsaken","The Hierophant","The Jungle","The Mystic","The Necromancer","The Poker Player","The Servant 0.9.4","The Witch","[IsaacMod]????"],"gold_per_floor":[115,91,91,103,119,148,123,123,159,15,31,31,65,76,76,181,181,196,196,215,297,314,23,23,23,23,23,38,48,64,42,42,42,42],"floor_reached":33,"language":"ENG","playtime":2608,"items_purged":[],"score":270,"play_id":"5164cd32-9223-42c9-a579-f7340d749b90","local_time":"20210203204743","is_ascension_mode":true,"campfire_choices":[{"data":"HollowMod:ChannelNail","floor":8,"key":"SMITH"},{"data":"HollowMod:GrimmsGift","floor":12,"key":"SMITH"},{"floor":15,"key":"REST"},{"floor":24,"key":"REST"},{"data":"HollowMod:GoodIntentions","floor":27,"key":"SMITH"},{"floor":32,"key":"REST"}],"circlet_count":0,"master_deck":["HollowMod:NailStrikeStart","HollowMod:NailStrikeStart","HollowMod:NailStrikeStart","HollowMod:NailStrikeStart","HollowMod:QuickDashStart","HollowMod:QuickDashStart","HollowMod:QuickDashStart","HollowMod:QuickDashStart","HollowMod:FocusHealStart","HollowMod:PogoStrike","HollowMod:CycloneSlash","HollowMod:ChannelNail+1","HollowMod:GoodIntentions+1","HollowMod:HeavyBlow","HollowMod:CycloneSlash","HollowMod:CornifersMapStart","HollowMod:BaldurShell","HollowMod:GrimmsGift+1","HollowMod:Weaversong","HollowMod:MothsMistake","HollowMod:ZotesMagnificence","HollowMod:LifebloodCocoon+1","HollowMod:FallenFury","HollowMod:GrimmsGift","HollowMod:SoulSplash+1","HollowMod:SoulStrike+1","HollowMod:GoodIntentions"],"relics":["HollowMod:VesselMask","HushsDoor","HowToJump","Blood Vial","Potion Belt","hubris:TenFootPole","Nunchaku","conspire:SpecialSausage","hubris:DeckOfHolding","infinitespire:Lychee Nut","infinitespire:Eraser"],"acts_visited":["Exordium","TheCity"],"potions_floor_usage":[33,33],"damage_taken":[{"damage":6,"enemies":"Jaw Worm","floor":1,"turns":5},{"damage":1,"enemies":"Cultist","floor":4,"turns":3},{"damage":0,"enemies":"Small Slimes","floor":5,"turns":3},{"damage":19,"enemies":"Gremlin Nob","floor":6,"turns":6},{"damage":0,"enemies":"Exordium Thugs","floor":9,"turns":7},{"damage":11,"enemies":"Exordium Thugs","floor":11,"turns":7},{"damage":24,"enemies":"Lagavulin","floor":13,"turns":6},{"damage":12,"enemies":"Looter","floor":14,"turns":3},{"damage":48,"enemies":"The Guardian","floor":16,"turns":15},{"damage":34,"enemies":"3 Byrds","floor":18,"turns":5},{"damage":14,"enemies":"Spheric Guardian","floor":20,"turns":5},{"damage":21,"enemies":"3 Cultists","floor":22,"turns":4},{"damage":23,"enemies":"Centurion and Healer","floor":28,"turns":8},{"damage":17,"enemies":"conspire:HollyBat","floor":29,"turns":8},{"damage":9,"enemies":"Snecko","floor":30,"turns":4},{"damage":48,"enemies":"HollowMod:NKGrimm","floor":33,"turns":7}],"seed_played":"7349404507700492799","potions_obtained":[{"floor":0,"key":"SmokeBomb"},{"floor":0,"key":"CultistPotion"},{"floor":0,"key":"Guardian:BlockOnCardUsePotion"},{"floor":1,"key":"sneckomod:MuddlingPotion"},{"floor":5,"key":"Strength Potion"},{"floor":11,"key":"conspire:TimeTravelPotion"},{"floor":13,"key":"hexamod:SoulburnPotion"},{"floor":20,"key":"Slimebound:ThreeZeroPotion"},{"floor":22,"key":"Slimebound:ThreeZeroPotion"}],"is_trial":false,"path_per_floor":["M","$","?","M","M","E","$","R","MIM","$","M","R","E","M","R","B",null,"M","?","M","T","M","$","R","$","T","R","M","M","M","$","R","B"],"character_chosen":"THE_BUGKNIGHT","items_purchased":["HollowMod:ChannelNail","HollowMod:CornifersMapStart","hubris:TenFootPole","infinitespire:Lychee Nut","HollowMod:GoodIntentions"],"campfire_rested":3,"item_purchase_floors":[2,7,10,23,31],"current_hp_per_floor":[75,75,75,75,75,62,62,62,70,70,67,67,51,41,63,29,75,41,41,29,29,20,20,36,36,36,36,27,18,17,17,33,0,0],"gold":42,"neow_bonus":"THREE_SMALL_POTIONS","is_daily":false,"chose_seed":false,"campfire_upgraded":3,"win_rate":0.0,"timestamp":1612381663,"path_taken":["M","$","?","M","M","E","$","R","MIM","$","M","R","E","M","R","BOSS","M","?","M","?","M","?","R","$","T","R","M","M","M","$","R","BOSS"],"items_purchased_type":["Card","Card","Relic","Relic","Card"],"build_version":"2020-12-22","purchased_purges":0,"victory":false,"max_hp_per_floor":[75,75,75,75,75,75,75,75,75,75,75,75,75,75,75,75,75,75,75,75,75,75,56,56,56,56,56,56,56,56,56,56,56,56],"card_choices":[{"not_picked":["HollowMod:MawleksShell","HollowMod:Grubsong"],"picked":"HollowMod:CycloneSlash","floor":1},{"not_picked":["Bomb","HollowMod:SharpenedNail"],"picked":"HollowMod:GoodIntentions","floor":4},{"not_picked":["HollowMod:AbyssShriek","HollowMod:LifebloodCocoon"],"picked":"HollowMod:HeavyBlow","floor":5},{"not_picked":["HollowMod:RecoilStrike","HollowMod:DescendingDark"],"picked":"HollowMod:CycloneSlash","floor":6},{"not_picked":["HollowMod:BlackTendrils","HollowMod:SharpenedNail"],"picked":"HollowMod:BaldurShell","floor":9},{"not_picked":["HollowMod:HeavyBlow","HollowMod:InfectedAttack"],"picked":"HollowMod:GrimmsGift","floor":11},{"not_picked":["HollowMod:SiblingsSouls","HollowMod:HeavyBlow"],"picked":"HollowMod:Weaversong","floor":13},{"not_picked":["HollowMod:SoulShaman","HollowMod:SiblingsSouls"],"picked":"HollowMod:MothsMistake","floor":14},{"not_picked":["HollowMod:LordofShades","HollowMod:PureVessel"],"picked":"HollowMod:ZotesMagnificence","floor":16},{"not_picked":["HollowMod:CrystalDash","HollowMod:SoulVessel"],"picked":"HollowMod:LifebloodCocoon+1","floor":18},{"not_picked":["HollowMod:VengefulVoid","HollowMod:InfectedAttack","HollowMod:PureNailStrike"],"picked":"SKIP","floor":20},{"not_picked":["HollowMod:NewGlowingWomb","HollowMod:SiblingsSouls"],"picked":"HollowMod:FallenFury","floor":22},{"not_picked":["HollowMod:TaintedHusks","HollowMod:HeavyBlow"],"picked":"HollowMod:GrimmsGift","floor":28},{"not_picked":["HollowMod:SoulVessel","HollowMod:WraithStrike+1"],"picked":"HollowMod:SoulSplash+1","floor":29},{"not_picked":["HollowMod:DescendingDark+1","HollowMod:InfectedAttack"],"picked":"HollowMod:SoulStrike+1","floor":30}],"player_experience":631588,"relics_obtained":[{"floor":6,"key":"Blood Vial"},{"floor":9,"key":"Potion Belt"},{"floor":13,"key":"Nunchaku"},{"floor":21,"key":"hubris:DeckOfHolding"},{"floor":26,"key":"infinitespire:Eraser"}],"event_choices":[{"damage_healed":0,"gold_gain":0,"player_choice":"Ignored","damage_taken":0,"max_hp_gain":0,"max_hp_loss":0,"event_name":"Golden Wing","floor":3,"gold_loss":0}],"is_beta":false,"boss_relics":[{"not_picked":["aspiration:DefectSkillbook","Busted Crown"],"picked":"conspire:SpecialSausage"},{"not_picked":[]}],"items_purged_floors":[],"is_endless":false,"potions_floor_spawned":[1,5,11,13,20,22,28],"killed_by":"HollowMod:NKGrimm","ascension_level":1}}