{"host":"gobyjzz6xbwq9f9i","time":1612327626,"event":{"mods":["AchievementEnabler","BaseMod","Bestiary","Colored Map","Minty Spire (QoL Compilation)","Relic Stats"],"gold_per_floor":[216,316,329,29,45,45,61,89,89,89,107,107,107,125,125,254,254,279,294,37,51,51,51,91,109,109,109,127,158,24,47,47,175,175,188,50,64,64,64,108,108,108],"floor_reached":41,"language":"ENG","playtime":1965,"items_purged":["Strike_G","Shame"],"score":757,"play_id":"854a7fdd-8b09-4775-8126-6bcc8fe237af","local_time":"20210202204706","is_ascension_mode":true,"campfire_choices":[{"data":"Dagger Spray","floor":6.0,"key":"SMITH"},{"data":"Poisoned Stab","floor":10.0,"key":"SMITH"},{"data":"Crippling Poison","floor":15.0,"key":"SMITH"},{"data":"Doppelganger","floor":23.0,"key":"SMITH"},{"floor":27,"key":"REST"},{"data":"Wraith Form v2","floor":32,"key":"SMITH"}],"circlet_count":0,"master_deck":["AscendersBane","Strike_G","Strike_G","Strike_G","Strike_G","Defend_G","Defend_G","Defend_G","Defend_G","Defend_G","Survivor","Neutralize","Poisoned Stab+1","Slice","Dagger Spray+1","Calculated Gamble","Infinite Blades","Doppelganger+1","Crippling Poison+1","After Image","Deadly Poison+1","Deflect+1","Master of Strategy+1","Deadly Poison+1","Noxious Fumes","Bouncing Flask+1","Prepared+1","Catalyst+1","Wraith Form v2+1","Malaise+1","PiercingWail+1","Tactician+1","Prepared+1","Purity+1","Concentrate+1"],"relics":["Ring of the Snake","Membership Card","FossilizedHelix","Bronze Scales","Gremlin Horn","Golden Idol","Snake Skull","Sozu","Toxic Egg 2","Mango","Blue Candle","The Courier","Regal Pillow","OrangePellets","Art of War","HoveringKite","Strange Spoon","Eternal Feather"],"acts_visited":["Exordium","TheCity","TheBeyond"],"potions_floor_usage":[],"damage_taken":[{"damage":10.0,"enemies":"Jaw Worm","floor":1.0,"turns":7.0},{"damage":1.0,"enemies":"Cultist","floor":3.0,"turns":4.0},{"damage":0.0,"enemies":"2 Louse","floor":5.0,"turns":4.0},{"damage":0.0,"enemies":"Blue Slaver","floor":7.0,"turns":3.0},{"damage":12.0,"enemies":"3 Sentries","floor":8.0,"turns":7.0},{"damage":10.0,"enemies":"Exordium Thugs","floor":11.0,"turns":4.0},{"damage":0.0,"enemies":"Looter","floor":14.0,"turns":2.0},{"damage":12.0,"enemies":"Hexaghost","floor":16.0,"turns":7.0},{"damage":0.0,"enemies":"Chosen","floor":18.0,"turns":6.0},{"damage":0.0,"enemies":"Spheric Guardian","floor":19.0,"turns":3.0},{"damage":7.0,"enemies":"Centurion and Healer","floor":21.0,"turns":5.0},{"damage":14.0,"enemies":"Slavers","floor":24.0,"turns":5.0},{"damage":0,"enemies":"Sentry and Sphere","floor":25,"turns":3},{"damage":13,"enemies":"Snecko","floor":28,"turns":5},{"damage":12,"enemies":"Book of Stabbing","floor":29,"turns":4},{"damage":0,"enemies":"Snake Plant","floor":31,"turns":2},{"damage":27,"enemies":"Collector","floor":33,"turns":6},{"damage":20,"enemies":"3 Darklings","floor":35,"turns":5},{"damage":1,"enemies":"Orb Walker","floor":37,"turns":4},{"damage":0,"enemies":"Reptomancer","floor":40,"turns":5},{"damage":43,"enemies":"Jaw Worm Horde","floor":41,"turns":2}],"seed_played":"-2459661435627110642","potions_obtained":[{"floor":1.0,"key":"GamblersBrew"},{"floor":11.0,"key":"LiquidMemories"},{"floor":14.0,"key":"Poison Potion"},{"floor":16.0,"key":"CultistPotion"}],"is_trial":false,"path_per_floor":["M","?","M","$","M","R","M","E","T","R","M","?","T","M","R","B",null,"M","M","$","M","?","R","E","M","T","R","M","E","$","M","R","B",null,"M","$","M","?","?","E","M"],"character_chosen":"THE_SILENT","items_purchased":["Membership Card","FossilizedHelix","Toxic Egg 2","Master of Strategy+1","Catalyst+1","OrangePellets","Art of War","Tactician+1","Strange Spoon"],"campfire_rested":1,"item_purchase_floors":[4,4,20,20,30,30,30,36,36],"current_hp_per_floor":[53,53,52,52,52,52,52,40,40,40,30,30,30,30,30,18,53,53,53,53,46,60,60,46,46,46,69,56,44,44,44,44,17,64,44,44,43,43,43,43,0,0],"gold":108,"neow_bonus":"HUNDRED_GOLD","is_daily":false,"chose_seed":false,"campfire_upgraded":5,"win_rate":0.0,"timestamp":1612327626,"path_taken":["M","?","M","?","M","R","M","E","T","R","M","?","?","M","R","BOSS","M","M","$","M","?","R","E","M","T","R","M","E","$","M","R","BOSS","M","$","M","?","?","E","?"],"items_purchased_type":["Relic","Relic","Relic","Card","Card","Relic","Relic","Card","Relic"],"build_version":"2020-12-22","purchased_purges":2,"victory":false,"max_hp_per_floor":[70,70,70,70,70,70,70,70,70,70,70,65,65,65,65,65,65,65,65,65,65,79,79,79,79,79,79,79,79,79,79,79,79,79,79,79,79,79,79,79,79,79],"relic_stats":{"Regal Pillow":0,"Gremlin Horn":[14,14],"counters":[21,93],"Golden Idol":109,"Blue Candle":[3],"HoveringKite":[6],"Eternal Feather":0,"Snake Skull":[104],"Sozu":6,"OrangePellets":[2],"Strange Spoon":[8],"Bronze Scales":[228],"Art of War":[11],"obtain_stats":[{"Regal Pillow":29,"Gremlin Horn":9,"Golden Idol":12,"Blue Candle":24,"HoveringKite":34,"Mango":22,"Eternal Feather":40,"Snake Skull":13,"The Courier":26,"Sozu":17,"OrangePellets":30,"Strange Spoon":36,"Bronze Scales":8,"Art of War":30,"Membership Card":4,"Toxic Egg 2":20,"FossilizedHelix":4,"Ring of the Snake":0},{"Regal Pillow":15,"Gremlin Horn":5,"Golden Idol":6,"Blue Candle":12,"HoveringKite":17,"Mango":11,"Eternal Feather":20,"Snake Skull":6,"The Courier":13,"Sozu":8,"OrangePellets":15,"Strange Spoon":18,"Bronze Scales":5,"Art of War":15,"Membership Card":2,"Toxic Egg 2":10,"FossilizedHelix":2,"Ring of the Snake":0},{"Regal Pillow":69,"Gremlin Horn":25,"Golden Idol":29,"Blue Candle":57,"HoveringKite":77,"Mango":52,"Eternal Feather":91,"Snake Skull":29,"The Courier":60,"Sozu":38,"OrangePellets":69,"Strange Spoon":82,"Bronze Scales":25,"Art of War":69,"Membership Card":11,"Toxic Egg 2":47,"FossilizedHelix":11,"Ring of the Snake":0}],"Ring of the Snake":[42]},"card_choices":[{"not_picked":["Concentrate","Heel Hook"],"picked":"Poisoned Stab","floor":1.0},{"not_picked":["Flying Knee","Acrobatics"],"picked":"Slice","floor":3.0},{"not_picked":["Noxious Fumes","Outmaneuver"],"picked":"Dagger Spray","floor":5.0},{"not_picked":["Accuracy","Endless Agony"],"picked":"Calculated Gamble","floor":7.0},{"not_picked":["Underhanded Strike","Calculated Gamble"],"picked":"Infinite Blades","floor":8.0},{"not_picked":["Outmaneuver","Sucker Punch"],"picked":"Doppelganger","floor":11.0},{"not_picked":["Flying Knee","Sucker Punch"],"picked":"Crippling Poison","floor":14.0},{"not_picked":["A Thousand Cuts","Bullet Time"],"picked":"After Image","floor":16.0},{"not_picked":["Setup","Backstab"],"picked":"Deadly Poison+1","floor":18.0},{"not_picked":["Predator","Flechettes"],"picked":"Deflect+1","floor":19.0},{"not_picked":["Endless Agony","Reflex+1","Slice"],"picked":"SKIP","floor":21.0},{"not_picked":["Infinite Blades","Underhanded Strike"],"picked":"Deadly Poison+1","floor":24.0},{"not_picked":["Deflect+1","Endless Agony"],"picked":"Noxious Fumes","floor":25},{"not_picked":["Outmaneuver+1","Deadly Poison+1"],"picked":"Bouncing Flask+1","floor":28},{"not_picked":["Caltrops","Sucker Punch"],"picked":"Prepared+1","floor":29},{"not_picked":["Bouncing Flask+1","Endless Agony"],"picked":"Wraith Form v2","floor":31},{"not_picked":["Venomology+1","Tools of the Trade"],"picked":"Malaise+1","floor":33},{"not_picked":["All Out Attack","Underhanded Strike"],"picked":"PiercingWail+1","floor":35},{"not_picked":["Outmaneuver+1","Masterful Stab"],"picked":"Prepared+1","floor":37},{"not_picked":["Corpse Explosion+1","Cloak And Dagger+1","Infinite Blades+1"],"picked":"SKIP","floor":40}],"player_experience":1270796,"relics_obtained":[{"floor":8.0,"key":"Bronze Scales"},{"floor":9.0,"key":"Gremlin Horn"},{"floor":13.0,"key":"Snake Skull"},{"floor":24.0,"key":"Blue Candle"},{"floor":26,"key":"The Courier"},{"floor":29,"key":"Regal Pillow"},{"floor":40,"key":"Eternal Feather"}],"event_choices":[{"damage_healed":0.0,"max_hp_gain":0.0,"max_hp_loss":0.0,"gold_gain":100.0,"event_name":"Wheel of Change","player_choice":"Gold","floor":2.0,"gold_loss":0.0,"damage_taken":0.0},{"damage_healed":0.0,"max_hp_gain":0.0,"max_hp_loss":5.0,"gold_gain":0.0,"event_name":"Golden Idol","player_choice":"Lose Max HP","floor":12.0,"gold_loss":0.0,"damage_taken":0.0,"relics_obtained":["Golden Idol"]},{"damage_healed":0.0,"max_hp_gain":0.0,"max_hp_loss":0.0,"gold_gain":0.0,"event_name":"Addict","player_choice":"Stole Relic","floor":22.0,"gold_loss":0.0,"damage_taken":0.0,"relics_obtained":["Mango"],"cards_obtained":["Shame"]},{"damage_healed":0,"gold_gain":0,"player_choice":"Ignored","damage_taken":0,"max_hp_gain":0,"max_hp_loss":0,"event_name":"Tomb of Lord Red Mask","floor":38,"gold_loss":0},{"damage_healed":0,"gold_gain":0,"player_choice":"2 cards matched","damage_taken":0,"max_hp_gain":0,"max_hp_loss":0,"event_name":"Match and Keep!","floor":39,"gold_loss":0,"cards_obtained":["Purity","Concentrate"]}],"is_beta":false,"boss_relics":[{"not_picked":["Calling Bell","Tiny House"],"picked":"Sozu"},{"not_picked":["Philosopher\u0027s Stone","Busted Crown"],"picked":"HoveringKite"}],"items_purged_floors":[20,36],"is_endless":false,"potions_floor_spawned":[1,11,14,16,18,19,24,31,33,37],"killed_by":"Jaw Worm Horde","ascension_level":10}}