{"host":"soyfmymeou4emntr","time":1612324116,"event":{"mods":["BaseMod","BetterRewards","Minty Spire (QoL Compilation)","Relic Sorter","Relic Stats","StSLib"],"gold_per_floor":[113,126,139,139,20,50,35,35,58,58,106,106,106,106,106],"floor_reached":14,"language":"ENG","playtime":726,"items_purged":[],"score":192,"play_id":"498c18c6-c2b6-4e42-a201-18384fec5b7d","local_time":"20210202204836","is_ascension_mode":true,"campfire_choices":[{"floor":8,"key":"REST"},{"floor":12,"key":"REST"}],"circlet_count":0,"master_deck":["AscendersBane","Strike_G","Strike_G","Strike_G","Strike_G","Strike_G","Defend_G","Defend_G","Defend_G","Defend_G","Defend_G","Survivor","Neutralize+1","PiercingWail","Poisoned Stab","Footwork+1","Dagger Spray","Footwork+1","Dagger Throw","Caltrops"],"relics":["Ring of the Snake","CeramicFish","Omamori","Golden Idol","Bottled Lightning"],"acts_visited":["Exordium"],"potions_floor_usage":[6,14],"damage_taken":[{"damage":3,"enemies":"Jaw Worm","floor":1,"turns":4},{"damage":2,"enemies":"Small Slimes","floor":2,"turns":5},{"damage":0,"enemies":"Cultist","floor":3,"turns":3},{"damage":22,"enemies":"Lagavulin","floor":6,"turns":9},{"damage":50,"enemies":"Gremlin Nob","floor":11,"turns":5},{"damage":20,"enemies":"3 Sentries","floor":14,"turns":5}],"seed_played":"-8263580339734387514","potions_obtained":[{"floor":3,"key":"PowerPotion"},{"floor":6,"key":"Energy Potion"}],"is_trial":false,"path_per_floor":["M","M","M","?","$","E","$","R","T","?","E","R","?","E"],"character_chosen":"THE_SILENT","items_purchased":["Dagger Spray","Footwork","Dagger Throw"],"campfire_rested":2,"item_purchase_floors":[5,5,7],"current_hp_per_floor":[56,54,54,54,54,32,32,51,51,51,1,20,20,0,0],"gold":106,"neow_bonus":"UPGRADE_CARD","is_daily":false,"chose_seed":false,"campfire_upgraded":0,"win_rate":0.0,"timestamp":1612324116,"path_taken":["M","M","M","?","$","E","$","R","T","?","E","R","?","E"],"items_purchased_type":["Card","Card","Card"],"build_version":"2020-12-22","purchased_purges":0,"victory":false,"max_hp_per_floor":[66,66,66,66,66,66,66,66,66,66,66,66,66,66,66],"relic_stats":{"counters":[6,31],"Golden Idol":8,"CeramicFish":18,"obtain_stats":[{"Golden Idol":10,"CeramicFish":6,"Omamori":9,"Bottled Lightning":11,"Ring of the Snake":0},{"Golden Idol":4,"CeramicFish":4,"Omamori":4,"Bottled Lightning":5,"Ring of the Snake":0},{"Golden Idol":21,"CeramicFish":21,"Omamori":21,"Bottled Lightning":26,"Ring of the Snake":0}],"Ring of the Snake":[12]},"card_choices":[{"not_picked":["Underhanded Strike","Distraction"],"picked":"PiercingWail","floor":1},{"not_picked":["Deflect","Slice"],"picked":"Poisoned Stab","floor":2},{"not_picked":["Acrobatics","Dagger Throw"],"picked":"Footwork","floor":3},{"not_picked":["Expertise","Catalyst","Flechettes"],"picked":"SKIP","floor":6},{"not_picked":["Slice","Eviscerate"],"picked":"Caltrops","floor":11}],"player_experience":3010187,"relics_obtained":[{"floor":6,"key":"CeramicFish"},{"floor":9,"key":"Omamori"},{"floor":11,"key":"Bottled Lightning"}],"event_choices":[{"damage_healed":0,"gold_gain":0,"player_choice":"Grow","damage_taken":0,"max_hp_gain":0,"max_hp_loss":0,"event_name":"Living Wall","floor":4,"gold_loss":0,"cards_upgraded":["Footwork"]},{"damage_healed":0,"gold_gain":0,"player_choice":"Take Wound","damage_taken":0,"relics_obtained":["Golden Idol"],"max_hp_gain":0,"max_hp_loss":0,"event_name":"Golden Idol","floor":10,"gold_loss":0,"cards_obtained":["Injury"]},{"damage_healed":0,"gold_gain":0,"player_choice":"Upgraded","damage_taken":0,"max_hp_gain":0,"max_hp_loss":0,"event_name":"Upgrade Shrine","floor":13,"gold_loss":0,"cards_upgraded":["Footwork"]}],"is_beta":false,"boss_relics":[],"items_purged_floors":[],"is_endless":false,"potions_floor_spawned":[3,6],"killed_by":"3 Sentries","ascension_level":20}}