{"host":"pletss163z7s8pvv","time":1612330116,"event":{"mods":["AchievementEnabler","BaseMod","Better Altar","Better Match","Better Note","Better Sensory Stone","Better Skull","Better Third Choice","BetterRewards","CapriCore","ChefMod","Colored Map","Colored Powertips","Conspire","Energized Spire","Evolution","GifTheSpireLib","Hermit","Ironclad Rager","Marked Mod","Minty Spire (QoL Compilation)","Retaliation","Spicy Shops","StS++","StSLib","The Alterego","The Blue Laboratory","The Cursed","The Disciple","The Forsaken"],"gold_per_floor":[115,115,131,150,161,161,11,39,39,66,30,30,49,59,59,158,158,174,174,174,184,184,184,204,204,204,204,220,234,234,244,244,339,339,351,351,27,38,8,8,28,28,28,28,28,40,52,64,64,64,64,64,28,56,56],"floor_reached":56,"language":"ENG","playtime":2005,"items_purged":[],"score":1236,"play_id":"b9816965-1529-4b67-9143-86b5cbba0d81","local_time":"20210202232836","is_ascension_mode":false,"campfire_choices":[{"data":"TheCursedMod:Hemoplague","floor":6.0,"key":"SMITH"},{"floor":15.0,"key":"REST"},{"floor":23.0,"key":"RECALL"},{"floor":25.0,"key":"REST"},{"data":"TheCursedMod:CollectTribute","floor":27.0,"key":"SMITH"},{"floor":32.0,"key":"REST"},{"data":"TheCursedMod:HellfireBreathing","floor":40.0,"key":"SMITH"},{"data":"TheCursedMod:Hemoplague","floor":42.0,"key":"SMITH"},{"data":"TheCursedMod:Neurasthenia","floor":45.0,"key":"SMITH"},{"floor":49.0,"key":"REST"},{"data":"Discovery","floor":52,"key":"SMITH"}],"circlet_count":0,"master_deck":["TheCursedMod:CursedBlade","TheCursedMod:CursedBlade","TheCursedMod:CursedBlade","TheCursedMod:Defend_TheCursed","TheCursedMod:Defend_TheCursed","TheCursedMod:Defend_TheCursed","TheCursedMod:Defend_TheCursed","TheCursedMod:CursedWand","TheCursedMod:CleanUpWorkshop","TheCursedMod:Dregs","Discovery+1","TheCursedMod:CursedBoomerang","TheCursedMod:SaltUponWound","TheCursedMod:WearCloak","TheCursedMod:Hemoplague+1","TheCursedMod:Hemoplague+1","TheCursedMod:SurpriseAttack+1","TheCursedMod:Neurasthenia+1","TheCursedMod:HellfireBreathing+1","TheCursedMod:CircleOfCorruption+1","TheCursedMod:FleshFromBone+1","TheCursedMod:CursedBlade+1","TheCursedMod:Stigma+1","TheCursedMod:CollectTribute+1","TheCursedMod:VitalStrike+1","alterego_mod:Mirror+1","TheCursedMod:Stigma+1","TheCursedMod:CircleOfCorruption+1","TheCursedMod:VitalStrike+1","TheCursedMod:TroublousMinions+1","TheCursedMod:VitalStrike+1","TheCursedMod:Stigma+1","TheCursedMod:DemonSword","TheCursedMod:FleshFromBone+1","TheCursedMod:CursedStaff","TheCursedMod:FleshFromBone+1","TheCursedMod:CursedMace+1","TheCursedMod:Hemoplague+1","Pain","TheCursedMod:CircleOfBlood","TheCursedMod:Stigma+1","TheCursedMod:LuckyCharm","TheCursedMod:VitalStrike+1","TheCursedMod:HellfireBreathing","TheCursedMod:Stretching+1","TheCursedMod:SurpriseAttack+1"],"relics":["TheCursedMod:BlackMagicAdvanced","EVO:Axolotl","DollysMirror","theForsaken:HumbleEgg","StSpp:GiftCard","SacredBark","alterego_mod:SomeoneToFightFor","Potion Belt","Pantograph","Membership Card","StSpp:BrokenTotem","conspire:TreasureMap","StrikeDummy","theForsaken:Lifeblossom"],"acts_visited":["Exordium","TheCity","TheBeyond","TheEnding"],"potions_floor_usage":[50,13050,50,55,55],"damage_taken":[{"damage":1.0,"enemies":"conspire:RoseBush","floor":1.0,"turns":2.0},{"damage":0.0,"enemies":"Cultist","floor":3.0,"turns":2.0},{"damage":0.0,"enemies":"Small Slimes","floor":4.0,"turns":2.0},{"damage":11.0,"enemies":"conspire:2 RoseBushes","floor":5.0,"turns":3.0},{"damage":26.0,"enemies":"Lagavulin","floor":8.0,"turns":6.0},{"damage":9.0,"enemies":"3 Sentries","floor":10.0,"turns":4.0},{"damage":0.0,"enemies":"Lots of Slimes","floor":13.0,"turns":1.0},{"damage":0.0,"enemies":"Exordium Wildlife","floor":14.0,"turns":1.0},{"damage":29.0,"enemies":"Slime Boss","floor":16.0,"turns":7.0},{"damage":15.0,"enemies":"2 Thieves","floor":18.0,"turns":3.0},{"damage":0.0,"enemies":"Spheric Guardian","floor":21.0,"turns":2.0},{"damage":21.0,"enemies":"Shelled Parasite and Fungi","floor":24.0,"turns":3.0},{"damage":2.0,"enemies":"Snake Plant","floor":28.0,"turns":3.0},{"damage":0.0,"enemies":"Snecko","floor":29.0,"turns":2.0},{"damage":0.0,"enemies":"conspire:HollyBat","floor":31.0,"turns":6.0},{"damage":14.0,"enemies":"conspire:MysteriousRune","floor":33.0,"turns":5.0},{"damage":12.0,"enemies":"3 Darklings","floor":35.0,"turns":3.0},{"damage":15.0,"enemies":"3 Shapes","floor":38.0,"turns":3.0},{"damage":14.0,"enemies":"Jaw Worm Horde","floor":41.0,"turns":3.0},{"damage":19.0,"enemies":"Spire Growth","floor":46.0,"turns":4.0},{"damage":17.0,"enemies":"4 Shapes","floor":47.0,"turns":4.0},{"damage":4.0,"enemies":"Transient","floor":48.0,"turns":5.0},{"damage":99,"enemies":"Awakened One","floor":50,"turns":10},{"damage":77,"enemies":"Shield and Spear","floor":54,"turns":6},{"damage":80,"enemies":"The Heart","floor":55,"turns":6}],"seed_played":"-1457581927517183407","potions_obtained":[{"floor":4.0,"key":"Dexterity Potion"},{"floor":5.0,"key":"Explosive Potion"},{"floor":8.0,"key":"SneckoOil"},{"floor":13.0,"key":"DuplicationPotion"},{"floor":16.0,"key":"blueLaboratory:FruitPunch"},{"floor":24.0,"key":"blueLaboratory:BottleOfRum"},{"floor":28.0,"key":"blueLaboratory:FruitPunch"},{"floor":29.0,"key":"SkillPotion"},{"floor":38.0,"key":"Explosive Potion"}],"is_trial":false,"path_per_floor":["M","?","M","M","M","R","$","E","T","E","$","?","M","M","R","B",null,"M","?","?","M","?","R","M","R","T","R","M","M","?","M","R","B",null,"M","?","$","M","$","R","M","R","T","?","R","M","M","M","R","B",null,"R","$","E","B",null],"character_chosen":"THE_CURSED","items_purchased":["DollysMirror","TheCursedMod:HellfireBreathing","TheCursedMod:CircleOfCorruption+1","TheCursedMod:FleshFromBone+1","Membership Card","StSpp:BrokenTotem","TheCursedMod:CursedStaff","TheCursedMod:FleshFromBone+1","TheCursedMod:CursedMace+1","FairyPotion","Strength Potion","Strength Potion","conspire:TreasureMap","SkillPotion","TheCursedMod:HellfireBreathing","TheCursedMod:Stretching+1"],"campfire_rested":4,"item_purchase_floors":[7,11,11,11,37,37,37,37,37,37,37,37,39,39,53,53],"current_hp_per_floor":[74,74,74,74,63,63,63,37,37,28,28,28,28,28,50,21,75,60,60,60,60,60,60,39,61,61,61,59,72,53,53,77,70,81,69,69,69,75,75,75,81,81,81,81,81,62,51,55,79,33,81,81,81,18,51],"gold":56,"neow_bonus":"RANDOM_COLORLESS","is_daily":false,"chose_seed":false,"campfire_upgraded":6,"win_rate":0.0,"timestamp":1612330116,"path_taken":["M","?","M","M","?","R","$","E","T","E","$","?","M","M","R","BOSS","M","?","?","M","?","R","M","R","T","R","M","M","?","M","R","BOSS","M","?","$","M","$","R","M","R","T","?","R","M","M","M","R","BOSS","R","$","E","BOSS"],"items_purchased_type":["Relic","Card","Card","Card","Relic","Relic","Card","Card","Card","Potion","Potion","Potion","Relic","Potion","Card","Card"],"build_version":"2020-12-22","purchased_purges":0,"victory":true,"max_hp_per_floor":[75,75,75,75,75,75,75,75,75,75,75,75,75,75,75,75,75,75,75,75,75,75,75,75,75,75,75,75,81,81,81,81,81,81,81,81,81,81,81,81,81,81,81,81,81,81,81,81,81,81,81,81,81,81,81],"card_choices":[{"not_picked":["Impatience","Flash of Steel"],"picked":"Discovery","floor":0.0},{"not_picked":["TheCursedMod:SpitefulPlan","TheCursedMod:CursedShiv"],"picked":"TheCursedMod:CursedBoomerang","floor":1.0},{"not_picked":["TheCursedMod:SoulCrush","TheCursedMod:CircleOfCorruption"],"picked":"TheCursedMod:SaltUponWound","floor":3.0},{"not_picked":["TheCursedMod:CursedShiv","TheCursedMod:CircleOfFocus"],"picked":"TheCursedMod:WearCloak","floor":4.0},{"not_picked":["TheCursedMod:RapidMovement","TheCursedMod:CircleOfFlame"],"picked":"TheCursedMod:Hemoplague","floor":5.0},{"not_picked":["TheCursedMod:CursedAmulet+1","TheCursedMod:CursedMace+1"],"picked":"TheCursedMod:SurpriseAttack+1","floor":8.0},{"not_picked":["TheCursedMod:Wield+1","TheCursedMod:Stretching+1"],"picked":"TheCursedMod:Neurasthenia","floor":10.0},{"not_picked":["TheCursedMod:Obscuration+1","TheCursedMod:Torture+1"],"picked":"TheCursedMod:CursedBlade+1","floor":13.0},{"not_picked":["TheCursedMod:CursedStaff","TheCursedMod:Wield+1"],"picked":"TheCursedMod:Stigma+1","floor":14.0},{"not_picked":["TheCursedMod:DarkBarrier","TheCursedMod:StunningStrike"],"picked":"TheCursedMod:CollectTribute","floor":16.0},{"not_picked":["TheCursedMod:WearCloak+1","TheCursedMod:TacticalStrike+1"],"picked":"TheCursedMod:VitalStrike+1","floor":18.0},{"not_picked":["TheCursedMod:SpitefulStrike+1","TheCursedMod:TroublousMinions"],"picked":"TheCursedMod:CircleOfCorruption+1","floor":21.0},{"not_picked":["TheCursedMod:SmokeScreen+1","TheCursedMod:EmpowerCircles"],"picked":"TheCursedMod:VitalStrike+1","floor":24.0},{"not_picked":["TheCursedMod:FuryStrike+1","TheCursedMod:FleshFromBone+1"],"picked":"TheCursedMod:TroublousMinions+1","floor":28.0},{"not_picked":["TheCursedMod:ManaCirculation","TheCursedMod:FleshFromBone+1"],"picked":"TheCursedMod:VitalStrike+1","floor":29.0},{"not_picked":["TheCursedMod:SpitefulPray","TheCursedMod:RapidMovement+1"],"picked":"TheCursedMod:Stigma+1","floor":31.0},{"not_picked":["TheCursedMod:DemonicPact","TheCursedMod:ManaCirculation"],"picked":"TheCursedMod:DemonSword","floor":33.0},{"not_picked":["TheCursedMod:CircleOfFocus+1","TheCursedMod:CursedShiv+1"],"picked":"TheCursedMod:FleshFromBone+1","floor":35.0},{"not_picked":["TheCursedMod:Wield+1","TheCursedMod:Stigma+1"],"picked":"TheCursedMod:Hemoplague","floor":38.0},{"not_picked":["TheCursedMod:SmokeScreen+1","TheCursedMod:Stigma+1"],"picked":"TheCursedMod:CircleOfBlood","floor":41.0},{"not_picked":["TheCursedMod:CircleOfCorruption+1","TheCursedMod:RavingStaff+1"],"picked":"TheCursedMod:Stigma+1","floor":46.0},{"not_picked":["TheCursedMod:Stretching+1","TheCursedMod:RavingStaff+1"],"picked":"TheCursedMod:LuckyCharm","floor":47.0},{"not_picked":["TheCursedMod:SpitefulPlan+1","TheCursedMod:CursedRelics"],"picked":"TheCursedMod:VitalStrike+1","floor":48.0},{"not_picked":["TheCursedMod:CursedShiv+1","TheCursedMod:SpreadPlague+1"],"picked":"TheCursedMod:SurpriseAttack+1","floor":54}],"player_experience":484718,"relics_obtained":[{"floor":8.0,"key":"theForsaken:HumbleEgg"},{"floor":10.0,"key":"StSpp:GiftCard"},{"floor":26.0,"key":"Potion Belt"},{"floor":43.0,"key":"StrikeDummy"},{"floor":54,"key":"theForsaken:Lifeblossom"}],"event_choices":[{"cards_removed":["TheCursedMod:Strike_TheCursed"],"damage_healed":0.0,"max_hp_gain":0.0,"max_hp_loss":0.0,"gold_gain":0.0,"event_name":"Bonfire Elementals","player_choice":"Offered Basic","floor":2.0,"gold_loss":0.0,"damage_taken":0.0},{"damage_healed":0.0,"max_hp_gain":0.0,"max_hp_loss":0.0,"gold_gain":0.0,"event_name":"Golden Wing","player_choice":"Ignored","floor":12.0,"gold_loss":0.0,"damage_taken":0.0},{"cards_removed":["TheCursedMod:Hemoplague"],"damage_healed":0.0,"max_hp_gain":0.0,"max_hp_loss":0.0,"gold_gain":0.0,"event_name":"betterNote:BetterNote","player_choice":"Take \u0026 Give","floor":19.0,"gold_loss":0.0,"damage_taken":0.0,"cards_obtained":["alterego_mod:Mirror"]},{"damage_healed":0.0,"max_hp_gain":0.0,"max_hp_loss":0.0,"gold_gain":0.0,"event_name":"The Library","player_choice":"Read","floor":20.0,"gold_loss":0.0,"damage_taken":0.0,"cards_obtained":["TheCursedMod:Stigma"]},{"damage_healed":0.0,"max_hp_gain":0.0,"max_hp_loss":0.0,"gold_gain":0.0,"event_name":"Secret Garden","player_choice":"Choice 2","floor":22.0,"gold_loss":0.0,"damage_taken":0.0,"relics_obtained":["alterego_mod:SomeoneToFightFor"]},{"damage_healed":0.0,"max_hp_gain":72.0,"max_hp_loss":53.0,"gold_gain":0.0,"event_name":"betterAltar:BetterAltar","player_choice":" Potion ","floor":30.0,"potions_obtained":["betterAltar:AltarPotion"],"relics_lost":[],"gold_loss":0.0,"damage_taken":19.0,"relics_obtained":[]},{"damage_healed":0.0,"max_hp_gain":0.0,"max_hp_loss":0.0,"gold_gain":0.0,"event_name":"conspire:Investor","player_choice":"Leave","floor":44.0,"gold_loss":0.0,"damage_taken":0.0}],"is_beta":false,"boss_relics":[{"not_picked":["StSpp:Balance","Runic Dome"],"picked":"SacredBark"},{"not_picked":["Pandora\u0027s Box","Snecko Eye"],"picked":"TheCursedMod:BlackMagicAdvanced"}],"items_purged_floors":[],"is_endless":false,"potions_floor_spawned":[4,5,8,13,16,24,28,29,38],"ascension_level":0}}