{"host":"v380u9jqfq8325l5","time":1612318286,"event":{"mods":["BaseMod","Bestiary","BetterRewards","Colored Map","Colored Powertips","Curses Come First","Evolution","Halation","Hubris","Infinite Spire","Minty Spire (QoL Compilation)","Reliquary","Spire Arcade","StSLib","SuperFastMode"],"gold_per_floor":[118,118,118,193,206,234,246,246,246,259,259,289,289,289,289,387,387,387,387],"floor_reached":18,"language":"ENG","playtime":301,"items_purged":[],"score":203,"play_id":"bbf81e83-fad9-4134-8252-51456320bf3e","local_time":"20210203051126","is_ascension_mode":true,"campfire_choices":[{"data":"Bash","floor":8.0,"key":"SMITH"},{"data":"Whirlwind","floor":11.0,"key":"SMITH"},{"data":"Shrug It Off","floor":13.0,"key":"SMITH"},{"floor":15.0,"key":"RECALL"}],"circlet_count":0,"master_deck":["Headbutt","Headbutt","Strike_R","Strike_R","Defend_R","Defend_R","Defend_R","Defend_R","Bash+1","Cleave","Shrug It Off+1","Whirlwind+1","Double Tap"],"relics":["Burning Blood","EVO:Axolotl","NeowsBlessing","hubris:Towel","Champion Belt","Gambling Chip","Meat on the Bone","hubris:Icosahedron","halation:Risk"],"acts_visited":["Exordium","TheCity"],"potions_floor_usage":[16],"damage_taken":[{"damage":0.0,"enemies":"Jaw Worm","floor":1.0,"turns":1.0},{"damage":0.0,"enemies":"Small Slimes","floor":5.0,"turns":1.0},{"damage":0.0,"enemies":"Lagavulin","floor":6.0,"turns":1.0},{"damage":0.0,"enemies":"2 Louse","floor":7.0,"turns":2.0},{"damage":13.0,"enemies":"Lots of Slimes","floor":10.0,"turns":3.0},{"damage":4.0,"enemies":"Gremlin Nob","floor":12.0,"turns":3.0},{"damage":66,"enemies":"Slime Boss","floor":16,"turns":6},{"damage":10,"enemies":"Spheric Guardian","floor":18,"turns":3}],"seed_played":"4365675579453065029","potions_obtained":[{"floor":1.0,"key":"SpeedPotion"},{"floor":10.0,"key":"SteroidPotion"},{"floor":12.0,"key":"PowerPotion"}],"is_trial":false,"path_per_floor":["M","?","?","?","M","E","M","R","T","M","R","E","R","?","R","B",null,"M"],"character_chosen":"IRONCLAD","items_purchased":[],"campfire_rested":0,"item_purchase_floors":[],"current_hp_per_floor":[80,73,73,65,71,77,80,80,80,73,73,75,75,75,75,27,80,70,70],"gold":387,"neow_bonus":"THREE_ENEMY_KILL","is_daily":false,"chose_seed":false,"campfire_upgraded":3,"win_rate":0.0,"timestamp":1612318286,"path_taken":["M","?","?","?","M","E","M","R","T","?","R","E","R","?","R","BOSS","M"],"items_purchased_type":[],"build_version":"2020-12-22","purchased_purges":0,"victory":false,"max_hp_per_floor":[80,80,80,80,80,80,80,80,80,80,80,80,80,80,80,80,80,80,80],"card_choices":[{"not_picked":["Feel No Pain","Iron Wave"],"picked":"Cleave","floor":1.0},{"not_picked":["Uppercut","Entrench"],"picked":"Shrug It Off","floor":5.0},{"not_picked":["Wild Strike","Ghostly Armor","hubris:CleavingFinish"],"picked":"SKIP","floor":6.0},{"not_picked":["Seeing Red","Feel No Pain","Clash"],"picked":"SKIP","floor":7.0},{"not_picked":["Searing Blow","Warcry"],"picked":"Whirlwind","floor":10.0},{"not_picked":["hubris:ReadiedAction","Perfected Strike","Clash"],"picked":"SKIP","floor":12.0},{"not_picked":["Demon Form","Berserk"],"picked":"Double Tap","floor":16}],"player_experience":215396,"relics_obtained":[{"floor":6.0,"key":"Champion Belt"},{"floor":9.0,"key":"Gambling Chip"},{"floor":12.0,"key":"Meat on the Bone"}],"event_choices":[{"cards_removed":["Strike_R"],"damage_healed":0.0,"max_hp_gain":0.0,"max_hp_loss":0.0,"gold_gain":0.0,"event_name":"Golden Wing","player_choice":"Card Removal","floor":2.0,"gold_loss":0.0,"damage_taken":7.0},{"damage_healed":0.0,"max_hp_gain":0.0,"max_hp_loss":0.0,"gold_gain":75.0,"event_name":"FaceTrader","player_choice":"Touch","floor":4.0,"gold_loss":0.0,"damage_taken":8.0}],"is_beta":false,"boss_relics":[{"not_picked":["hubris:BlackHole","Pandora\u0027s Box"],"picked":"halation:Risk"}],"items_purged_floors":[],"is_endless":false,"potions_floor_spawned":[1,10,12],"killed_by":"Spheric Guardian","ascension_level":1}}