{"host":"52lujqhsyicpcskq","time":1612372855,"event":{"mods":["BaseMod","Colored Map","Minty Spire (QoL Compilation)","Permanent Neow","StSLib","SuperFastMode","everything is the same but u backflip on backflip"],"gold_per_floor":[111,111,122,132,132,132,163,179,179,191,191,216,35,69,69,69,69],"floor_reached":16,"language":"KOR","playtime":352,"items_purged":[],"score":186,"play_id":"6864ccb2-2239-4750-8402-9e2cef7a7119","local_time":"20210204022055","is_ascension_mode":true,"campfire_choices":[{"data":"Bash","floor":6,"key":"SMITH"},{"floor":11,"key":"REST"},{"data":"Body Slam","floor":15,"key":"SMITH"}],"circlet_count":0,"master_deck":["AscendersBane","Strike_R","Strike_R","Strike_R","Strike_R","Defend_R","Defend_R","Defend_R","Defend_R","Bash+1","Flex","Disarm","Impervious","Cleave","Body Slam+1","Intimidate","Battle Trance","Dual Wield","Double Tap"],"relics":["Burning Blood","Bag of Preparation","Strawberry","Ancient Tea Set","Question Card","Omamori","Oddly Smooth Stone"],"acts_visited":["Exordium"],"potions_floor_usage":[14,14],"damage_taken":[{"damage":6,"enemies":"Cultist","floor":1,"turns":4},{"damage":5,"enemies":"2 Louse","floor":3,"turns":3},{"damage":4,"enemies":"Small Slimes","floor":4,"turns":6},{"damage":54,"enemies":"Lagavulin","floor":7,"turns":8},{"damage":9,"enemies":"3 Louse","floor":8,"turns":3},{"damage":0,"enemies":"2 Fungi Beasts","floor":10,"turns":2},{"damage":16,"enemies":"Gremlin Nob","floor":12,"turns":3},{"damage":25,"enemies":"Lagavulin","floor":14,"turns":7},{"damage":0,"enemies":"Hexaghost","floor":16,"turns":1}],"seed_played":"8043965430059911634","potions_obtained":[{"floor":7,"key":"SpeedPotion"},{"floor":12,"key":"Swift Potion"},{"floor":14,"key":"BlessingOfTheForge"}],"is_trial":false,"path_per_floor":["M","$","M","M","?","R","E","M","T","M","R","E","$","E","R","B"],"character_chosen":"IRONCLAD","items_purchased":["Dual Wield","Omamori"],"campfire_rested":1,"item_purchase_floors":[13,13],"current_hp_per_floor":[72,72,73,75,68,68,27,24,24,30,56,46,46,27,27,27,27],"gold":69,"neow_bonus":"RANDOM_COMMON_RELIC","is_daily":false,"chose_seed":false,"campfire_upgraded":2,"win_rate":0.0,"timestamp":1612372855,"path_taken":["M","?","M","M","?","R","E","M","T","M","R","E","$","E","R","BOSS"],"items_purchased_type":["Card","Relic"],"build_version":"2020-12-22","purchased_purges":0,"victory":false,"max_hp_per_floor":[80,80,80,80,80,80,87,87,87,87,87,87,87,87,87,87,87],"card_choices":[{"not_picked":["True Grit","Clothesline"],"picked":"Flex","floor":1},{"not_picked":["Cleave","Fire Breathing"],"picked":"Disarm","floor":3},{"not_picked":["Fire Breathing","Armaments"],"picked":"Impervious","floor":4},{"not_picked":["Armaments","Burning Pact"],"picked":"Cleave","floor":7},{"not_picked":["Iron Wave","Dual Wield"],"picked":"Body Slam","floor":8},{"not_picked":["Blood for Blood","Flex"],"picked":"Intimidate","floor":10},{"not_picked":["Thunderclap","Havoc"],"picked":"Battle Trance","floor":12},{"not_picked":["Perfected Strike","Blood for Blood","Clothesline"],"picked":"Double Tap","floor":14}],"player_experience":750239,"relics_obtained":[{"floor":7,"key":"Strawberry"},{"floor":9,"key":"Ancient Tea Set"},{"floor":12,"key":"Question Card"},{"floor":14,"key":"Oddly Smooth Stone"}],"event_choices":[{"cards_removed":["Strike_R"],"damage_healed":0,"gold_gain":0,"player_choice":"Card Removal","damage_taken":7,"max_hp_gain":0,"max_hp_loss":0,"event_name":"Golden Wing","floor":5,"gold_loss":0}],"is_beta":false,"boss_relics":[],"items_purged_floors":[],"is_endless":false,"potions_floor_spawned":[7,12,14],"killed_by":"Hexaghost","ascension_level":11}}