{"host":"f0gpob8hq9vgebej","time":1612369896,"event":{"mods":["AchievementEnabler","BaseMod","Minty Spire (QoL Compilation)","Quick Restart","SuperFastMode"],"gold_per_floor":[20,34,45,55,75,75,88,122,122,47,47,47,59,78,78,78,78],"floor_reached":16,"language":"KOR","playtime":340,"items_purged":[],"score":196,"play_id":"d43effb5-cb4e-485a-b2a9-bf1f83ef4799","local_time":"20210204013136","is_ascension_mode":true,"campfire_choices":[{"data":"Inflame","floor":6.0,"key":"SMITH"},{"data":"Shrug It Off","floor":12.0,"key":"SMITH"},{"data":"True Grit","floor":15.0,"key":"SMITH"}],"circlet_count":0,"master_deck":["AscendersBane","Strike_R","Strike_R","Strike_R","Strike_R","Strike_R","Defend_R","Defend_R","Defend_R","Bash","Inflame+1","Shrug It Off+1","Reaper","Heavy Blade","Evolve","Power Through","Offering","True Grit+1","Fire Breathing"],"relics":["Burning Blood","Ice Cream","Gremlin Horn","Bottled Tornado"],"acts_visited":["Exordium"],"potions_floor_usage":[],"damage_taken":[{"damage":16.0,"enemies":"Small Slimes","floor":1.0,"turns":5.0},{"damage":13.0,"enemies":"2 Louse","floor":2.0,"turns":5.0},{"damage":6.0,"enemies":"Cultist","floor":3.0,"turns":3.0},{"damage":6.0,"enemies":"Looter","floor":4.0,"turns":4.0},{"damage":23.0,"enemies":"Exordium Thugs","floor":5.0,"turns":5.0},{"damage":16.0,"enemies":"Blue Slaver","floor":7.0,"turns":6.0},{"damage":16.0,"enemies":"Gremlin Nob","floor":8.0,"turns":3.0},{"damage":6.0,"enemies":"Gremlin Gang","floor":13.0,"turns":3.0},{"damage":8.0,"enemies":"Looter","floor":14.0,"turns":4.0},{"damage":0,"enemies":"Slime Boss","floor":16,"turns":3}],"seed_played":"-8338325694792884007","potions_obtained":[{"floor":1.0,"key":"SmokeBomb"},{"floor":5.0,"key":"ColorlessPotion"},{"floor":7.0,"key":"DuplicationPotion"}],"is_trial":false,"path_per_floor":["M","M","M","M","M","R","M","E","T","?","$","R","M","M","R","B"],"character_chosen":"IRONCLAD","items_purchased":[],"campfire_rested":0,"item_purchase_floors":[],"current_hp_per_floor":[58,51,51,51,42,42,37,27,27,27,27,27,27,25,25,25,25],"gold":78,"neow_bonus":"ONE_RARE_RELIC","is_daily":false,"chose_seed":false,"campfire_upgraded":3,"win_rate":0.0,"timestamp":1612369896,"path_taken":["M","M","M","M","M","R","M","E","T","?","$","R","M","M","R","BOSS"],"items_purchased_type":[],"build_version":"2020-12-22","purchased_purges":0,"victory":false,"max_hp_per_floor":[75,75,75,75,75,75,75,75,75,75,75,75,75,75,75,75,75],"card_choices":[{"not_picked":["Armaments","Havoc"],"picked":"Inflame","floor":1.0},{"not_picked":["Havoc","Twin Strike"],"picked":"Shrug It Off","floor":2.0},{"not_picked":["Shrug It Off","Warcry"],"picked":"Reaper","floor":3.0},{"not_picked":["Armaments","Clothesline"],"picked":"Heavy Blade","floor":4.0},{"not_picked":["Sever Soul","Twin Strike"],"picked":"Evolve","floor":5.0},{"not_picked":["Shrug It Off","Reckless Charge"],"picked":"Power Through","floor":7.0},{"not_picked":["Flex","Combust"],"picked":"Offering","floor":8.0},{"not_picked":["Heavy Blade","Warcry"],"picked":"True Grit","floor":13.0},{"not_picked":["Sentinel","Thunderclap"],"picked":"Fire Breathing","floor":14.0}],"player_experience":375617,"relics_obtained":[{"floor":8.0,"key":"Gremlin Horn"},{"floor":9.0,"key":"Bottled Tornado"}],"event_choices":[{"cards_removed":["Defend_R"],"damage_healed":0.0,"max_hp_gain":0.0,"max_hp_loss":0.0,"gold_gain":0.0,"event_name":"The Cleric","player_choice":"Card Removal","floor":10.0,"gold_loss":75.0,"damage_taken":0.0}],"is_beta":false,"boss_relics":[],"items_purged_floors":[],"is_endless":false,"potions_floor_spawned":[1,5,7],"killed_by":"Slime Boss","ascension_level":17}}