{"host":"p4yrwepmrl4g8pul","time":1612345595,"event":{"mods":["Act Like it!","BaseMod","BetterRewards","Colored Map","Custom Start","Gensokyo","Marisa£®ÏF”Í°°ƒß¿Ì…≥£©","Minty Spire (QoL Compilation)","Quick Restart","Rare Cards Sparkle","Reimu£®≤©¿ˆ¡È√Œ£©","Remilia£®¿Ÿ√◊¿Ú—«£©","Remove Card Discount Mod","Shop Mod","StSLib","The Jungle","Thieving Mod"],"gold_per_floor":[110,127,141,161,161,180,180,196,196,196,224,224,224,257,257,328,328,342,71,86,86,86,113,113,146,146,146,3,3,38,96,108,194,206,233,263,269,269,287,287,320,237,264,296,296,206,235,235,235,235,235,235,235,249,276,276],"floor_reached":57,"language":"ZHS","playtime":2414,"items_purged":["Defend_RM","RedMoon","Strike_RM","Defend_RM","Strike_RM","Defend_RM","Defend_RM","Strike_RM","Strike_RM","UnderTheZenith","BombardNight","ScarletShoot","Pain","BombardNight","BlasphemousPunishment","BlasphemousPunishment+1","CurseOfVladTepes+1"],"score":4104,"play_id":"c70b43b4-672f-49e4-b759-7d5f63a493cc","local_time":"20210203174635","is_ascension_mode":true,"campfire_choices":[{"floor":15.0,"key":"REST"},{"data":"SuperhumanBloodyKnife","floor":24.0,"key":"SMITH"},{"data":"CurseOfVladTepes","floor":27.0,"key":"SMITH"},{"data":"BloodHunter","floor":32.0,"key":"SMITH"},{"data":"UnstableMagic","floor":40.0,"key":"SMITH"},{"floor":49.0,"key":"RECALL"},{"floor":53.0,"key":"REST"}],"circlet_count":0,"master_deck":["AscendersBane","BloodHunter+1","UnstableMagic+1","UnstableMagic+1","SuperhumanBloodyKnife+1","StarOfDavid+1","HeartBreak+1","Gensokyo:CustomPotion","ScarletMeister","BatForm"],"relics":["ScarletHat","FossilizedHelix","CrazyTorch:ReiMu","Membership Card","Gremlin Horn","Regal Pillow","HandDrill","ClockworkSouvenir","Bag of Marbles","Lizard Tail","Oddly Smooth Stone","Turnip","Sundial","Vajra","Gensokyo:LunaticRedEyes","Singing Bowl","Gensokyo:Justice","Ginger","Black Star","Torii","Akabeko","TypeBBloodRedTea","Medical Kit","Boot","Cursed Key","Orichalcum","RedBat","Anchor","Nunchaku","Molten Egg 2","Ancient Tea Set","Incense Burner","MerchantsRug","Mastiff:ReiMu","TungstenRod","RuthlessExorcism:ReiMu","Blood Vial"],"acts_visited":["Gensokyo:Gensokyo","Gensokyo:Gensokyoer","Gensokyo:Gensokyoest","TheEnding"],"potions_floor_usage":[56,56,56],"damage_taken":[{"damage":0.0,"enemies":"Gensokyo:Python","floor":1.0,"turns":2.0},{"damage":0.0,"enemies":"Gensokyo:3_Fairies","floor":2.0,"turns":3.0},{"damage":0.0,"enemies":"Gensokyo:2_Kodama","floor":3.0,"turns":3.0},{"damage":0.0,"enemies":"Gensokyo:LivingMonolith","floor":4.0,"turns":3.0},{"damage":0.0,"enemies":"Gensokyo:VengefulSpirit","floor":6.0,"turns":2.0},{"damage":2.0,"enemies":"Gensokyo:Gryphon_and_Rabbit","floor":8.0,"turns":2.0},{"damage":11.0,"enemies":"Gensokyo:Mamizou","floor":11.0,"turns":6.0},{"damage":6.0,"enemies":"Gensokyo:Aya","floor":14.0,"turns":3.0},{"damage":38.0,"enemies":"Gensokyo:Yukari","floor":16.0,"turns":10.0},{"damage":6.0,"enemies":"Gensokyo:Chomper","floor":18.0,"turns":2.0},{"damage":0.0,"enemies":"Gensokyo:CosmicMonolith","floor":20.0,"turns":2.0},{"damage":30.0,"enemies":"Gensokyo:Reisen","floor":23.0,"turns":6.0},{"damage":0.0,"enemies":"Gensokyo:Tenshi","floor":25.0,"turns":2.0},{"damage":24.0,"enemies":"Gensokyo:Koishi","floor":30.0,"turns":6.0},{"damage":9.0,"enemies":"Gensokyo:Reisen","floor":31.0,"turns":2.0},{"damage":6.0,"enemies":"Gensokyo:Kaguya","floor":33.0,"turns":5.0},{"damage":0.0,"enemies":"Gensokyo:AncientGuardian","floor":35.0,"turns":2.0},{"damage":0.0,"enemies":"Gensokyo:3_Boulders","floor":36.0,"turns":3.0},{"damage":0.0,"enemies":"Gensokyo:Sharpion","floor":39.0,"turns":2.0},{"damage":0.0,"enemies":"Gensokyo:Marisa","floor":41.0,"turns":5.0},{"damage":0.0,"enemies":"Gensokyo:Kasen","floor":44.0,"turns":4.0},{"damage":13.0,"enemies":"Gensokyo:Marisa","floor":47.0,"turns":4.0},{"damage":0.0,"enemies":"Gensokyo:Scarlet_Devils","floor":50.0,"turns":8.0},{"damage":1.0,"enemies":"Gensokyo:Shinki","floor":51.0,"turns":6.0},{"damage":0.0,"enemies":"Shield and Spear","floor":55.0,"turns":6.0},{"damage":0,"enemies":"The Heart","floor":56,"turns":5}],"seed_played":"-4917401140082991392","potions_obtained":[{"floor":0.0,"key":"FairyPotion"},{"floor":0.0,"key":"Dexterity Potion"},{"floor":0.0,"key":"SteroidPotion"},{"floor":0.0,"key":"EntropicBrew"},{"floor":4.0,"key":"CultistPotion"},{"floor":16.0,"key":"EssenceOfSteel"},{"floor":23.0,"key":"GrandPatriotsElixir:ReiMu"},{"floor":25.0,"key":"PowerPotion"},{"floor":30.0,"key":"SkillPotion"},{"floor":35.0,"key":"DuplicationPotion"},{"floor":39.0,"key":"BlessingOfTheForge"},{"floor":44.0,"key":"LiquidBronze"}],"is_trial":false,"path_per_floor":["M","M","M","M","?","M","?","M","T","?","E","?","?","E","R","B",null,"M","$","M","?","?","E","R","E","T","R","COS","?","E","E","R","B",null,"M","M","$","?","M","R","E","$","T","E","T","?","E","?","R","B","B",null,"R","$","E","B",null],"character_chosen":"REMILIA","items_purchased":["FossilizedHelix","BloodHunter","Orrery","CrazyTorch:ReiMu","UnstableMagic","Membership Card","Gremlin Horn","SuperhumanBloodyKnife","Regal Pillow","HandDrill","StarOfDavid","ClockworkSouvenir","Bag of Marbles","Lizard Tail","Potion Belt","Oddly Smooth Stone","Turnip","Sundial","Vajra","Juzu Bracelet","Cauldron","CurseOfVladTepes","BlasphemousPunishment","WingedGreaves","Whetstone","MerchantsRug","Mastiff:ReiMu","TungstenRod","ScarletMeister","Strength Potion","BlessingOfTheForge"],"campfire_rested":2,"item_purchase_floors":[0,0,0,0,0,0,0,0,0,0,0,0,0,0,0,0,0,0,0,0,0,19,19,19,42,54,54,54,54,54,54],"current_hp_per_floor":[21,21,23,24,24,27,27,25,25,25,23,23,23,21,60,37,72,72,72,74,74,74,56,56,58,58,58,58,58,41,38,41,42,74,84,89,89,89,91,91,93,93,93,95,95,95,86,86,89,97,97,97,97,97,97,97],"gold":276,"neow_bonus":"","is_daily":false,"chose_seed":false,"campfire_upgraded":4,"win_rate":0.0,"timestamp":1612345595,"path_taken":["M","M","M","M","?","M","?","M","T","?","E","?","?","E","R","BOSS","M","$","M","?","?","E","R","E","T","R","COS","?","E","E","R","BOSS","M","M","?","?","M","R","E","$","T","E","?","?","E","?","R","BOSS","BOSS","R","$","E","BOSS"],"items_purchased_type":["Relic","Card","Relic","Relic","Card","Relic","Relic","Card","Relic","Relic","Card","Relic","Relic","Relic","Relic","Relic","Relic","Relic","Relic","Relic","Relic","Card","Card","Relic","Relic","Relic","Relic","Relic","Card","Potion","Potion"],"build_version":"2020-12-22","purchased_purges":17,"victory":true,"max_hp_per_floor":[70,70,70,70,70,70,70,70,70,70,79,79,79,81,81,83,83,85,85,87,79,79,81,81,83,83,83,83,83,85,85,85,85,85,87,89,89,89,91,91,93,93,93,95,95,95,97,97,97,97,97,97,97,97,97,97],"card_choices":[{"not_picked":["BloodyTrap","MillenniumVampire"],"picked":"BombardNight","floor":0.0},{"not_picked":["BombardNight","UnstableMagic"],"picked":"AfternoonTea","floor":0.0},{"not_picked":["BlasphemousPunishment","MiserableFate"],"picked":"UnstableMagic","floor":0.0},{"not_picked":["Ultimatum","ScarletImprint"],"picked":"UnderTheZenith","floor":0.0},{"not_picked":["ScarletDream","KillingBlow"],"picked":"BombardNight","floor":0.0},{"not_picked":["DiffusionOfMisfortune","Stigmanizer","EndlessAdversity"],"picked":"SKIP","floor":1.0},{"not_picked":["ScarletMeister","BadLadyScramble","VampirishNight"],"picked":"SKIP","floor":2.0},{"not_picked":["EndlessAdversity","ScarletDevil","RedNightlessCastle"],"picked":"SKIP","floor":3.0},{"not_picked":["DiffusionOfMisfortune","FavorOfDestiny","FitfulNightmare"],"picked":"SKIP","floor":4.0},{"not_picked":["Maim","MillenniumVampire","BlasphemousPunishment"],"picked":"SKIP","floor":6.0},{"not_picked":["HunterOfTheNight","CeilingFear","BadLadyScramble"],"picked":"SKIP","floor":8.0},{"not_picked":["EndlessAdversity","BombardNight","RedRainbow"],"picked":"Singing Bowl","floor":11.0},{"not_picked":["EquivalentExchange","NightDance","QueenOfMidnight"],"picked":"Singing Bowl","floor":14.0},{"not_picked":["BatForm","CeilingFear","HellCatastrophe"],"picked":"Singing Bowl","floor":16.0},{"not_picked":["EndlessAdversity","ScarletDevil","ScarletGensokyo"],"picked":"Singing Bowl","floor":18.0},{"not_picked":["BlasphemousPunishment","FitfulNightmare","ForbiddenFruit+1"],"picked":"Singing Bowl","floor":20.0},{"not_picked":["Stigmanizer","MiserableFate","EndlessAdversity"],"picked":"Singing Bowl","floor":23.0},{"not_picked":["UnderTheZenith","BloodAndWine","VampirishNight"],"picked":"Singing Bowl","floor":25.0},{"not_picked":["BloodyMagicSquare","EternalNight","RedMagic+1"],"picked":"Singing Bowl","floor":30.0},{"not_picked":["UnstableMagic","VampireFantasy"],"picked":"BlasphemousPunishment+1","floor":31.0},{"not_picked":["BloodRain","EquivalentExchange"],"picked":"HeartBreak","floor":33.0},{"not_picked":["UnderTheZenith+1","FavorOfDestiny","ScarletImprint"],"picked":"Singing Bowl","floor":35.0},{"not_picked":["MastersStateliness+1","EndlessAdversity","ScarletDevil"],"picked":"Singing Bowl","floor":36.0},{"not_picked":["NightDance","BombardNight","EndlessAdversity"],"picked":"Singing Bowl","floor":39.0},{"not_picked":["BloodyMagicSquare","NightDance","MastersStateliness+1"],"picked":"Singing Bowl","floor":41.0},{"not_picked":["MillenniumVampire","FavorOfDestiny+1","ScarletImprint+1"],"picked":"Singing Bowl","floor":44.0},{"not_picked":["VampireKiss+1","FavorOfDestiny+1","BloodHunter"],"picked":"Singing Bowl","floor":47.0},{"not_picked":["BloodyCatastrophe","StarOfDavid+1"],"picked":"BatForm","floor":55.0}],"player_experience":804003,"relics_obtained":[{"floor":9.0,"key":"Singing Bowl"},{"floor":11.0,"key":"Strawberry"},{"floor":14.0,"key":"Ginger"},{"floor":23.0,"key":"Torii"},{"floor":23.0,"key":"Tiny Chest"},{"floor":25.0,"key":"Akabeko"},{"floor":25.0,"key":"TypeBBloodRedTea"},{"floor":30.0,"key":"Peace Pipe"},{"floor":30.0,"key":"MawBank"},{"floor":31.0,"key":"Boot"},{"floor":31.0,"key":"Eternal Feather"},{"floor":41.0,"key":"Orichalcum"},{"floor":41.0,"key":"RedBat"},{"floor":43.0,"key":"Anchor"},{"floor":44.0,"key":"Nunchaku"},{"floor":44.0,"key":"Molten Egg 2"},{"floor":45.0,"key":"Ancient Tea Set"},{"floor":47.0,"key":"Incense Burner"},{"floor":55.0,"key":"RuthlessExorcism:ReiMu"},{"floor":55.0,"key":"Blood Vial"}],"event_choices":[],"is_beta":false,"boss_relics":[{"not_picked":["SlaversCollar","Runic Pyramid"],"picked":"Black Star"},{"not_picked":["Astrolabe","Sozu"],"picked":"Cursed Key"}],"items_purged_floors":[0,0,0,0,0,0,0,0,0,0,0,0,19,19,37,37,37],"is_endless":false,"potions_floor_spawned":[1,4,6,8,16,23,25,30,35,39,44,55],"ascension_level":20}}