{"host":"y0avvqzsetgmdwfn","time":1612342361,"event":{"mods":["AchievementEnabler","BaseMod","Better Third Choice","Downfall","Minty Spire (QoL Compilation)","Red Circlet Mod","Replay The Spire","Spicy Shops","StSLib"],"gold_per_floor":[115,128,98,115,129,163,176,176,200,226,243,278,278,298,298,399,399,412,432,432,445,461,487,487,519,573,573,591,618,40,60,60,164,164,182,0,0,20,36,71,63,63,63,63,82,109,128,128,128],"floor_reached":48,"language":"ENG","playtime":2969,"items_purged":[],"score":751,"play_id":"79352ba2-a5f9-40aa-8f94-22b88c64bed0","local_time":"20210203165241","is_ascension_mode":true,"campfire_choices":[{"data":"White Noise","floor":8.0,"key":"SMITH"},{"floor":13.0,"key":"REST"},{"data":"Chill","floor":15.0,"key":"SMITH"},{"floor":24.0,"key":"REST"},{"floor":32.0,"key":"REST"},{"floor":42,"key":"RECALL"},{"data":"Storm","floor":44,"key":"SMITH"}],"circlet_count":0,"master_deck":["Defend_B","Defend_B","Defend_B","Defend_B","Zap","Dualcast","Conserve Battery+1","Rebound","ReplayTheSpireMod:Calculation Training","Chaos","White Noise+1","Ball Lightning","Turbo","Chill+1","Cold Snap","Meteor Strike","FIFO Queue+1","Compile Driver","Auto Shields","Beam Cell+1","Coolheaded+1","Coolheaded+1","Gash","Slimebound:Tackle+1","Slimebound:Tackle+1","Slimebound:Tackle+1","Storm+1","Mirror Shield","Crystallizer","Creative AI","Double Energy","Doom and Gloom+1","Glacier","Time Bomb","ReplayTheSpireMod:Private Reserves","Loop+1","Blizzard"],"relics":["expansioncontent:StudyCardRelic","Lizard Tail","Blood Vial","Bronze Scales","Runic Pyramid","Matryoshka","Question Card","ReplayTheSpireMod:Ninjato","Strawberry","Art of War","Gremlin Food","Counterbalance","Raider\u0027s Mask","sneckomod:SneckoTalon","Red Mask","Replay:Bottled Steam","Symbiotic Virus","Peace Pipe"],"acts_visited":["Exordium","TheCity","TheBeyond"],"potions_floor_usage":[38,45],"damage_taken":[{"damage":0.0,"enemies":"Cultist","floor":1.0,"turns":4.0},{"damage":5.0,"enemies":"Jaw Worm","floor":2.0,"turns":5.0},{"damage":1.0,"enemies":"2 Louse","floor":4.0,"turns":2.0},{"damage":4.0,"enemies":"Red Slaver","floor":5.0,"turns":3.0},{"damage":18.0,"enemies":"3 Sentries","floor":6.0,"turns":7.0},{"damage":0.0,"enemies":"2 Fungi Beasts","floor":7.0,"turns":3.0},{"damage":10.0,"enemies":"Lagavulin","floor":10.0,"turns":6.0},{"damage":12.0,"enemies":"Blue Slaver","floor":11.0,"turns":4.0},{"damage":28.0,"enemies":"Gremlin Nob","floor":12.0,"turns":4.0},{"damage":0.0,"enemies":"Exordium Wildlife","floor":14.0,"turns":2.0},{"damage":19.0,"enemies":"Fading Forest","floor":16.0,"turns":11.0},{"damage":4.0,"enemies":"Shell Parasite","floor":18.0,"turns":5.0},{"damage":9.0,"enemies":"Chosen","floor":19.0,"turns":5.0},{"damage":8.0,"enemies":"Shelled Parasite and Fungi","floor":21.0,"turns":8.0},{"damage":5.0,"enemies":"Centurion and Healer","floor":22.0,"turns":6.0},{"damage":10.0,"enemies":"Gremlin Leader","floor":23.0,"turns":4.0},{"damage":3.0,"enemies":"Book of Stabbing","floor":25.0,"turns":4.0},{"damage":7.0,"enemies":"Cultist and Chosen","floor":28.0,"turns":7.0},{"damage":7.0,"enemies":"Snake Plant","floor":31.0,"turns":4.0},{"damage":31.0,"enemies":"Automaton","floor":33.0,"turns":8.0},{"damage":5,"enemies":"3 Shapes","floor":35,"turns":4},{"damage":2,"enemies":"3 Darklings","floor":38,"turns":5},{"damage":2,"enemies":"4 Shapes","floor":39,"turns":5},{"damage":0,"enemies":"R_Hoarder","floor":40,"turns":9},{"damage":13,"enemies":"Transient","floor":45,"turns":5},{"damage":87,"enemies":"Giant Head","floor":46,"turns":8},{"damage":26,"enemies":"Spire Growth","floor":47,"turns":4},{"damage":43,"enemies":"Nemesis","floor":48,"turns":3}],"seed_played":"-1351977318785844531","potions_obtained":[{"floor":1.0,"key":"SmokeBomb"},{"floor":3.0,"key":"LiquidBronze"},{"floor":3.0,"key":"Toxic Potion"},{"floor":4.0,"key":"hexamod:SoulburnPotion"},{"floor":7.0,"key":"Block Potion"},{"floor":10.0,"key":"Ancient Potion"},{"floor":14.0,"key":"Fruit Juice"},{"floor":16.0,"key":"SkillPotion"},{"floor":19.0,"key":"Weak Potion"},{"floor":22.0,"key":"Dexterity Potion"},{"floor":23.0,"key":"sneckomod:MuddlingPotion"},{"floor":25.0,"key":"Strength Potion"},{"floor":35,"key":"Slimebound:ThreeZeroPotion"},{"floor":38,"key":"champ:CounterPotion"}],"is_trial":false,"path_per_floor":["M","M","?","M","M","E","M","R","T","E","M","E","R","M","R","B",null,"M","M","?","M","M","E","R","E","T","?","M","T","$","M","R","B",null,"M","?","?","M","M","E","$","R","T","R","M","E","M","E"],"character_chosen":"DEFECT","items_purchased":["Counterbalance","Mirror Shield","Raider\u0027s Mask","ReplayTheSpireMod:Private Reserves"],"campfire_rested":3,"item_purchase_floors":[30,30,30,41],"current_hp_per_floor":[75,70,70,69,65,47,47,47,47,37,27,1,23,30,30,21,65,63,56,56,50,47,39,63,62,69,69,64,64,64,59,85,56,79,76,76,76,76,76,78,78,78,78,78,67,43,19,0,0],"gold":128,"neow_bonus":"BOSS_RELIC","is_daily":false,"chose_seed":false,"campfire_upgraded":3,"win_rate":0.0,"timestamp":1612342361,"path_taken":["M","?","?","?","M","E","?","R","T","E","M","E","R","M","R","BOSS","M","M","?","M","?","E","R","E","T","?","M","?","?","M","R","BOSS","M","?","?","?","M","E","?","R","T","R","M","E","M","E"],"items_purchased_type":["Relic","Card","Relic","Card"],"build_version":"2020-12-22","purchased_purges":0,"victory":false,"max_hp_per_floor":[75,75,75,75,75,75,75,75,75,75,75,75,75,80,80,80,80,80,80,80,80,80,80,80,80,87,87,87,87,87,87,87,87,87,87,87,87,87,87,87,87,87,87,87,87,87,87,87,87],"card_choices":[{"not_picked":["Coolheaded","Aggregate"],"picked":"Conserve Battery","floor":1.0},{"not_picked":["Darkness","Hologram"],"picked":"Sweeping Beam","floor":2.0},{"not_picked":["Hologram","Redo"],"picked":"Rebound","floor":4.0},{"not_picked":["Undo","BasicCrystalCard"],"picked":"ReplayTheSpireMod:Calculation Training","floor":5.0},{"not_picked":["ReplaySolidLightProjector","Conserve Battery"],"picked":"Chaos","floor":6.0},{"not_picked":["Undo","Stack"],"picked":"White Noise","floor":7.0},{"not_picked":["Compile Driver","BasicCrystalCard"],"picked":"Ball Lightning","floor":10.0},{"not_picked":["Compile Driver","Darkness"],"picked":"Turbo","floor":11.0},{"not_picked":["Beam Cell","Reinforced Body"],"picked":"Chill","floor":12.0},{"not_picked":["Panic Button","Multi-Cast"],"picked":"Cold Snap","floor":14.0},{"not_picked":["Amplify","ReplayRNGCard"],"picked":"Meteor Strike","floor":16.0},{"not_picked":["Defragment","Turbo"],"picked":"FIFO Queue+1","floor":18.0},{"not_picked":["FTL","ReplaySort"],"picked":"Compile Driver","floor":19.0},{"not_picked":["Turbo","Compile Driver"],"picked":"Beam Cell+1","floor":21.0},{"not_picked":["Chaos","Compile Driver"],"picked":"Coolheaded+1","floor":22.0},{"not_picked":["ReplayTheSpireMod:Reroute Power+1","Hello World"],"picked":"Coolheaded+1","floor":23.0},{"not_picked":["Coolheaded","Streamline"],"picked":"Gash","floor":25.0},{"not_picked":["Steam Power+1","Sweeping Beam+1","Panic Button+1"],"picked":"Storm","floor":28.0},{"not_picked":["Cold Snap","Undo+1","Meteor Strike"],"picked":"Crystallizer","floor":31.0},{"not_picked":["Meteor Strike","ReplayTheSpireMod:Omega Cannon","Reboot"],"picked":"Creative AI","floor":33.0},{"not_picked":["Redo+1","Go for the Eyes","ReplayTheSpireMod:Reroute Power+1"],"picked":"Double Energy","floor":35},{"not_picked":["Leap+1","Hello World","Turbo"],"picked":"Doom and Gloom+1","floor":38},{"not_picked":["Rebound","Turbo+1","Ball Lightning"],"picked":"Glacier","floor":39},{"not_picked":["Conserve Battery","Leap+1","Stack"],"picked":"Time Bomb","floor":40},{"not_picked":["Stack","Turbo","Steam Power"],"picked":"Loop+1","floor":45},{"not_picked":["Panic Button","ReplayGash","Turbo"],"picked":"Blizzard","floor":46},{"not_picked":["Compile Driver+1","Double Energy","ReplayGash","Tempest"],"picked":"SKIP","floor":47}],"player_experience":2035383,"relics_obtained":[{"floor":6.0,"key":"Lizard Tail"},{"floor":10.0,"key":"Blood Vial"},{"floor":12.0,"key":"Bronze Scales"},{"floor":23.0,"key":"Matryoshka"},{"floor":25.0,"key":"Question Card"},{"floor":26.0,"key":"ReplayTheSpireMod:Ninjato"},{"floor":26.0,"key":"Strawberry"},{"floor":29.0,"key":"Art of War"},{"floor":29.0,"key":"Gremlin Food"},{"floor":40,"key":"Replay:Bottled Steam"},{"floor":43,"key":"Symbiotic Virus"},{"floor":46,"key":"Peace Pipe"}],"event_choices":[{"damage_healed":0.0,"max_hp_gain":0.0,"max_hp_loss":0.0,"gold_gain":0.0,"event_name":"The Woman in Blue","player_choice":"Bought 2 Potions","floor":3.0,"gold_loss":0.0,"damage_taken":0.0},{"damage_healed":0.0,"max_hp_gain":0.0,"max_hp_loss":0.0,"gold_gain":0.0,"cards_transformed":["Strike_B"],"event_name":"Transmorgrifier","player_choice":"Transformed","floor":20.0,"gold_loss":0.0,"damage_taken":0.0,"cards_obtained":["Auto Shields"]},{"damage_healed":0,"gold_gain":0,"player_choice":"Paid","damage_taken":0,"relics_obtained":["Red Mask"],"max_hp_gain":0,"max_hp_loss":0,"event_name":"Tomb of Lord Red Mask","floor":36,"gold_loss":182},{"cards_removed":["Sweeping Beam"],"damage_healed":0,"gold_gain":0,"player_choice":"Removed Attack","damage_taken":0,"max_hp_gain":0,"max_hp_loss":0,"event_name":"Falling","floor":37,"gold_loss":0}],"is_beta":false,"boss_relics":[{"not_picked":["Honey Jar","Fusion Hammer"],"picked":"Runic Pyramid"},{"not_picked":["Astrolabe","SlaversCollar"],"picked":"sneckomod:SneckoTalon"}],"items_purged_floors":[],"is_endless":false,"potions_floor_spawned":[1,4,7,10,14,16,19,22,23,25,35,38],"killed_by":"Nemesis","ascension_level":5}}