{"host":"ftwnpa9ceeptmrn1","time":1612331865,"event":{"mods":["Aspiration","BaseMod","Colored Map","Colored Powertips","Conspire","Downfall","Hubris","Infinite Spire","Minty Spire (QoL Compilation)","Relic Stats","Replay The Spire","StSLib"],"gold_per_floor":[118,118,137,55,72,72,106,61,109,140,156,184,200,36,36,36,36],"floor_reached":16,"language":"ENG","playtime":753,"items_purged":["Strike_B"],"score":160,"play_id":"497da7bc-c368-409a-9275-ff07e9eb3043","local_time":"20210202235745","is_ascension_mode":true,"campfire_choices":[{"data":"Dualcast","floor":6,"key":"SMITH"},{"floor":15,"key":"REST"}],"circlet_count":0,"master_deck":["Strike_B","Strike_B","Strike_B","Defend_B","Defend_B","Defend_B","Defend_B","Zap+1","Dualcast+1","BasicCrystalCard","Beam Cell","Specialist","Redo","Reinforced Body","Hologram","Pot Of Greed","Pot Of Greed","Hologram","Rebound","Ball Lightning","Bandage Up"],"relics":["Cracked Core","Du-Vu Doll","ReplayTheSpireMod:TigerMarble","Grinning Jar","Regal Pillow"],"acts_visited":["Exordium"],"potions_floor_usage":[7,12,12,12],"damage_taken":[{"damage":4,"enemies":"2 Louse","floor":1,"turns":2},{"damage":0,"enemies":"Cultist","floor":3,"turns":3},{"damage":0,"enemies":"conspire:RoseBush","floor":5,"turns":3},{"damage":5,"enemies":"Gremlin Nob","floor":7,"turns":3},{"damage":23,"enemies":"Lagavulin","floor":10,"turns":6},{"damage":18,"enemies":"Exordium Wildlife","floor":11,"turns":4},{"damage":0,"enemies":"Replay:BlueRogue","floor":12,"turns":4},{"damage":5,"enemies":"Looter","floor":13,"turns":2},{"damage":0,"enemies":"Fading Forest","floor":16,"turns":1}],"seed_played":"-3988978408748518261","potions_obtained":[{"floor":1,"key":"champ:CounterPotion"},{"floor":2,"key":"LifebloodPotion"},{"floor":2,"key":"Regen Potion"},{"floor":2,"key":"hexamod:SoulburnPotion"},{"floor":11,"key":"Fire Potion"},{"floor":12,"key":"sneckomod:MuddlingPotion"},{"floor":13,"key":"bronze:BurnAndBuffPotion"}],"is_trial":false,"path_per_floor":["M","?","M","$","M","R","E","$","T","E","M","E","M","$","R","B"],"character_chosen":"DEFECT","items_purchased":["Specialist","Hologram","Bandage Up"],"campfire_rested":1,"item_purchase_floors":[4,8,14],"current_hp_per_floor":[71,71,71,71,71,71,66,66,66,43,25,37,32,32,69,69,69],"gold":36,"neow_bonus":"RANDOM_EVENT","is_daily":false,"chose_seed":false,"campfire_upgraded":1,"win_rate":0.0,"timestamp":1612331865,"path_taken":["M","?","M","$","M","R","E","$","T","E","M","E","M","$","R","BOSS"],"items_purchased_type":["Card","Card","Card"],"build_version":"2020-12-22","purchased_purges":1,"victory":false,"max_hp_per_floor":[75,75,75,75,75,75,75,75,75,75,75,75,75,75,75,75,75],"relic_stats":{"Regal Pillow":15,"counters":[8,27],"obtain_stats":[{"Du-Vu Doll":7,"Regal Pillow":12,"ReplayTheSpireMod:TigerMarble":9,"Grinning Jar":10,"Cracked Core":0},{"Du-Vu Doll":4,"Regal Pillow":7,"ReplayTheSpireMod:TigerMarble":4,"Grinning Jar":5,"Cracked Core":0},{"Du-Vu Doll":11,"Regal Pillow":25,"ReplayTheSpireMod:TigerMarble":11,"Grinning Jar":17,"Cracked Core":0}]},"card_choices":[{"not_picked":["Streamline","Lockon"],"picked":"BasicCrystalCard","floor":1},{"not_picked":["Compile Driver","FTL"],"picked":"Beam Cell","floor":3},{"not_picked":["Tempest","ReplayTheSpireMod:Reroute Power"],"picked":"Redo","floor":5},{"not_picked":["Cold Snap","Barrage"],"picked":"Reinforced Body","floor":7},{"not_picked":["Coolheaded","Reprogram","Steam"],"picked":"SKIP","floor":10},{"not_picked":["Compile Driver","Panic Button"],"picked":"Hologram","floor":11},{"not_picked":["Thunder Strike","Scrape"],"picked":"Rebound","floor":12},{"not_picked":["Cold Snap","Hello World"],"picked":"Ball Lightning","floor":13}],"player_experience":356617,"relics_obtained":[{"floor":7,"key":"Du-Vu Doll"},{"floor":9,"key":"ReplayTheSpireMod:TigerMarble"},{"floor":10,"key":"Grinning Jar"},{"floor":12,"key":"Regal Pillow"}],"event_choices":[{"damage_healed":0,"gold_gain":0,"player_choice":"Got Potions","damage_taken":0,"max_hp_gain":0,"max_hp_loss":0,"event_name":"Lab","floor":2,"gold_loss":0}],"is_beta":false,"boss_relics":[],"items_purged_floors":[14],"is_endless":false,"potions_floor_spawned":[1,11,12,13],"killed_by":"Fading Forest","ascension_level":2}}