{"host":"4rvakrj1idbgia3f","time":1612360508,"event":{"mods":["BaseMod","Colored Map","Colored Powertips","DeckTracker","Highlight Path","Minty Spire (QoL Compilation)","Random Character Button","StSLib"],"gold_per_floor":[10,10,23,23,98,98,121,146,198,198,213,249,267,302,302,302,302],"floor_reached":16,"language":"JPN","playtime":463,"items_purged":[],"score":224,"play_id":"2462a2c7-6e01-4c26-b150-7594bbebbae3","local_time":"20210203225508","is_ascension_mode":true,"campfire_choices":[{"data":"Flying Knee","floor":6,"key":"SMITH"},{"data":"Bouncing Flask","floor":10,"key":"SMITH"},{"floor":15,"key":"RECALL"}],"circlet_count":0,"master_deck":["AscendersBane","Strike_G","Strike_G","Strike_G","Strike_G","Defend_G","Defend_G","Defend_G","Defend_G","Survivor","Neutralize","Dagger Spray+1","Flying Knee+1","Bouncing Flask+1","Crippling Poison","Noxious Fumes","Bullet Time","Blur","Escape Plan"],"relics":["Ring of the Snake","Golden Idol","Toy Ornithopter","Potion Belt","Ninja Scroll"],"acts_visited":["Exordium"],"potions_floor_usage":[12,14,14],"damage_taken":[{"damage":13,"enemies":"Jaw Worm","floor":1,"turns":6},{"damage":0,"enemies":"Small Slimes","floor":3,"turns":4},{"damage":0,"enemies":"2 Louse","floor":7,"turns":2},{"damage":0,"enemies":"Exordium Wildlife","floor":8,"turns":3},{"damage":3,"enemies":"Looter","floor":11,"turns":4},{"damage":7,"enemies":"3 Sentries","floor":12,"turns":5},{"damage":4,"enemies":"Large Slime","floor":13,"turns":5},{"damage":27,"enemies":"Gremlin Nob","floor":14,"turns":4},{"damage":0,"enemies":"Slime Boss","floor":16,"turns":1}],"seed_played":"-2724125327870110918","potions_obtained":[{"floor":7,"key":"FearPotion"},{"floor":8,"key":"DistilledChaos"},{"floor":12,"key":"SkillPotion"}],"is_trial":false,"path_per_floor":["M","?","M","?","?","R","M","M","T","R","M","E","M","E","R","B"],"character_chosen":"THE_SILENT","items_purchased":[],"campfire_rested":0,"item_purchase_floors":[],"current_hp_per_floor":[46,46,46,46,35,35,35,35,35,35,32,30,26,9,9,9,9],"gold":302,"neow_bonus":"REMOVE_TWO","is_daily":false,"chose_seed":false,"campfire_upgraded":2,"win_rate":0.0,"timestamp":1612360508,"path_taken":["M","?","M","?","?","R","M","M","T","R","M","E","M","E","R","BOSS"],"items_purchased_type":[],"build_version":"2020-12-22","purchased_purges":0,"victory":false,"max_hp_per_floor":[66,66,66,60,60,60,60,60,60,60,60,60,60,60,60,60,60],"card_choices":[{"not_picked":["Deadly Poison","Distraction"],"picked":"Dagger Spray","floor":1},{"not_picked":["Backflip","Concentrate"],"picked":"Flying Knee","floor":3},{"not_picked":["Masterful Stab","Flying Knee"],"picked":"Bouncing Flask","floor":7},{"not_picked":["Flying Knee","Infinite Blades"],"picked":"Crippling Poison","floor":8},{"not_picked":["Blade Dance","Masterful Stab"],"picked":"Noxious Fumes","floor":11},{"not_picked":["Dash","Accuracy"],"picked":"Bullet Time","floor":12},{"not_picked":["Heel Hook","Flechettes"],"picked":"Blur","floor":13},{"not_picked":["Skewer","Well Laid Plans"],"picked":"Escape Plan","floor":14}],"player_experience":2208250,"relics_obtained":[{"floor":9,"key":"Toy Ornithopter"},{"floor":12,"key":"Potion Belt"},{"floor":14,"key":"Ninja Scroll"}],"event_choices":[{"damage_healed":0,"gold_gain":0,"player_choice":"Grow","damage_taken":0,"max_hp_gain":0,"max_hp_loss":0,"event_name":"Living Wall","floor":2,"gold_loss":0,"cards_upgraded":["Dagger Spray"]},{"damage_healed":0,"gold_gain":0,"player_choice":"Lose Max HP","damage_taken":0,"relics_obtained":["Golden Idol"],"max_hp_gain":0,"max_hp_loss":6,"event_name":"Golden Idol","floor":4,"gold_loss":0},{"damage_healed":0,"gold_gain":75,"player_choice":"Gather Gold","damage_taken":11,"max_hp_gain":0,"max_hp_loss":0,"event_name":"World of Goop","floor":5,"gold_loss":0}],"is_beta":false,"boss_relics":[],"items_purged_floors":[],"is_endless":false,"potions_floor_spawned":[7,8,12],"killed_by":"Slime Boss","ascension_level":20}}