{"host":"2pffx5rqbod9ds0c","time":1612329218,"event":{"mods":["BaseMod","Better Altar","Better Match","Better Note","Better Sensory Stone","Better Skull","Better Third Choice","Custom Start","Hubris","Minty Spire (QoL Compilation)","Quick Restart","Relic Stats","Robot Space Explorer","Spicy Shops","StSLib"],"gold_per_floor":[117,117,129,142,67,67,102,120,120,120,149,149,173,215,215,321,348,375,388,32,32,60,88,102,142,142,178,178,200,125,153,153,252,252,268,283,283,336,346,346,379,379,454,489,489,489,498,533,533,533],"floor_reached":51,"language":"ENG","playtime":3577,"items_purged":["RobotSpaceExplorer:Defend","RobotSpaceExplorer:Defend"],"score":1175,"play_id":"5b0322ea-bb30-4f13-83ae-0b312dccabff","local_time":"20210202211338","is_ascension_mode":true,"campfire_choices":[{"data":"RobotSpaceExplorer:MiniLasers","floor":6.0,"key":"SMITH"},{"data":"RobotSpaceExplorer:Defend","floor":12.0,"key":"PURGE"},{"data":"RobotSpaceExplorer:Strike","floor":15.0,"key":"PURGE"},{"data":"RobotSpaceExplorer:MiniBoosters","floor":28.0,"key":"SMITH"},{"data":"RobotSpaceExplorer:PowerGlove","floor":32.0,"key":"SMITH"},{"floor":40.0,"key":"DIG"},{"floor":42.0,"key":"DIG"},{"floor":46,"key":"DIG"},{"floor":49,"key":"DIG"}],"circlet_count":0,"master_deck":["Adrenaline+1","RobotSpaceExplorer:Scan+1","RobotSpaceExplorer:MiniLasers+1","RobotSpaceExplorer:PowerGlove+1","RobotSpaceExplorer:MiniDrones","RobotSpaceExplorer:TrailblazerForm","RobotSpaceExplorer:Blaster","RobotSpaceExplorer:ShovelStrike+1","RobotSpaceExplorer:ExhaustFan+1","RobotSpaceExplorer:ImprovisedAttack+1","RobotSpaceExplorer:ScrapToss","RobotSpaceExplorer:MiniBoosters+1","RobotSpaceExplorer:MiniDrones+1","RobotSpaceExplorer:MiniDrones+1","RobotSpaceExplorer:ScrapToss+1","RobotSpaceExplorer:ExhaustFan+1","RobotSpaceExplorer:ShockMissile+1"],"relics":["RobotSpaceExplorer:RoboCore","MealTicket","Peace Pipe","CeramicFish","Lantern","RobotSpaceExplorer:FoglandsKnife","Astrolabe","Membership Card","hubris:CrystalStatue","Shovel","Calipers","Molten Egg 2","Sundial","Anchor","hubris:64BitClover","Black Star","hubris:Towel","Pen Nib","War Paint","Smiling Mask","Potion Belt","Juzu Bracelet","Question Card","RobotSpaceExplorer:BottledGravity","RobotSpaceExplorer:ClockworkSextant","Orichalcum","Mummified Hand","RobotSpaceExplorer:PlasmaHourglass","Bag of Preparation"],"acts_visited":["Exordium","TheCity","TheBeyond"],"potions_floor_usage":[],"damage_taken":[{"damage":0.0,"enemies":"Small Slimes","floor":1.0,"turns":3.0},{"damage":0.0,"enemies":"Cultist","floor":3.0,"turns":4.0},{"damage":0.0,"enemies":"2 Louse","floor":4.0,"turns":3.0},{"damage":1.0,"enemies":"3 Sentries","floor":7.0,"turns":7.0},{"damage":9.0,"enemies":"Lots of Slimes","floor":8.0,"turns":4.0},{"damage":0.0,"enemies":"Looter","floor":11.0,"turns":2.0},{"damage":0.0,"enemies":"Exordium Thugs","floor":13.0,"turns":2.0},{"damage":0.0,"enemies":"Gremlin Nob","floor":14.0,"turns":2.0},{"damage":8.0,"enemies":"The Guardian","floor":16.0,"turns":11.0},{"damage":0.0,"enemies":"2 Thieves","floor":18.0,"turns":2.0},{"damage":0.0,"enemies":"3 Byrds","floor":19.0,"turns":1.0},{"damage":0.0,"enemies":"Shelled Parasite and Fungi","floor":22.0,"turns":2.0},{"damage":3.0,"enemies":"Gremlin Leader","floor":23.0,"turns":4.0},{"damage":3.0,"enemies":"Centurion and Healer","floor":24.0,"turns":2.0},{"damage":0.0,"enemies":"Book of Stabbing","floor":25.0,"turns":2.0},{"damage":0.0,"enemies":"Gremlin Leader","floor":27.0,"turns":3.0},{"damage":0.0,"enemies":"3 Cultists","floor":29.0,"turns":1.0},{"damage":0.0,"enemies":"Slavers","floor":31.0,"turns":2.0},{"damage":29.0,"enemies":"hubris:MusketHawk","floor":33.0,"turns":5.0},{"damage":0.0,"enemies":"3 Darklings","floor":35.0,"turns":3.0},{"damage":0.0,"enemies":"Orb Walker","floor":36.0,"turns":2.0},{"damage":0.0,"enemies":"Transient","floor":39.0,"turns":5.0},{"damage":0.0,"enemies":"Giant Head","floor":41.0,"turns":5.0},{"damage":0.0,"enemies":"Nemesis","floor":44.0,"turns":2.0},{"damage":0,"enemies":"Giant Head","floor":48,"turns":4},{"damage":0,"enemies":"Awakened One","floor":50,"turns":7}],"seed_played":"-2626421519481129888","potions_obtained":[{"floor":4.0,"key":"BlessingOfTheForge"},{"floor":7.0,"key":"RobotSpaceExplorer:PlasmaFlask"},{"floor":11.0,"key":"FearPotion"},{"floor":13.0,"key":"Block Potion"},{"floor":41.0,"key":"Fire Potion"}],"is_trial":false,"path_per_floor":["M","?","M","M","$","R","E","M","T","?","M","R","M","E","R","B",null,"M","M","$","?","M","E","M","E","T","E","R","M","?","E","R","B",null,"M","M","?","T","M","R","E","R","T","E","?","R","?","E","R","B",null],"character_chosen":"RobotSpaceExplorer","items_purchased":["Membership Card","hubris:CrystalStatue","Shovel"],"campfire_rested":0,"item_purchase_floors":[20,20,20],"current_hp_per_floor":[75,75,75,75,75,75,74,65,65,30,30,30,30,30,30,22,75,75,75,75,75,75,72,69,69,69,69,69,69,69,69,69,40,75,75,75,75,75,75,75,75,75,75,75,75,75,75,75,75,75],"gold":533,"neow_bonus":"REMOVE_CARD","is_daily":false,"chose_seed":false,"campfire_upgraded":3,"win_rate":0.0,"timestamp":1612329218,"path_taken":["M","?","?","?","?","R","E","M","T","?","M","R","M","E","R","BOSS","M","?","$","?","M","E","M","E","T","E","R","M","?","E","R","BOSS","M","M","?","?","?","R","E","R","T","E","?","R","?","E","R","BOSS"],"items_purchased_type":["Relic","Relic","Relic"],"build_version":"2020-12-22","purchased_purges":2,"victory":true,"max_hp_per_floor":[75,75,75,75,75,75,75,75,75,75,75,75,75,75,75,75,75,75,75,75,75,75,75,75,75,75,75,75,75,75,75,75,75,75,75,75,75,75,75,75,75,75,75,75,75,75,75,75,75,75],"relic_stats":{"counters":[26,90],"CeramicFish":126,"Astrolabe":["RobotSpaceExplorer:ShovelStrike","RobotSpaceExplorer:ExhaustFan","RobotSpaceExplorer:ImprovisedAttack"],"Pen Nib":[13],"Juzu Bracelet":1,"Bag of Preparation":[2],"War Paint":["RobotSpaceExplorer:Scan"],"Orichalcum":[0],"Smiling Mask":0,"Question Card":8,"Peace Pipe":3,"Shovel":4,"Sundial":[8],"Mummified Hand":[4],"MealTicket":0,"Black Star":3,"obtain_stats":[{"RobotSpaceExplorer:ClockworkSextant":44,"Lantern":10,"hubris:CrystalStatue":20,"Calipers":23,"CeramicFish":10,"RobotSpaceExplorer:PlasmaHourglass":48,"Juzu Bracelet":42,"Bag of Preparation":49,"Smiling Mask":41,"Shovel":20,"Sundial":26,"RobotSpaceExplorer:BottledGravity":44,"Mummified Hand":48,"MealTicket":7,"Potion Belt":41,"hubris:64BitClover":31,"Astrolabe":17,"RobotSpaceExplorer:RoboCore":0,"Pen Nib":38,"hubris:Towel":37,"War Paint":40,"Orichalcum":46,"Question Card":43,"Peace Pipe":9,"RobotSpaceExplorer:FoglandsKnife":14,"Anchor":27,"Molten Egg 2":25,"Black Star":34,"Membership Card":20},{"RobotSpaceExplorer:ClockworkSextant":24,"Lantern":5,"hubris:CrystalStatue":11,"Calipers":13,"CeramicFish":5,"RobotSpaceExplorer:PlasmaHourglass":25,"Juzu Bracelet":23,"Bag of Preparation":25,"Smiling Mask":23,"Shovel":11,"Sundial":15,"RobotSpaceExplorer:BottledGravity":24,"Mummified Hand":25,"MealTicket":4,"Potion Belt":23,"hubris:64BitClover":18,"Astrolabe":9,"RobotSpaceExplorer:RoboCore":0,"Pen Nib":21,"hubris:Towel":21,"War Paint":22,"Orichalcum":24,"Question Card":23,"Peace Pipe":5,"RobotSpaceExplorer:FoglandsKnife":8,"Anchor":16,"Molten Egg 2":15,"Black Star":19,"Membership Card":11},{"RobotSpaceExplorer:ClockworkSextant":79,"Lantern":21,"hubris:CrystalStatue":41,"Calipers":47,"CeramicFish":21,"RobotSpaceExplorer:PlasmaHourglass":83,"Juzu Bracelet":77,"Bag of Preparation":83,"Smiling Mask":77,"Shovel":41,"Sundial":51,"RobotSpaceExplorer:BottledGravity":79,"Mummified Hand":83,"MealTicket":17,"Potion Belt":77,"hubris:64BitClover":57,"Astrolabe":38,"RobotSpaceExplorer:RoboCore":0,"Pen Nib":67,"hubris:Towel":67,"War Paint":72,"Orichalcum":79,"Question Card":77,"Peace Pipe":21,"RobotSpaceExplorer:FoglandsKnife":27,"Anchor":54,"Molten Egg 2":51,"Black Star":62,"Membership Card":41}]},"card_choices":[{"not_picked":["RobotSpaceExplorer:MiniDrones","RobotSpaceExplorer:Blitz","RobotSpaceExplorer:SwiftStep"],"picked":"SKIP","floor":1.0},{"not_picked":["RobotSpaceExplorer:Probe","RobotSpaceExplorer:GlueSpray","RobotSpaceExplorer:MiniDrones"],"picked":"SKIP","floor":3.0},{"not_picked":["RobotSpaceExplorer:SlimeMissile","RobotSpaceExplorer:ImprovisedAttack","RobotSpaceExplorer:SurgingStrike"],"picked":"SKIP","floor":4.0},{"not_picked":["RobotSpaceExplorer:SlimeMissile","RobotSpaceExplorer:SurgingStrike"],"picked":"RobotSpaceExplorer:ImprovisedAttack","floor":4.0},{"not_picked":["RobotSpaceExplorer:Ammunition","RobotSpaceExplorer:PlasmaMissile"],"picked":"RobotSpaceExplorer:FranticSearch","floor":7.0},{"not_picked":["RobotSpaceExplorer:MetalStrike","RobotSpaceExplorer:SurgingStrike","RobotSpaceExplorer:Calculate"],"picked":"SKIP","floor":8.0},{"not_picked":["RobotSpaceExplorer:SlimeMissile","RobotSpaceExplorer:LuckyStrike"],"picked":"RobotSpaceExplorer:PowerGlove","floor":11.0},{"not_picked":["RobotSpaceExplorer:ShockKick","RobotSpaceExplorer:MiniDrones","RobotSpaceExplorer:Counterblock"],"picked":"SKIP","floor":13.0},{"not_picked":["RobotSpaceExplorer:ShockKick","RobotSpaceExplorer:Counterblock"],"picked":"RobotSpaceExplorer:MiniDrones","floor":13.0},{"not_picked":["RobotSpaceExplorer:FranticSearch","RobotSpaceExplorer:Probe"],"picked":"RobotSpaceExplorer:TrailblazerForm","floor":14.0},{"not_picked":["RobotSpaceExplorer:Asteroid","RobotSpaceExplorer:ShockMissile"],"picked":"RobotSpaceExplorer:Blaster","floor":16.0},{"not_picked":["RobotSpaceExplorer:StarDust","RobotSpaceExplorer:Smokescreen+1"],"picked":"RobotSpaceExplorer:ScrapToss","floor":18.0},{"not_picked":["RobotSpaceExplorer:Pulsar","RobotSpaceExplorer:Ammunition+1","RobotSpaceExplorer:MetalStrike"],"picked":"SKIP","floor":19.0},{"not_picked":["RobotSpaceExplorer:Discharger","RobotSpaceExplorer:Probe"],"picked":"RobotSpaceExplorer:MiniBoosters","floor":22.0},{"not_picked":["RobotSpaceExplorer:MiniDrones","RobotSpaceExplorer:ImprovisedAttack+1","RobotSpaceExplorer:SwiftStep+1"],"picked":"SKIP","floor":23.0},{"not_picked":["RobotSpaceExplorer:ShovelStrike+1","RobotSpaceExplorer:Calculate","RobotSpaceExplorer:SwiftStep"],"picked":"SKIP","floor":24.0},{"not_picked":["RobotSpaceExplorer:TurboDodge+1","RobotSpaceExplorer:Asteroid+1"],"picked":"RobotSpaceExplorer:MiniDrones+1","floor":25.0},{"not_picked":["RobotSpaceExplorer:SlimeMissile+1","RobotSpaceExplorer:GlueShot"],"picked":"RobotSpaceExplorer:MiniDrones+1","floor":27.0},{"not_picked":["RobotSpaceExplorer:Probe+1","RobotSpaceExplorer:SurgingShield+1"],"picked":"RobotSpaceExplorer:ScrapToss+1","floor":29.0},{"not_picked":["RobotSpaceExplorer:Blitz+1","RobotSpaceExplorer:Ammunition","RobotSpaceExplorer:DoubleBlock"],"picked":"SKIP","floor":31.0},{"not_picked":["RobotSpaceExplorer:SurgingStrike+1","RobotSpaceExplorer:FrostMissile+1","RobotSpaceExplorer:FranticSearch+1"],"picked":"SKIP","floor":35.0},{"not_picked":["RobotSpaceExplorer:Smokescreen","RobotSpaceExplorer:Probe+1","RobotSpaceExplorer:GearShield+1"],"picked":"SKIP","floor":36.0},{"not_picked":["RobotSpaceExplorer:SlimeMissile+1","RobotSpaceExplorer:LuckyStrike+1","RobotSpaceExplorer:MetalStrike+1"],"picked":"SKIP","floor":39.0},{"not_picked":["RobotSpaceExplorer:SlimeMissile+1","RobotSpaceExplorer:LuckyStrike+1","RobotSpaceExplorer:MetalStrike+1"],"picked":"SKIP","floor":39.0},{"not_picked":["RobotSpaceExplorer:Pulsar+1","RobotSpaceExplorer:DoubleBlock+1","RobotSpaceExplorer:Jetpack+1"],"picked":"SKIP","floor":41.0},{"not_picked":["RobotSpaceExplorer:Probe+1","RobotSpaceExplorer:MetalStrike+1","RobotSpaceExplorer:SwiftStep+1"],"picked":"RobotSpaceExplorer:ExhaustFan+1","floor":44.0},{"not_picked":["RobotSpaceExplorer:FreezeRay","RobotSpaceExplorer:HighVoltage+1","RobotSpaceExplorer:StarDust","RobotSpaceExplorer:SurgingShield+1"],"picked":"SKIP","floor":48}],"player_experience":814094,"relics_obtained":[{"floor":7.0,"key":"MealTicket"},{"floor":9.0,"key":"Peace Pipe"},{"floor":14.0,"key":"RobotSpaceExplorer:FoglandsKnife"},{"floor":23.0,"key":"Calipers"},{"floor":25.0,"key":"Molten Egg 2"},{"floor":26.0,"key":"Sundial"},{"floor":27.0,"key":"Anchor"},{"floor":31.0,"key":"hubris:64BitClover"},{"floor":38.0,"key":"Pen Nib"},{"floor":40.0,"key":"War Paint"},{"floor":41.0,"key":"Smiling Mask"},{"floor":41.0,"key":"Potion Belt"},{"floor":42.0,"key":"Juzu Bracelet"},{"floor":43.0,"key":"Question Card"},{"floor":44.0,"key":"RobotSpaceExplorer:BottledGravity"},{"floor":44.0,"key":"RobotSpaceExplorer:ClockworkSextant"},{"floor":46,"key":"Orichalcum"},{"floor":48,"key":"Mummified Hand"},{"floor":48,"key":"RobotSpaceExplorer:PlasmaHourglass"},{"floor":49,"key":"Bag of Preparation"}],"event_choices":[{"cards_removed":["RobotSpaceExplorer:Strike"],"damage_healed":0.0,"max_hp_gain":0.0,"max_hp_loss":0.0,"gold_gain":0.0,"event_name":"Purifier","player_choice":"Purged","floor":2.0,"gold_loss":0.0,"damage_taken":0.0},{"damage_healed":0.0,"max_hp_gain":0.0,"max_hp_loss":0.0,"gold_gain":0.0,"event_name":"betterSkull:BetterSkull","player_choice":"RE RE ","floor":10.0,"gold_loss":0.0,"damage_taken":39.0,"cards_upgraded":[],"relics_obtained":["CeramicFish","Lantern"]},{"cards_removed":["RobotSpaceExplorer:Blaster"],"damage_healed":0.0,"max_hp_gain":0.0,"max_hp_loss":0.0,"gold_gain":0.0,"event_name":"betterNote:BetterNote","player_choice":"Give","floor":21.0,"gold_loss":0.0,"damage_taken":0.0,"cards_obtained":["None"]},{"cards_removed":["RobotSpaceExplorer:ImprovisedAttack"],"damage_healed":0.0,"max_hp_gain":0.0,"max_hp_loss":0.0,"gold_gain":0.0,"event_name":"Beggar","player_choice":"Gave Gold","floor":30.0,"gold_loss":75.0,"damage_taken":0.0},{"damage_healed":0,"gold_gain":0,"player_choice":"Random: Yellow","damage_taken":0,"max_hp_gain":0,"max_hp_loss":0,"event_name":"betterThird:BetterPortal","floor":45,"gold_loss":0},{"cards_removed":["Adrenaline"],"damage_healed":0,"gold_gain":0,"player_choice":"Give","damage_taken":0,"max_hp_gain":0,"max_hp_loss":0,"event_name":"betterNote:BetterNote","floor":45,"gold_loss":0,"cards_obtained":["RobotSpaceExplorer:Blaster"]}],"is_beta":false,"boss_relics":[{"not_picked":["hubris:GrandSneckoEye","Ectoplasm"],"picked":"Astrolabe"},{"not_picked":["hubris:TerracottaHorce","RobotSpaceExplorer:SearchSpecs"],"picked":"Black Star"}],"items_purged_floors":[5,20],"is_endless":false,"potions_floor_spawned":[4,7,11,13,16,19,22,25,29,31,35,36,41],"ascension_level":1}}