{"host":"3498uni0c31c9bdm","time":1612380964,"event":{"mods":["BaseMod","Better Third Choice","Minty Spire (QoL Compilation)","Replay The Spire","StSLib"],"gold_per_floor":[118,118,136,136,6,40,40,40,117,144,144,157,174,200,200,298,298,308,362,373,386,404,404,435,435,435,534,585,585,530,559,559,559,559],"floor_reached":33,"language":"ENG","playtime":1139,"items_purged":["Regret"],"score":489,"play_id":"d588b3dc-ae0f-4a12-a8d0-aee4cb91eec2","local_time":"20210204063604","is_ascension_mode":true,"campfire_choices":[{"floor":7,"key":"RECALL"},{"data":"ReplayTheSpireMod:Speed Training","floor":11,"key":"SMITH"},{"floor":15,"key":"REST"},{"floor":23,"key":"REST"},{"floor":25,"key":"REST"},{"floor":29,"key":"REST"},{"floor":32,"key":"REST"}],"circlet_count":0,"master_deck":["AscendersBane","Strike_G","Strike_G","Strike_G","Strike_G","Strike_G","Defend_G+1","Defend_G+1","Defend_G","Defend_G","Defend_G","Survivor","Neutralize","Riddle With Holes","Blade Dance","Heel Hook+1","Cloak And Dagger","ReplayTheSpireMod:Speed Training+1","Flying Knee+1","Noxious Fumes+1","PiercingWail+1","Replay:Bag of Tricks","Poisoned Stab+1","Overencumbered","Sucker Punch","Blade Dance+1","Choke+1","Fluid Movement+1","ReplayTheSpireMod:The Works+1","Leg Sweep","Languid","Normality","Terror"],"relics":["Ring of the Snake","NeowsBlessing","StoneCalendar","Garlic","CultistMask","Gremlin Horn","Counterbalance","Gremlin Food","Cursed Key","ReplayTheSpireMod:Shallot","Bottled Lightning","Replay:Multitool","Akabeko","Potion Belt"],"acts_visited":["Exordium","TheCity"],"potions_floor_usage":[14,22,24],"damage_taken":[{"damage":0,"enemies":"2 Louse","floor":1,"turns":1},{"damage":0,"enemies":"Small Slimes","floor":3,"turns":1},{"damage":0,"enemies":"Lagavulin","floor":6,"turns":1},{"damage":19,"enemies":"3 Sentries","floor":10,"turns":7},{"damage":3,"enemies":"Cultist","floor":12,"turns":4},{"damage":0,"enemies":"2 Fungi Beasts","floor":13,"turns":3},{"damage":8,"enemies":"Gremlin Nob","floor":14,"turns":4},{"damage":33,"enemies":"The Guardian","floor":16,"turns":11},{"damage":11,"enemies":"Shell Parasite","floor":18,"turns":6},{"damage":10,"enemies":"Spheric Guardian","floor":20,"turns":4},{"damage":21,"enemies":"Snecko","floor":21,"turns":7},{"damage":30,"enemies":"Sentry and Sphere","floor":22,"turns":6},{"damage":13,"enemies":"Replay:Snechameleon","floor":24,"turns":4},{"damage":17,"enemies":"Gremlin Leader","floor":31,"turns":7},{"damage":69,"enemies":"Automaton","floor":33,"turns":6}],"seed_played":"-3616686231899245396","potions_obtained":[{"floor":1,"key":"SteroidPotion"},{"floor":10,"key":"FairyPotion"},{"floor":16,"key":"Adrenaline Potion"},{"floor":18,"key":"PowerPotion"}],"is_trial":false,"path_per_floor":["M","?","M","?","$","E","R","?","T","E","R","M","M","E","R","B",null,"M","?","M","M","M","R","E","R","T","?","T","R","?","E","R","B"],"character_chosen":"THE_SILENT","items_purchased":["Heel Hook+1"],"campfire_rested":5,"item_purchase_floors":[5],"current_hp_per_floor":[63,63,63,63,63,63,63,63,63,44,44,41,41,33,54,21,58,47,47,37,16,10,31,18,39,39,39,39,60,60,43,64,0,0],"gold":559,"neow_bonus":"THREE_ENEMY_KILL","is_daily":false,"chose_seed":false,"campfire_upgraded":1,"win_rate":0.0,"timestamp":1612380964,"path_taken":["M","?","M","?","$","E","R","?","T","E","R","M","?","E","R","BOSS","M","?","?","M","M","R","E","R","T","?","?","R","?","E","R","BOSS"],"items_purchased_type":["Card"],"build_version":"2020-12-22","purchased_purges":1,"victory":false,"max_hp_per_floor":[70,70,70,70,70,70,70,70,70,70,70,70,70,70,70,70,70,70,70,70,70,70,70,70,70,70,70,70,70,70,70,70,70,70],"card_choices":[{"not_picked":["Calculated Gamble","Bane"],"picked":"Riddle With Holes","floor":1},{"not_picked":["Expertise","All Out Attack"],"picked":"Blade Dance","floor":3},{"not_picked":["PiercingWail","Tactician"],"picked":"Cloak And Dagger","floor":6},{"not_picked":["Outmaneuver","Deflect"],"picked":"ReplayTheSpireMod:Speed Training","floor":10},{"not_picked":["Dodge and Roll","Deadly Poison"],"picked":"Flying Knee","floor":12},{"not_picked":["Poisoned Stab","Dodge and Roll"],"picked":"Noxious Fumes","floor":13},{"not_picked":["Deflect","Setup"],"picked":"PiercingWail","floor":14},{"not_picked":["Poison Darts","Doppelganger"],"picked":"Replay:Bag of Tricks","floor":16},{"not_picked":["Heel Hook","Setup"],"picked":"Poisoned Stab+1","floor":18},{"not_picked":["Prepared","Acrobatics"],"picked":"Sucker Punch","floor":19},{"not_picked":["Poisoned Stab","PiercingWail+1"],"picked":"Blade Dance+1","floor":19},{"not_picked":["Quick Slash","Predator"],"picked":"Choke+1","floor":20},{"not_picked":["Dodge and Roll","PiercingWail"],"picked":"Fluid Movement","floor":21},{"not_picked":["Poisoned Stab","Deflect"],"picked":"ReplayTheSpireMod:The Works+1","floor":22},{"not_picked":["Dodge and Roll+1","Flechettes"],"picked":"Leg Sweep","floor":24},{"not_picked":["Acrobatics","Crippling Poison"],"picked":"Terror","floor":31}],"player_experience":830099,"relics_obtained":[{"floor":6,"key":"Garlic"},{"floor":9,"key":"Gremlin Horn"},{"floor":10,"key":"Counterbalance"},{"floor":14,"key":"Gremlin Food"},{"floor":19,"key":"ReplayTheSpireMod:Shallot"},{"floor":24,"key":"Bottled Lightning"},{"floor":26,"key":"Replay:Multitool"},{"floor":31,"key":"Potion Belt"}],"event_choices":[{"damage_healed":0,"gold_gain":0,"player_choice":"Box","damage_taken":0,"relics_obtained":["StoneCalendar"],"max_hp_gain":0,"max_hp_loss":0,"event_name":"Big Fish","floor":4,"gold_loss":0,"cards_obtained":["Regret"]},{"damage_healed":0,"gold_gain":0,"player_choice":"Trade","damage_taken":0,"relics_obtained":["CultistMask"],"max_hp_gain":0,"max_hp_loss":0,"event_name":"FaceTrader","floor":8,"gold_loss":0},{"damage_healed":0,"gold_gain":99,"player_choice":"Steal","damage_taken":0,"max_hp_gain":0,"max_hp_loss":0,"event_name":"betterThird:BetterNest","floor":27,"gold_loss":0},{"damage_healed":0,"gold_gain":0,"player_choice":"Paid Gold","damage_taken":0,"relics_obtained":["Akabeko"],"max_hp_gain":0,"max_hp_loss":0,"event_name":"WeMeetAgain","floor":30,"gold_loss":55}],"is_beta":false,"boss_relics":[{"not_picked":["Ring of the Serpent","Sozu"],"picked":"Cursed Key"}],"items_purged_floors":[5],"is_endless":false,"potions_floor_spawned":[1,10,16,18,21],"killed_by":"Automaton","ascension_level":10}}