{"host":"vl29iwkwnyytuw8q","time":1612367644,"event":{"mods":["BaseMod","Minty Spire (QoL Compilation)","Permanent Neow","Relic Stats","StSLib"],"gold_per_floor":[112,112,124,139,159,159,188,188,188,19,30,46,46,71,71,168,168,179,190,19,92,92,123,123,123,123],"floor_reached":25,"language":"ENG","playtime":900,"items_purged":["Strike_B","Defend_B"],"score":266,"play_id":"59bb29ab-b9e9-4cd3-99f4-b9000922cef0","local_time":"20210203165404","is_ascension_mode":true,"campfire_choices":[{"data":"Zap","floor":6.0,"key":"SMITH"},{"data":"Capacitor","floor":13.0,"key":"SMITH"},{"data":"Recycle","floor":15.0,"key":"SMITH"},{"data":"Glacier","floor":24.0,"key":"SMITH"}],"circlet_count":0,"master_deck":["Strike_B","Strike_B","Defend_B","Defend_B","Defend_B","Zap+1","Dualcast","Conserve Battery","Gash","Ball Lightning+1","Coolheaded","BootSequence","Capacitor+1","Compile Driver","Recycle+1","Sweeping Beam","Machine Learning","Echo Form+1","CurseOfTheBell","Barrage+1","Electrodynamics","Multi-Cast","Glacier+1"],"relics":["Coffee Dripper","Bag of Marbles","Matryoshka","Dead Branch","Calling Bell","Blood Vial","Singing Bowl","CaptainsWheel","Pen Nib","Shuriken","Shovel"],"acts_visited":["Exordium","TheCity"],"potions_floor_usage":[],"damage_taken":[{"damage":1.0,"enemies":"2 Louse","floor":1.0,"turns":3.0},{"damage":0.0,"enemies":"Cultist","floor":3.0,"turns":4.0},{"damage":5.0,"enemies":"Jaw Worm","floor":4.0,"turns":3.0},{"damage":7.0,"enemies":"Exordium Thugs","floor":5.0,"turns":5.0},{"damage":14.0,"enemies":"3 Sentries","floor":7.0,"turns":8.0},{"damage":0.0,"enemies":"Lots of Slimes","floor":11.0,"turns":2.0},{"damage":1.0,"enemies":"Blue Slaver","floor":12.0,"turns":3.0},{"damage":20.0,"enemies":"Gremlin Nob","floor":14.0,"turns":3.0},{"damage":26.0,"enemies":"The Guardian","floor":16.0,"turns":11.0},{"damage":8.0,"enemies":"Shell Parasite","floor":18.0,"turns":7.0},{"damage":11.0,"enemies":"2 Thieves","floor":19.0,"turns":3.0},{"damage":32.0,"enemies":"Book of Stabbing","floor":23.0,"turns":6.0},{"damage":40,"enemies":"Slavers","floor":25,"turns":3}],"seed_played":"-7305865784377362344","potions_obtained":[{"floor":3.0,"key":"LiquidMemories"},{"floor":7.0,"key":"PotionOfCapacity"},{"floor":11.0,"key":"PowerPotion"},{"floor":18.0,"key":"AttackPotion"}],"is_trial":false,"path_per_floor":["M","?","M","M","M","R","E","?","T","$","M","M","R","E","R","B",null,"M","M","$","T","?","E","R","E"],"character_chosen":"DEFECT","items_purchased":["Capacitor","Compile Driver","Multi-Cast"],"campfire_rested":0,"item_purchase_floors":[10,10,20],"current_hp_per_floor":[74,74,74,69,62,62,48,48,48,48,48,47,47,27,27,1,75,67,58,58,58,58,28,28,0,0],"gold":123,"neow_bonus":"BOSS_RELIC","is_daily":false,"chose_seed":false,"campfire_upgraded":4,"win_rate":0.0,"timestamp":1612367644,"path_taken":["M","?","M","M","?","R","E","?","T","?","M","M","R","E","R","BOSS","M","M","$","?","?","E","R","E"],"items_purchased_type":["Card","Card","Card"],"build_version":"2020-12-22","purchased_purges":2,"victory":false,"max_hp_per_floor":[75,75,75,75,75,75,75,75,75,75,75,75,75,75,75,75,75,75,75,75,75,75,75,75,75,75],"relic_stats":{"Blood Vial":6,"Shovel":0,"Singing Bowl":0,"counters":[13,61],"Shuriken":[2],"Dead Branch":[12],"Pen Nib":[1],"obtain_stats":[{"Calling Bell":17,"Blood Vial":17,"CaptainsWheel":17,"Matryoshka":9,"Shovel":23,"Singing Bowl":17,"Shuriken":21,"Dead Branch":14,"Pen Nib":21,"Coffee Dripper":0,"Bag of Marbles":7,"Cracked Core":0},{"Calling Bell":9,"Blood Vial":9,"CaptainsWheel":9,"Matryoshka":5,"Shovel":12,"Singing Bowl":9,"Shuriken":11,"Dead Branch":8,"Pen Nib":11,"Coffee Dripper":0,"Bag of Marbles":5,"Cracked Core":0},{"Calling Bell":42,"Blood Vial":42,"CaptainsWheel":42,"Matryoshka":23,"Shovel":58,"Singing Bowl":42,"Shuriken":52,"Dead Branch":31,"Pen Nib":52,"Coffee Dripper":0,"Bag of Marbles":23,"Cracked Core":0}]},"card_choices":[{"not_picked":["Turbo","Beam Cell"],"picked":"Conserve Battery","floor":1.0},{"not_picked":["Fusion","Hologram"],"picked":"Gash","floor":3.0},{"not_picked":["Hologram","Streamline"],"picked":"Ball Lightning","floor":4.0},{"not_picked":["Aggregate","Ball Lightning"],"picked":"Coolheaded","floor":5.0},{"not_picked":["Heatsinks","Conserve Battery"],"picked":"BootSequence","floor":7.0},{"not_picked":["Redo","Biased Cognition"],"picked":"Recycle","floor":11.0},{"not_picked":["Hologram","Melter"],"picked":"Sweeping Beam","floor":12.0},{"not_picked":["Hello World","Steam Power"],"picked":"Machine Learning","floor":14.0},{"not_picked":["Creative AI","Hyperbeam"],"picked":"Echo Form","floor":16.0},{"not_picked":["Cold Snap","Ball Lightning"],"picked":"Barrage+1","floor":18.0},{"not_picked":["Hologram+1","Coolheaded+1"],"picked":"Electrodynamics","floor":19.0},{"not_picked":["Force Field","Fusion"],"picked":"Glacier","floor":23.0}],"player_experience":661674,"relics_obtained":[{"floor":7.0,"key":"Bag of Marbles"},{"floor":9.0,"key":"Matryoshka"},{"floor":14.0,"key":"Dead Branch"},{"floor":17.0,"key":"Blood Vial"},{"floor":17.0,"key":"Singing Bowl"},{"floor":17.0,"key":"CaptainsWheel"},{"floor":21.0,"key":"Pen Nib"},{"floor":21.0,"key":"Shuriken"},{"floor":23.0,"key":"Shovel"}],"event_choices":[{"cards_removed":["Strike_B"],"damage_healed":0.0,"max_hp_gain":0.0,"max_hp_loss":0.0,"gold_gain":0.0,"event_name":"Bonfire Elementals","player_choice":"Offered Basic","floor":2.0,"gold_loss":0.0,"damage_taken":0.0},{"damage_healed":0.0,"max_hp_gain":0.0,"max_hp_loss":0.0,"gold_gain":0.0,"event_name":"Upgrade Shrine","player_choice":"Upgraded","floor":8.0,"gold_loss":0.0,"damage_taken":0.0,"cards_upgraded":["Ball Lightning"]},{"damage_healed":0.0,"max_hp_gain":0.0,"max_hp_loss":0.0,"gold_gain":0.0,"event_name":"Accursed Blacksmith","player_choice":"Forge","floor":22.0,"gold_loss":0.0,"damage_taken":0.0,"cards_upgraded":["Echo Form"]}],"is_beta":false,"boss_relics":[{"not_picked":["SacredBark","Fusion Hammer"],"picked":"Calling Bell"}],"items_purged_floors":[10,20],"is_endless":false,"potions_floor_spawned":[3,7,11,18],"killed_by":"Slavers","ascension_level":3}}