{"host":"c5nmr31n6e3biqyd","time":1612376538,"event":{"mods":["AchievementEnabler","BaseMod","Minty Spire (QoL Compilation)"],"gold_per_floor":[111,111,111,128,128,128,160,172,172,188,208,208,279,289,289,391,391,407,78,78,78,91,119,119,130,156,0,17,0,12,22,22,122,122,134,134,134,114,76,76,105,105,105,105,125,157,157,176,176,176,176],"floor_reached":50,"language":"KOR","playtime":2144,"items_purged":[],"score":720,"play_id":"0a217f40-707c-49b6-9301-59f5455c712d","local_time":"20210204032218","daily_mods":["Draft"],"is_ascension_mode":false,"campfire_choices":[{"data":"Footwork","floor":6.0,"key":"SMITH"},{"data":"Footwork","floor":12.0,"key":"SMITH"},{"data":"Crippling Poison","floor":15.0,"key":"SMITH"},{"floor":24.0,"key":"REST"},{"floor":32.0,"key":"REST"},{"data":"After Image","floor":40.0,"key":"SMITH"},{"data":"Backstab","floor":42.0,"key":"SMITH"},{"data":"Blade Dance","floor":47,"key":"SMITH"},{"floor":49,"key":"REST"}],"circlet_count":0,"master_deck":["Deadly Poison","Poisoned Stab","Bane","Noxious Fumes","Catalyst","Cloak And Dagger","Poisoned Stab","Leg Sweep","Crippling Poison+1","Backstab","Flying Knee","Quick Slash","Footwork+1","Cloak And Dagger","Footwork+1","Backstab+1","Backstab","Cloak And Dagger","Deadly Poison","Wraith Form v2","CurseOfTheBell","Cloak And Dagger","Dodge and Roll","Well Laid Plans","PiercingWail+1","Envenom","Backstab+1","Blade Dance+1","Deflect+1","After Image+1","Finisher+1","Doubt"],"relics":["Ring of the Snake","Matryoshka","Paper Crane","Molten Egg 2","Calling Bell","Ancient Tea Set","Pantograph","Calipers","Mummified Hand","Ornamental Fan","Juzu Bracelet","Centennial Puzzle","WristBlade","Sundial","Art of War","Bottled Lightning"],"acts_visited":["Exordium","TheCity","TheBeyond"],"potions_floor_usage":[45,45,48,48,50,50,50],"damage_taken":[{"damage":7.0,"enemies":"2 Louse","floor":1.0,"turns":2.0},{"damage":4.0,"enemies":"Cultist","floor":4.0,"turns":3.0},{"damage":10.0,"enemies":"Gremlin Nob","floor":7.0,"turns":3.0},{"damage":0.0,"enemies":"Small Slimes","floor":8.0,"turns":1.0},{"damage":0.0,"enemies":"2 Fungi Beasts","floor":10.0,"turns":2.0},{"damage":3.0,"enemies":"3 Louse","floor":11.0,"turns":2.0},{"damage":0.0,"enemies":"Large Slime","floor":14.0,"turns":4.0},{"damage":21.0,"enemies":"Hexaghost","floor":16.0,"turns":4.0},{"damage":0.0,"enemies":"Chosen","floor":18.0,"turns":4.0},{"damage":20.0,"enemies":"2 Thieves","floor":22.0,"turns":4.0},{"damage":17.0,"enemies":"Slavers","floor":23.0,"turns":6.0},{"damage":12.0,"enemies":"Snake Plant","floor":25.0,"turns":3.0},{"damage":5.0,"enemies":"Snecko","floor":28.0,"turns":4.0},{"damage":17.0,"enemies":"Centurion and Healer","floor":30.0,"turns":4.0},{"damage":17.0,"enemies":"Snake Plant","floor":31.0,"turns":4.0},{"damage":64.0,"enemies":"Collector","floor":33.0,"turns":6.0},{"damage":5.0,"enemies":"3 Shapes","floor":35.0,"turns":4.0},{"damage":21.0,"enemies":"Giant Head","floor":41.0,"turns":8.0},{"damage":4,"enemies":"3 Darklings","floor":45,"turns":3},{"damage":48,"enemies":"Nemesis","floor":46,"turns":7},{"damage":0,"enemies":"Transient","floor":48,"turns":5},{"damage":86,"enemies":"Awakened One","floor":50,"turns":12}],"seed_played":"-8637800493238867896","potions_obtained":[{"floor":1.0,"key":"DuplicationPotion"},{"floor":3.0,"key":"LiquidMemories"},{"floor":3.0,"key":"SneckoOil"},{"floor":16.0,"key":"FearPotion"},{"floor":18.0,"key":"FairyPotion"},{"floor":30.0,"key":"Strength Potion"},{"floor":33.0,"key":"SteroidPotion"},{"floor":35.0,"key":"FearPotion"},{"floor":38.0,"key":"Explosive Potion"},{"floor":45,"key":"EntropicBrew"}],"is_trial":true,"path_per_floor":["M","$","?","M","?","R","E","M","T","M","M","R","?","M","R","B",null,"M","$","?","?","M","E","R","M","T","$","M","?","M","M","R","B",null,"M","?","$","?","$","R","E","R","T","?","M","E","R","M","R","B"],"character_chosen":"THE_SILENT","items_purchased":["Mummified Hand","EssenceOfSteel","Envenom","Finisher+1"],"campfire_rested":3,"item_purchase_floors":[19,19,27,39],"current_hp_per_floor":[63,63,63,59,64,64,54,54,54,54,51,51,51,51,51,30,75,75,75,61,61,41,24,48,36,36,36,31,31,14,24,48,9,80,75,75,75,75,75,75,54,54,54,76,72,24,24,24,46,0,0],"gold":176,"neow_bonus":"","is_daily":false,"chose_seed":false,"campfire_upgraded":6,"win_rate":0.0,"timestamp":1612376538,"path_taken":["M","$","?","?","?","R","E","M","T","M","M","R","?","M","R","BOSS","M","$","?","?","M","E","R","M","T","$","M","?","M","M","R","BOSS","M","?","$","?","$","R","E","R","T","?","M","E","R","M","R","BOSS"],"items_purchased_type":["Relic","Potion","Card","Card"],"build_version":"2020-12-22","purchased_purges":0,"victory":false,"max_hp_per_floor":[70,70,70,70,75,75,75,75,75,75,75,75,75,75,75,75,75,75,75,80,80,80,80,80,80,80,80,80,80,80,80,80,80,80,80,76,76,76,76,76,76,76,76,76,76,76,76,76,76,76,76],"card_choices":[{"not_picked":["Distraction","Tactician"],"picked":"Deadly Poison","floor":0.0},{"not_picked":["Backflip","Sucker Punch"],"picked":"Poisoned Stab","floor":0.0},{"not_picked":["Backflip","Eviscerate"],"picked":"Bane","floor":0.0},{"not_picked":["Poisoned Stab","Slice"],"picked":"Noxious Fumes","floor":0.0},{"not_picked":["Reflex","Backflip"],"picked":"Catalyst","floor":0.0},{"not_picked":["Slice","Setup"],"picked":"Cloak And Dagger","floor":0.0},{"not_picked":["Dagger Throw","Flechettes"],"picked":"Poisoned Stab","floor":0.0},{"not_picked":["Underhanded Strike","Blade Dance"],"picked":"Leg Sweep","floor":0.0},{"not_picked":["Deadly Poison","All Out Attack"],"picked":"Crippling Poison","floor":0.0},{"not_picked":["Sucker Punch","Skewer"],"picked":"Backstab","floor":0.0},{"not_picked":["Outmaneuver","Underhanded Strike"],"picked":"Flying Knee","floor":0.0},{"not_picked":["Endless Agony","Prepared"],"picked":"Quick Slash","floor":0.0},{"not_picked":["Crippling Poison","Dagger Throw"],"picked":"Footwork","floor":0.0},{"not_picked":["Dodge and Roll","Slice"],"picked":"Cloak And Dagger","floor":0.0},{"not_picked":["Bane","Prepared"],"picked":"Footwork","floor":0.0},{"not_picked":["Choke","Dodge and Roll"],"picked":"Backstab","floor":1.0},{"not_picked":["Flying Knee","Setup","Prepared"],"picked":"SKIP","floor":4.0},{"not_picked":["Dagger Throw","Skewer","Endless Agony"],"picked":"SKIP","floor":7.0},{"not_picked":["Reflex","Outmaneuver"],"picked":"Backstab","floor":8.0},{"not_picked":["Backflip","Corpse Explosion"],"picked":"Cloak And Dagger","floor":10.0},{"not_picked":["Heel Hook+1","Caltrops","Backflip"],"picked":"SKIP","floor":11.0},{"not_picked":["Outmaneuver","Bouncing Flask"],"picked":"Deadly Poison","floor":14.0},{"not_picked":["Unload+1","Tools of the Trade"],"picked":"Wraith Form v2","floor":16.0},{"not_picked":["Dagger Spray+1","Underhanded Strike+1"],"picked":"Cloak And Dagger","floor":18.0},{"not_picked":["Skewer+1","Prepared"],"picked":"Dodge and Roll","floor":22.0},{"not_picked":["Blur","Grand Finale+1"],"picked":"Well Laid Plans","floor":23.0},{"not_picked":["Terror","Dagger Spray+1"],"picked":"PiercingWail+1","floor":25.0},{"not_picked":["Deflect","Footwork"],"picked":"Backstab+1","floor":28.0},{"not_picked":["Crippling Poison+1","Backflip+1"],"picked":"Blade Dance","floor":30.0},{"not_picked":["Setup","Flying Knee+1"],"picked":"Deflect+1","floor":31.0},{"not_picked":["Grand Finale+1","Phantasmal Killer"],"picked":"After Image","floor":33.0},{"not_picked":["Choke+1","Underhanded Strike+1","Skewer+1"],"picked":"SKIP","floor":35.0},{"not_picked":["Night Terror","Concentrate","Calculated Gamble"],"picked":"SKIP","floor":41.0},{"not_picked":["Outmaneuver","Acrobatics","Underhanded Strike+1"],"picked":"SKIP","floor":45},{"not_picked":["Grand Finale+1","Cloak And Dagger","Skewer+1"],"picked":"SKIP","floor":46},{"not_picked":["Dagger Spray+1","Deflect+1","Slice+1"],"picked":"SKIP","floor":48}],"player_experience":197911,"relics_obtained":[{"floor":7.0,"key":"Matryoshka"},{"floor":9.0,"key":"Paper Crane"},{"floor":9.0,"key":"Molten Egg 2"},{"floor":17.0,"key":"Ancient Tea Set"},{"floor":17.0,"key":"Pantograph"},{"floor":17.0,"key":"Calipers"},{"floor":23.0,"key":"Ornamental Fan"},{"floor":26.0,"key":"Juzu Bracelet"},{"floor":26.0,"key":"Centennial Puzzle"},{"floor":41.0,"key":"Sundial"},{"floor":43.0,"key":"Art of War"},{"floor":46,"key":"Bottled Lightning"}],"event_choices":[{"damage_healed":0.0,"max_hp_gain":0.0,"max_hp_loss":0.0,"gold_gain":0.0,"event_name":"Lab","player_choice":"Got Potions","floor":3.0,"gold_loss":0.0,"damage_taken":0.0},{"damage_healed":0.0,"max_hp_gain":5.0,"max_hp_loss":0.0,"gold_gain":0.0,"event_name":"Big Fish","player_choice":"Donut","floor":5.0,"gold_loss":0.0,"damage_taken":0.0},{"damage_healed":0.0,"max_hp_gain":0.0,"max_hp_loss":0.0,"gold_gain":71.0,"event_name":"Golden Wing","player_choice":"Gained Gold","floor":13.0,"gold_loss":0.0,"damage_taken":0.0},{"damage_healed":0.0,"max_hp_gain":5.0,"max_hp_loss":0.0,"gold_gain":0.0,"event_name":"Forgotten Altar","player_choice":"Shed Blood","floor":20.0,"gold_loss":0.0,"damage_taken":19.0},{"damage_healed":0.0,"max_hp_gain":0.0,"max_hp_loss":0.0,"gold_gain":0.0,"event_name":"Vampires","player_choice":"Ignored","floor":21.0,"gold_loss":0.0,"damage_taken":0.0},{"damage_healed":0.0,"max_hp_gain":0.0,"max_hp_loss":0.0,"gold_gain":0.0,"event_name":"Masked Bandits","player_choice":"Paid Fearfully","floor":29.0,"gold_loss":17.0,"damage_taken":0.0},{"damage_healed":0.0,"max_hp_gain":0.0,"max_hp_loss":4.0,"gold_gain":0.0,"event_name":"Winding Halls","player_choice":"Max HP","floor":36.0,"gold_loss":0.0,"damage_taken":0.0},{"damage_healed":0.0,"max_hp_gain":0.0,"max_hp_loss":0.0,"gold_gain":0.0,"event_name":"The Woman in Blue","player_choice":"Bought 1 Potion","floor":38.0,"gold_loss":0.0,"damage_taken":0.0},{"damage_healed":22.0,"max_hp_gain":0.0,"max_hp_loss":0.0,"gold_gain":0.0,"event_name":"MindBloom","player_choice":"Heal","floor":44.0,"gold_loss":0.0,"damage_taken":0.0,"cards_obtained":["Doubt"]}],"is_beta":false,"boss_relics":[{"not_picked":["Coffee Dripper","HoveringKite"],"picked":"Calling Bell"},{"not_picked":["Philosopher\u0027s Stone","Tiny House"],"picked":"WristBlade"}],"items_purged_floors":[],"is_endless":true,"potions_floor_spawned":[1,4,11,16,18,30,33,35,41,45],"killed_by":"Awakened One","ascension_level":0}}