{"host":"o3b7ow6d1xe49css","time":1612311170,"event":{"mods":["Act Like it!","Aspiration","BaseMod","Bestiary","Better Altar","Better Match","Better Note","Better Sensory Stone","Better Skull","Better Third Choice","Colored Powertips","Conspire","Energized Spire","Force Act Four","GifTheSpireLib","Halation","Hermit","Hubris","Infinite Spire","Lobotomy","Minty Spire (QoL Compilation)","Quick Restart","Rare Cards Sparkle","Relic Filter Mod","Reliquary","Replay The Spire","Spicy Shops","Spikes Relics","Spire Arcade","StSLib","Stuff the Spire","The Blue Laboratory","Wandering Minibosses"],"gold_per_floor":[110,130,141,141,151,151,151,178,178,24,58,92,124,124,124,225,225,242,255,255,275,275,275,310,343,343,376,9,35,35,35,35,132,132,149,159,159,174,174,174,174,202,502,502,377,408,433,465,465,564,564,564,20,48,48],"floor_reached":56,"language":"ENG","playtime":2871,"items_purged":["Strike_B","Strike_B","Strike_B","Defend_B"],"score":1825,"play_id":"78acd1bc-b1eb-44a6-a7c5-4bb6929b310f","local_time":"20210202151250","daily_mods":["Heirloom","Flight","Elite Swarm"],"is_ascension_mode":true,"campfire_choices":[{"data":"Zap","floor":6,"key":"SMITH"},{"data":"Dualcast","floor":7,"key":"SMITH"},{"floor":15,"key":"REST"},{"floor":23,"key":"REST"},{"floor":30,"key":"REST"},{"data":"Reboot","floor":32,"key":"SMITH"},{"floor":40,"key":"RECALL"},{"floor":41,"key":"REST"},{"floor":44,"key":"REST"},{"floor":49,"key":"REST"},{"data":"Buffer","floor":52,"key":"SMITH"}],"circlet_count":0,"master_deck":["Defend_B","Defend_B","Defend_B","Zap+1","Dualcast+1","Conserve Battery","All For One","Electrodynamics","Core Surge","UniverseFragment","Leap","hubris:Ukulele","Reinforced Body","Biased Cognition","StuffTheSpire:Plugnplay","Reboot+1","Hologram","Skim","Buffer+1","Lockon","Pot Of Greed","Pot Of Greed","Reboot","Apotheosis"],"relics":["Cracked Core","Ring of Chaos","BicycleWheel","CogitoBucket","Boot","Art of War","infinitespire:Satchel","reliquary:RosewoodLute","aspiration:StickyExplosives_weak","reliquary:Firecrackers","Prayer Wheel","Philosopher\u0027s Stone","SkinProphecy","reliquary:TridentHead","The Courier","Girya","reliquary:Conveyor","Blue Doll","reliquary:LoveEmittingDiode","DataDisk","halation:KoshaPiece","StuffTheSpire:Saxophone","Black Star","LuminousBracelet","Potion Belt","reliquary:IridiumChain","hubris:ToyBattleship","hubris:RGBLights","Old Coin","Grinning Jar","ReplayTheSpireMod:Lightbulb","reliquary:BallBearing","Happy Flower","Replay:Kaleidoscope","reliquary:ExpiredCoupon","reliquary:RedCape","Ring of Chaos","aspiration:HummingbirdHeart","Onion Ring","infinitespire:Beetle Shell"],"acts_visited":["Exordium","TheCity","TheBeyond","Exordium","TheEnding"],"potions_floor_usage":[11,13,21,24,25,29,42,46,50,55,55,55,55],"damage_taken":[{"damage":2,"enemies":"2 Louse","floor":1,"turns":2},{"damage":0,"enemies":"Cultist","floor":2,"turns":3},{"damage":7,"enemies":"Jaw Worm","floor":3,"turns":3},{"damage":1,"enemies":"Looter","floor":5,"turns":4},{"damage":9,"enemies":"Lagavulin","floor":8,"turns":8},{"damage":30,"enemies":"Gremlin Nob","floor":11,"turns":4},{"damage":6,"enemies":"Lagavulin","floor":12,"turns":5},{"damage":12,"enemies":"Gremlin Nob","floor":13,"turns":3},{"damage":10,"enemies":"The Guardian","floor":16,"turns":9},{"damage":2,"enemies":"Spheric Guardian","floor":18,"turns":2},{"damage":9,"enemies":"Chosen","floor":19,"turns":3},{"damage":8,"enemies":"Snake Plant","floor":21,"turns":4},{"damage":10,"enemies":"Book of Stabbing","floor":24,"turns":4},{"damage":12,"enemies":"Slavers","floor":25,"turns":3},{"damage":0,"enemies":"conspire:Head Lice","floor":27,"turns":5},{"damage":0,"enemies":"Replay:Snechameleon","floor":29,"turns":3},{"damage":15,"enemies":"conspire:MysteriousRune","floor":33,"turns":6},{"damage":21,"enemies":"3 Shapes","floor":35,"turns":2},{"damage":0,"enemies":"3 Darklings","floor":36,"turns":1},{"damage":0,"enemies":"Sphere and 2 Shapes","floor":38,"turns":1},{"damage":35,"enemies":"R_Hoarder","floor":42,"turns":5},{"damage":11,"enemies":"Reptomancer","floor":46,"turns":4},{"damage":31,"enemies":"Nightmare","floor":47,"turns":5},{"damage":0,"enemies":"Reptomancer","floor":48,"turns":2},{"damage":13,"enemies":"conspire:OrnateMirror","floor":50,"turns":8},{"damage":0,"enemies":"Shield and Spear","floor":54,"turns":2},{"damage":48,"enemies":"The Heart","floor":55,"turns":6}],"seed_played":"-1377310663644167323","potions_obtained":[{"floor":1,"key":"blueLaboratory:BottleOfRum"},{"floor":8,"key":"blueLaboratory:BubblePotion"},{"floor":12,"key":"blueLaboratory:PhilterOfMotion"},{"floor":18,"key":"blueLaboratory:FrostheartPotion"},{"floor":21,"key":"Dexterity Potion"},{"floor":24,"key":"LiquidMemories"},{"floor":38,"key":"blueLaboratory:BottleOfVodka"},{"floor":46,"key":"blueLaboratory:BottleOfRum"},{"floor":47,"key":"blueLaboratory:FrostheartPotion"}],"is_trial":true,"path_per_floor":["M","M","M","?","M","R","R","E","T","$","E","E","E","?","R","B",null,"M","M","?","M","T","R","E","E","T","E","$","E","R","AVR","R","B",null,"M","M","T","M","AVR","R","R","E","T","R","$","E","NM","E","R","B",null,"R","$","E","B",null],"character_chosen":"DEFECT","items_purchased":["infinitespire:Satchel","reliquary:LoveEmittingDiode","DataDisk","StuffTheSpire:Plugnplay","Block Potion","Lockon","Swift Potion","Apotheosis","aspiration:HummingbirdHeart","AttackPotion","blueLaboratory:HorrorPotion"],"campfire_rested":6,"item_purchase_floors":[10,28,28,28,28,45,45,53,53,53,53],"current_hp_per_floor":[73,73,66,66,65,65,65,56,56,56,26,20,8,8,30,20,61,59,46,46,34,34,57,43,27,27,23,23,19,45,45,45,26,73,59,55,55,51,51,51,84,46,46,80,80,67,35,31,67,51,118,118,118,114,87],"gold":48,"neow_bonus":"","is_daily":false,"chose_seed":false,"campfire_upgraded":4,"win_rate":0.0,"timestamp":1612311170,"path_taken":["M","M","M","?","?","R","R","E","T","$","E","E","E","?","R","BOSS","M","?","?","M","?","R","E","E","T","E","$","E","R","AVR","R","BOSS","M","M","?","M","AVR","R","R","E","T","R","$","E","NM","E","R","BOSS","R","$","E","BOSS"],"items_purchased_type":["Relic","Relic","Relic","Card","Potion","Card","Potion","Card","Relic","Potion","Potion"],"build_version":"2020-12-22","purchased_purges":4,"victory":true,"max_hp_per_floor":[75,75,75,75,75,75,75,75,75,75,75,75,75,75,75,75,75,75,77,77,79,79,79,81,83,83,85,85,87,87,87,87,89,89,108,110,110,112,112,112,112,114,114,114,114,116,118,120,120,122,122,122,122,114,116],"card_choices":[{"not_picked":["CrumblingArmor","Wellcheers","SpiderBud"],"picked":"Singing Bowl","floor":1},{"not_picked":["Aggregate","StuffTheSpire:LoadUp"],"picked":"Conserve Battery","floor":1},{"not_picked":["WhitesApple","WallGazer","FairyFestival"],"picked":"Singing Bowl","floor":2},{"not_picked":["Steam","Leap","Conserve Battery"],"picked":"SKIP","floor":2},{"not_picked":["CherryBlossoms","Funeral","SpiderBud"],"picked":"Singing Bowl","floor":3},{"not_picked":["FTL","Sweeping Beam","Force Field"],"picked":"SKIP","floor":3},{"not_picked":["Wellcheers","CherryBlossoms","SpiderBud"],"picked":"Singing Bowl","floor":5},{"not_picked":["StuffTheSpire:LoadUp","Sweeping Beam","Cold Snap"],"picked":"SKIP","floor":5},{"not_picked":["PunishingBird","WallGazer","Mercenary"],"picked":"Singing Bowl","floor":8},{"not_picked":["Creative AI","StuffTheSpire:LaunchingStrike"],"picked":"All For One","floor":8},{"not_picked":["SnowQueen","OldLady","SilentOrchestra"],"picked":"Singing Bowl","floor":11},{"not_picked":["Echo Form","Machine Learning"],"picked":"Electrodynamics","floor":11},{"not_picked":["GalaxyChild","BeautyBeast","WhitesApple"],"picked":"Singing Bowl","floor":12},{"not_picked":["StuffTheSpire:Purify","hubris:DoWhile","All For One"],"picked":"SKIP","floor":12},{"not_picked":["VoidDream","Scarecrow","Wellcheers"],"picked":"Singing Bowl","floor":13},{"not_picked":["Rainbow","Mirror Shield"],"picked":"ReplayTheSpireMod:Fabricate Wheel","floor":13},{"not_picked":["hubris:DoWhile","Mirror Shield"],"picked":"Core Surge","floor":16},{"not_picked":["OSAHOGD","FairyFestival","SpiderBud"],"picked":"Singing Bowl","floor":16},{"not_picked":["WhiteNight","MHz"],"picked":"UniverseFragment","floor":16},{"not_picked":["Sweeping Beam","conspire:Rain"],"picked":"Leap","floor":18},{"not_picked":["MeatLantern","HappyTeddy","Funeral"],"picked":"Singing Bowl","floor":18},{"not_picked":["Coolheaded","Panic Button+1","Stack"],"picked":"SKIP","floor":18},{"not_picked":["Force Field","Go for the Eyes+1"],"picked":"hubris:Ukulele","floor":19},{"not_picked":["SnowQueen","ShyLook","CrumblingArmor"],"picked":"Singing Bowl","floor":19},{"not_picked":["Stack","Conserve Battery","Rebound+1"],"picked":"SKIP","floor":19},{"not_picked":["StuffTheSpire:Coldhearted","Beam Cell"],"picked":"Reinforced Body","floor":21},{"not_picked":["OSAHOGD","LongBird","RedShoes"],"picked":"Singing Bowl","floor":21},{"not_picked":["Go for the Eyes","Machine Learning","Compile Driver"],"picked":"SKIP","floor":21},{"not_picked":["Porccubus","VoidDream","LittlePrince"],"picked":"Singing Bowl","floor":24},{"not_picked":["Multi-Cast","hubris:SpecializedCircuitry"],"picked":"Biased Cognition","floor":24},{"not_picked":["MeatLantern","Wellcheers","SnowQueen"],"picked":"Singing Bowl","floor":25},{"not_picked":["hubris:Prefetch","Meteor Strike","Core Surge"],"picked":"SKIP","floor":25},{"not_picked":["SpiderBud","NakedNest","QueenOfHatred"],"picked":"Singing Bowl","floor":27},{"not_picked":["Creative AI","Core Surge","ReplayTheSpireMod:Omega Cannon"],"picked":"SKIP","floor":27},{"not_picked":["Core Surge","Fission"],"picked":"Reboot","floor":29},{"not_picked":["QueenOfHatred","LaLuna","BigBadWolf"],"picked":"Singing Bowl","floor":29},{"not_picked":["OSAHOGD","CrumblingArmor","Scarecrow"],"picked":"Singing Bowl","floor":33},{"not_picked":["CherryBlossoms","Scarecrow","NakedNest"],"picked":"Singing Bowl","floor":35},{"not_picked":["Leap","BasicCrystalCard+1","Barrage"],"picked":"SKIP","floor":35},{"not_picked":["Barrage","Chaos+1","Scrape"],"picked":"SKIP","floor":35},{"not_picked":["Murderer","Laetitia","SnowQueen"],"picked":"Singing Bowl","floor":36},{"not_picked":["Cold Snap","Streamline+1"],"picked":"Hologram","floor":36},{"not_picked":["Steam","Recycle+1","Gash+1"],"picked":"SKIP","floor":36},{"not_picked":["Panic Button+1","Sunder+1"],"picked":"Skim","floor":38},{"not_picked":["Go for the Eyes","Gash","StuffTheSpire:LoadUp+1"],"picked":"SKIP","floor":38},{"not_picked":["NothingThere","Wellcheers","PunishingBird"],"picked":"Singing Bowl","floor":42},{"not_picked":["Meteor Strike","Biased Cognition"],"picked":"Buffer","floor":42},{"not_picked":["BigBadWolf","GalaxyChild","Laetitia"],"picked":"Singing Bowl","floor":46},{"not_picked":["Fission","Creative AI","Rainbow"],"picked":"SKIP","floor":46},{"not_picked":["Fission","Creative AI","Rainbow"],"picked":"SKIP","floor":46},{"not_picked":["SnowQueen","SilentOrchestra","NothingThere"],"picked":"Singing Bowl","floor":47},{"not_picked":["All For One","hubris:DoWhile","Electrodynamics"],"picked":"SKIP","floor":47},{"not_picked":["LittleHelper","SingingMachine","LittlePrince"],"picked":"Singing Bowl","floor":48},{"not_picked":["All For One","ReplayTheSpireMod:Omega Cannon","Amplify"],"picked":"SKIP","floor":48},{"not_picked":["Hyperbeam","hubris:DoWhile"],"picked":"Reboot","floor":50},{"not_picked":["BigBird","Variant","CENSORED"],"picked":"Singing Bowl","floor":50},{"not_picked":["Creative AI","Mirror Shield","ReplayTheSpireMod:Omega Cannon"],"picked":"SKIP","floor":54},{"not_picked":["Creative AI","Mirror Shield","ReplayTheSpireMod:Omega Cannon"],"picked":"SKIP","floor":54}],"player_experience":1278312,"relics_obtained":[{"floor":8,"key":"Art of War"},{"floor":11,"key":"reliquary:RosewoodLute"},{"floor":12,"key":"aspiration:StickyExplosives_weak"},{"floor":13,"key":"reliquary:Firecrackers"},{"floor":22,"key":"reliquary:TridentHead"},{"floor":24,"key":"The Courier"},{"floor":25,"key":"Girya"},{"floor":26,"key":"reliquary:Conveyor"},{"floor":27,"key":"Blue Doll"},{"floor":29,"key":"halation:KoshaPiece"},{"floor":37,"key":"Potion Belt"},{"floor":42,"key":"hubris:ToyBattleship"},{"floor":42,"key":"hubris:RGBLights"},{"floor":43,"key":"Old Coin"},{"floor":46,"key":"Grinning Jar"},{"floor":46,"key":"ReplayTheSpireMod:Lightbulb"},{"floor":47,"key":"reliquary:BallBearing"},{"floor":47,"key":"Happy Flower"},{"floor":48,"key":"Replay:Kaleidoscope"},{"floor":48,"key":"reliquary:ExpiredCoupon"},{"floor":54,"key":"Onion Ring"},{"floor":54,"key":"infinitespire:Beetle Shell"}],"event_choices":[{"damage_healed":0,"gold_gain":0,"player_choice":"Gave Potion","damage_taken":0,"relics_obtained":["Boot"],"max_hp_gain":0,"max_hp_loss":0,"event_name":"WeMeetAgain","floor":4,"gold_loss":0},{"damage_healed":8,"gold_gain":0,"player_choice":"Leave","damage_taken":0,"max_hp_gain":0,"max_hp_loss":75,"event_name":"betterThird:BetterShining","floor":14,"gold_loss":0},{"cards_removed":["Strike_B"],"damage_healed":0,"gold_gain":0,"player_choice":"Purged","damage_taken":0,"max_hp_gain":0,"max_hp_loss":0,"event_name":"Purifier","floor":20,"gold_loss":0}],"is_beta":false,"boss_relics":[{"not_picked":["StuffTheSpire:RunicHypercube","Cursed Key"],"picked":"Philosopher\u0027s Stone"},{"not_picked":["hubris:Stopwatch","aspiration:BursterCore"],"picked":"Black Star"},{"not_picked":["hubris:CrackedHourglass","conspire:SeveredTorchhead"],"picked":"reliquary:RedCape"}],"items_purged_floors":[31,39,45,53],"is_endless":true,"potions_floor_spawned":[1,8,12,18,21,24,38,46,47],"ascension_level":5}}