{"host":"fwes8e3a36usabj9","time":1612339344,"event":{"mods":["BaseMod","Colored Map","Colored Powertips","Minty Spire (QoL Compilation)"],"gold_per_floor":[110,110,123,123,198,237,258,258,258,38,54,54,88,104,104,227,227,246,270,293,45,68,108,131,151,151,176,176,176,11,31,31,161,161,185,75,75,89,104,138,138,157,181,155,180,239,160,203,203,203],"floor_reached":51,"language":"ENG","playtime":5331,"items_purged":[],"score":1028,"play_id":"8268de73-7b74-469a-97a0-7adf2d7c69df","local_time":"20210203000224","is_ascension_mode":true,"campfire_choices":[{"data":"Chill","floor":8.0,"key":"SMITH"},{"data":"Reboot","floor":15.0,"key":"SMITH"},{"data":"Amplify","floor":28,"key":"SMITH"},{"data":"Seek","floor":32,"key":"SMITH"},{"data":"Steam Power","floor":49,"key":"SMITH"}],"circlet_count":0,"master_deck":["Strike_B","Strike_B","Strike_B","Defend_B","Defend_B","Defend_B","Defend_B","Zap","Dualcast","Leap","Amplify+1","Go for the Eyes","Chill+1","Panache+1","Conserve Battery","Loop+1","Reboot+1","Loop+1","Echo Form+1","Force Field","Steam Power+1","Conserve Battery","Cold Snap","Heatsinks+1","Seek+1","Capacitor+1","Heatsinks+1","Redo+1","Defragment+1","Meteor Strike","Sunder+1","Rip and Tear","Double Energy+1","Heatsinks+1"],"relics":["Cracked Core","NeowsBlessing","Golden Idol","Frozen Egg 2","Meat on the Bone","Mummified Hand","Lantern","Nuclear Battery","Membership Card","Omamori","Symbiotic Virus","Bird Faced Urn","Calipers","Philosopher\u0027s Stone","Akabeko","Centennial Puzzle","CeramicFish","Peace Pipe","Runic Capacitor","Singing Bowl"],"acts_visited":["Exordium","TheCity","TheBeyond"],"potions_floor_usage":[39,40,45,50],"damage_taken":[{"damage":0.0,"enemies":"Jaw Worm","floor":1.0,"turns":1.0},{"damage":0.0,"enemies":"Small Slimes","floor":3.0,"turns":1.0},{"damage":0.0,"enemies":"Gremlin Nob","floor":6.0,"turns":1.0},{"damage":0.0,"enemies":"2 Louse","floor":7.0,"turns":3.0},{"damage":1.0,"enemies":"Gremlin Gang","floor":11.0,"turns":8.0},{"damage":15.0,"enemies":"Lagavulin","floor":13.0,"turns":8.0},{"damage":1.0,"enemies":"Large Slime","floor":14.0,"turns":7.0},{"damage":14.0,"enemies":"Slime Boss","floor":16.0,"turns":11.0},{"damage":19.0,"enemies":"3 Byrds","floor":18.0,"turns":3.0},{"damage":0.0,"enemies":"Chosen","floor":19.0,"turns":6.0},{"damage":26.0,"enemies":"Snake Plant","floor":20.0,"turns":5.0},{"damage":0.0,"enemies":"Snecko","floor":22.0,"turns":5.0},{"damage":19.0,"enemies":"Slavers","floor":23.0,"turns":5.0},{"damage":1,"enemies":"Cultist and Chosen","floor":24,"turns":6},{"damage":0,"enemies":"Centurion and Healer","floor":25,"turns":3},{"damage":0,"enemies":"3 Cultists","floor":27,"turns":3},{"damage":0,"enemies":"Shelled Parasite and Fungi","floor":31,"turns":3},{"damage":0,"enemies":"Champ","floor":33,"turns":6},{"damage":0,"enemies":"3 Darklings","floor":35,"turns":2},{"damage":0,"enemies":"Orb Walker","floor":38,"turns":1},{"damage":5,"enemies":"Writhing Mass","floor":39,"turns":4},{"damage":2,"enemies":"Reptomancer","floor":40,"turns":3},{"damage":10,"enemies":"3 Darklings","floor":42,"turns":3},{"damage":12,"enemies":"Jaw Worm Horde","floor":45,"turns":3},{"damage":30,"enemies":"2 Orb Walkers","floor":46,"turns":4},{"damage":6,"enemies":"Nemesis","floor":48,"turns":3},{"damage":3,"enemies":"Awakened One","floor":50,"turns":8}],"seed_played":"-6695392236919959289","potions_obtained":[{"floor":1.0,"key":"CultistPotion"},{"floor":3.0,"key":"Energy Potion"},{"floor":7.0,"key":"Fire Potion"},{"floor":20.0,"key":"Energy Potion"},{"floor":22.0,"key":"BlessingOfTheForge"},{"floor":25,"key":"SkillPotion"},{"floor":31,"key":"Dexterity Potion"},{"floor":42,"key":"Swift Potion"},{"floor":45,"key":"DuplicationPotion"},{"floor":46,"key":"EssenceOfSteel"}],"is_trial":false,"path_per_floor":["M","?","M","?","?","E","M","R","T","$","M","T","E","M","R","B",null,"M","M","M","$","M","E","M","M","T","M","R","?","$","M","R","B",null,"M","$","?","M","M","E","?","M","T","$","M","?","$","E","R","B",null],"character_chosen":"DEFECT","items_purchased":["Panache+1","Conserve Battery","Membership Card","Omamori","Cold Snap","Calipers","Defragment+1","Rip and Tear","Akabeko","Heatsinks+1","Runic Capacitor"],"campfire_rested":0,"item_purchase_floors":[10,10,21,21,21,30,30,36,36,44,47],"current_hp_per_floor":[68,68,68,61,50,50,50,50,50,50,49,49,46,45,45,43,67,48,48,34,34,46,39,38,38,38,54,54,54,54,68,68,75,75,75,75,75,75,75,75,75,75,75,75,75,63,63,71,71,77],"gold":203,"neow_bonus":"THREE_ENEMY_KILL","is_daily":false,"chose_seed":false,"campfire_upgraded":5,"win_rate":0.0,"timestamp":1612339344,"path_taken":["M","?","M","?","?","E","M","R","T","$","M","?","E","M","R","BOSS","M","?","M","$","M","E","M","M","T","M","R","?","$","M","R","BOSS","M","$","?","?","M","E","?","M","T","?","M","?","$","E","R","BOSS"],"items_purchased_type":["Card","Card","Relic","Relic","Card","Relic","Card","Card","Relic","Card","Relic"],"build_version":"2020-12-22","purchased_purges":0,"victory":true,"max_hp_per_floor":[75,75,75,75,75,75,75,75,75,75,75,75,75,75,75,75,75,75,75,75,75,75,75,75,75,75,75,75,75,75,75,75,75,75,75,75,75,75,75,75,75,75,75,75,75,75,75,77,77,77],"card_choices":[{"not_picked":["Reprogram","Stack"],"picked":"Leap","floor":1.0},{"not_picked":["Turbo","Hello World"],"picked":"Amplify","floor":3.0},{"not_picked":["Stack","Gash"],"picked":"Go for the Eyes","floor":6.0},{"not_picked":["Melter","Double Energy"],"picked":"Chill","floor":7.0},{"not_picked":["Gash","Go for the Eyes"],"picked":"Loop+1","floor":11.0},{"not_picked":["Leap","Double Energy"],"picked":"Reboot","floor":13.0},{"not_picked":["Coolheaded","Doom and Gloom"],"picked":"Loop+1","floor":14.0},{"not_picked":["Meteor Strike","All For One"],"picked":"Echo Form+1","floor":16.0},{"not_picked":["Blizzard","Conserve Battery"],"picked":"Force Field","floor":18.0},{"not_picked":["Rebound+1","Barrage"],"picked":"Steam Power","floor":19.0},{"not_picked":["Darkness+1","Rebound"],"picked":"Conserve Battery","floor":20.0},{"not_picked":["Stack","Redo"],"picked":"Heatsinks+1","floor":22.0},{"not_picked":["Reboot","Chaos"],"picked":"Seek","floor":23.0},{"not_picked":["Streamline","Beam Cell"],"picked":"Capacitor+1","floor":24},{"not_picked":["Hologram","Beam Cell+1"],"picked":"Heatsinks+1","floor":25},{"not_picked":["Capacitor+1","Leap"],"picked":"Redo+1","floor":27},{"not_picked":["Cold Snap","Beam Cell","Recycle"],"picked":"SKIP","floor":31},{"not_picked":["Fission","Seek"],"picked":"Meteor Strike","floor":33},{"not_picked":["Go for the Eyes+1","Undo+1"],"picked":"Sunder+1","floor":35},{"not_picked":["Turbo","Tempest+1","Redo+1"],"picked":"SKIP","floor":38},{"not_picked":["Turbo","Tempest+1","Redo+1"],"picked":"SKIP","floor":38},{"not_picked":["Stack+1","Biased Cognition+1","Gash"],"picked":"SKIP","floor":39},{"not_picked":["Chaos","Beam Cell"],"picked":"Double Energy+1","floor":40},{"not_picked":["Barrage","Steam","Go for the Eyes+1"],"picked":"SKIP","floor":42},{"not_picked":["Conserve Battery","Skim","Rip and Tear"],"picked":"SKIP","floor":45},{"not_picked":["Sweeping Beam","Hello World+1","Turbo+1"],"picked":"Singing Bowl","floor":48}],"player_experience":725628,"relics_obtained":[{"floor":6.0,"key":"Frozen Egg 2"},{"floor":9.0,"key":"Meat on the Bone"},{"floor":12.0,"key":"Mummified Hand"},{"floor":13.0,"key":"Lantern"},{"floor":23.0,"key":"Symbiotic Virus"},{"floor":26,"key":"Bird Faced Urn"},{"floor":40,"key":"Centennial Puzzle"},{"floor":43,"key":"CeramicFish"},{"floor":46,"key":"Peace Pipe"},{"floor":48,"key":"Singing Bowl"}],"event_choices":[{"damage_healed":0.0,"max_hp_gain":0.0,"max_hp_loss":0.0,"gold_gain":0.0,"event_name":"Golden Idol","player_choice":"Take Wound","floor":2.0,"gold_loss":0.0,"damage_taken":0.0,"relics_obtained":["Golden Idol"],"cards_obtained":["Injury"]},{"cards_removed":["Injury"],"damage_healed":0.0,"max_hp_gain":0.0,"max_hp_loss":0.0,"gold_gain":0.0,"event_name":"Golden Wing","player_choice":"Card Removal","floor":4.0,"gold_loss":0.0,"damage_taken":7.0},{"damage_healed":0.0,"max_hp_gain":0.0,"max_hp_loss":0.0,"gold_gain":75.0,"event_name":"World of Goop","player_choice":"Gather Gold","floor":5.0,"gold_loss":0.0,"damage_taken":11.0},{"cards_removed":["Strike_B"],"damage_healed":0,"gold_gain":0,"player_choice":"Offered Basic","damage_taken":0,"max_hp_gain":0,"max_hp_loss":0,"event_name":"Bonfire Elementals","floor":29,"gold_loss":0},{"damage_healed":0,"gold_gain":0,"player_choice":"Ignored","damage_taken":0,"max_hp_gain":0,"max_hp_loss":0,"event_name":"SecretPortal","floor":37,"gold_loss":0},{"damage_healed":0,"gold_gain":0,"player_choice":"Memory 1","damage_taken":0,"max_hp_gain":0,"max_hp_loss":0,"event_name":"SensoryStone","floor":41,"gold_loss":0},{"damage_healed":0,"gold_gain":0,"player_choice":"Fight","damage_taken":0,"max_hp_gain":0,"max_hp_loss":0,"event_name":"Mysterious Sphere","floor":46,"gold_loss":0}],"is_beta":false,"boss_relics":[{"not_picked":["Coffee Dripper","Inserter"],"picked":"Nuclear Battery"},{"not_picked":["Busted Crown","Runic Pyramid"],"picked":"Philosopher\u0027s Stone"}],"items_purged_floors":[],"is_endless":false,"potions_floor_spawned":[1,3,7,20,22,25,31,38,42,45,46],"ascension_level":6}}