{"host":"kda2p2afd6bvz6qo","time":1612387012,"event":{"mods":["BaseMod","Colored Map","Minty Spire (QoL Compilation)","Relic Stats"],"gold_per_floor":[99,99,99,99,99,99,99,99,99,99,99,99,99,99,99,99,99],"floor_reached":16,"language":"ENG","playtime":564,"items_purged":[],"score":204,"play_id":"75d02e35-a171-4789-a71a-677bd111372a","local_time":"20210203211652","is_ascension_mode":true,"campfire_choices":[{"data":"Noxious Fumes","floor":6,"key":"SMITH"},{"data":"Underhanded Strike","floor":8,"key":"SMITH"},{"floor":15,"key":"REST"}],"circlet_count":0,"master_deck":["AscendersBane","Strike_G","Strike_G","Strike_G","Strike_G","Defend_G","Defend_G","Defend_G","Defend_G","Defend_G","Survivor","Neutralize","Noxious Fumes+1","Accuracy","Quick Slash","Deadly Poison","Underhanded Strike+1","Dagger Throw","Die Die Die"],"relics":["Ectoplasm","Tiny Chest","Blood Vial","Strawberry"],"acts_visited":["Exordium"],"potions_floor_usage":[5,5,15],"damage_taken":[{"damage":0,"enemies":"Cultist","floor":1,"turns":5},{"damage":6,"enemies":"Jaw Worm","floor":2,"turns":5},{"damage":3,"enemies":"2 Louse","floor":3,"turns":4},{"damage":10,"enemies":"Exordium Thugs","floor":5,"turns":5},{"damage":9,"enemies":"Blue Slaver","floor":7,"turns":4},{"damage":26,"enemies":"Lagavulin","floor":10,"turns":6},{"damage":2,"enemies":"2 Fungi Beasts","floor":12,"turns":3},{"damage":46,"enemies":"Slime Boss","floor":16,"turns":5}],"seed_played":"8773260354003855359","potions_obtained":[{"floor":2,"key":"Block Potion"},{"floor":3,"key":"BlessingOfTheForge"},{"floor":12,"key":"Fruit Juice"}],"is_trial":false,"path_per_floor":["M","M","M","?","M","R","M","R","T","E","?","M","?","T","R","B"],"character_chosen":"THE_SILENT","items_purchased":[],"campfire_rested":1,"item_purchase_floors":[],"current_hp_per_floor":[59,53,50,55,45,45,36,36,36,10,10,10,3,10,39,0,0],"gold":99,"neow_bonus":"BOSS_RELIC","is_daily":false,"chose_seed":false,"campfire_upgraded":2,"win_rate":0.0,"timestamp":1612387012,"path_taken":["M","M","?","?","M","R","M","R","T","E","?","?","?","?","R","BOSS"],"items_purchased_type":[],"build_version":"2020-12-22","purchased_purges":0,"victory":false,"max_hp_per_floor":[66,66,66,71,71,71,71,71,71,71,71,71,71,78,83,83,83],"relic_stats":{"Blood Vial":4,"counters":[8,37],"Tiny Chest":1,"Ectoplasm":171,"obtain_stats":[{"Blood Vial":10,"Strawberry":14,"Tiny Chest":9,"Ectoplasm":0,"Ring of the Snake":0},{"Blood Vial":6,"Strawberry":7,"Tiny Chest":5,"Ectoplasm":0,"Ring of the Snake":0},{"Blood Vial":29,"Strawberry":32,"Tiny Chest":23,"Ectoplasm":0,"Ring of the Snake":0}]},"card_choices":[{"not_picked":["Cloak And Dagger","Tactician"],"picked":"Noxious Fumes","floor":1},{"not_picked":["Escape Plan","Flechettes"],"picked":"Accuracy","floor":2},{"not_picked":["Flechettes","Eviscerate"],"picked":"Quick Slash","floor":3},{"not_picked":["Dodge and Roll","Reflex"],"picked":"Deadly Poison","floor":5},{"not_picked":["Underhanded Strike","Setup","Deadly Poison"],"picked":"SKIP","floor":7},{"not_picked":["Setup","Deadly Poison"],"picked":"Underhanded Strike","floor":7},{"not_picked":["Leg Sweep","Dagger Spray"],"picked":"Dagger Throw","floor":10},{"not_picked":["Dagger Spray","Noxious Fumes"],"picked":"Die Die Die","floor":12}],"player_experience":193348,"relics_obtained":[{"floor":9,"key":"Tiny Chest"},{"floor":10,"key":"Blood Vial"},{"floor":14,"key":"Strawberry"}],"event_choices":[{"damage_healed":0,"gold_gain":0,"player_choice":"Donut","damage_taken":0,"max_hp_gain":5,"max_hp_loss":0,"event_name":"Big Fish","floor":4,"gold_loss":0},{"damage_healed":0,"gold_gain":0,"player_choice":"Ignored","damage_taken":0,"max_hp_gain":0,"max_hp_loss":0,"event_name":"Shining Light","floor":11,"gold_loss":0},{"cards_removed":["Strike_G"],"damage_healed":0,"gold_gain":0,"player_choice":"Card Removal","damage_taken":7,"max_hp_gain":0,"max_hp_loss":0,"event_name":"Golden Wing","floor":13,"gold_loss":0}],"is_beta":false,"boss_relics":[],"items_purged_floors":[],"is_endless":false,"potions_floor_spawned":[2,3,12],"killed_by":"Slime Boss","ascension_level":20}}