{"host":"yp2ga117svxnbcen","time":1612338515,"event":{"mods":["Act Like it!","Aspiration","BaseMod","BetterRewards","ChefMod","Colored Map","Conspire","Custom Start","Downfall","Elementarium","Gensokyo","GifTheSpireLib","Gold Saver","GungeonMod","Halation","Hallownest","Hermit","HornydragonMod","Hubris","Menagerie","Minty Spire (QoL Compilation)","Quick Restart","Remove Card Discount Mod","Replay The Spire","Shop Mod","Spicy Shops","StSLib","Stuff the Spire","The Blue Laboratory","The IronCluck","egg","slay the spire mod where everything is the same but ironclad has a cowboy hat","??????REMEMod"],"gold_per_floor":[99,99,99,93,93,118,190,190,190,190,207,207,222,241,256,354,354,54,67,79,95,95,25,25,41,112,212,255,255,270,287,302,400,400,455,466,466,466,466,478,490,520,532,664,691,713,725,853,882,894,906,1034,885,885,885,885],"floor_reached":57,"language":"ENG","playtime":2195,"items_purged":["champ:Defend","champ:Defend","champ:Defend","champ:Defend","champ:Execute","champ:Strike","champ:Strike","champ:Haymaker","champ:BerserkerStyle+1","champ:PreciseThrust"],"score":1384,"play_id":"faeb6fd9-61fc-489a-b979-3ba3d1222ef3","local_time":"20210202234835","is_ascension_mode":true,"campfire_choices":[{"data":"Gensokyo:RainbowDanmaku","floor":1.0,"key":"SMITH"},{"floor":8.0,"key":"RECALL"},{"data":"champ:Duel","floor":10.0,"key":"SMITH"},{"data":"champ:Taunt","floor":18.0,"key":"PURGE"},{"data":"Apotheosis","floor":40.0,"key":"SMITH"},{"data":"expansioncontent:InvincibleStrength","floor":43.0,"key":"SMITH"},{"floor":54.0,"key":"REST"}],"circlet_count":0,"master_deck":["champ:Strike","champ:Strike","Gensokyo:RainbowDanmaku+1","champ:Duel+1","champ:PerfectedStrike","champ:EnragedBash","champ:SteelEdge","REME_TwoStrings","Dark Shackles+1","Secret Weapon","champ:HoldFirm","Apotheosis+1","Secret Weapon","DemoMod:Invincible","champ:SwordThrow","Deep Breath","expansioncontent:InvincibleStrength+1","Enlightenment+1","Pot Of Greed","Pot Of Greed","champ:Duel","Pot Of Greed","REME_MawOfCthun","REME_WheelOfFate","DemoMod:Spice+1"],"relics":["StuffTheSpire:OccultApparatus","REME_ComplimentaryCards","downfall:HeartsMalice","Ring of Misfortune","Ring of Hypnosis","StuffTheSpire:Rhapsscallions","hubris:Towel","REME_LowDesire","StuffTheSpire:TintedRock","Art of War","downfall:HeartBlessingRed","downfall:HeartBlessingGreen","downfall:HeartBlessingBlue","hubris:Icosahedron","DemoMod:MeltedRock","MoneyPower","ReplayTheSpireMod:TigerMarble","DemoMod:RiddleOfLead","halation:PapillonHeart","MawBank","Replay:Bottled Flurry","Grinning Jar","DemoMod:ChaffGrenade","hubris:PeanutButter"],"acts_visited":["Exordium","TheCity","TheBeyond","TheEnding"],"potions_floor_usage":[56,56,56],"damage_taken":[{"damage":0.0,"enemies":"Cultist","floor":2.0,"turns":1.0},{"damage":0.0,"enemies":"2 Louse","floor":3.0,"turns":1.0},{"damage":0.0,"enemies":"downfall:FleeingMerchant","floor":4.0,"turns":1.0},{"damage":0.0,"enemies":"Lagavulin","floor":6.0,"turns":1.0},{"damage":7.0,"enemies":"Small Slimes","floor":11.0,"turns":3.0},{"damage":5.0,"enemies":"Blue Slaver","floor":13.0,"turns":3.0},{"damage":2.0,"enemies":"3 Louse","floor":14.0,"turns":3.0},{"damage":10.0,"enemies":"Exordium Thugs","floor":15.0,"turns":2.0},{"damage":17.0,"enemies":"IC_STATUS_ARCHETYPE","floor":16.0,"turns":3.0},{"damage":0.0,"enemies":"Spheric Guardian","floor":19.0,"turns":1.0},{"damage":15.0,"enemies":"3 Byrds","floor":20.0,"turns":4.0},{"damage":5.0,"enemies":"Snecko","floor":21.0,"turns":2.0},{"damage":15.0,"enemies":"downfall:FleeingMerchant","floor":23.0,"turns":4.0},{"damage":32.0,"enemies":"Snake Plant","floor":25.0,"turns":3.0},{"damage":14.0,"enemies":"downfall:FleeingMerchant","floor":26.0,"turns":2.0},{"damage":0.0,"enemies":"Gremlin Leader","floor":27.0,"turns":2.0},{"damage":0.0,"enemies":"Sentry and Sphere","floor":28.0,"turns":3.0},{"damage":5.0,"enemies":"Centurion and Healer","floor":30.0,"turns":3.0},{"damage":0.0,"enemies":"conspire:HollyBat","floor":31.0,"turns":4.0},{"damage":0.0,"enemies":"Snake Plant","floor":32.0,"turns":1.0},{"damage":45.0,"enemies":"SI_MIRROR_ARCHETYPE","floor":33.0,"turns":7.0},{"damage":0.0,"enemies":"3 Shapes","floor":36.0,"turns":2.0},{"damage":10.0,"enemies":"Orb Walker","floor":42.0,"turns":3.0},{"damage":7.0,"enemies":"Reptomancer","floor":44.0,"turns":2.0},{"damage":0.0,"enemies":"Spire Growth","floor":45.0,"turns":3.0},{"damage":11.0,"enemies":"Sphere and 2 Shapes","floor":46.0,"turns":3.0},{"damage":5.0,"enemies":"Giant Head","floor":48.0,"turns":4.0},{"damage":0.0,"enemies":"Jaw Worm Horde","floor":49.0,"turns":1.0},{"damage":57.0,"enemies":"DF_ARCHETYPE_ORBS","floor":50.0,"turns":8.0},{"damage":76.0,"enemies":"downfall:CharBossMerchant","floor":52.0,"turns":9.0},{"damage":85.0,"enemies":"downfall:NeowBoss","floor":55.0,"turns":16.0},{"damage":15,"enemies":"downfall:NeowBossFinal","floor":56,"turns":11}],"seed_played":"-4514860665754909830","potions_obtained":[{"floor":11.0,"key":"blueLaboratory:BottleOfVodka"},{"floor":14.0,"key":"FearPotion"},{"floor":15.0,"key":"champ:OpenerPotion"},{"floor":16.0,"key":"SkillPotion"},{"floor":19.0,"key":"AttackPotion"},{"floor":27.0,"key":"REME_GoldPotion"},{"floor":32.0,"key":"blueLaboratory:HorrorPotion"},{"floor":33.0,"key":"blueLaboratory:SavagePotion"}],"is_trial":false,"path_per_floor":["R","M","M","$","?","E","T","R","?","R","M","?","M","M","M","B",null,"R_BF","M","M","M","?","$","T","M","$","E","M","?","M","M","M","B",null,"R_BF","M","?","?","T","R","T","M","R","E","M","M","?","E","M","B",null,"E","$","R","B","B",null],"character_chosen":"THE_CHAMP","items_purchased":["Adrenaline Potion","MoneyPower","bronze:BurnAndBuffPotion","Ancient Potion"],"campfire_rested":1,"item_purchase_floors":[23,26,53,53],"current_hp_per_floor":[90,90,90,90,90,96,96,96,96,96,89,89,84,82,72,60,96,106,106,101,101,101,86,86,59,59,59,59,59,54,54,54,24,116,116,116,116,110,110,110,110,100,100,101,101,90,90,90,90,38,109,63,63,95,30,25],"gold":885,"neow_bonus":"THREE_ENEMY_KILL","is_daily":false,"chose_seed":false,"campfire_upgraded":4,"win_rate":0.0,"timestamp":1612338515,"path_taken":["R","M","M","$","?","E","T","R","?","R","M","?","?","M","M","BOSS","R_BF","M","M","M","?","$","T","M","$","E","M","?","?","M","M","BOSS","R_BF","M","?","?","?","R","T","M","R","E","M","?","?","E","M","BOSS","E","$","R","BOSS","BOSS"],"items_purchased_type":["Potion","Relic","Potion","Potion"],"build_version":"2020-12-22","purchased_purges":10,"victory":true,"max_hp_per_floor":[90,90,90,90,90,96,96,96,96,96,96,96,96,96,96,96,96,106,106,106,106,106,106,106,106,106,106,106,106,106,106,106,106,116,116,116,116,110,110,110,110,110,110,111,111,111,111,111,111,109,109,107,107,107,103,101],"card_choices":[{"not_picked":["champ:SkillfulDodge","champ:RapidStrikes"],"picked":"champ:Haymaker","floor":2.0},{"not_picked":["champ:TornadoPunch","champ:ShieldSigil","champ:DefensiveShout"],"picked":"SKIP","floor":3.0},{"not_picked":["champ:Shatter","champ:TornadoPunch"],"picked":"champ:Duel","floor":4.0},{"not_picked":["champ:StanceDance","champ:RecklessLeap","champ:BringItOn"],"picked":"SKIP","floor":6.0},{"not_picked":["champ:StanceDance","champ:DefensiveShout","champ:CrookedStrike"],"picked":"SKIP","floor":11.0},{"not_picked":["champ:FlashCut","champ:TornadoPunch"],"picked":"champ:PreciseThrust","floor":13.0},{"not_picked":["champ:DeathBlow","champ:IronFortress"],"picked":"champ:PerfectedStrike","floor":14.0},{"not_picked":["champ:RecklessLeap","champ:StanceDance"],"picked":"champ:EnragedBash","floor":15.0},{"not_picked":["champ:CheapShot","champ:Improvising"],"picked":"champ:SteelEdge","floor":16.0},{"not_picked":["champ:CrownThrow+1","champ:AdrenalArmor","champ:PreciseThrust+1","Impatience"],"picked":"SKIP","floor":19.0},{"not_picked":["champ:MurderStrike","champ:RecklessLeap+1","champ:FanOfKnives"],"picked":"REME_TwoStrings","floor":20.0},{"not_picked":["champ:RisingSlash","champ:FocusedBerserking","champ:RapidStrikes+1","Replay:Sssssssssshield"],"picked":"SKIP","floor":21.0},{"not_picked":["champ:CheapShot","champ:StanceDance","champ:AdrenalArmor+1"],"picked":"Dark Shackles+1","floor":23.0},{"not_picked":["champ:StanceDance+1","champ:FanOfKnives+1","Purity"],"picked":"champ:BerserkerStyle+1","floor":25.0},{"not_picked":["champ:BladeFlurry","champ:Encircle","champ:PreemptiveStrike"],"picked":"Secret Weapon","floor":26.0},{"not_picked":["champ:StanceDance","champ:BringItOn","StuffTheSpire:PlasmaPulse"],"picked":"champ:HoldFirm","floor":27.0},{"not_picked":["champ:FanOfKnives","champ:PreemptiveStrike","champ:GladiatorForm","Finesse"],"picked":"SKIP","floor":28.0},{"not_picked":["champ:EndlessRage","champ:ShieldSigil","champ:Endure"],"picked":"Apotheosis","floor":30.0},{"not_picked":["champ:CrookedStrike","champ:BladeFlurry+1","champ:FanOfKnives"],"picked":"Secret Weapon","floor":31.0},{"not_picked":["champ:FlashCut","champ:Haymaker","champ:Shatter+1"],"picked":"DemoMod:Invincible","floor":32.0},{"not_picked":["champ:SteelEdge","champ:EnchantShield","REME_TwoStrings"],"picked":"champ:SwordThrow","floor":33.0},{"not_picked":["champ:Shatter","champ:CrownThrow","champ:RapidStrikes+1"],"picked":"Deep Breath","floor":36.0},{"not_picked":["expansioncontent:Chronoboost","expansioncontent:PolyBeam"],"picked":"expansioncontent:InvincibleStrength","floor":37.0},{"not_picked":["champ:DefensiveShout","champ:Backstep+1","champ:ShieldSlam+1"],"picked":"Enlightenment+1","floor":42.0},{"not_picked":["champ:RecklessLeap","champ:DefensiveStyle+1","Survey Options"],"picked":"champ:Duel","floor":44.0},{"not_picked":["champ:BerserkerStyle+1","champ:BerserkersShout+1","champ:CrownThrow+1","Transmutation"],"picked":"SKIP","floor":45.0},{"not_picked":["champ:FancyFootwork+1","champ:FanOfKnives+1","champ:RapidStrikes"],"picked":"REME_MawOfCthun","floor":46.0},{"not_picked":["champ:BladeFlurry","champ:StrikeOfGenius","champ:EnGarde+1"],"picked":"REME_WheelOfFate","floor":48.0},{"not_picked":["champ:Endure+1","champ:Circumvent","champ:RageSigil"],"picked":"DemoMod:Spice+1","floor":49.0},{"not_picked":["champ:AdrenalArmor+1","champ:StanceDance","champ:DancingMaster","Survey Options"],"picked":"SKIP","floor":52.0}],"player_experience":1170748,"relics_obtained":[{"floor":5.0,"key":"Ring of Misfortune"},{"floor":5.0,"key":"Ring of Hypnosis"},{"floor":6.0,"key":"StuffTheSpire:Rhapsscallions"},{"floor":17.0,"key":"StuffTheSpire:TintedRock"},{"floor":17.0,"key":"Art of War"},{"floor":24.0,"key":"DemoMod:MeltedRock"},{"floor":27.0,"key":"ReplayTheSpireMod:TigerMarble"},{"floor":39.0,"key":"MawBank"},{"floor":41.0,"key":"Replay:Bottled Flurry"},{"floor":44.0,"key":"Grinning Jar"},{"floor":48.0,"key":"DemoMod:ChaffGrenade"},{"floor":52.0,"key":"hubris:PeanutButter"}],"event_choices":[{"damage_healed":0.0,"max_hp_gain":0.0,"max_hp_loss":0.0,"gold_gain":0.0,"event_name":"conspire:Investor","player_choice":"Leave","floor":9.0,"gold_loss":0.0,"damage_taken":0.0},{"damage_healed":0.0,"max_hp_gain":0.0,"max_hp_loss":0.0,"gold_gain":0.0,"event_name":"Ghosts","player_choice":"Ignored","floor":29.0,"gold_loss":0.0,"damage_taken":0.0}],"is_beta":false,"boss_relics":[{"not_picked":["halation:PinkAlligatorPlush","Empty Cage"],"picked":"REME_LowDesire"},{"not_picked":["hubris:HollowSoul","champ:PowerArmor"],"picked":"DemoMod:RiddleOfLead"}],"items_purged_floors":[4,4,4,23,23,53,53,53,53,53],"is_endless":false,"potions_floor_spawned":[11,14,15,16,19,20,27,31,32,33,36,44,45],"ascension_level":1}}