{"host":"yp2ga117svxnbcen","time":1612341335,"event":{"mods":["Act Like it!","Aspiration","BaseMod","BetterRewards","ChefMod","Colored Map","Conspire","Custom Start","Elementarium","Gensokyo","GifTheSpireLib","Gold Saver","GungeonMod","Halation","Hallownest","Hermit","HornydragonMod","Hubris","Menagerie","Minty Spire (QoL Compilation)","Quick Restart","Remove Card Discount Mod","Replay The Spire","Shop Mod","Spicy Shops","StSLib","Stuff the Spire","The Blue Laboratory","The IronCluck","egg","slay the spire mod where everything is the same but ironclad has a cowboy hat","??????REMEMod"],"gold_per_floor":[111,111,111,129,75,75,195,214,294,306,306,24,39,58,58,133,133,145,145,145,161,161,161,265,88,135,239,227,351,368,498,498,572,572,785,785,795,795,1095,1227,1227,1335,1335,1335,1335,1471,1471,1611,1611,1611,1611,1611,1611,1611,3354,3354],"floor_reached":57,"language":"ENG","playtime":1633,"items_purged":["Defend_R","Defend_R","Defend_R","Defend_R","hubris:Sloth","Shame","Strike_R","Strike_R","Strike_R","Strike_R"],"score":3799,"play_id":"657f490b-6c1e-47e4-ad03-d57110a6c832","local_time":"20210203003535","is_ascension_mode":true,"campfire_choices":[{"data":"REME_HeartOfCthun","floor":6.0,"key":"SMITH"},{"floor":15.0,"key":"RECALL"},{"data":"Replay:Many Hands","floor":23.0,"key":"SMITH"},{"data":"Limit Break","floor":32.0,"key":"SMITH"},{"data":"REME_Fury","floor":32.0,"key":"SMITH"},{"data":"Double Tap","floor":44.0,"key":"SMITH"},{"data":"Pot Of Greed","floor":44.0,"key":"SMITH"},{"data":"Pot Of Greed","floor":44.0,"key":"SMITH"},{"data":"ReplayTheSpireMod:Limb From Limb","floor":44.0,"key":"SMITH"},{"floor":53,"key":"REST"}],"circlet_count":0,"master_deck":["AscendersBane","Bash+1","REME_BodyOfCthun+1","REME_Flogging+1","REME_HeartOfCthun+1","ReplayTheSpireMod:Limb From Limb+1","Sword Boomerang+1","Pummel+1","Pummel","Replay:Many Hands+1","Double Tap+1","REME_Fury+1","Limit Break+1","Sever Soul+1","Doubt","Pot Of Greed+1","Pot Of Greed+1"],"relics":["Burning Blood","REME_ComplimentaryCards","DemoMod:MeatBun","StuffTheSpire:TintedRock","DollysMirror","hubris:CrystalStatue","StrikeDummy","PreservedInsect","DemoMod:GlassGuonStoneRelic","hubris:ToyBattleship","hubris:Towel","ReplayTheSpireMod:CursedCoin","halation:TrafficLight","Guide Book","hubris:Backtick","aspiration:Legacy_Headhunter","DemoMod:SevenLeafClover","Brimstone","WingedGreaves","Vajra","REME_HourglassOfDeath","hubris:Potato","halation:PenCase","StuffTheSpire:RunicHypercube","Ring of Peace","Ring of Misfortune","hubris:NiceRug","StuffTheSpire:Gunfinga","Mummified Hand","DemoMod:WhiteGuonStone","Grinning Jar","Toolbox","OrangePellets","Counterbalance","King of Hearts","Replay:Arrowhead","hubris:IronBody","Orichalcum","Smiling Mask","StoneCalendar"],"acts_visited":["Exordium","Gensokyo:Gensokyo","TheBeyond","TheEnding"],"potions_floor_usage":[51,56],"damage_taken":[{"damage":0.0,"enemies":"Gensokyo:3_Fairies","floor":1.0,"turns":2.0},{"damage":0.0,"enemies":"Gensokyo:Python","floor":4.0,"turns":1.0},{"damage":0.0,"enemies":"Gensokyo:Mamizou","floor":7.0,"turns":2.0},{"damage":0.0,"enemies":"Gensokyo:Gryphon","floor":8.0,"turns":1.0},{"damage":0.0,"enemies":"Gensokyo:3_Kodama","floor":10.0,"turns":1.0},{"damage":0.0,"enemies":"Gensokyo:VengefulSpirit","floor":13.0,"turns":1.0},{"damage":0.0,"enemies":"Gensokyo:CorruptedTreant","floor":14.0,"turns":1.0},{"damage":0.0,"enemies":"Gensokyo:Reimu","floor":16.0,"turns":2.0},{"damage":0.0,"enemies":"Gensokyo:CosmicMonolith","floor":18.0,"turns":1.0},{"damage":0.0,"enemies":"Gensokyo:Chomper","floor":21.0,"turns":1.0},{"damage":0.0,"enemies":"Gensokyo:Koishi","floor":24.0,"turns":2.0},{"damage":0.0,"enemies":"Gensokyo:Reisen","floor":27.0,"turns":3.0},{"damage":0.0,"enemies":"Gensokyo:Koishi","floor":29.0,"turns":1.0},{"damage":0.0,"enemies":"Gensokyo:Swordslinger","floor":30.0,"turns":1.0},{"damage":0.0,"enemies":"Gensokyo:Swordslinger","floor":31.0,"turns":2.0},{"damage":0.0,"enemies":"Gensokyo:Eternal_Rivals","floor":33.0,"turns":2.0},{"damage":0.0,"enemies":"3 Shapes","floor":35.0,"turns":1.0},{"damage":0.0,"enemies":"3 Darklings","floor":37.0,"turns":1.0},{"damage":0.0,"enemies":"hubris:Merchant","floor":39.0,"turns":2.0},{"damage":0.0,"enemies":"Nemesis","floor":40.0,"turns":1.0},{"damage":0.0,"enemies":"R_Hoarder","floor":42.0,"turns":1.0},{"damage":0.0,"enemies":"Giant Head","floor":46.0,"turns":1.0},{"damage":0.0,"enemies":"Nemesis","floor":48.0,"turns":1.0},{"damage":0.0,"enemies":"Donu and Deca","floor":50.0,"turns":1.0},{"damage":0,"enemies":"conspire:OrnateMirror","floor":51,"turns":1},{"damage":0,"enemies":"Shield and Spear","floor":55,"turns":3},{"damage":1,"enemies":"The Heart","floor":56,"turns":4}],"seed_played":"562800854672650125","potions_obtained":[{"floor":8.0,"key":"Energy Potion"},{"floor":10.0,"key":"blueLaboratory:ConflagurationPotion"},{"floor":24.0,"key":"blueLaboratory:TrueEctoplasm"},{"floor":27.0,"key":"REME_GoldPotion"},{"floor":39.0,"key":"SteroidPotion"}],"is_trial":false,"path_per_floor":["M","?","?","M","$","R","E","M","T","M","?","COS","M","M","R","B",null,"M","?","?","M","?","R","E","COS","T","E","$","E","M","?","R","B",null,"M","?","M","?","$","E","R","E","T","R","?","E","R","E","R","B","B",null,"R","$","E","B",null],"character_chosen":"IRONCLAD","items_purchased":["DemoMod:MeatBun","StuffTheSpire:TintedRock","REME_BodyOfCthun","REME_Flogging","DollysMirror","REME_HeartOfCthun","hubris:CrystalStatue","StrikeDummy","PreservedInsect","ReplayTheSpireMod:Limb From Limb","Pummel"],"campfire_rested":1,"item_purchase_floors":[0,0,0,0,0,0,0,0,0,0,5],"current_hp_per_floor":[75,75,75,75,75,75,75,75,75,75,75,75,75,75,75,75,75,75,75,75,75,75,75,75,75,75,75,75,75,75,75,75,75,75,75,75,75,75,75,75,75,75,75,75,75,75,75,75,75,75,75,75,75,75,75,75],"gold":3354,"neow_bonus":"","is_daily":false,"chose_seed":false,"campfire_upgraded":8,"win_rate":0.0,"timestamp":1612341335,"path_taken":["M","?","?","M","$","R","E","M","T","M","?","COS","M","M","R","BOSS","M","?","?","?","?","R","E","COS","T","E","?","E","?","?","R","BOSS","M","?","?","?","$","E","R","E","T","R","?","E","R","E","R","BOSS","BOSS","R","$","E","BOSS"],"items_purchased_type":["Relic","Relic","Card","Card","Relic","Card","Relic","Relic","Relic","Card","Card"],"build_version":"2020-12-22","purchased_purges":10,"victory":true,"max_hp_per_floor":[75,75,75,75,75,75,75,75,75,75,75,75,75,75,75,75,75,75,75,75,75,75,75,75,75,75,75,75,75,75,75,75,75,75,75,75,75,75,75,75,75,75,75,75,75,75,75,75,75,75,75,75,75,75,75,75],"card_choices":[{"not_picked":["REME_FearOfPain","Havoc","Battle Trance"],"picked":"SKIP","floor":1.0},{"not_picked":["Dropkick","Clash","Flex"],"picked":"SKIP","floor":4.0},{"not_picked":["Perfected Strike","Warcry","Run Through"],"picked":"SKIP","floor":7.0},{"not_picked":["Body Slam","StuffTheSpire:Pyroclast","hubris:ReadiedAction"],"picked":"SKIP","floor":8.0},{"not_picked":["Body Slam","Shockwave","REME_SingleHolding"],"picked":"SKIP","floor":10.0},{"not_picked":["Armaments","Anger","Body Slam"],"picked":"SKIP","floor":13.0},{"not_picked":["Sever Soul","Sword Boomerang","Pommel Strike"],"picked":"SKIP","floor":14.0},{"not_picked":["Bludgeon","Double Tap"],"picked":"Replay:Many Hands","floor":16.0},{"not_picked":["Wild Strike","True Grit","Rupture"],"picked":"SKIP","floor":18.0},{"not_picked":["Fire Breathing","Infernal Blade","Immolate"],"picked":"SKIP","floor":21.0},{"not_picked":["Perfected Strike","Armaments","Feel No Pain+1"],"picked":"SKIP","floor":24.0},{"not_picked":["Reaper","Exhume"],"picked":"REME_Fury","floor":26.0},{"not_picked":["Reckless Charge","Disarm","Perfected Strike"],"picked":"SKIP","floor":27.0},{"not_picked":["Body Slam","Wild Strike","DemoMod:BlackBlade+1"],"picked":"SKIP","floor":29.0},{"not_picked":["Iron Wave","Havoc"],"picked":"Limit Break","floor":30.0},{"not_picked":["Shrug It Off","Warcry"],"picked":"Sever Soul+1","floor":35.0},{"not_picked":["Cleave","Anger","Armaments"],"picked":"SKIP","floor":37.0},{"not_picked":["StuffTheSpire:Incineration"],"picked":"SKIP","floor":39.0},{"not_picked":["Perfected Strike"],"picked":"SKIP","floor":39.0},{"not_picked":["Flex"],"picked":"SKIP","floor":39.0},{"not_picked":["Entrench"],"picked":"SKIP","floor":39.0},{"not_picked":["REME_Cut"],"picked":"SKIP","floor":39.0},{"not_picked":["ReplayTheSpireMod:Uncanny Aura"],"picked":"SKIP","floor":39.0},{"not_picked":["Apotheosis"],"picked":"SKIP","floor":39.0},{"not_picked":["Wild Strike","REME_FearOfPain+1","Rupture"],"picked":"SKIP","floor":40.0},{"not_picked":["Wild Strike","Immolate","Sever Soul"],"picked":"SKIP","floor":42.0},{"not_picked":["StuffTheSpire:TitanForm","Bludgeon","Feed"],"picked":"SKIP","floor":43.0},{"not_picked":["Replay:Undeath\u0027s Touch","Armaments","Run Through"],"picked":"SKIP","floor":46.0},{"not_picked":["Brutality","Rupture+1","Perfected Strike"],"picked":"SKIP","floor":48.0},{"not_picked":["ReplayTheSpireMod:Strike From Hell","Havoc","Shrug It Off+1"],"picked":"SKIP","floor":55}],"player_experience":1099231,"relics_obtained":[{"floor":7.0,"key":"hubris:ToyBattleship"},{"floor":24.0,"key":"DemoMod:SevenLeafClover"},{"floor":26.0,"key":"WingedGreaves"},{"floor":27.0,"key":"Vajra"},{"floor":29.0,"key":"REME_HourglassOfDeath"},{"floor":31.0,"key":"hubris:Potato"},{"floor":31.0,"key":"halation:PenCase"},{"floor":38.0,"key":"Ring of Peace"},{"floor":38.0,"key":"Ring of Misfortune"},{"floor":39.0,"key":"StuffTheSpire:Gunfinga"},{"floor":39.0,"key":"Mummified Hand"},{"floor":39.0,"key":"DemoMod:WhiteGuonStone"},{"floor":39.0,"key":"Grinning Jar"},{"floor":39.0,"key":"Toolbox"},{"floor":39.0,"key":"OrangePellets"},{"floor":40.0,"key":"Counterbalance"},{"floor":42.0,"key":"King of Hearts"},{"floor":43.0,"key":"Replay:Arrowhead"},{"floor":43.0,"key":"hubris:IronBody"},{"floor":46.0,"key":"Orichalcum"},{"floor":48.0,"key":"Smiling Mask"},{"floor":55,"key":"StoneCalendar"}],"event_choices":[{"damage_healed":0.0,"max_hp_gain":0.0,"max_hp_loss":0.0,"gold_gain":0.0,"event_name":"Match and Keep!","player_choice":"0 cards matched","floor":36.0,"gold_loss":0.0,"damage_taken":0.0,"cards_obtained":[]},{"cards_removed":["Strike_R"],"damage_healed":0.0,"max_hp_gain":0.0,"max_hp_loss":0.0,"gold_gain":0.0,"event_name":"Purifier","player_choice":"Purged","floor":45.0,"gold_loss":0.0,"damage_taken":0.0}],"is_beta":false,"boss_relics":[{"not_picked":["DemoMod:WaxWing","hubris:ScarierMask"],"picked":"hubris:Backtick"},{"not_picked":["Philosopher\u0027s Stone","Busted Crown"],"picked":"StuffTheSpire:RunicHypercube"}],"items_purged_floors":[0,0,0,0,28,28,28,28,28,28],"is_endless":false,"potions_floor_spawned":[4,7,8,10,14,24,27,30,31,37,40,42,48],"ascension_level":20}}