{"host":"msmkw03x1o7nq45i","time":1612341374,"event":{"mods":["AchievementEnabler","BaseMod","Bestiary","Colored Powertips","GifTheSpireLib","Highlight Path","Minty Spire (QoL Compilation)","Random Character Button","StSLib","everything is the same but u backflip on backflip"],"gold_per_floor":[115,17,17,31,31,65,65,90,137,150,150,160,160,174,174,251,251,263,263,280,105,118,118,144,144,169,182,182,132,150,169,169,248,248,261,261,279,2,20,20,71,99,126,145,160,160,160,187,187,187,187,187,61,88,88],"floor_reached":56,"language":"ENG","playtime":4388,"items_purged":["Strike_B"],"score":2046,"play_id":"6c73c243-0191-41cb-a914-97ccd2212b63","local_time":"20210203103614","is_ascension_mode":true,"campfire_choices":[{"data":"Melter","floor":7,"key":"SMITH"},{"data":"Chaos","floor":11,"key":"SMITH"},{"data":"Core Surge","floor":13,"key":"SMITH"},{"data":"Sweeping Beam","floor":15,"key":"SMITH"},{"floor":23,"key":"REST"},{"data":"Biased Cognition","floor":25,"key":"SMITH"},{"floor":32,"key":"REST"},{"data":"Hologram","floor":40,"key":"SMITH"},{"floor":46,"key":"RECALL"},{"data":"Biased Cognition","floor":49,"key":"SMITH"},{"data":"Coolheaded","floor":52,"key":"SMITH"}],"circlet_count":0,"master_deck":["AscendersBane","Strike_B+1","Strike_B+1","Strike_B+1","Defend_B+1","Defend_B+1","Defend_B+1","Defend_B+1","Zap","Dualcast","Coolheaded+1","Melter+1","Chaos+1","Core Surge+1","Coolheaded+1","Sweeping Beam+1","Creative AI","Cold Snap+1","Biased Cognition+1","Glacier","Echo Form","Sunder","Compile Driver","Hologram+1","Seek","All For One","Static Discharge+1","Recycle+1","Biased Cognition+1","Recycle+1"],"relics":["Cracked Core","NeowsBlessing","StoneCalendar","Sundial","Matryoshka","Bag of Preparation","Bronze Scales","Snecko Eye","Toy Ornithopter","Potion Belt","Anchor","Inserter","Ice Cream","HornCleat","Thread and Needle","Mercury Hourglass","Nunchaku","Vajra","Mango"],"acts_visited":["Exordium","TheCity","TheBeyond","TheEnding"],"potions_floor_usage":[8,14,16,22,24,31,41,41,42,50,54,54,54,55,55],"damage_taken":[{"damage":0,"enemies":"Cultist","floor":1,"turns":1},{"damage":0,"enemies":"2 Louse","floor":4,"turns":1},{"damage":0,"enemies":"Lagavulin","floor":6,"turns":1},{"damage":17,"enemies":"3 Sentries","floor":8,"turns":7},{"damage":5,"enemies":"Jaw Worm","floor":10,"turns":3},{"damage":0,"enemies":"Blue Slaver","floor":12,"turns":2},{"damage":2,"enemies":"Exordium Thugs","floor":14,"turns":4},{"damage":10,"enemies":"The Guardian","floor":16,"turns":9},{"damage":5,"enemies":"Chosen","floor":18,"turns":4},{"damage":27,"enemies":"2 Thieves","floor":20,"turns":4},{"damage":19,"enemies":"Snake Plant","floor":22,"turns":4},{"damage":15,"enemies":"Gremlin Leader","floor":24,"turns":6},{"damage":0,"enemies":"Snecko","floor":27,"turns":3},{"damage":23,"enemies":"Centurion and Healer","floor":30,"turns":6},{"damage":3,"enemies":"Shelled Parasite and Fungi","floor":31,"turns":3},{"damage":0,"enemies":"Collector","floor":33,"turns":9},{"damage":0,"enemies":"Orb Walker","floor":35,"turns":3},{"damage":3,"enemies":"3 Darklings","floor":37,"turns":5},{"damage":2,"enemies":"Maw","floor":39,"turns":6},{"damage":29,"enemies":"2 Orb Walkers","floor":41,"turns":7},{"damage":0,"enemies":"Giant Head","floor":42,"turns":8},{"damage":0,"enemies":"4 Shapes","floor":44,"turns":6},{"damage":5,"enemies":"3 Darklings","floor":45,"turns":4},{"damage":5,"enemies":"Reptomancer","floor":48,"turns":5},{"damage":24,"enemies":"Time Eater","floor":50,"turns":10},{"damage":36,"enemies":"Shield and Spear","floor":54,"turns":7},{"damage":33,"enemies":"The Heart","floor":55,"turns":9}],"seed_played":"6891553763343482645","potions_obtained":[{"floor":6,"key":"Fruit Juice"},{"floor":8,"key":"PowerPotion"},{"floor":14,"key":"CultistPotion"},{"floor":24,"key":"Energy Potion"},{"floor":27,"key":"SteroidPotion"},{"floor":30,"key":"SkillPotion"},{"floor":37,"key":"Block Potion"},{"floor":41,"key":"Regen Potion"},{"floor":42,"key":"SneckoOil"},{"floor":45,"key":"Dexterity Potion"},{"floor":54,"key":"SkillPotion"}],"is_trial":false,"path_per_floor":["M","$","T","M","?","E","R","E","T","M","R","M","R","M","R","B",null,"M","?","M","$","M","R","E","R","T","M","?","?","M","M","R","B",null,"M","T","M","$","M","R","?","E","T","M","M","R","?","E","R","B",null,"R","$","E","B",null],"character_chosen":"DEFECT","items_purchased":["Explosive Potion","FearPotion","Explosive Potion","Fire Potion","HornCleat","Hologram","GamblersBrew","Energy Potion"],"campfire_rested":2,"item_purchase_floors":[2,2,21,21,38,38,53,53],"current_hp_per_floor":[64,64,64,64,64,64,64,47,47,42,42,42,42,45,45,35,66,61,61,34,34,20,42,32,32,32,32,32,32,9,11,33,33,65,65,65,62,62,60,60,41,61,61,61,56,56,46,41,41,22,63,63,63,56,33],"gold":88,"neow_bonus":"THREE_ENEMY_KILL","is_daily":false,"chose_seed":false,"campfire_upgraded":8,"win_rate":0.0,"timestamp":1612341374,"path_taken":["M","$","?","M","?","E","R","E","T","M","R","M","R","?","R","BOSS","M","?","?","?","M","R","E","R","T","M","?","?","?","?","R","BOSS","M","?","M","$","M","R","?","E","T","M","M","R","?","E","R","BOSS","R","$","E","BOSS"],"items_purchased_type":["Potion","Potion","Potion","Potion","Relic","Card","Potion","Potion"],"build_version":"2020-12-22","purchased_purges":1,"victory":true,"max_hp_per_floor":[71,71,71,71,71,71,71,71,71,71,71,71,71,76,76,76,76,76,76,76,76,76,76,76,76,76,76,76,76,76,76,76,76,76,76,76,76,76,76,76,76,76,76,76,76,76,76,76,76,76,76,76,76,90,90],"card_choices":[{"not_picked":["Steam","Undo"],"picked":"Coolheaded","floor":1},{"not_picked":["Streamline","Redo","Undo"],"picked":"SKIP","floor":4},{"not_picked":["Stack","Hologram"],"picked":"Melter","floor":6},{"not_picked":["Reprogram","Go for the Eyes"],"picked":"Chaos","floor":8},{"not_picked":["Steam Power","Recycle"],"picked":"Core Surge","floor":10},{"not_picked":["Cold Snap","Rebound"],"picked":"Coolheaded","floor":12},{"not_picked":["Beam Cell","Turbo"],"picked":"Sweeping Beam","floor":14},{"not_picked":["Hyperbeam","Fission"],"picked":"Creative AI","floor":16},{"not_picked":["Stack","Double Energy"],"picked":"Cold Snap+1","floor":18},{"not_picked":["Go for the Eyes","Static Discharge","Rebound"],"picked":"SKIP","floor":20},{"not_picked":["Static Discharge","Chaos","Undo"],"picked":"SKIP","floor":22},{"not_picked":["Doom and Gloom","Creative AI"],"picked":"Biased Cognition","floor":24},{"not_picked":["Stack","Reprogram","Redo+1"],"picked":"SKIP","floor":27},{"not_picked":["Beam Cell","Turbo","Sweeping Beam+1"],"picked":"SKIP","floor":30},{"not_picked":["Cold Snap","Hologram"],"picked":"Glacier","floor":31},{"not_picked":["Fission","Buffer"],"picked":"Echo Form","floor":33},{"not_picked":["Genetic Algorithm","Self Repair"],"picked":"Sunder","floor":35},{"not_picked":["Ball Lightning+1","Redo+1"],"picked":"Compile Driver","floor":37},{"not_picked":["Conserve Battery","Streamline+1","Lockon"],"picked":"SKIP","floor":39},{"not_picked":["Steam","Ball Lightning+1"],"picked":"Seek","floor":41},{"not_picked":["Stack","Auto Shields"],"picked":"All For One","floor":42},{"not_picked":["Rebound","Chill"],"picked":"Static Discharge+1","floor":44},{"not_picked":["Compile Driver","Cold Snap"],"picked":"Recycle+1","floor":45},{"not_picked":["Lockon","Redo"],"picked":"Biased Cognition","floor":48},{"not_picked":["Conserve Battery","Coolheaded"],"picked":"Recycle+1","floor":54}],"player_experience":460968,"relics_obtained":[{"floor":3,"key":"StoneCalendar"},{"floor":6,"key":"Sundial"},{"floor":8,"key":"Matryoshka"},{"floor":9,"key":"Bag of Preparation"},{"floor":9,"key":"Bronze Scales"},{"floor":24,"key":"Potion Belt"},{"floor":26,"key":"Anchor"},{"floor":36,"key":"Ice Cream"},{"floor":41,"key":"Thread and Needle"},{"floor":42,"key":"Mercury Hourglass"},{"floor":43,"key":"Nunchaku"},{"floor":48,"key":"Vajra"},{"floor":54,"key":"Mango"}],"event_choices":[{"damage_healed":0,"gold_gain":0,"player_choice":"Upgraded","damage_taken":0,"max_hp_gain":0,"max_hp_loss":0,"event_name":"Upgrade Shrine","floor":5,"gold_loss":0,"cards_upgraded":["Coolheaded"]},{"damage_healed":0,"gold_gain":0,"player_choice":"Gave Potion","damage_taken":0,"relics_obtained":["Toy Ornithopter"],"max_hp_gain":0,"max_hp_loss":0,"event_name":"WeMeetAgain","floor":19,"gold_loss":0},{"damage_healed":0,"gold_gain":0,"player_choice":"Simplicity","damage_taken":0,"max_hp_gain":0,"max_hp_loss":0,"event_name":"Back to Basics","floor":28,"gold_loss":0,"cards_upgraded":["Strike_B","Strike_B","Strike_B","Defend_B","Defend_B","Defend_B","Defend_B"]},{"damage_healed":0,"gold_gain":0,"player_choice":"Bet on Murderer","damage_taken":0,"max_hp_gain":0,"max_hp_loss":0,"event_name":"The Joust","floor":29,"gold_loss":50},{"damage_healed":0,"gold_gain":0,"player_choice":"Fight","damage_taken":0,"max_hp_gain":0,"max_hp_loss":0,"event_name":"Mysterious Sphere","floor":41,"gold_loss":0},{"damage_healed":0,"gold_gain":0,"player_choice":"Memory 3","damage_taken":10,"max_hp_gain":0,"max_hp_loss":0,"event_name":"SensoryStone","floor":47,"gold_loss":0}],"is_beta":false,"boss_relics":[{"not_picked":["Cursed Key","Sozu"],"picked":"Snecko Eye"},{"not_picked":["Black Star","Runic Dome"],"picked":"Inserter"}],"items_purged_floors":[21],"is_endless":false,"potions_floor_spawned":[6,8,14,24,27,30,37,41,42,45,54],"ascension_level":15}}