{"host":"tpbmol9dayg75a5s","time":1612310625,"event":{"mods":["BaseMod","Bestiary","Block Reminder","Colored Powertips","Dark Map","Downfall","Minty Spire (QoL Compilation)","Relic Stats","Spire Arcade","StSLib"],"gold_per_floor":[99,113,113,125,144,44,97,117,137,130,149,171,171,196,210,315,315,215,235,235,11,34,47,47,76,76,110,129,162,62,62,73,176,176,176,193,193,217,241,241,241,241,112,141,141,168,168,196,217,217,217,242,0,0,0,0],"floor_reached":57,"language":"ENG","playtime":12432,"items_purged":["Writhe","hexamod:SecondSeal"],"score":2114,"play_id":"e42c7101-8424-477f-b742-09925249fbf8","local_time":"20210202210344","is_ascension_mode":true,"campfire_choices":[{"floor":1,"key":"RECALL"},{"data":"hexamod:Float","floor":6,"key":"SMITH"},{"data":"hexamod:PowerFromBeyond","floor":13,"key":"SMITH"},{"data":"hexamod:GiftsFromTheDead","floor":18,"key":"SMITH"},{"data":"hexamod:PowerFromBeyond","floor":26,"key":"SMITH"},{"data":"hexamod:RecurringNightmare","floor":30,"key":"SMITH"},{"data":"hexamod:TimeOfNeed","floor":35,"key":"SMITH"},{"data":"Finesse","floor":45,"key":"SMITH"},{"floor":47,"key":"REST"},{"data":"hexamod:TimeOfNeed","floor":54,"key":"SMITH"}],"circlet_count":0,"master_deck":["AscendersBane","hexamod:Sear+1","hexamod:Float+1","hexamod:ThirdSeal","hexamod:SpectersWail+1","hexamod:BacktrackSmack+1","CurseOfTheBell","CurseOfTheBell","hexamod:Hexaguard+1","hexamod:Hexaguard+1","hexamod:GhostOfSpirePast+1","hexamod:NightmareGuise+1","hexamod:RetreatToShadows+1","hexamod:GhostLash+1","hexamod:CatchUp+1","hexamod:FirstSeal","hexamod:RecurringNightmare+1","hexamod:NightmareStrike+1","hexamod:PowerFromBeyond+1","hexamod:FlamesFromBeyond+1","hexamod:GiftsFromTheDead+1","hexamod:BacktrackSmack+1","hexamod:GhostOfSpirePast+1","hexamod:UnleashSpirits+1","hexamod:FlamesFromBeyond+1","hexamod:PowerFromBeyond+1","hexamod:GhostLash+1","hexamod:WildfireWeapon+1","hexamod:TimeWarp+1","hexamod:GiftsFromTheDead+1","hexamod:TimeOfNeed+1","hexamod:WildfireWeapon+1","hexamod:GhostOfSpireFuture+1","hexamod:BurningTouch+1","hexamod:Incineration+1","hexamod:Hexaguard+1","hexamod:GhostShield+1","hexamod:ThermalTransfer+1","hexamod:RecurringNightmare+1","Finesse+1","hexamod:SpectralAdrenaline+1","hexamod:RainOfEmbers+1","hexamod:TimeOfNeed+1"],"relics":["hexamod:SpiritBrand","downfall:ExtraCursedBell","Dead Branch","Bag of Marbles","Letter Opener","Omamori","HornCleat","Cursed Key","FaceOfCleric","PreservedInsect","Sundial","Potion Belt","Pandora\u0027s Box","Toy Ornithopter","InkBottle","Molten Egg 2","Sling","hexamod:MatchstickCase","Singing Bowl","Question Card","Ornamental Fan"],"acts_visited":["Exordium","TheCity","TheBeyond","TheEnding"],"potions_floor_usage":[27,38,39,56,56],"damage_taken":[{"damage":0,"enemies":"Small Slimes","floor":2,"turns":3},{"damage":2,"enemies":"Jaw Worm","floor":4,"turns":3},{"damage":6,"enemies":"Cultist","floor":5,"turns":3},{"damage":0,"enemies":"2 Fungi Beasts","floor":8,"turns":2},{"damage":3,"enemies":"Blue Slaver","floor":9,"turns":4},{"damage":0,"enemies":"downfall:FleeingMerchant","floor":10,"turns":4},{"damage":0,"enemies":"3 Louse","floor":11,"turns":3},{"damage":10,"enemies":"Exordium Wildlife","floor":12,"turns":3},{"damage":13,"enemies":"Gremlin Nob","floor":14,"turns":4},{"damage":0,"enemies":"2 Fungi Beasts","floor":15,"turns":2},{"damage":32,"enemies":"DF_ARCHETYPE_STREAMLINE","floor":16,"turns":8},{"damage":9,"enemies":"Shell Parasite","floor":19,"turns":4},{"damage":0,"enemies":"downfall:FleeingMerchant","floor":21,"turns":4},{"damage":4,"enemies":"Chosen","floor":22,"turns":4},{"damage":6,"enemies":"Snake Plant","floor":23,"turns":3},{"damage":8,"enemies":"Gremlin Leader","floor":25,"turns":5},{"damage":0,"enemies":"Slavers","floor":27,"turns":2},{"damage":0,"enemies":"Snecko","floor":28,"turns":4},{"damage":0,"enemies":"Gremlin Leader","floor":29,"turns":3},{"damage":15,"enemies":"Shelled Parasite and Fungi","floor":32,"turns":3},{"damage":25,"enemies":"WA_ARCHETYPE_CALM","floor":33,"turns":9},{"damage":0,"enemies":"3 Darklings","floor":36,"turns":4},{"damage":0,"enemies":"3 Shapes","floor":38,"turns":4},{"damage":19,"enemies":"Transient","floor":39,"turns":5},{"damage":0,"enemies":"downfall:FleeingMerchant","floor":43,"turns":3},{"damage":0,"enemies":"Nemesis","floor":44,"turns":3},{"damage":0,"enemies":"Giant Head","floor":46,"turns":4},{"damage":0,"enemies":"3 Darklings","floor":48,"turns":3},{"damage":14,"enemies":"Writhing Mass","floor":49,"turns":3},{"damage":36,"enemies":"SI_POISON_ARCHETYPE","floor":50,"turns":6},{"damage":3,"enemies":"downfall:CharBossMerchant","floor":52,"turns":5},{"damage":22,"enemies":"downfall:NeowBoss","floor":55,"turns":9},{"damage":6,"enemies":"downfall:NeowBossFinal","floor":56,"turns":6}],"seed_played":"2332137307229419995","potions_obtained":[{"floor":5,"key":"Ancient Potion"},{"floor":9,"key":"Slimebound:ThreeZeroPotion"},{"floor":12,"key":"SpeedPotion"},{"floor":29,"key":"GamblersBrew"},{"floor":33,"key":"Block Potion"},{"floor":36,"key":"Dexterity Potion"},{"floor":39,"key":"Swift Potion"}],"is_trial":false,"path_per_floor":["R","M","?","M","M","R","T","M","M","$","M","M","R","E","M","B",null,"R","M","?","$","M","M","T","E","R","E","M","E","R","?","M","B",null,"R","M","?","M","M","?","T","T","$","E","R","E","R","M","M","B",null,"E","$","R","B","B",null],"character_chosen":"THE_SPIRIT","items_purchased":["hexamod:GhostOfSpirePast","hexamod:UnleashSpirits","Sling","hexamod:MatchstickCase","Finesse","hexamod:TimeOfNeed"],"campfire_rested":1,"item_purchase_floors":[21,21,43,43,43,53],"current_hp_per_floor":[63,63,63,61,55,55,55,55,52,52,59,56,56,50,50,25,59,59,57,57,65,69,64,64,57,57,58,66,67,77,77,70,46,78,78,86,86,91,83,82,82,82,83,86,86,91,91,94,83,48,86,93,93,93,79,84],"gold":0,"neow_bonus":"TRANSFORM_CARD","is_daily":false,"chose_seed":false,"campfire_upgraded":8,"win_rate":0.0,"timestamp":1612310624,"path_taken":["R","M","?","M","M","R","T","M","M","$","M","M","R","E","M","BOSS","R","M","?","$","?","M","T","E","R","E","M","E","R","?","M","BOSS","R","M","?","M","M","?","T","?","?","E","R","E","R","M","M","BOSS","E","$","R","BOSS","BOSS"],"items_purchased_type":["Card","Card","Relic","Relic","Card","Card"],"build_version":"2020-12-22","purchased_purges":2,"victory":true,"max_hp_per_floor":[70,70,70,70,70,70,70,70,70,70,70,70,70,70,70,70,70,70,70,70,71,72,73,73,74,74,75,76,77,87,87,88,89,89,89,90,90,91,92,82,82,82,83,86,86,91,91,94,97,98,98,101,101,101,102,103],"relic_stats":{"Singing Bowl":12,"counters":[33,135],"Dead Branch":[432],"PreservedInsect":386,"Letter Opener":[254],"Cursed Key":3,"Question Card":5,"FaceOfCleric":21,"Sundial":[0],"Ornamental Fan":[32],"Pandora\u0027s Box":["hexamod:TimeOfNeed","hexamod:WildfireWeapon","hexamod:GhostOfSpireFuture","hexamod:BurningTouch","hexamod:Incineration","hexamod:Hexaguard","hexamod:GhostShield"],"obtain_stats":[{"Potion Belt":29,"downfall:HeartBlessingRed":6,"Singing Bowl":44,"Dead Branch":3,"downfall:HeartBlessingGreen":18,"PreservedInsect":25,"Omamori":7,"Letter Opener":3,"Cursed Key":17,"Sling":43,"Question Card":46,"hexamod:MatchstickCase":43,"HornCleat":14,"FaceOfCleric":20,"Sundial":27,"downfall:HeartBlessingBlue":30,"Ornamental Fan":52,"Pandora\u0027s Box":34,"Molten Egg 2":42,"Bag of Marbles":3,"downfall:ExtraCursedBell":3,"hexamod:SpiritBrand":0,"Toy Ornithopter":37,"InkBottle":41},{"Potion Belt":19,"downfall:HeartBlessingRed":3,"Singing Bowl":26,"Dead Branch":1,"downfall:HeartBlessingGreen":11,"PreservedInsect":16,"Omamori":3,"Letter Opener":1,"Cursed Key":11,"Sling":25,"Question Card":27,"hexamod:MatchstickCase":25,"HornCleat":9,"FaceOfCleric":12,"Sundial":17,"downfall:HeartBlessingBlue":19,"Ornamental Fan":31,"Pandora\u0027s Box":21,"Molten Egg 2":24,"Bag of Marbles":1,"downfall:ExtraCursedBell":1,"hexamod:SpiritBrand":0,"Toy Ornithopter":22,"InkBottle":24},{"Potion Belt":68,"downfall:HeartBlessingRed":9,"Singing Bowl":99,"Dead Branch":3,"downfall:HeartBlessingGreen":39,"PreservedInsect":59,"Omamori":9,"Letter Opener":3,"Cursed Key":39,"Sling":96,"Question Card":103,"hexamod:MatchstickCase":96,"HornCleat":29,"FaceOfCleric":43,"Sundial":61,"downfall:HeartBlessingBlue":68,"Ornamental Fan":120,"Pandora\u0027s Box":80,"Molten Egg 2":93,"Bag of Marbles":3,"downfall:ExtraCursedBell":3,"hexamod:SpiritBrand":0,"Toy Ornithopter":84,"InkBottle":93}],"Toy Ornithopter":17,"InkBottle":[32]},"card_choices":[{"not_picked":["hexamod:Rewind","hexamod:NecessarySacrifice"],"picked":"hexamod:SpectersWail","floor":2},{"not_picked":["hexamod:HauntingEcho","hexamod:Rewind"],"picked":"hexamod:BacktrackSmack","floor":2},{"not_picked":["hexamod:FastForward","hexamod:SwordOfDarkness"],"picked":"hexamod:Hexaguard","floor":4},{"not_picked":["hexamod:SuperheatedStrike","hexamod:SwordOfDarkness"],"picked":"hexamod:Hexaguard","floor":4},{"not_picked":["hexamod:SecondSeal","hexamod:NightmareGuise"],"picked":"hexamod:GhostOfSpirePast","floor":5},{"not_picked":["hexamod:Toasty","hexamod:SpectralAdrenaline"],"picked":"hexamod:NightmareGuise","floor":5},{"not_picked":["hexamod:Again","hexamod:FlamesFromBeyond"],"picked":"hexamod:SecondSeal","floor":8},{"not_picked":["hexamod:ShieldOfDarkness","hexamod:GhostLash"],"picked":"hexamod:RetreatToShadows","floor":9},{"not_picked":["hexamod:HauntingEcho","hexamod:HeatCrush"],"picked":"hexamod:GhostLash","floor":9},{"not_picked":["hexamod:PhantomCloak","hexamod:SwordOfDarkness"],"picked":"hexamod:CatchUp","floor":10},{"not_picked":["hexamod:BacktrackSmack","hexamod:RadiantFlame"],"picked":"hexamod:FirstSeal","floor":10},{"not_picked":["hexamod:Firestarter","hexamod:RetreatToShadows"],"picked":"hexamod:RecurringNightmare","floor":11},{"not_picked":["hexamod:SuperheatedStrike","hexamod:FastForward"],"picked":"hexamod:NightmareStrike","floor":11},{"not_picked":["hexamod:PhantomFireball","hexamod:SwordOfDarkness"],"picked":"hexamod:PowerFromBeyond","floor":12},{"not_picked":["hexamod:ParanormalForm","hexamod:GhostLash","hexamod:Again"],"picked":"SKIP","floor":14},{"not_picked":["hexamod:SuperheatedStrike","hexamod:SpectersWail","hexamod:ShieldOfDarkness"],"picked":"SKIP","floor":14},{"not_picked":["hexamod:GhostLash","hexamod:SwordOfDarkness"],"picked":"hexamod:FlamesFromBeyond","floor":15},{"not_picked":["hexamod:ParanormalForm","hexamod:ForkedFlame"],"picked":"hexamod:GiftsFromTheDead","floor":16},{"not_picked":["hexamod:RadiantFlame","hexamod:FastForward","hexamod:HauntingEcho"],"picked":"SKIP","floor":19},{"not_picked":["hexamod:ShieldOfDarkness","hexamod:NightmareGuise+1"],"picked":"hexamod:BacktrackSmack","floor":21},{"not_picked":["hexamod:ExtraCrispy","hexamod:RetreatToShadows","hexamod:HauntingEcho"],"picked":"SKIP","floor":22},{"not_picked":["hexamod:Hexaguard","hexamod:ThermalTransfer"],"picked":"hexamod:FlamesFromBeyond","floor":23},{"not_picked":["hexamod:HeatMetal","hexamod:EmpoweredFlame"],"picked":"hexamod:PowerFromBeyond","floor":25},{"not_picked":["hexamod:GhostOfSpireFuture","hexamod:FlameSwitch"],"picked":"hexamod:GhostLash","floor":27},{"not_picked":["hexamod:Firestarter+1","hexamod:HauntingEcho","hexamod:ShieldOfDarkness"],"picked":"SKIP","floor":28},{"not_picked":["hexamod:FirstSeal","hexamod:ChargedBarrage","hexamod:AdvancingGuard"],"picked":"SKIP","floor":29},{"not_picked":["hexamod:GhostShield+1","hexamod:InspiringFlames"],"picked":"hexamod:TimeWarp","floor":32},{"not_picked":["hexamod:UnleashSpirits","hexamod:TimeWarp"],"picked":"hexamod:GiftsFromTheDead","floor":33},{"not_picked":["hexamod:ShieldOfDarkness","hexamod:HauntingEcho"],"picked":"hexamod:ThermalTransfer+1","floor":36},{"not_picked":["hexamod:StepThrough","hexamod:BacktrackSmack+1","hexamod:Again+1"],"picked":"SKIP","floor":38},{"not_picked":["hexamod:HauntingEcho+1","hexamod:InspiringFlames+1"],"picked":"hexamod:RecurringNightmare","floor":39},{"not_picked":["hexamod:Firestarter","hexamod:VolcanoVisage","hexamod:SecondSeal"],"picked":"SKIP","floor":39},{"not_picked":["hexamod:SpectralSpark","hexamod:Again","hexamod:HeatMetal+1"],"picked":"SKIP","floor":43},{"not_picked":["hexamod:SpectralSpark","hexamod:HexaLevel","hexamod:FastForward"],"picked":"Singing Bowl","floor":44},{"not_picked":["hexamod:HeatCrush+1","hexamod:FourthSeal","hexamod:ShieldOfDarkness"],"picked":"Singing Bowl","floor":46},{"not_picked":["hexamod:SuperheatedStrike+1","hexamod:RetreatToShadows+1","hexamod:HeatMetal+1"],"picked":"Singing Bowl","floor":46},{"not_picked":["hexamod:ThermalTransfer+1","hexamod:HeatMetal+1","hexamod:HeatCrush+1","hexamod:BacktrackSmack+1"],"picked":"Singing Bowl","floor":48},{"not_picked":["hexamod:NightmareStrike+1","hexamod:ThirdSeal","hexamod:ExtraCrispy+1"],"picked":"hexamod:SpectralAdrenaline+1","floor":48},{"not_picked":["hexamod:Hexaguard","hexamod:Incineration+1","hexamod:HeatCrush+1","hexamod:RainOfEmbers+1"],"picked":"Singing Bowl","floor":49},{"not_picked":["hexamod:FlamesFromBeyond","hexamod:ThermalTransfer+1","hexamod:SwordOfDarkness+1"],"picked":"hexamod:RainOfEmbers+1","floor":49},{"not_picked":["hexamod:PhantomCloak","hexamod:FourthSeal","hexamod:FastForward+1","hexamod:ExtraCrispy"],"picked":"Singing Bowl","floor":52}],"player_experience":1083212,"relics_obtained":[{"floor":3,"key":"Dead Branch"},{"floor":3,"key":"Bag of Marbles"},{"floor":3,"key":"Letter Opener"},{"floor":7,"key":"Omamori"},{"floor":14,"key":"HornCleat"},{"floor":25,"key":"PreservedInsect"},{"floor":27,"key":"Sundial"},{"floor":29,"key":"Potion Belt"},{"floor":41,"key":"InkBottle"},{"floor":42,"key":"Molten Egg 2"},{"floor":44,"key":"Singing Bowl"},{"floor":46,"key":"Question Card"},{"floor":52,"key":"Ornamental Fan"}],"event_choices":[{"damage_healed":0,"gold_gain":0,"player_choice":"Trade","damage_taken":0,"relics_obtained":["FaceOfCleric"],"max_hp_gain":0,"max_hp_loss":0,"event_name":"FaceTrader","floor":20,"gold_loss":0},{"damage_healed":0,"gold_gain":0,"player_choice":"Read","damage_taken":0,"max_hp_gain":0,"max_hp_loss":0,"event_name":"The Library","floor":31,"gold_loss":0,"cards_obtained":["hexamod:WildfireWeapon"]}],"is_beta":false,"boss_relics":[{"not_picked":["sneckomod:SneckoTalon","expansioncontent:StudyCardRelic"],"picked":"Cursed Key"},{"not_picked":["Tiny House","Fusion Hammer"],"picked":"Pandora\u0027s Box"}],"items_purged_floors":[43,53],"is_endless":false,"potions_floor_spawned":[5,9,12,14,16,22,23,29,33,36,39],"ascension_level":10}}