{"host":"a5406dzxsi185pm5","time":1612353745,"event":{"mods":["AchievementEnabler","BaseMod","Bestiary","Colored Map","Colored Powertips","Keyboard Shortcuts","Minty Spire (QoL Compilation)"],"gold_per_floor":[117,129,129,129,143,167,167,167,167],"floor_reached":8,"language":"ENG","playtime":549,"items_purged":[],"score":48,"play_id":"fba91a58-a453-47ab-9c03-371094ae03cd","local_time":"20210203070225","is_ascension_mode":false,"campfire_choices":[{"data":"After Image","floor":7,"key":"SMITH"}],"circlet_count":0,"master_deck":["Strike_G","Strike_G","Strike_G","Strike_G","Strike_G","Defend_G","Defend_G","Defend_G","Defend_G","Defend_G","Survivor","Neutralize","Madness","Deadly Poison","Outmaneuver","Quick Slash","After Image+1"],"relics":["Ring of the Snake","Golden Idol"],"acts_visited":["Exordium"],"potions_floor_usage":[6],"damage_taken":[{"damage":4,"enemies":"Jaw Worm","floor":1,"turns":6},{"damage":7,"enemies":"Small Slimes","floor":2,"turns":4},{"damage":2,"enemies":"Cultist","floor":5,"turns":5},{"damage":8,"enemies":"3 Louse","floor":6,"turns":2},{"damage":43,"enemies":"Gremlin Nob","floor":8,"turns":4}],"seed_played":"-846803719166723156","potions_obtained":[{"floor":1,"key":"Swift Potion"},{"floor":5,"key":"Explosive Potion"}],"is_trial":false,"path_per_floor":["M","M","$","?","M","M","R","E"],"character_chosen":"THE_SILENT","items_purchased":[],"campfire_rested":0,"item_purchase_floors":[],"current_hp_per_floor":[66,59,59,42,40,32,32,0,0],"gold":167,"neow_bonus":"RANDOM_COLORLESS","is_daily":false,"chose_seed":false,"campfire_upgraded":1,"win_rate":0.0,"timestamp":1612353745,"path_taken":["M","M","$","?","M","M","R","E"],"items_purchased_type":[],"build_version":"2020-12-22","purchased_purges":0,"victory":false,"max_hp_per_floor":[70,70,70,70,70,70,70,70,70],"card_choices":[{"not_picked":["Finesse","Trip"],"picked":"Madness","floor":0},{"not_picked":["PiercingWail","Calculated Gamble"],"picked":"Deadly Poison","floor":1},{"not_picked":["Calculated Gamble","Deflect"],"picked":"Outmaneuver","floor":2},{"not_picked":["Deflect","Outmaneuver"],"picked":"Quick Slash","floor":5},{"not_picked":["Acrobatics","Endless Agony"],"picked":"After Image","floor":6}],"player_experience":97084,"relics_obtained":[],"event_choices":[{"damage_healed":0,"gold_gain":0,"player_choice":"Take Damage","damage_taken":17,"relics_obtained":["Golden Idol"],"max_hp_gain":0,"max_hp_loss":0,"event_name":"Golden Idol","floor":4,"gold_loss":0}],"is_beta":false,"boss_relics":[],"items_purged_floors":[],"is_endless":false,"potions_floor_spawned":[1,5],"killed_by":"Gremlin Nob","ascension_level":0}}