{"host":"l2kmo5ss1fnqnmvo","time":1612365400,"event":{"mods":["BaseMod","Colored Powertips","Decade(王小明)","Lobotomy","Minty Spire (QoL Compilation)","Reimu（博丽灵梦）","WarShipGirlsR/战舰少女R mod"],"gold_per_floor":[119,137,151,6,22,56,56,70,120,145,156,177,188,213,213,317,317,327,327,287,287,287,287,319,319,346,346,373,0,26,26,26],"floor_reached":31,"language":"ZHS","playtime":2745,"items_purged":["KamenRideRyuki"],"score":404,"play_id":"5e22117f-c976-4258-9983-505ffd57f19c","local_time":"20210204001640","is_ascension_mode":true,"campfire_choices":[{"floor":7.0,"key":"RECALL"},{"floor":15,"key":"REST"},{"floor":23,"key":"REST"},{"data":"DecadeViolentEmotion","floor":25,"key":"SMITH"},{"data":"Kabuto_ClockUp","floor":27,"key":"SMITH"}],"circlet_count":0,"master_deck":["Decade_Attack","Decade_Attack","Decade_Attack","KamenRide","Decade_SpecialSkill","Decade_Defend","Decade_Defend+1","Decade_Defend","Decade_Defend","VoidDream","UnarmedAttack5","Decade_Defend2","Decade_Illusion","UniverseFragment","DecadeViolentEmotion+1","AutoVajin","DragClaw","KamenRideDenO","Dragreder+1","FormRideStorm","Decade_Dash2","UnarmedAttack4+1","Kabuto_ClockUp+1","Hibiki_Attack3+1","WallGazer","DenO_Gun","RideBooker_Skill_1","KamenRideKabuto","CrumblingArmor","Woodsman","UnarmedAttack9+1","NMDAZYYGL","AttackRide+1","FormRide","Decade_Defend2","KamenRideHibiki+1","BigBadWolf","FormRideFlame","Decade_Defend3","KamenRideKuuga+1","Blade_Slash","Hibiki_Attack2+1","Scarecrow"],"relics":["Decadriver","TOEIDeficitBill","CogitoBucket","Toy Ornithopter","Molten Egg 2","Odd Mushroom","Centennial Puzzle","Black Star","Nilry\u0027s Codex","ZunR:ReiMu","Frozen Egg 2","Orichalcum","War Paint","Juzu Bracelet","Letter Opener","TentaclePot:ReiMu","Eternal Feather","Bag of Marbles"],"acts_visited":["Exordium","TheCity"],"potions_floor_usage":[10,12,13,16,28],"damage_taken":[{"damage":1.0,"enemies":"Cultist","floor":1.0,"turns":3.0},{"damage":6.0,"enemies":"Jaw Worm","floor":2.0,"turns":3.0},{"damage":0.0,"enemies":"Small Slimes","floor":3.0,"turns":3.0},{"damage":19.0,"enemies":"3 Louse","floor":5.0,"turns":4.0},{"damage":18.0,"enemies":"3 Sentries","floor":6.0,"turns":9.0},{"damage":42.0,"enemies":"Exordium Thugs","floor":8.0,"turns":9.0},{"damage":3,"enemies":"Gremlin Nob","floor":10,"turns":5},{"damage":9,"enemies":"2 Fungi Beasts","floor":11,"turns":4},{"damage":2,"enemies":"The Mushroom Lair","floor":12,"turns":4},{"damage":14,"enemies":"Blue Slaver","floor":13,"turns":4},{"damage":2,"enemies":"3 Sentries","floor":14,"turns":4},{"damage":44,"enemies":"The Guardian","floor":16,"turns":12},{"damage":65,"enemies":"Spheric Guardian","floor":18,"turns":10},{"damage":23,"enemies":"Shell Parasite","floor":22,"turns":5},{"damage":0,"enemies":"Gremlin Leader","floor":24,"turns":2},{"damage":30,"enemies":"Slavers","floor":28,"turns":4},{"damage":10,"enemies":"Gremlin Leader","floor":30,"turns":7},{"damage":124,"enemies":"Chosen and Byrds","floor":31,"turns":10}],"seed_played":"1452699378802666492","potions_obtained":[{"floor":1.0,"key":"Fire Potion"},{"floor":3.0,"key":"Block Potion"},{"floor":6.0,"key":"LiquidBronze"},{"floor":10,"key":"Fire Potion"},{"floor":12,"key":"BlessingOfTheForge"},{"floor":13,"key":"Fire Potion"},{"floor":24,"key":"SpeedPotion"}],"is_trial":false,"path_per_floor":["M","M","M","$","M","E","R","M","T","E","M","?","M","E","R","B",null,"M","?","?","?","M","R","E","R","T","R","E","$","E","M"],"character_chosen":"Decade","items_purchased":["DecadeViolentEmotion","KamenRideKuuga+1","TentaclePot:ReiMu","Blade_Slash","Hibiki_Attack2+1"],"campfire_rested":2,"item_purchase_floors":[4,29,29,29,29],"current_hp_per_floor":[69,63,70,70,51,61,61,41,41,43,37,40,31,29,50,29,70,20,4,4,27,13,34,46,46,46,46,33,33,68,0,0],"gold":26,"neow_bonus":"","is_daily":false,"chose_seed":false,"campfire_upgraded":2,"win_rate":0.0,"timestamp":1612365400,"path_taken":["M","M","M","?","M","E","R","?","T","E","M","?","M","E","R","BOSS","M","?","?","?","M","R","E","R","T","R","E","$","E","M"],"items_purchased_type":["Card","Card","Relic","Card","Card"],"build_version":"2020-12-22","purchased_purges":1,"victory":false,"max_hp_per_floor":[70,70,70,70,70,70,70,70,70,70,70,70,70,70,70,70,70,70,70,70,70,70,70,70,70,70,70,70,70,70,70,70],"card_choices":[{"not_picked":["CherryBlossoms","PunishingBird","MeatLantern"],"picked":"Singing Bowl","floor":1.0},{"not_picked":["BigBird","MeatLantern"],"picked":"VoidDream","floor":1.0},{"not_picked":["FormRideJack","Decade_Dash2"],"picked":"KamenRideRyuki","floor":1.0},{"not_picked":["FormRideJack","PrometheusPower"],"picked":"UnarmedAttack5","floor":1.0},{"not_picked":["FormRideFlame","UnarmedAttack7"],"picked":"Decade_Defend2","floor":2.0},{"not_picked":["RideBooker_Skill_3","DenO_Rod"],"picked":"Decade_Illusion","floor":2.0},{"not_picked":["HappyTeddy","ShyLook","MHz"],"picked":"Singing Bowl","floor":3.0},{"not_picked":["OldLady","ShyLook"],"picked":"UniverseFragment","floor":3.0},{"not_picked":["Blade_Kick","FormRideDragon","UnarmedAttack6"],"picked":"SKIP","floor":3.0},{"not_picked":["Scorched","PunishingBird","BeautyBeast"],"picked":"Singing Bowl","floor":5.0},{"not_picked":["DecadeViolentEmotion","KamenRideAgito"],"picked":"AutoVajin","floor":5.0},{"not_picked":["UnarmedAttack4","Blade_Slash"],"picked":"DragClaw","floor":5.0},{"not_picked":["FormRideDragon","FormRideStorm"],"picked":"KamenRideDenO","floor":6.0},{"not_picked":["RideBooker_Skill_2","Decade_Illusion"],"picked":"Dragreder","floor":6.0},{"not_picked":["AdjustmentMirrorRelic","BackwardClockRelic","TreeSapRelic"],"picked":"Singing Bowl","floor":8.0},{"not_picked":["Kiva_Bats","UnarmedAttack5"],"picked":"FormRideStorm","floor":8.0},{"not_picked":["UnarmedAttack7","FormRideStorm"],"picked":"Decade_Dash2","floor":8.0},{"not_picked":["HeroicMonk","HappyTeddy","CENSORED"],"picked":"Singing Bowl","floor":10},{"not_picked":["Kuuga_Rising","DenO_Rod"],"picked":"UnarmedAttack4+1","floor":10},{"not_picked":["Blade_Metal","DenO_Rod"],"picked":"Kabuto_ClockUp","floor":10},{"not_picked":["DenO_Ax","FormRideStorm"],"picked":"Hibiki_Attack3+1","floor":11},{"not_picked":["Funeral","MHz"],"picked":"WallGazer","floor":11},{"not_picked":["KamenRideAgito","Dragreder"],"picked":"DenO_Gun","floor":11},{"not_picked":["FairyFestival","Bloodbath","BeautyBeast"],"picked":"Singing Bowl","floor":12},{"not_picked":["KamenRideKiva","Decade_Dash2"],"picked":"RideBooker_Skill_1","floor":12},{"not_picked":["CherryBlossoms","SingingMachine","MeatLantern"],"picked":"Singing Bowl","floor":13},{"not_picked":["KamenRideHibiki","FormRideFlame"],"picked":"KamenRideKabuto","floor":13},{"not_picked":["Bloodbath","SpiderBud","QueenBee"],"picked":"Singing Bowl","floor":14},{"not_picked":["OldLady","CherryBlossoms"],"picked":"CrumblingArmor","floor":14},{"not_picked":["UnarmedAttack5+1","MirrorWorld","RideBooker"],"picked":"SKIP","floor":14},{"not_picked":["DespairKnight","MeatLantern","PunishingBird"],"picked":"Singing Bowl","floor":16},{"not_picked":["QueenBee","LittlePrince"],"picked":"Woodsman","floor":16},{"not_picked":["Kuuga_Rising","Hibiki_FEVER"],"picked":"UnarmedAttack9+1","floor":16},{"not_picked":["Kuuga_Rising","Kabuto_ClockUp"],"picked":"NMDAZYYGL","floor":16},{"not_picked":["Mercenary","RedShoes","Murderer"],"picked":"Singing Bowl","floor":18},{"not_picked":["RideBooker_Skill_1","FormRideDogga+1"],"picked":"AttackRide+1","floor":18},{"not_picked":["PhotonAcceleration","KamenRideFaiz"],"picked":"FormRide","floor":18},{"not_picked":["SilentOrchestra","LongBird","HappyTeddy"],"picked":"Singing Bowl","floor":22},{"not_picked":["FormRidePegasus","FormRideDragon"],"picked":"Decade_Defend2","floor":22},{"not_picked":["DenO_Ax","Decade_Dash1+1","UnarmedAttack1+1"],"picked":"SKIP","floor":22},{"not_picked":["PhotonAcceleration+1","AttackRide+1"],"picked":"KamenRideHibiki+1","floor":24},{"not_picked":["Murderer","MHz","SpiderBud"],"picked":"Singing Bowl","floor":24},{"not_picked":["Kuuga_Rising","AutoVajin","FormRidePegasus"],"picked":"SKIP","floor":24},{"not_picked":["ShyLook","HeroicMonk"],"picked":"BigBadWolf","floor":28},{"not_picked":["Decade_Defend2","Hibiki_Attack1+1"],"picked":"FormRideFlame","floor":28},{"not_picked":["UnarmedAttack6+1","NMDAZYYGL"],"picked":"Decade_Defend3","floor":28},{"not_picked":["MHz","BigBird"],"picked":"Scarecrow","floor":30},{"not_picked":["Kuuga_GouramAttack+1","Hibiki_Attack2+1","RideBooker"],"picked":"SKIP","floor":30},{"not_picked":["Hibiki_Attack1+1","RideBooker_Skill_1","DenO_Ax"],"picked":"SKIP","floor":30}],"player_experience":609517,"relics_obtained":[{"floor":6.0,"key":"Toy Ornithopter"},{"floor":10,"key":"Molten Egg 2"},{"floor":12,"key":"Odd Mushroom"},{"floor":14,"key":"Centennial Puzzle"},{"floor":19,"key":"Nilry\u0027s Codex"},{"floor":24,"key":"Frozen Egg 2"},{"floor":24,"key":"Orichalcum"},{"floor":26,"key":"War Paint"},{"floor":28,"key":"Juzu Bracelet"},{"floor":28,"key":"Letter Opener"},{"floor":30,"key":"Eternal Feather"},{"floor":30,"key":"Bag of Marbles"}],"event_choices":[{"damage_healed":0,"gold_gain":0,"player_choice":"Fought Mushrooms","damage_taken":0,"max_hp_gain":0,"max_hp_loss":0,"event_name":"Mushrooms","floor":12,"gold_loss":0},{"damage_healed":0,"gold_gain":0,"player_choice":"Obtained Book","damage_taken":16,"max_hp_gain":0,"max_hp_loss":0,"event_name":"Cursed Tome","floor":19,"gold_loss":0},{"damage_healed":0,"gold_gain":0,"player_choice":"购买神酒","damage_taken":0,"relics_obtained":["ZunR:ReiMu"],"max_hp_gain":0,"max_hp_loss":0,"event_name":"ZunEvent","floor":20,"gold_loss":40},{"damage_healed":23,"gold_gain":0,"player_choice":"Heal","damage_taken":0,"max_hp_gain":0,"max_hp_loss":0,"event_name":"The Library","floor":21,"gold_loss":0}],"is_beta":false,"boss_relics":[{"not_picked":["Busted Crown","Snecko Eye"],"picked":"Black Star"}],"items_purged_floors":[29],"is_endless":false,"potions_floor_spawned":[1,3,6,10,12,13,24],"killed_by":"Chosen and Byrds","ascension_level":1}}