{"host":"xzikuxjsmf811ki6","time":1612332751,"event":{"mods":["BaseMod","DeckTracker","Hermit","Minty Spire (QoL Compilation)","Quick Restart","Relic Stats","StSLib","The Necromancer","The Servant 0.9.4"],"gold_per_floor":[109,128,128,128,139,139,11,11,34,53,65,79,98,53,53,157,157,172,52,0,0,11,39,55,55,55,55,20,20,40,50,50,149,149,164,9,26,26,26,26,59,59,59,79,93,93,93,113,113,113],"floor_reached":51,"language":"ENG","playtime":2671,"items_purged":["Strike_W"],"score":714,"play_id":"494b6f65-ec8e-4585-a71e-5ec0082092ee","local_time":"20210203011231","is_ascension_mode":false,"campfire_choices":[{"data":"Siphon_Strength","floor":6,"key":"SMITH"},{"data":"Bone_Armor","floor":8,"key":"SMITH"},{"data":"Whirlwind_of_Bones","floor":15,"key":"SMITH"},{"data":"Bone_Armor","floor":25,"key":"SMITH"},{"data":"Summon_Undead","floor":27,"key":"SMITH"},{"data":"Negative_Energy_Mist","floor":29,"key":"SMITH"},{"data":"Negative_Energy_Mist","floor":32,"key":"SMITH"},{"data":"Summon_Vampire_Lady","floor":40,"key":"SMITH"},{"data":"Spectral_Walk","floor":42,"key":"SMITH"},{"floor":49,"key":"REST"}],"circlet_count":0,"master_deck":["Strike_W","Strike_W","Defend_W+1","Defend_W","Defend_W","Defend_W","Negative_Energy_Arrows","Bone_Wall+1","Thousand_Bone_Knives","Siphon_Strength+1","Bone_Armor+1","Bone_Armory","Whirlwind_of_Bones+1","Summon_Undead+1","Spectral_Walk+1","Grasp_Heart","Negative_Energy_Mist+1","Skeleton_Dragon+1","Toxic_Smoke_Screen","Bone_Armor+1","Blood_Is_Power","Bone_Armor+1","Negative_Energy_Javelin+1","Summon_Lich","Negative_Energy_Mist+1","Summon_Vampire_Lady+1","Vampiric_Strike","Toxic_Smoke_Screen+1","Spectral_Walk+1","Slay_Living","Exploit+1","Negative_Energy_Burst+1"],"relics":["Vampire_Amulet","Ancient Tea Set","Blood Vial","Velvet Choker","Regal Pillow","Centennial Puzzle","Runic Pyramid","War Paint","Bottled Flame","TungstenRod","Darkstone Periapt"],"acts_visited":["Exordium","TheCity","TheBeyond"],"potions_floor_usage":[23,33,33,50,50],"damage_taken":[{"damage":2,"enemies":"Small Slimes","floor":1,"turns":5},{"damage":1,"enemies":"Jaw Worm","floor":2,"turns":4},{"damage":0,"enemies":"Cultist","floor":5,"turns":3},{"damage":7,"enemies":"Blue Slaver","floor":10,"turns":3},{"damage":1,"enemies":"Lots of Slimes","floor":11,"turns":5},{"damage":2,"enemies":"Red Slaver","floor":12,"turns":4},{"damage":3,"enemies":"Exordium Thugs","floor":13,"turns":5},{"damage":19,"enemies":"The Guardian","floor":16,"turns":8},{"damage":18,"enemies":"Spheric Guardian","floor":18,"turns":7},{"damage":8,"enemies":"Chosen","floor":22,"turns":5},{"damage":40,"enemies":"Slavers","floor":23,"turns":6},{"damage":2,"enemies":"Centurion and Healer","floor":24,"turns":5},{"damage":17,"enemies":"Snecko","floor":30,"turns":5},{"damage":1,"enemies":"Shelled Parasite and Fungi","floor":31,"turns":5},{"damage":31,"enemies":"Champ","floor":33,"turns":9},{"damage":15,"enemies":"3 Darklings","floor":35,"turns":6},{"damage":8,"enemies":"Orb Walker","floor":37,"turns":5},{"damage":32,"enemies":"Nemesis","floor":41,"turns":7},{"damage":0,"enemies":"Maw","floor":44,"turns":7},{"damage":27,"enemies":"Spire Growth","floor":45,"turns":6},{"damage":6,"enemies":"Transient","floor":48,"turns":5},{"damage":24,"enemies":"Time Eater","floor":50,"turns":9}],"seed_played":"8263249021222412348","potions_obtained":[{"floor":2,"key":"DuplicationPotion"},{"floor":5,"key":"PowerPotion"},{"floor":10,"key":"LiquidMemories"},{"floor":22,"key":"CultistPotion"},{"floor":30,"key":"AttackPotion"},{"floor":41,"key":"AttackPotion"},{"floor":45,"key":"DistilledChaos"}],"is_trial":false,"path_per_floor":["M","M","?","?","M","R","$","R","T","M","M","M","M","$","R","B",null,"M","$","?","?","M","E","M","R","T","R","$","R","M","M","R","B",null,"M","$","M","$","?","R","E","R","T","M","M","T","$","M","R","B",null],"character_chosen":"NECROMANCER","items_purchased":["Bone_Bullets","Bone_Armory","Negative_Energy_Mist","Bone_Armor","Summon_Lich","War Paint"],"campfire_rested":1,"item_purchase_floors":[7,7,14,19,28,36],"current_hp_per_floor":[75,75,75,75,75,75,75,75,75,70,75,75,74,74,74,58,75,59,59,59,59,55,41,45,45,45,45,45,45,35,40,40,13,75,62,62,60,60,60,60,46,46,46,67,46,46,46,49,75,74],"gold":113,"neow_bonus":"RANDOM_COMMON_RELIC","is_daily":false,"chose_seed":false,"campfire_upgraded":9,"win_rate":0.0,"timestamp":1612332751,"path_taken":["M","M","?","?","?","R","$","R","T","M","M","M","M","$","R","BOSS","M","$","?","?","M","E","M","R","T","R","$","R","?","M","R","BOSS","M","?","?","$","?","R","E","R","T","M","M","?","$","M","R","BOSS"],"items_purchased_type":["Card","Card","Card","Card","Card","Relic"],"build_version":"2020-12-22","purchased_purges":1,"victory":true,"max_hp_per_floor":[75,75,75,75,75,75,75,75,75,75,75,75,75,75,75,75,75,75,75,75,75,75,75,75,75,75,75,75,75,75,75,75,75,75,75,75,75,75,75,75,75,75,75,75,75,75,75,75,75,75],"relic_stats":{"Blood Vial":25,"Darkstone Periapt":0,"Regal Pillow":4,"Centennial Puzzle":[27],"counters":[22,124],"War Paint":["Bone_Wall","Defend_W"],"obtain_stats":[{"Blood Vial":9,"Darkstone Periapt":46,"Regal Pillow":23,"Centennial Puzzle":26,"Bottled Flame":41,"Velvet Choker":17,"Vampire_Amulet":0,"War Paint":36,"Ancient Tea Set":0,"TungstenRod":43,"Runic Pyramid":34},{"Blood Vial":3,"Darkstone Periapt":20,"Regal Pillow":11,"Centennial Puzzle":12,"Bottled Flame":18,"Velvet Choker":8,"Vampire_Amulet":0,"War Paint":16,"Ancient Tea Set":0,"TungstenRod":18,"Runic Pyramid":15},{"Blood Vial":12,"Darkstone Periapt":110,"Regal Pillow":55,"Centennial Puzzle":60,"Bottled Flame":97,"Velvet Choker":37,"Vampire_Amulet":0,"War Paint":85,"Ancient Tea Set":0,"TungstenRod":97,"Runic Pyramid":79}],"TungstenRod":16},"card_choices":[{"not_picked":["Bone_Armor","Consume_Illness"],"picked":"Thousand_Bone_Knives","floor":1},{"not_picked":["Scare","Blood_Whip"],"picked":"Siphon_Strength","floor":2},{"not_picked":["Shade_Step","Blood_Whip"],"picked":"Bone_Armor","floor":5},{"not_picked":["Chill_Blood","Negative_Energy_Javelin"],"picked":"Whirlwind_of_Bones","floor":10},{"not_picked":["Acid_Javelin","Scare"],"picked":"Summon_Undead","floor":11},{"not_picked":["Toxic_Smoke_Screen","Bones_to_Steel"],"picked":"Spectral_Walk","floor":12},{"not_picked":["Bone_Spikes","Life_Drain"],"picked":"Grasp_Heart","floor":13},{"not_picked":["Summon_Vampire_Lady","Blood_Magic"],"picked":"Skeleton_Dragon","floor":16},{"not_picked":["Life_Tap+1","Whirlwind_of_Bones"],"picked":"Toxic_Smoke_Screen","floor":18},{"not_picked":["Negative_Energy_Mist","Bone_Spikes"],"picked":"Blood_Is_Power","floor":22},{"not_picked":["Blood_for_Blood","Blood_Curse"],"picked":"Bone_Armor+1","floor":23},{"not_picked":["Thousand_Bone_Knives","Death_Coil"],"picked":"Negative_Energy_Javelin+1","floor":24},{"not_picked":["Blood_Curse","Blood_Shield","Deaths_Shadow"],"picked":"SKIP","floor":30},{"not_picked":["Negative_Energy_Sphere","Plague_Bolt"],"picked":"Negative_Energy_Mist","floor":31},{"not_picked":["Cloudkill","Hellfire"],"picked":"Summon_Vampire_Lady","floor":33},{"not_picked":["Negative_Energy_Javelin+1","Finger_Of_Death+1"],"picked":"Vampiric_Strike","floor":35},{"not_picked":["Finger_Of_Death","Bone_Spikes+1"],"picked":"Toxic_Smoke_Screen+1","floor":37},{"not_picked":["Bone_Bullets","Bones_to_Steel+1"],"picked":"Spectral_Walk+1","floor":41},{"not_picked":["Blood_Curse+1","Bone_Spikes+1"],"picked":"Slay_Living","floor":44},{"not_picked":["Flesh_Made_Foul+1","Necromantic_Selection"],"picked":"Exploit+1","floor":45},{"not_picked":["Summon_Lich","Finger_Of_Death+1"],"picked":"Negative_Energy_Burst+1","floor":48}],"player_experience":369907,"relics_obtained":[{"floor":9,"key":"Blood Vial"},{"floor":23,"key":"Regal Pillow"},{"floor":26,"key":"Centennial Puzzle"},{"floor":41,"key":"Bottled Flame"},{"floor":43,"key":"TungstenRod"},{"floor":46,"key":"Darkstone Periapt"}],"event_choices":[{"damage_healed":0,"gold_gain":0,"player_choice":"Ignored","damage_taken":0,"max_hp_gain":0,"max_hp_loss":0,"event_name":"Liars Game","floor":3,"gold_loss":0},{"cards_removed":["Strike_W"],"damage_healed":0,"gold_gain":0,"player_choice":"Offered Basic","damage_taken":0,"max_hp_gain":0,"max_hp_loss":0,"event_name":"Bonfire Elementals","floor":4,"gold_loss":0},{"damage_healed":0,"gold_gain":0,"player_choice":"Paid Fearfully","damage_taken":0,"max_hp_gain":0,"max_hp_loss":0,"event_name":"Masked Bandits","floor":20,"gold_loss":52},{"damage_healed":0,"gold_gain":0,"player_choice":"Upgraded","damage_taken":0,"max_hp_gain":0,"max_hp_loss":0,"event_name":"Upgrade Shrine","floor":21,"gold_loss":0,"cards_upgraded":["Skeleton_Dragon"]},{"cards_removed":["Bone_Bullets"],"damage_healed":0,"gold_gain":0,"player_choice":"Removed Attack","damage_taken":0,"max_hp_gain":0,"max_hp_loss":0,"event_name":"Falling","floor":39,"gold_loss":0}],"is_beta":false,"boss_relics":[{"not_picked":["Empty Cage","Coffee Dripper"],"picked":"Velvet Choker"},{"not_picked":["Fusion Hammer","Cursed Key"],"picked":"Runic Pyramid"}],"items_purged_floors":[19],"is_endless":false,"potions_floor_spawned":[2,5,10,12,22,30,31,41,45],"ascension_level":0}}