{"host":"gfxjwtol062e9znw","time":1612356204,"event":{"mods":["BaseMod","Colored Map","Minty Spire (QoL Compilation)","Rare Cards Sparkle"],"gold_per_floor":[20,33,33,57,72,72,86,86,156,156,179,217,252,252,252,376,376,397,397,397,413,413,413,438,438,465,486,486,530,545,399,399,528,528,552,567,24,24,24],"floor_reached":38,"language":"ENG","playtime":2278,"items_purged":["Bludgeon+1"],"score":574,"play_id":"fc7556d6-901c-424b-a14b-6d1d389e5961","local_time":"20210203234324","is_ascension_mode":true,"campfire_choices":[{"data":"True Grit","floor":6.0,"key":"SMITH"},{"data":"Offering","floor":8.0,"key":"SMITH"},{"data":"Flame Barrier","floor":10.0,"key":"SMITH"},{"data":"Cleave","floor":15.0,"key":"SMITH"},{"floor":23.0,"key":"REST"},{"data":"Sword Boomerang","floor":25.0,"key":"SMITH"},{"floor":28.0,"key":"REST"},{"floor":32,"key":"REST"}],"circlet_count":0,"master_deck":["Strike_R","Strike_R","Strike_R","Strike_R","Defend_R","Defend_R","Bash","Offering+1","Flame Barrier+1","Cleave+1","Power Through","True Grit+1","Sword Boomerang+1","Thunderclap","Ghostly Armor","Battle Trance","Hemokinesis+1","Flex","Double Tap","Exhume","Inflame","Burning Pact+1","Sever Soul+1","Power Through","Fire Breathing+1","Reaper"],"relics":["Burning Blood","Golden Idol","Pantograph","Odd Mushroom","Charon\u0027s Ashes","Black Star","Ancient Tea Set","Orichalcum","Champion Belt","Orrery","Astrolabe","Frozen Egg 2"],"acts_visited":["Exordium","TheCity","TheBeyond"],"potions_floor_usage":[33,38,38],"damage_taken":[{"damage":2.0,"enemies":"2 Louse","floor":1.0,"turns":4.0},{"damage":6.0,"enemies":"Small Slimes","floor":2.0,"turns":3.0},{"damage":8.0,"enemies":"Jaw Worm","floor":4.0,"turns":3.0},{"damage":6.0,"enemies":"Looter","floor":5.0,"turns":3.0},{"damage":15.0,"enemies":"Exordium Wildlife","floor":7.0,"turns":7.0},{"damage":6.0,"enemies":"Gremlin Gang","floor":11.0,"turns":2.0},{"damage":6.0,"enemies":"The Mushroom Lair","floor":12.0,"turns":2.0},{"damage":34.0,"enemies":"Lagavulin","floor":13.0,"turns":8.0},{"damage":70.0,"enemies":"Hexaghost","floor":16.0,"turns":15.0},{"damage":31.0,"enemies":"Spheric Guardian","floor":18.0,"turns":5.0},{"damage":12.0,"enemies":"3 Byrds","floor":21.0,"turns":3.0},{"damage":8.0,"enemies":"Snecko","floor":24.0,"turns":4.0},{"damage":14.0,"enemies":"3 Cultists","floor":27.0,"turns":3.0},{"damage":23.0,"enemies":"Gremlin Leader","floor":29.0,"turns":4.0},{"damage":10,"enemies":"Shelled Parasite and Fungi","floor":30,"turns":4},{"damage":108,"enemies":"Automaton","floor":33,"turns":14},{"damage":26,"enemies":"3 Darklings","floor":35,"turns":3},{"damage":23,"enemies":"3 Shapes","floor":36,"turns":3},{"damage":56,"enemies":"Spire Growth","floor":38,"turns":7}],"seed_played":"-1622798486706570616","potions_obtained":[{"floor":4.0,"key":"AttackPotion"},{"floor":7.0,"key":"EntropicBrew"},{"floor":11.0,"key":"Fire Potion"},{"floor":12.0,"key":"SkillPotion"},{"floor":16.0,"key":"Regen Potion"},{"floor":24.0,"key":"FairyPotion"},{"floor":27.0,"key":"BlessingOfTheForge"},{"floor":29.0,"key":"Dexterity Potion"}],"is_trial":false,"path_per_floor":["M","M","?","M","M","R","M","R","T","R","M","?","E","?","R","B",null,"M","?","?","M","?","R","M","R","T","M","R","E","M","$","R","B",null,"M","M","$","M"],"character_chosen":"IRONCLAD","items_purchased":["Orrery","Regen Potion","Frozen Egg 2","Fire Breathing+1","Reaper"],"campfire_rested":3,"item_purchase_floors":[31,37,37,37,37],"current_hp_per_floor":[76,76,74,72,72,72,63,63,63,63,63,63,35,59,59,10,58,48,48,48,42,42,64,62,62,62,54,74,57,57,57,78,29,66,46,29,29,0,0],"gold":24,"neow_bonus":"THREE_RARE_CARDS","is_daily":false,"chose_seed":false,"campfire_upgraded":5,"win_rate":0.0,"timestamp":1612356204,"path_taken":["M","M","?","M","M","R","M","R","T","R","M","?","E","?","R","BOSS","M","?","?","?","?","R","?","R","T","M","R","E","?","$","R","BOSS","M","M","$","M"],"items_purchased_type":["Relic","Potion","Relic","Card","Card"],"build_version":"2020-12-22","purchased_purges":1,"victory":false,"max_hp_per_floor":[80,80,74,74,74,74,74,74,74,74,74,74,74,74,74,74,74,74,74,74,74,74,74,74,74,74,74,74,74,78,78,78,78,78,78,78,78,78,78],"card_choices":[{"not_picked":["Bludgeon","Brutality"],"picked":"Offering","floor":0.0},{"not_picked":["Headbutt","Clash"],"picked":"Flame Barrier","floor":1.0},{"not_picked":["Havoc","Body Slam"],"picked":"Cleave","floor":2.0},{"not_picked":["Uppercut","Blood for Blood"],"picked":"Power Through","floor":4.0},{"not_picked":["Headbutt","Juggernaut"],"picked":"True Grit","floor":5.0},{"not_picked":["Heavy Blade","Perfected Strike"],"picked":"Sword Boomerang","floor":7.0},{"not_picked":["Clash","Bloodletting"],"picked":"Thunderclap","floor":11.0},{"not_picked":["Hemokinesis","Havoc"],"picked":"Ghostly Armor","floor":12.0},{"not_picked":["Warcry","Anger"],"picked":"Battle Trance","floor":13.0},{"not_picked":["Bludgeon","Brutality"],"picked":"Feed","floor":16.0},{"not_picked":["Warcry","Sword Boomerang"],"picked":"Hemokinesis+1","floor":18.0},{"not_picked":["Thunderclap","Headbutt","Anger"],"picked":"SKIP","floor":21.0},{"not_picked":["Clothesline","Battle Trance","Ghostly Armor"],"picked":"SKIP","floor":24.0},{"not_picked":["Intimidate","Clash+1","Uppercut"],"picked":"SKIP","floor":27.0},{"not_picked":["Sever Soul","Pommel Strike"],"picked":"Double Tap","floor":29.0},{"not_picked":["Twin Strike","Sword Boomerang","Clash+1"],"picked":"SKIP","floor":30},{"not_picked":["Warcry","Dropkick"],"picked":"Exhume","floor":31},{"not_picked":["Clothesline","Power Through"],"picked":"Impervious","floor":31},{"not_picked":["Ghostly Armor+1","Shrug It Off"],"picked":"Inflame","floor":31},{"not_picked":["Perfected Strike","Warcry"],"picked":"Power Through","floor":35},{"not_picked":["Heavy Blade","Clash","Headbutt"],"picked":"SKIP","floor":36}],"player_experience":77159,"relics_obtained":[{"floor":9.0,"key":"Pantograph"},{"floor":12.0,"key":"Odd Mushroom"},{"floor":13.0,"key":"Charon\u0027s Ashes"},{"floor":26.0,"key":"Ancient Tea Set"},{"floor":29.0,"key":"Orichalcum"},{"floor":29.0,"key":"Champion Belt"}],"event_choices":[{"damage_healed":0.0,"max_hp_gain":0.0,"max_hp_loss":6.0,"gold_gain":0.0,"event_name":"Golden Idol","player_choice":"Lose Max HP","floor":3.0,"gold_loss":0.0,"damage_taken":0.0,"relics_obtained":["Golden Idol"]},{"damage_healed":0.0,"max_hp_gain":0.0,"max_hp_loss":0.0,"gold_gain":0.0,"event_name":"Mushrooms","player_choice":"Fought Mushrooms","floor":12.0,"gold_loss":0.0,"damage_taken":0.0},{"damage_healed":24.0,"max_hp_gain":0.0,"max_hp_loss":0.0,"gold_gain":0.0,"event_name":"Big Fish","player_choice":"Banana","floor":14.0,"gold_loss":0.0,"damage_taken":0.0},{"damage_healed":0.0,"max_hp_gain":0.0,"max_hp_loss":0.0,"gold_gain":0.0,"cards_transformed":["Strike_R","Defend_R"],"event_name":"Drug Dealer","player_choice":"Became Test Subject","floor":19.0,"gold_loss":0.0,"damage_taken":0.0,"cards_obtained":["Flex","Carnage"]},{"cards_removed":["Carnage"],"damage_healed":0.0,"max_hp_gain":0.0,"max_hp_loss":0.0,"gold_gain":0.0,"event_name":"Purifier","player_choice":"Purged","floor":20.0,"gold_loss":0.0,"damage_taken":0.0},{"damage_healed":0.0,"max_hp_gain":0.0,"max_hp_loss":0.0,"gold_gain":0.0,"event_name":"Upgrade Shrine","player_choice":"Upgraded","floor":22.0,"gold_loss":0.0,"damage_taken":0.0,"cards_upgraded":["Feed"]}],"is_beta":false,"boss_relics":[{"not_picked":["SacredBark","Fusion Hammer"],"picked":"Black Star"},{"not_picked":["Snecko Eye","Calling Bell"],"picked":"Astrolabe"}],"items_purged_floors":[37],"is_endless":false,"potions_floor_spawned":[4,7,11,12,16,24,27,29],"killed_by":"Spire Growth","ascension_level":9}}