{"host":"74dg6ta44i9qan6e","time":1612369307,"event":{"mods":["Act Like it!","BaseMod","Downfall","Hubris","Infinite Spire","Minty Spire (QoL Compilation)","Replay The Spire","StSLib","Waifu the Spire"],"gold_per_floor":[99,116,134,73,84,94,119,19,29,58,74,90,103,119,135,238,238,138,152,152,152,152],"floor_reached":20,"language":"ENG","playtime":1345,"items_purged":[],"score":182,"play_id":"fb8a6e40-38e1-4411-94bb-33b1a0fb389e","local_time":"20210203112147","is_ascension_mode":false,"campfire_choices":[{"floor":1,"key":"RECALL"},{"data":"bronze:NullPointer","floor":8,"key":"SMITH"},{"data":"bronze:Mutator","floor":18,"key":"SMITH"}],"circlet_count":0,"master_deck":["bronze:Strike","bronze:Strike","bronze:Strike","bronze:Strike","bronze:Defend","bronze:Defend","bronze:Defend","bronze:Defend","bronze:Replicate","bronze:Goto","bronze:Frontload","bronze:Fortify","bronze:DigitalCarnage","bronze:WhirlingStrike","bronze:BuggyMess","bronze:NullPointer+1","Pot Of Greed","Pot Of Greed","bronze:WildBeam","bronze:GetLatest","bronze:ClassDefault","bronze:BronzeArmor","bronze:Flail","bronze:DelayedSlice","bronze:Assembly","bronze:Mutator+1","Pot Of Greed","bronze:CloningBeam+1"],"relics":["bronze:BronzeCore","Grinning Jar","downfall:HeartBlessingRed","bronze:ProtectiveGoggles","ChewingGum","downfall:HeartBlessingGreen"],"acts_visited":["Exordium","TheCity"],"potions_floor_usage":[16,16,20],"damage_taken":[{"damage":0,"enemies":"Cultist","floor":2,"turns":4},{"damage":5,"enemies":"Small Slimes","floor":3,"turns":4},{"damage":5,"enemies":"downfall:FleeingMerchant","floor":4,"turns":4},{"damage":6,"enemies":"Jaw Worm","floor":5,"turns":2},{"damage":0,"enemies":"Blue Slaver","floor":6,"turns":5},{"damage":0,"enemies":"3 Louse","floor":9,"turns":2},{"damage":40,"enemies":"Lagavulin","floor":10,"turns":6},{"damage":0,"enemies":"Gremlin Gang","floor":11,"turns":2},{"damage":0,"enemies":"Large Slime","floor":12,"turns":2},{"damage":0,"enemies":"2 Fungi Beasts","floor":13,"turns":2},{"damage":8,"enemies":"Red Slaver","floor":14,"turns":3},{"damage":0,"enemies":"Lots of Slimes","floor":15,"turns":2},{"damage":10,"enemies":"SI_SHIV_ARCHETYPE","floor":16,"turns":16},{"damage":0,"enemies":"Spheric Guardian","floor":19,"turns":3},{"damage":88,"enemies":"Spheric Guardian","floor":20,"turns":8}],"seed_played":"8905732337933765099","potions_obtained":[{"floor":2,"key":"FearPotion"},{"floor":9,"key":"Swift Potion"},{"floor":10,"key":"infinitespire:BlackPotion"},{"floor":12,"key":"Strength Potion"}],"is_trial":false,"path_per_floor":["R","M","M","$","M","M","T","R","M","E","M","M","M","M","M","B",null,"R","M","?"],"character_chosen":"THE_AUTOMATON","items_purchased":["bronze:WhirlingStrike"],"campfire_rested":0,"item_purchase_floors":[4],"current_hp_per_floor":[77,77,72,67,61,61,61,61,61,21,21,21,21,13,13,3,77,77,77,0,0,0],"gold":152,"neow_bonus":"TEN_PERCENT_HP_BONUS","is_daily":false,"chose_seed":false,"campfire_upgraded":2,"win_rate":0.0,"timestamp":1612369307,"path_taken":["R","M","M","$","M","M","T","R","?","E","M","M","M","M","M","BOSS","R","M","?"],"items_purchased_type":["Card"],"build_version":"2020-12-22","purchased_purges":0,"victory":false,"max_hp_per_floor":[77,77,77,77,77,77,77,77,77,77,77,77,77,77,77,77,77,77,77,77,77,77],"card_choices":[{"not_picked":["bronze:FineTuning","bronze:DelayedGuard"],"picked":"bronze:Frontload","floor":2},{"not_picked":["bronze:BronzeArmor","bronze:BitShift"],"picked":"bronze:Fortify","floor":3},{"not_picked":["bronze:ShipIt","bronze:OilSpill"],"picked":"bronze:DigitalCarnage","floor":4},{"not_picked":["bronze:Turbo","bronze:NullPointer"],"picked":"bronze:BuggyMess","floor":5},{"not_picked":["bronze:MaxOutput","bronze:Boost"],"picked":"bronze:NullPointer","floor":6},{"not_picked":["bronze:FineTuning","bronze:Frontload"],"picked":"bronze:WildBeam","floor":9},{"not_picked":["bronze:BronzeOrb","bronze:Invalidate"],"picked":"bronze:GetLatest","floor":10},{"not_picked":["bronze:Allocate","bronze:Frontload"],"picked":"bronze:ClassDefault","floor":11},{"not_picked":["bronze:DarkDash","bronze:WildBeam"],"picked":"bronze:BronzeArmor","floor":12},{"not_picked":["bronze:Fortify","bronze:DelayedGuard"],"picked":"bronze:Flail","floor":13},{"not_picked":["bronze:Frontload","bronze:FineTuning"],"picked":"bronze:DelayedSlice","floor":14},{"not_picked":["bronze:BugBarrage","bronze:Fortify"],"picked":"bronze:Assembly","floor":15},{"not_picked":["bronze:ShipIt","bronze:FindAndReplace"],"picked":"bronze:Mutator","floor":16},{"not_picked":["bronze:Invalidate+1","bronze:Deprecate"],"picked":"bronze:CloningBeam+1","floor":19}],"player_experience":548286,"relics_obtained":[{"floor":7,"key":"Grinning Jar"},{"floor":10,"key":"bronze:ProtectiveGoggles"}],"event_choices":[],"is_beta":false,"boss_relics":[{"not_picked":["Runic Dome","Black Star"],"picked":"ChewingGum"}],"items_purged_floors":[],"is_endless":false,"potions_floor_spawned":[2,9,10,11,12],"killed_by":"Spheric Guardian","ascension_level":0}}