{"host":"phy652c7lim9lcu2","time":1612336536,"event":{"mods":["BaseMod","BetterRewards","Colored Powertips","Downfall","Googly Eyes","Hubris","Minty Spire (QoL Compilation)","Relic Stats","Spicy Shops","StSLib","everything is the same but u backflip on backflip"],"gold_per_floor":[114,126,144,155,172,172,199,199,199,199,2,2,19,19,19,122,122,140,23,23,11,23,49,49,63,90,90,122,146,146,183,183,295,295,315,324,344,216,236,270,270,295,295,323,323,367,380,426,426,426,426,426,83,109,109],"floor_reached":56,"language":"ENG","playtime":2454,"items_purged":["Defend_G","Glass Knife"],"score":2405,"play_id":"ef8e894a-cf17-4ece-b438-a32aa913cbb0","local_time":"20210203171536","is_ascension_mode":true,"campfire_choices":[{"data":"Strike_G","floor":6.0,"key":"PURGE"},{"data":"Accuracy","floor":10.0,"key":"SMITH"},{"data":"Strike_G","floor":12.0,"key":"PURGE"},{"data":"Strike_G","floor":15.0,"key":"PURGE"},{"data":"Outmaneuver","floor":27.0,"key":"SMITH"},{"data":"Strike_G","floor":30.0,"key":"PURGE"},{"data":"Phantasmal Killer","floor":32,"key":"SMITH"},{"data":"After Image","floor":41,"key":"SMITH"},{"floor":49,"key":"RECALL"},{"data":"Envenom","floor":52,"key":"SMITH"}],"circlet_count":0,"master_deck":["Defend_G","Survivor","Neutralize","Accuracy","Blade Dance","Backflip","Sucker Punch","Quick Slash","Footwork","Infinite Blades","Blade Dance","Accuracy+1","Blade Dance","Dodge and Roll","Outmaneuver+1","Blade Dance","Cloak And Dagger","Finisher","Phantasmal Killer+1","After Image+1","Blur","PiercingWail+1","Blur+1","PiercingWail+1","Envenom+1","Blur"],"relics":["Ring of the Snake","Membership Card","Peace Pipe","Regal Pillow","Toy Ornithopter","hubris:FunFungus","Pear","DollysMirror","hubris:Metronome","Art of War","Runic Pyramid","hubris:SlimyHat","hubris:Icosahedron","Paper Crane","CeramicFish","HornCleat","Empty Cage","Anchor","Molten Egg 2","Lantern","hubris:Spice","Dream Catcher","Bronze Scales","FossilizedHelix"],"acts_visited":["Exordium","TheCity","TheBeyond","TheEnding"],"potions_floor_usage":[31,35,55],"damage_taken":[{"damage":0.0,"enemies":"Cultist","floor":1.0,"turns":2.0},{"damage":2.0,"enemies":"Jaw Worm","floor":2.0,"turns":2.0},{"damage":0.0,"enemies":"Small Slimes","floor":3.0,"turns":2.0},{"damage":1.0,"enemies":"Red Slaver","floor":4.0,"turns":3.0},{"damage":16.0,"enemies":"Lots of Slimes","floor":5.0,"turns":5.0},{"damage":10.0,"enemies":"3 Sentries","floor":7.0,"turns":5.0},{"damage":5.0,"enemies":"Large Slime","floor":13.0,"turns":3.0},{"damage":7.0,"enemies":"Hexaghost","floor":16.0,"turns":7.0},{"damage":3.0,"enemies":"3 Byrds","floor":18.0,"turns":5.0},{"damage":2.0,"enemies":"Shell Parasite","floor":21.0,"turns":3.0},{"damage":8.0,"enemies":"Snake Plant","floor":22.0,"turns":3.0},{"damage":5.0,"enemies":"Gremlin Leader","floor":23.0,"turns":5.0},{"damage":0.0,"enemies":"3 Cultists","floor":25.0,"turns":2.0},{"damage":19.0,"enemies":"Book of Stabbing","floor":28.0,"turns":5.0},{"damage":4.0,"enemies":"Cultist and Chosen","floor":29.0,"turns":3.0},{"damage":0,"enemies":"Slavers","floor":31,"turns":3},{"damage":11,"enemies":"hubris:MusketHawk","floor":33,"turns":4},{"damage":11,"enemies":"3 Darklings","floor":35,"turns":2},{"damage":5,"enemies":"3 Shapes","floor":37,"turns":2},{"damage":0,"enemies":"Spire Growth","floor":39,"turns":2},{"damage":1,"enemies":"Nemesis","floor":40,"turns":3},{"damage":0,"enemies":"Reptomancer","floor":42,"turns":5},{"damage":0,"enemies":"Transient","floor":44,"turns":5},{"damage":0,"enemies":"Nemesis","floor":46,"turns":1},{"damage":0,"enemies":"Sphere and 2 Shapes","floor":47,"turns":3},{"damage":0,"enemies":"Time Eater","floor":50,"turns":5},{"damage":0,"enemies":"Shield and Spear","floor":54,"turns":3},{"damage":0,"enemies":"The Heart","floor":55,"turns":7}],"seed_played":"-966477376501162905","potions_obtained":[{"floor":2.0,"key":"CultistPotion"},{"floor":5.0,"key":"Slimebound:ThreeZeroPotion"},{"floor":8.0,"key":"CunningPotion"},{"floor":8.0,"key":"Guardian:BlockOnCardUsePotion"},{"floor":21.0,"key":"GamblersBrew"},{"floor":23.0,"key":"hexamod:SoulburnPotion"},{"floor":28.0,"key":"LiquidMemories"},{"floor":29.0,"key":"Guardian:BlockOnCardUsePotion"},{"floor":33,"key":"FearPotion"},{"floor":37,"key":"DuplicationPotion"}],"is_trial":false,"path_per_floor":["M","M","M","M","M","R","E","?","T","R","$","R","M","?","R","B",null,"M","$","?","M","M","E","?","M","T","R","E","M","R","E","R","B",null,"M","?","M","$","M","E","R","E","T","M","?","E","M","T","R","B",null,"R","$","E","B",null],"character_chosen":"THE_SILENT","items_purchased":["Accuracy","Blade Dance","Backflip","Membership Card","Toy Ornithopter","Block Potion","DollysMirror","hubris:Metronome","hubris:SlimyHat","Anchor","hubris:Spice","FossilizedHelix","Blur"],"campfire_rested":0,"item_purchase_floors":[0,0,0,0,0,0,11,11,19,38,53,53,53],"current_hp_per_floor":[49,47,47,46,30,30,25,25,35,35,35,35,30,30,30,23,66,63,63,63,61,58,53,53,53,53,53,39,35,35,40,40,29,67,61,61,56,56,56,57,57,57,65,66,88,88,88,88,88,88,88,88,96,88,88],"gold":109,"neow_bonus":"","is_daily":false,"chose_seed":false,"campfire_upgraded":5,"win_rate":0.0,"timestamp":1612336536,"path_taken":["M","M","M","M","M","R","E","?","T","R","?","R","M","?","R","BOSS","M","$","?","M","M","E","?","?","T","R","E","?","R","E","R","BOSS","M","?","M","$","?","E","R","E","T","M","?","E","?","?","R","BOSS","R","$","E","BOSS"],"items_purchased_type":["Card","Card","Card","Relic","Relic","Potion","Relic","Relic","Relic","Relic","Relic","Relic","Card"],"build_version":"2020-12-22","purchased_purges":2,"victory":true,"max_hp_per_floor":[70,70,70,70,70,70,70,70,80,80,80,80,80,80,80,80,80,80,80,80,80,80,80,80,80,80,80,80,80,80,80,80,80,80,80,80,80,80,80,80,80,80,88,88,88,88,88,88,88,88,88,88,96,88,88],"relic_stats":{"Peace Pipe":6,"Regal Pillow":0,"Dream Catcher":0,"counters":[63,287],"CeramicFish":90,"Bronze Scales":[126],"Art of War":[5],"obtain_stats":[{"Regal Pillow":0,"hubris:Metronome":11,"Lantern":42,"CeramicFish":28,"Vajra":23,"Bag of Preparation":14,"hubris:SlimyHat":19,"Empty Cage":34,"Blood Vial":26,"Nunchaku":48,"Centennial Puzzle":54,"Dream Catcher":46,"hubris:Icosahedron":5,"HornCleat":31,"DollysMirror":11,"hubris:FunFungus":7,"Chemical X":38,"Toxic Egg 2":6,"hubris:TinFlute":13,"Ring of the Snake":0,"hubris:GlazedTorus":34,"Runic Pyramid":17,"Pear":9,"NeowsBlessing":0,"The Courier":9,"hubris:Towel":21,"Paper Crane":23,"Question Card":6,"MawBank":34,"Peace Pipe":10,"hubris:Zylophone":24,"Calling Bell":34,"Anchor":38,"hubris:Spice":43,"Bronze Scales":48,"Molten Egg 2":40,"Art of War":14,"Membership Card":0,"Ring of the Serpent":17,"Toy Ornithopter":38,"FossilizedHelix":53,"hubris:BottledRain":34},{"Regal Pillow":35,"hubris:Metronome":41,"Lantern":57,"CeramicFish":49,"Vajra":22,"Bag of Preparation":17,"hubris:SlimyHat":44,"Empty Cage":52,"Blood Vial":22,"Nunchaku":32,"Centennial Puzzle":34,"Dream Catcher":59,"hubris:Icosahedron":11,"HornCleat":51,"DollysMirror":41,"hubris:FunFungus":41,"Chemical X":28,"Toxic Egg 2":12,"hubris:TinFlute":17,"Ring of the Snake":0,"hubris:GlazedTorus":26,"Runic Pyramid":43,"Pear":41,"NeowsBlessing":0,"The Courier":13,"hubris:Towel":20,"Paper Crane":47,"Question Card":9,"MawBank":26,"Peace Pipe":14,"hubris:Zylophone":22,"Calling Bell":26,"Anchor":54,"hubris:Spice":57,"Bronze Scales":60,"Molten Egg 2":56,"Art of War":42,"Membership Card":35,"Ring of the Serpent":18,"Toy Ornithopter":28,"FossilizedHelix":61,"hubris:BottledRain":26},{"Regal Pillow":187,"hubris:Metronome":206,"Lantern":263,"CeramicFish":239,"Vajra":96,"Bag of Preparation":63,"hubris:SlimyHat":221,"Empty Cage":249,"Blood Vial":96,"Nunchaku":164,"Centennial Puzzle":182,"Dream Catcher":269,"hubris:Icosahedron":38,"HornCleat":245,"DollysMirror":206,"hubris:FunFungus":206,"Chemical X":139,"Toxic Egg 2":39,"hubris:TinFlute":63,"Ring of the Snake":0,"hubris:GlazedTorus":127,"Runic Pyramid":216,"Pear":206,"NeowsBlessing":0,"The Courier":40,"hubris:Towel":82,"Paper Crane":232,"Question Card":32,"MawBank":127,"Peace Pipe":45,"hubris:Zylophone":96,"Calling Bell":127,"Anchor":253,"hubris:Spice":263,"Bronze Scales":272,"Molten Egg 2":258,"Art of War":209,"Membership Card":187,"Ring of the Serpent":72,"Toy Ornithopter":139,"FossilizedHelix":277,"hubris:BottledRain":127}],"Toy Ornithopter":175,"Ring of the Snake":[56]},"card_choices":[{"not_picked":["Flying Knee","Acrobatics"],"picked":"Sucker Punch","floor":1.0},{"not_picked":["Dagger Throw","Sucker Punch"],"picked":"Quick Slash","floor":2.0},{"not_picked":["Underhanded Strike","Leg Sweep"],"picked":"Footwork","floor":3.0},{"not_picked":["Tools of the Trade","Concentrate"],"picked":"Infinite Blades","floor":4.0},{"not_picked":["Concentrate","Dash"],"picked":"Blade Dance","floor":5.0},{"not_picked":["hubris:TrickCloak","hubris:SlightOfHand"],"picked":"Accuracy","floor":7.0},{"not_picked":["Riddle With Holes","Deflect"],"picked":"Dodge and Roll","floor":13.0},{"not_picked":["Dodge and Roll","Dagger Spray","Endless Agony+1"],"picked":"SKIP","floor":18.0},{"not_picked":["Deflect","Blade Dance+1","Unload"],"picked":"SKIP","floor":21.0},{"not_picked":["Expertise","Deflect","hubris:SlightOfHand"],"picked":"SKIP","floor":22.0},{"not_picked":["Distraction","Infinite Blades"],"picked":"Outmaneuver","floor":23.0},{"not_picked":["Outmaneuver","Sucker Punch"],"picked":"Cloak And Dagger","floor":25.0},{"not_picked":["Dodge and Roll","Acrobatics+1","Dagger Spray"],"picked":"SKIP","floor":28.0},{"not_picked":["Masterful Stab+1","Blade Dance"],"picked":"Finisher","floor":29.0},{"not_picked":["Dash","Expertise"],"picked":"Phantasmal Killer","floor":31},{"not_picked":["Corpse Explosion","Burst"],"picked":"After Image","floor":33},{"not_picked":["All Out Attack+1","hubris:Sniper+1","Leg Sweep+1"],"picked":"SKIP","floor":35},{"not_picked":["Acrobatics+1","Deadly Poison+1"],"picked":"Blur","floor":37},{"not_picked":["hubris:TrickCloak","Poisoned Stab+1"],"picked":"PiercingWail+1","floor":39},{"not_picked":["Bouncing Flask+1","hubris:SlightOfHand"],"picked":"Blur+1","floor":40},{"not_picked":["Acrobatics","Flying Knee+1","Outmaneuver+1"],"picked":"SKIP","floor":42},{"not_picked":["Acrobatics+1","Masterful Stab+1"],"picked":"PiercingWail+1","floor":44},{"not_picked":["Acrobatics+1","Masterful Stab+1"],"picked":"Envenom","floor":46},{"not_picked":["Reflex","Caltrops+1","Deadly Poison"],"picked":"SKIP","floor":47},{"not_picked":["Sucker Punch+1","hubris:SlightOfHand","Dodge and Roll"],"picked":"SKIP","floor":54}],"player_experience":293539,"relics_obtained":[{"floor":7.0,"key":"hubris:FunFungus"},{"floor":9.0,"key":"Pear"},{"floor":23.0,"key":"Paper Crane"},{"floor":28.0,"key":"CeramicFish"},{"floor":31,"key":"HornCleat"},{"floor":40,"key":"Molten Egg 2"},{"floor":42,"key":"Lantern"},{"floor":43,"key":"hubris:Spice"},{"floor":46,"key":"Dream Catcher"},{"floor":48,"key":"Bronze Scales"},{"floor":54,"key":"hubris:Spice"}],"event_choices":[{"damage_healed":0.0,"max_hp_gain":0.0,"max_hp_loss":0.0,"gold_gain":0.0,"event_name":"Lab","player_choice":"Got Potions","floor":8.0,"gold_loss":0.0,"damage_taken":0.0},{"damage_healed":0.0,"max_hp_gain":0.0,"max_hp_loss":0.0,"gold_gain":0.0,"event_name":"WeMeetAgain","player_choice":"Gave Potion","floor":14.0,"gold_loss":0.0,"damage_taken":0.0,"relics_obtained":["Art of War"]},{"damage_healed":0.0,"max_hp_gain":0.0,"max_hp_loss":0.0,"gold_gain":0.0,"cards_transformed":["Defend_G"],"event_name":"Transmorgrifier","player_choice":"Transformed","floor":24.0,"gold_loss":0.0,"damage_taken":0.0,"cards_obtained":["Blade Dance"]},{"damage_healed":0,"gold_gain":0,"cards_transformed":["Defend_G"],"player_choice":"Transformed","damage_taken":0,"max_hp_gain":0,"max_hp_loss":0,"event_name":"Transmorgrifier","floor":36,"gold_loss":0,"cards_obtained":["Glass Knife"]},{"damage_healed":22,"gold_gain":0,"player_choice":"Full Heal","damage_taken":0,"max_hp_gain":0,"max_hp_loss":0,"event_name":"Wheel of Change","floor":45,"gold_loss":0}],"is_beta":false,"boss_relics":[{"not_picked":["hubris:ScarierMask","hubris:BlackHole"],"picked":"Runic Pyramid"},{"not_picked":["hubris:GrandSneckoEye","hubris:Backtick"],"picked":"Empty Cage"}],"items_purged_floors":[19,38],"is_endless":false,"potions_floor_spawned":[2,5,13,21,23,28,29,33,37,42,46,47,54],"ascension_level":7}}