{"host":"1p8eqzpvl5sxeu5t","time":1612337088,"event":{"mods":["BaseMod","Bestiary","Block Reminder","Colored Map","Colored Powertips","Curses Come First","Downfall","Highlight Path","Minty Spire (QoL Compilation)","Relic Stats","StSLib","The IronCluck","Waifu the Spire","everything is the same but u backflip on backflip","slay the spire mod where everything is the same but ironclad has a cowboy hat"],"gold_per_floor":[0,14,25,25,35,63,63,89,89,107,107,7,7,24,39,137,137,137,149,159,177,74,74,101,101,112,125,158,158,158,158,176,271,271,71,89,102,115,133,143,143,178,178,178,206,206,58,58,72,72,72,72],"floor_reached":50,"language":"ENG","playtime":3191,"items_purged":["bronze:Strike"],"score":693,"play_id":"2798f14d-6c7c-4b0d-b8a1-484c0d464e71","local_time":"20210203152448","is_ascension_mode":true,"campfire_choices":[{"data":"bronze:Goto","floor":1,"key":"SMITH"},{"data":"bronze:Philosophize","floor":12,"key":"SMITH"},{"data":"bronze:Format","floor":18,"key":"SMITH"},{"floor":30,"key":"RECALL"},{"data":"Dark Shackles","floor":35,"key":"SMITH"},{"data":"expansioncontent:QuickStudy","floor":43,"key":"SMITH"}],"circlet_count":0,"master_deck":["bronze:Strike","bronze:Strike","bronze:Defend","bronze:Defend","bronze:Defend","bronze:Defend","bronze:Replicate","bronze:Goto+1","bronze:Philosophize+1","bronze:Flail+1","bronze:Overload","bronze:Format+1","bronze:TinkerersToolbox","Dark Shackles+1","bronze:Iterate+1","bronze:AlphaBuild+1","bronze:BronzeOrb+1","bronze:InfiniteBeams+1","expansioncontent:QuickStudy+1","expansioncontent:InvincibleStrength","expansioncontent:InvincibleStrength","expansioncontent:YouAreMine"],"relics":["bronze:PlatinumCore","Dead Branch","Mango","Molten Egg 2","bronze:ProtectiveGoggles","Singing Bowl","downfall:HeartBlessingGreen","Busted Crown","Anchor","Juzu Bracelet","downfall:HeartBlessingRed","downfall:HeartBlessingBlue","FossilizedHelix","Centennial Puzzle","bronze:BottledCode","Regal Pillow","hexamod:BolsterEngine"],"acts_visited":["Exordium","TheCity","TheBeyond"],"potions_floor_usage":[6,6,10,16,28,32,40,50],"damage_taken":[{"damage":0,"enemies":"Small Slimes","floor":2,"turns":3},{"damage":2,"enemies":"Jaw Worm","floor":3,"turns":5},{"damage":0,"enemies":"Cultist","floor":5,"turns":3},{"damage":20,"enemies":"Gremlin Nob","floor":6,"turns":3},{"damage":10,"enemies":"3 Sentries","floor":8,"turns":2},{"damage":16,"enemies":"3 Louse","floor":10,"turns":2},{"damage":0,"enemies":"2 Fungi Beasts","floor":14,"turns":2},{"damage":16,"enemies":"Exordium Wildlife","floor":15,"turns":3},{"damage":23,"enemies":"DF_ARCHETYPE_STREAMLINE","floor":16,"turns":6},{"damage":10,"enemies":"Spheric Guardian","floor":19,"turns":4},{"damage":0,"enemies":"Chosen","floor":20,"turns":3},{"damage":25,"enemies":"Shelled Parasite and Fungi","floor":21,"turns":4},{"damage":0,"enemies":"downfall:FleeingMerchant","floor":22,"turns":4},{"damage":0,"enemies":"3 Cultists","floor":26,"turns":1},{"damage":4,"enemies":"Centurion and Healer","floor":27,"turns":4},{"damage":5,"enemies":"Gremlin Leader","floor":28,"turns":4},{"damage":18,"enemies":"Snecko","floor":32,"turns":4},{"damage":31,"enemies":"IC_MUSHROOM_ARCHETYPE","floor":33,"turns":7},{"damage":0,"enemies":"Orb Walker","floor":36,"turns":3},{"damage":24,"enemies":"3 Shapes","floor":37,"turns":6},{"damage":0,"enemies":"Jaw Worm Horde","floor":38,"turns":2},{"damage":0,"enemies":"4 Shapes","floor":39,"turns":5},{"damage":0,"enemies":"downfall:FleeingMerchant","floor":40,"turns":4},{"damage":0,"enemies":"Nemesis","floor":42,"turns":5},{"damage":2,"enemies":"Reptomancer","floor":45,"turns":4},{"damage":10,"enemies":"Transient","floor":49,"turns":5},{"damage":88,"enemies":"WA_ARCHETYPE_DIVINITY","floor":50,"turns":7}],"seed_played":"2284684368684046006","potions_obtained":[{"floor":3,"key":"hexamod:SoulburnPotion"},{"floor":5,"key":"GamblersBrew"},{"floor":8,"key":"sneckomod:MuddlingPotion"},{"floor":14,"key":"SteroidPotion"},{"floor":15,"key":"Dexterity Potion"},{"floor":19,"key":"PowerPotion"},{"floor":27,"key":"LiquidBronze"},{"floor":32,"key":"AttackPotion"},{"floor":36,"key":"AttackPotion"},{"floor":37,"key":"Strength Potion"}],"is_trial":false,"path_per_floor":["R","M","M","?","M","E","T","E","?","M","?","R","?","M","M","B",null,"R","M","M","M","$","?","T","?","M","M","E","?","R","?","M","B",null,"R","M","M","M","M","$","T","E","R","?","E","?","$","$","M","B"],"character_chosen":"THE_AUTOMATON","items_purchased":["Dark Shackles","expansioncontent:QuickStudy","Block Potion","hexamod:BolsterEngine"],"campfire_rested":0,"item_purchase_floors":[22,40,40,47],"current_hp_per_floor":[70,70,68,68,68,62,62,52,34,20,48,48,48,50,34,11,88,88,80,82,59,61,61,61,61,63,61,58,58,58,58,42,11,104,114,114,90,92,94,96,96,98,98,98,98,88,88,88,80,0,0,0],"gold":72,"neow_bonus":"ONE_RARE_RELIC","is_daily":false,"chose_seed":false,"campfire_upgraded":5,"win_rate":0.0,"timestamp":1612337088,"path_taken":["R","M","M","?","M","E","T","E","?","M","?","R","?","M","M","BOSS","R","M","M","M","$","?","T","?","M","M","E","?","R","?","M","BOSS","R","M","M","M","M","$","T","E","R","?","E","?","?","$","M","BOSS"],"items_purchased_type":["Card","Card","Potion","Relic"],"build_version":"2020-12-22","purchased_purges":1,"victory":false,"max_hp_per_floor":[70,70,70,70,70,84,84,84,84,86,86,86,86,88,88,88,88,88,90,92,94,96,96,96,96,98,100,102,102,102,102,104,104,104,114,114,114,116,118,120,120,122,122,112,114,114,114,114,116,116,116,116],"relic_stats":{"Centennial Puzzle":[9],"Regal Pillow":0,"Busted Crown":40,"Singing Bowl":32,"counters":[27,105],"Dead Branch":[123],"Juzu Bracelet":1,"obtain_stats":[{"bronze:PlatinumCore":34,"Regal Pillow":45,"bronze:BronzeCore":0,"Singing Bowl":9,"downfall:HeartBlessingRed":35,"Dead Branch":0,"Mango":6,"downfall:HeartBlessingGreen":12,"Juzu Bracelet":29,"bronze:BottledCode":44,"Anchor":28,"Centennial Puzzle":42,"Busted Crown":17,"bronze:ProtectiveGoggles":8,"downfall:HeartBlessingBlue":35,"Molten Egg 2":7,"hexamod:BolsterEngine":47,"FossilizedHelix":41},{"bronze:PlatinumCore":18,"Regal Pillow":25,"bronze:BronzeCore":0,"Singing Bowl":5,"downfall:HeartBlessingRed":18,"Dead Branch":0,"Mango":4,"downfall:HeartBlessingGreen":6,"Juzu Bracelet":16,"bronze:BottledCode":24,"Anchor":16,"Centennial Puzzle":24,"Busted Crown":9,"bronze:ProtectiveGoggles":5,"downfall:HeartBlessingBlue":18,"Molten Egg 2":4,"hexamod:BolsterEngine":25,"FossilizedHelix":23},{"bronze:PlatinumCore":64,"Regal Pillow":93,"bronze:BronzeCore":0,"Singing Bowl":16,"downfall:HeartBlessingRed":64,"Dead Branch":0,"Mango":14,"downfall:HeartBlessingGreen":18,"Juzu Bracelet":53,"bronze:BottledCode":89,"Anchor":53,"Centennial Puzzle":89,"Busted Crown":29,"bronze:ProtectiveGoggles":16,"downfall:HeartBlessingBlue":64,"Molten Egg 2":14,"hexamod:BolsterEngine":93,"FossilizedHelix":84}]},"card_choices":[{"not_picked":["bronze:Iterate","bronze:ForceShield"],"picked":"bronze:Philosophize","floor":2},{"not_picked":["bronze:Separator","bronze:OilSpill","bronze:DelayedSlice"],"picked":"SKIP","floor":3},{"not_picked":["bronze:Shield","bronze:ChosenStrike"],"picked":"bronze:Flail","floor":5},{"not_picked":["bronze:Constructor","bronze:Repulsor","bronze:Overload"],"picked":"SKIP","floor":6},{"not_picked":["bronze:ChildClass","bronze:FollowUp+1"],"picked":"bronze:Overload","floor":8},{"not_picked":["bronze:BitShift","bronze:ItsAFeature","bronze:Turbo"],"picked":"Singing Bowl","floor":10},{"not_picked":["bronze:Allocate","bronze:GetLatest","bronze:DelayedSlice+1"],"picked":"Singing Bowl","floor":14},{"not_picked":["bronze:Shell","bronze:Constructor"],"picked":"bronze:Format","floor":15},{"not_picked":["bronze:HardenedForm","bronze:RecursiveStrike+1"],"picked":"bronze:TinkerersToolbox","floor":16},{"not_picked":["bronze:CloningBeam+1"],"picked":"Singing Bowl","floor":19},{"not_picked":["bronze:Overheat+1"],"picked":"Singing Bowl","floor":20},{"not_picked":["bronze:DelayedGuard"],"picked":"Singing Bowl","floor":21},{"not_picked":["bronze:DigitalCarnage+1"],"picked":"Singing Bowl","floor":22},{"not_picked":["bronze:BitShift"],"picked":"Singing Bowl","floor":26},{"not_picked":["bronze:BugBarrage+1"],"picked":"Singing Bowl","floor":27},{"not_picked":["bronze:ClassDefault"],"picked":"Singing Bowl","floor":28},{"not_picked":["bronze:Safeguard"],"picked":"Singing Bowl","floor":32},{"not_picked":[],"picked":"bronze:AlphaBuild+1","floor":33},{"not_picked":[],"picked":"bronze:BronzeOrb+1","floor":36},{"not_picked":[],"picked":"bronze:InfiniteBeams+1","floor":37},{"not_picked":["bronze:WildBeam+1"],"picked":"Singing Bowl","floor":38},{"not_picked":["bronze:Turbo"],"picked":"Singing Bowl","floor":39},{"not_picked":["bronze:WildBeam+1"],"picked":"Singing Bowl","floor":40},{"not_picked":["bronze:NullPointer+1"],"picked":"Singing Bowl","floor":42},{"not_picked":["bronze:Constructor+1"],"picked":"Singing Bowl","floor":45},{"not_picked":["expansioncontent:Chronoboost","expansioncontent:PrepareCrush"],"picked":"expansioncontent:InvincibleStrength","floor":46},{"not_picked":["expansioncontent:YouAreMine","expansioncontent:AwakenDeath"],"picked":"expansioncontent:InvincibleStrength","floor":46},{"not_picked":["expansioncontent:PrepareCrush","expansioncontent:LastStand"],"picked":"expansioncontent:YouAreMine","floor":46},{"not_picked":["bronze:Shell"],"picked":"Singing Bowl","floor":49}],"player_experience":877418,"relics_obtained":[{"floor":6,"key":"Mango"},{"floor":7,"key":"Molten Egg 2"},{"floor":8,"key":"bronze:ProtectiveGoggles"},{"floor":28,"key":"Anchor"},{"floor":29,"key":"Juzu Bracelet"},{"floor":41,"key":"FossilizedHelix"},{"floor":42,"key":"Centennial Puzzle"},{"floor":45,"key":"Regal Pillow"}],"event_choices":[{"cards_removed":["bronze:Strike"],"damage_healed":0,"gold_gain":0,"player_choice":"Card Removal","damage_taken":0,"max_hp_gain":0,"max_hp_loss":0,"event_name":"The Cleric","floor":4,"gold_loss":0},{"damage_healed":0,"gold_gain":0,"player_choice":"Success","damage_taken":18,"relics_obtained":["Singing Bowl"],"max_hp_gain":0,"max_hp_loss":0,"event_name":"Scrap Ooze","floor":9,"gold_loss":0},{"damage_healed":28,"gold_gain":0,"player_choice":"Banana","damage_taken":0,"max_hp_gain":0,"max_hp_loss":0,"event_name":"Big Fish","floor":11,"gold_loss":0},{"damage_healed":0,"gold_gain":0,"player_choice":"Grow","damage_taken":0,"max_hp_gain":0,"max_hp_loss":0,"event_name":"Living Wall","floor":13,"gold_loss":0,"cards_upgraded":["bronze:Flail"]},{"damage_healed":0,"gold_gain":0,"player_choice":"Read","damage_taken":0,"max_hp_gain":0,"max_hp_loss":0,"event_name":"The Library","floor":25,"gold_loss":0,"cards_obtained":["bronze:Iterate"]},{"damage_healed":0,"gold_gain":0,"player_choice":"Relic","damage_taken":0,"max_hp_gain":0,"max_hp_loss":0,"event_name":"Wheel of Change","floor":29,"gold_loss":0},{"damage_healed":0,"gold_gain":0,"player_choice":"Ignored","damage_taken":0,"max_hp_gain":0,"max_hp_loss":0,"event_name":"Ghosts","floor":31,"gold_loss":0}],"is_beta":false,"boss_relics":[{"not_picked":["Snecko Eye","Pandora\u0027s Box"],"picked":"Busted Crown"},{"not_picked":["Velvet Choker","Sozu"],"picked":"bronze:PlatinumCore"}],"items_purged_floors":[40],"is_endless":false,"potions_floor_spawned":[3,5,8,14,15,19,27,32,36,37,39,45,49],"killed_by":"WA_ARCHETYPE_DIVINITY","ascension_level":3}}