{"host":"5w7hw1ne5h7avrl9","time":1612336398,"event":{"mods":["AchievementEnabler","BaseMod","Colored Map","Colored Powertips","Displayed Cursed Tome","Googly Eyes","Minty Spire (QoL Compilation)","SuperFastMode"],"gold_per_floor":[109,109,120,135,60,60,60,60,60,60,60,74,90,117,117,117,117],"floor_reached":16,"language":"ENG","playtime":826,"items_purged":["Strike_P"],"score":105,"play_id":"338dca92-df54-4df0-a2c9-2677f3d4270b","local_time":"20210202231318","is_ascension_mode":true,"campfire_choices":[{"data":"Evaluate","floor":6,"key":"SMITH"},{"data":"Adaptation","floor":10,"key":"SMITH"},{"data":"Eruption","floor":15,"key":"SMITH"}],"circlet_count":0,"master_deck":["Strike_P","Strike_P","Strike_P","Defend_P","Defend_P","Defend_P","Eruption+1","Vigilance","Adaptation+1","Evaluate+1","FollowUp","JustLucky"],"relics":["Runic Dome","PreservedInsect","Ornamental Fan","Sundial","GoldenEye"],"acts_visited":["Exordium"],"potions_floor_usage":[4],"damage_taken":[{"damage":11,"enemies":"Jaw Worm","floor":1,"turns":5},{"damage":0,"enemies":"Cultist","floor":3,"turns":4},{"damage":0,"enemies":"Small Slimes","floor":4,"turns":3},{"damage":0,"enemies":"Blue Slaver","floor":12,"turns":3},{"damage":3,"enemies":"Exordium Thugs","floor":13,"turns":5},{"damage":8,"enemies":"Gremlin Nob","floor":14,"turns":3},{"damage":57,"enemies":"Hexaghost","floor":16,"turns":11}],"seed_played":"9096820668266500383","potions_obtained":[{"floor":1,"key":"EntropicBrew"},{"floor":4,"key":"Fruit Juice"}],"is_trial":false,"path_per_floor":["M","?","M","M","$","R","$","?","T","R","T","M","M","E","R","B"],"character_chosen":"WATCHER","items_purchased":[],"campfire_rested":0,"item_purchase_floors":[],"current_hp_per_floor":[61,61,61,66,66,66,66,66,66,66,66,66,63,55,55,0,0],"gold":117,"neow_bonus":"BOSS_RELIC","is_daily":false,"chose_seed":false,"campfire_upgraded":3,"win_rate":0.0,"timestamp":1612336398,"path_taken":["M","?","?","M","?","R","$","?","T","R","?","M","?","E","R","BOSS"],"items_purchased_type":[],"build_version":"2020-12-22","purchased_purges":1,"victory":false,"max_hp_per_floor":[72,72,72,77,77,77,77,77,77,77,77,77,77,77,77,77,77],"card_choices":[{"not_picked":["Pray","CrushJoints","BowlingBash"],"picked":"SKIP","floor":1},{"not_picked":["ThirdEye","MentalFortress"],"picked":"Adaptation","floor":3},{"not_picked":["Worship","TalkToTheHand"],"picked":"Evaluate","floor":4},{"not_picked":["ThirdEye","InnerPeace","Evaluate"],"picked":"SKIP","floor":12},{"not_picked":["WreathOfFlame","EmptyMind"],"picked":"FollowUp","floor":13},{"not_picked":["Swivel","SashWhip"],"picked":"JustLucky","floor":14}],"player_experience":168259,"relics_obtained":[{"floor":9,"key":"Ornamental Fan"},{"floor":11,"key":"Sundial"},{"floor":14,"key":"GoldenEye"}],"event_choices":[{"damage_healed":0,"gold_gain":0,"player_choice":"Gave Potion","damage_taken":0,"relics_obtained":["PreservedInsect"],"max_hp_gain":0,"max_hp_loss":0,"event_name":"WeMeetAgain","floor":2,"gold_loss":0},{"cards_removed":["Defend_P"],"damage_healed":0,"gold_gain":0,"player_choice":"Forget","damage_taken":0,"max_hp_gain":0,"max_hp_loss":0,"event_name":"Living Wall","floor":8,"gold_loss":0}],"is_beta":false,"boss_relics":[],"items_purged_floors":[5],"is_endless":false,"potions_floor_spawned":[1,4],"killed_by":"Hexaghost","ascension_level":1}}