{"host":"5spr8tig1ba228ju","time":1612338854,"event":{"mods":["Arknights","BaseMod","Bestiary","Colored Map","Colored Powertips","Curses Come First","Energized Spire","Highlight Path","Hubris","Minty Spire (QoL Compilation)","Quick Restart","Relic Stats","Reliquary","Replay The Spire","StSLib","SuperFastMode","The Jungle","¡¾ÒÅÎï¿¨ÅÆ¡¿REMEMod"],"gold_per_floor":[110,128,148,148,74,74,74],"floor_reached":6,"language":"ZHS","playtime":381,"items_purged":[],"score":81,"play_id":"38cd0e87-2b4c-4b65-9ac6-5eb591b280d1","local_time":"20210203155414","is_ascension_mode":true,"campfire_choices":[],"circlet_count":0,"master_deck":["AscendersBane","Strike_G","Strike_G","Strike_G","Strike_G","Strike_G","Defend_G","Defend_G","Defend_G","Defend_G","Defend_G","Survivor","Neutralize","ats:Disruption Kick+1","AbeCurse","Underhanded Strike","hubris:Counter","Masterful Stab","Caltrops"],"relics":["REME_ComplimentaryCards","Abe\u0027s Treasure","ats:Originium"],"acts_visited":["Exordium"],"potions_floor_usage":[],"damage_taken":[{"damage":4.0,"enemies":"2 Louse","floor":1.0,"turns":4.0},{"damage":1.0,"enemies":"Cultist","floor":2.0,"turns":5.0},{"damage":7.0,"enemies":"Small Slimes","floor":3.0,"turns":3.0},{"damage":42,"enemies":"3 Sentries","floor":6,"turns":11}],"seed_played":"-8051711239018169614","potions_obtained":[],"is_trial":false,"path_per_floor":["M","M","M","?","$","E"],"character_chosen":"THE_SILENT","items_purchased":["Caltrops"],"campfire_rested":0,"item_purchase_floors":[5],"current_hp_per_floor":[55,54,47,47,47,5,5],"gold":74,"neow_bonus":"BOSS_RELIC","is_daily":false,"chose_seed":false,"campfire_upgraded":0,"win_rate":0.0,"timestamp":1612338854,"path_taken":["M","M","M","?","?","E"],"items_purchased_type":["Card"],"build_version":"2020-12-22","purchased_purges":0,"victory":false,"max_hp_per_floor":[66,66,66,66,66,66,66],"relic_stats":{"counters":[4,23],"obtain_stats":[{"ats:Originium":6,"Abe\u0027s Treasure":0,"Ring of the Snake":0,"REME_ComplimentaryCards":0},{"ats:Originium":4,"Abe\u0027s Treasure":0,"Ring of the Snake":0,"REME_ComplimentaryCards":0},{"ats:Originium":23,"Abe\u0027s Treasure":0,"Ring of the Snake":0,"REME_ComplimentaryCards":0}]},"card_choices":[{"not_picked":["Calculated Gamble","Poisoned Stab"],"picked":"Underhanded Strike","floor":1.0},{"not_picked":["hubris:TrickCloak","Acrobatics"],"picked":"hubris:Counter","floor":2.0},{"not_picked":["Dagger Spray","Slice"],"picked":"Masterful Stab","floor":3.0}],"player_experience":644583,"relics_obtained":[{"floor":6,"key":"ats:Originium"}],"event_choices":[{"damage_healed":0.0,"max_hp_gain":0.0,"max_hp_loss":0.0,"gold_gain":0.0,"event_name":"Upgrade Shrine","player_choice":"Upgraded","floor":4.0,"gold_loss":0.0,"damage_taken":0.0,"cards_upgraded":["ats:Disruption Kick"]}],"is_beta":false,"boss_relics":[],"items_purged_floors":[],"is_endless":false,"potions_floor_spawned":[6],"killed_by":"3 Sentries","ascension_level":15}}