{"host":"xp5rvh2jwe2ejyfm","time":1612395350,"event":{"mods":["Aspiration","BaseMod","BetterRewards","Colored Powertips","Conspire","Downfall","GifTheSpireLib","Gremlin Mod","Hermit","Hubris","Jorbs\u0027s Wanderer Trilogy","Minty Spire (QoL Compilation)","Replay The Spire","Robot Space Explorer","Shade Mod","Somnambulant","StSLib","The Bug Knight","The Clintock","The Construct","The Cursed","The Disciple","The Forsaken","The Hierophant","The Necromancer","The Runesmith","The Servant 0.9.4","The Valiant","The Witch","thorton"],"gold_per_floor":[118,130,130,146,163,163,163],"floor_reached":6,"language":"ENG","playtime":244,"items_purged":[],"score":38,"play_id":"d834e331-e270-4527-bbd6-3ee043be8af8","local_time":"20210203183550","is_ascension_mode":false,"campfire_choices":[],"circlet_count":0,"master_deck":["Shade:Strike_Shade","Shade:Strike_Shade","Shade:Strike_Shade","Shade:Strike_Shade","Shade:Defend_Shade","Shade:Defend_Shade","Shade:Defend_Shade","Shade:Defend_Shade","Shade:AnimateDead","Shade:CarefulCut","Madness","Shade:CallWraith","Shade:Bite_Shade","theForsaken:PlagueCurse","Shade:Bonestorm","Shade:SkeletonArmy"],"relics":["Shade:YorickSkull","theForsaken:PlagueMask"],"acts_visited":["Exordium"],"potions_floor_usage":[6],"damage_taken":[{"damage":4,"enemies":"conspire:RoseBush","floor":1,"turns":3},{"damage":7,"enemies":"2 Louse","floor":2,"turns":3},{"damage":3,"enemies":"Jaw Worm","floor":4,"turns":3},{"damage":7,"enemies":"Blue Slaver","floor":5,"turns":2},{"damage":51,"enemies":"3 Sentries","floor":6,"turns":8}],"seed_played":"-5568554849663432213","potions_obtained":[{"floor":1,"key":"SpeedPotion"},{"floor":2,"key":"Reflective Coating"},{"floor":5,"key":"Adrenaline Potion"}],"is_trial":false,"path_per_floor":["M","M","?","M","M","E"],"character_chosen":"SHADE","items_purchased":[],"campfire_rested":0,"item_purchase_floors":[],"current_hp_per_floor":[61,54,54,53,46,0,0],"gold":163,"neow_bonus":"RANDOM_COLORLESS","is_daily":false,"chose_seed":false,"campfire_upgraded":0,"win_rate":0.0,"timestamp":1612395350,"path_taken":["M","M","?","M","M","E"],"items_purchased_type":[],"build_version":"2020-12-22","purchased_purges":0,"victory":false,"max_hp_per_floor":[65,65,65,65,65,65,65],"card_choices":[{"not_picked":["Replay:Parry","Swift Strike"],"picked":"Madness","floor":0},{"not_picked":["Shade:Asphyxiate","Shade:Premonition"],"picked":"Shade:CallWraith","floor":1},{"not_picked":["Shade:BoneShards","Shade:Trample"],"picked":"Shade:Bite_Shade","floor":2},{"not_picked":["Shade:FuneraryArmor","Shade:SpectralStrikes"],"picked":"Shade:Bonestorm","floor":4},{"not_picked":["Shade:GreyBargain","Shade:Bonestorm"],"picked":"Shade:SkeletonArmy","floor":5}],"player_experience":408442,"relics_obtained":[],"event_choices":[{"damage_healed":0,"gold_gain":0,"player_choice":"Obtain Plague Curse","damage_taken":0,"max_hp_gain":0,"max_hp_loss":0,"event_name":"Plague Doctor","floor":3,"gold_loss":0,"cards_obtained":["theForsaken:PlagueCurse"]}],"is_beta":false,"boss_relics":[],"items_purged_floors":[],"is_endless":false,"potions_floor_spawned":[1,2,5],"killed_by":"3 Sentries","ascension_level":0}}