{"host":"a1eatafr7pisesky","time":1612351765,"event":{"mods":["AchievementEnabler","BaseMod","Colored Map","Keyboard Shortcuts","Minty Spire (QoL Compilation)","Say the Spire","StSLib","SuperFastMode","everything is the same but u backflip on backflip"],"gold_per_floor":[114,192,192,192,208,236,236,261,286,303,158,187,212,124,124,200,200,219,269,144,161,11,11,28,28,28,44,74,74,74,74],"floor_reached":30,"language":"KOR","playtime":504,"items_purged":["Defend_P","Defend_P","Defend_P","Strike_P"],"score":546,"play_id":"c1381fb2-9f38-4cc7-b13d-4675a2a8f8bd","local_time":"20210203202925","is_ascension_mode":true,"campfire_choices":[{"data":"Eruption","floor":7.0,"key":"SMITH"},{"data":"Adaptation","floor":15.0,"key":"SMITH"},{"data":"Scrawl","floor":23.0,"key":"SMITH"},{"data":"BowlingBash","floor":25.0,"key":"SMITH"}],"circlet_count":0,"master_deck":["AscendersBane","Strike_P","Strike_P","Strike_P","Defend_P","Eruption+1","Vigilance","CarveReality","CarveReality","EmptyFist","Adaptation+1","BowlingBash+1","Scrawl+1","FlurryOfBlows+1"],"relics":["SacredBark","Singing Bowl","Eternal Feather","Happy Flower","Omamori","MawBank","VioletLotus","Bag of Preparation","Vajra"],"acts_visited":["Exordium","TheCity"],"potions_floor_usage":[],"damage_taken":[{"damage":2.0,"enemies":"Cultist","floor":1.0,"turns":4.0},{"damage":2.0,"enemies":"Jaw Worm","floor":5.0,"turns":3.0},{"damage":0.0,"enemies":"Gremlin Nob","floor":6.0,"turns":2.0},{"damage":27.0,"enemies":"3 Sentries","floor":8.0,"turns":5.0},{"damage":8.0,"enemies":"2 Louse","floor":10.0,"turns":2.0},{"damage":0.0,"enemies":"Gremlin Nob","floor":12.0,"turns":2.0},{"damage":0.0,"enemies":"Large Slime","floor":13.0,"turns":4.0},{"damage":28.0,"enemies":"The Guardian","floor":16.0,"turns":8.0},{"damage":0.0,"enemies":"Spheric Guardian","floor":18.0,"turns":2.0},{"damage":20.0,"enemies":"2 Thieves","floor":21.0,"turns":3.0},{"damage":30.0,"enemies":"Centurion and Healer","floor":24.0,"turns":3.0},{"damage":0.0,"enemies":"3 Cultists","floor":27.0,"turns":2.0},{"damage":19.0,"enemies":"Book of Stabbing","floor":28.0,"turns":3.0},{"damage":0,"enemies":"Gremlin Leader","floor":30,"turns":1}],"seed_played":"7959299994146892169","potions_obtained":[{"floor":1.0,"key":"GamblersBrew"},{"floor":5.0,"key":"Fire Potion"},{"floor":10.0,"key":"Fire Potion"},{"floor":12.0,"key":"DuplicationPotion"},{"floor":13.0,"key":"Strength Potion"},{"floor":16.0,"key":"DuplicationPotion"}],"is_trial":false,"path_per_floor":["M","T","?","?","M","E","R","E","T","M","$","E","M","$","R","B",null,"M","?","$","M","$","R","M","R","T","M","E","?","E"],"character_chosen":"WATCHER","items_purchased":["Adaptation"],"campfire_rested":0,"item_purchase_floors":[11],"current_hp_per_floor":[63,63,51,56,56,56,62,35,35,29,29,29,31,31,37,9,65,65,65,65,47,47,53,25,31,31,33,16,10,10,10],"gold":74,"neow_bonus":"BOSS_RELIC","is_daily":false,"chose_seed":false,"campfire_upgraded":4,"win_rate":0.0,"timestamp":1612351765,"path_taken":["M","?","?","?","M","E","R","E","T","M","$","E","M","$","R","BOSS","M","?","$","M","$","R","M","R","T","?","E","?","E"],"items_purchased_type":["Card"],"build_version":"2020-12-22","purchased_purges":4,"victory":false,"max_hp_per_floor":[72,72,72,77,79,79,79,79,79,81,81,81,83,83,83,83,83,83,83,83,85,85,85,87,87,87,89,91,91,91,91],"card_choices":[{"not_picked":["Collect","CrushJoints"],"picked":"CarveReality","floor":1.0},{"not_picked":["Meditate","Halt","Wireheading"],"picked":"Singing Bowl","floor":5.0},{"not_picked":["CutThroughFate","CrushJoints"],"picked":"CarveReality","floor":6.0},{"not_picked":["DeusExMachina","CrushJoints"],"picked":"EmptyFist","floor":8.0},{"not_picked":["SignatureMove","Nirvana","CutThroughFate"],"picked":"Singing Bowl","floor":10.0},{"not_picked":["Indignation","FollowUp"],"picked":"BowlingBash","floor":12.0},{"not_picked":["FollowUp","Wish","Fasting2"],"picked":"Singing Bowl","floor":13.0},{"not_picked":["DeusExMachina","Establishment"],"picked":"Scrawl","floor":16.0},{"not_picked":["FollowUp","Halt"],"picked":"FlurryOfBlows+1","floor":18.0},{"not_picked":["Halt","Nirvana","EmptyBody"],"picked":"Singing Bowl","floor":21.0},{"not_picked":["BowlingBash","PathToVictory","Halt"],"picked":"Singing Bowl","floor":24.0},{"not_picked":["ClearTheMind+1","Crescendo","EmptyBody"],"picked":"Singing Bowl","floor":27.0},{"not_picked":["WindmillStrike+1","Crescendo","WreathOfFlame"],"picked":"Singing Bowl","floor":28.0}],"player_experience":396523,"relics_obtained":[{"floor":6.0,"key":"Eternal Feather"},{"floor":8.0,"key":"Happy Flower"},{"floor":9.0,"key":"Omamori"},{"floor":12.0,"key":"MawBank"},{"floor":26.0,"key":"Bag of Preparation"},{"floor":28.0,"key":"Vajra"}],"event_choices":[{"damage_healed":0.0,"max_hp_gain":0.0,"max_hp_loss":0.0,"gold_gain":0.0,"event_name":"Scrap Ooze","player_choice":"Success","floor":3.0,"gold_loss":0.0,"damage_taken":12.0,"relics_obtained":["Singing Bowl"]},{"damage_healed":0.0,"max_hp_gain":5.0,"max_hp_loss":0.0,"gold_gain":0.0,"event_name":"Big Fish","player_choice":"Donut","floor":4.0,"gold_loss":0.0,"damage_taken":0.0},{"damage_healed":0.0,"max_hp_gain":0.0,"max_hp_loss":0.0,"gold_gain":100.0,"event_name":"The Joust","player_choice":"Bet on Murderer","floor":19.0,"gold_loss":50.0,"damage_taken":0.0},{"damage_healed":0.0,"max_hp_gain":0.0,"max_hp_loss":0.0,"gold_gain":0.0,"event_name":"Knowing Skull","player_choice":"","floor":29.0,"potions_obtained":[],"gold_loss":0.0,"damage_taken":6.0,"cards_obtained":[]}],"is_beta":false,"boss_relics":[{"not_picked":["Sozu","Empty Cage"],"picked":"VioletLotus"}],"items_purged_floors":[11,14,20,22],"is_endless":false,"potions_floor_spawned":[1,5,10,12,13,16,18,21,24],"killed_by":"Gremlin Leader","ascension_level":13}}