{"host":"d61fcf2p3sjwe6yo","time":1612365490,"event":{"mods":["Act Like it!","BaseMod","Colored Map","Gensokyo","Marisa????????","Minty Spire (QoL Compilation)","StSLib","SuperFastMode"],"gold_per_floor":[109,109,109,125,135,166,166,194,194,223,12,25,25,25,25,129,129,446,100,100,112,127,127,127],"floor_reached":23,"language":"ENG","playtime":1466,"items_purged":[],"score":295,"play_id":"6a4e5426-10a8-4df6-80f3-ada8656e57cc","local_time":"20210203181810","is_ascension_mode":true,"campfire_choices":[{"data":"FinalSpark","floor":13,"key":"SMITH"},{"data":"SprinkleStarSeal","floor":15,"key":"SMITH"}],"circlet_count":0,"master_deck":["Strike_MRS","Strike_MRS","Defend_MRS","Defend_MRS","Defend_MRS","Defend_MRS","MasterSpark","UpSweep","NonDirectionalLaser","AsteroidBelt","GalacticHalo","FinalSpark+1","FairyDestructionRay","SprinkleStarSeal+1","MillisecondPulsars","RefractionSpark+1","AsteroidBelt","JA","JA","StarBarrage+1","Gensokyo:ScrapIron","Gensokyo:LockedMedkit","Gensokyo:RustyChest","Gensokyo:DepletedGenerator","Gensokyo:TarnishedGold","EarthLightRay","MilkyWay"],"relics":["BewitchedHakkero","Gensokyo:PerfectCherryBlossom","Pantograph","InkBottle","Happy Flower","Smiling Mask","MealTicket","Toolbox","Ginger"],"acts_visited":["Gensokyo:Gensokyo","Gensokyo:Gensokyoer"],"potions_floor_usage":[22],"damage_taken":[{"damage":0,"enemies":"Gensokyo:3_Fairies","floor":1,"turns":3},{"damage":1,"enemies":"Gensokyo:2_Kodama","floor":4,"turns":5},{"damage":1,"enemies":"Gensokyo:Gryphon","floor":5,"turns":4},{"damage":12,"enemies":"Gensokyo:Cirno","floor":6,"turns":5},{"damage":9,"enemies":"Gensokyo:Aya","floor":8,"turns":6},{"damage":13,"enemies":"Gensokyo:Mamizou","floor":10,"turns":9},{"damage":9,"enemies":"Gensokyo:CorruptedTreant","floor":12,"turns":6},{"damage":0,"enemies":"Gensokyo:Reimu","floor":16,"turns":9},{"damage":47,"enemies":"Gensokyo:3_Dogs","floor":18,"turns":8},{"damage":49,"enemies":"Gensokyo:2_Gloops","floor":21,"turns":6},{"damage":4,"enemies":"Gensokyo:Wraith","floor":22,"turns":3},{"damage":22,"enemies":"Gensokyo:Tenshi","floor":23,"turns":1}],"seed_played":"8587730144302770659","potions_obtained":[{"floor":1,"key":"PowerPotion"},{"floor":8,"key":"SteroidPotion"},{"floor":16,"key":"BlessingOfTheForge"},{"floor":21,"key":"Block Potion"}],"is_trial":false,"path_per_floor":["M","?","?","M","M","E","?","E","T","E","COS","M","R","T","R","B",null,"M","COS","?","M","M","E"],"character_chosen":"MARISA","items_purchased":[],"campfire_rested":0,"item_purchase_floors":[],"current_hp_per_floor":[82,82,66,65,64,62,62,53,53,40,40,31,31,31,31,56,92,45,45,45,2,2,0,0],"gold":127,"neow_bonus":"TEN_PERCENT_HP_BONUS","is_daily":false,"chose_seed":false,"campfire_upgraded":2,"win_rate":0.0,"timestamp":1612365490,"path_taken":["M","?","?","M","M","E","?","E","T","E","COS","M","R","?","R","BOSS","M","COS","?","M","M","E"],"items_purchased_type":[],"build_version":"2020-12-22","purchased_purges":0,"victory":false,"max_hp_per_floor":[82,82,82,82,82,92,92,92,92,92,92,92,92,92,92,92,92,92,92,92,92,92,92,92],"card_choices":[{"not_picked":["StarBarrage","Acceleration"],"picked":"NonDirectionalLaser","floor":1},{"not_picked":["GrandCross","MagicChant"],"picked":"AsteroidBelt","floor":2},{"not_picked":["GravityBeat","LuminesStrike"],"picked":"GalacticHalo","floor":2},{"not_picked":["NonDirectionalLaser","DC"],"picked":"FinalSpark","floor":4},{"not_picked":["DC","6A"],"picked":"FairyDestructionRay","floor":5},{"not_picked":["EventHorizon","PulseMagic"],"picked":"SprinkleStarSeal","floor":6},{"not_picked":["Singularity","PowerUp","BigCrunch"],"picked":"SKIP","floor":8},{"not_picked":["Acceleration","MilkyWay"],"picked":"MillisecondPulsars","floor":10},{"not_picked":["DC+1","MeteoricShower+1"],"picked":"RefractionSpark+1","floor":12},{"not_picked":["SporeBomb","GalacticHalo"],"picked":"AsteroidBelt","floor":12},{"not_picked":["CollectingQuirk","SuperNova"],"picked":"JA","floor":16},{"not_picked":["UltimateShortwave","AbsoluteMagnitude"],"picked":"JA","floor":16},{"not_picked":["GasGiant","SprinkleStarSeal"],"picked":"StarBarrage+1","floor":18},{"not_picked":["UnstableBomb","PowerUp+1","NonDirectionalLaser"],"picked":"SKIP","floor":21},{"not_picked":["MysteriousBeam","Singularity"],"picked":"MilkyWay","floor":22}],"player_experience":242211,"relics_obtained":[{"floor":6,"key":"Pear"},{"floor":8,"key":"Pantograph"},{"floor":9,"key":"InkBottle"},{"floor":10,"key":"Happy Flower"},{"floor":14,"key":"Smiling Mask"}],"event_choices":[],"is_beta":false,"boss_relics":[{"not_picked":["SlaversCollar","Ectoplasm"],"picked":"BewitchedHakkero"}],"items_purged_floors":[],"is_endless":false,"potions_floor_spawned":[1,8,16,21],"killed_by":"Gensokyo:Tenshi","ascension_level":1}}