{"host":"7iv10lxbxedtd0qh","time":1612395734,"event":{"mods":["BaseMod","Colored Map","Colored Powertips","Downfall","Minty Spire (QoL Compilation)","StSLib"],"gold_per_floor":[0,11,28,28,45,45,45,58,89,89,89,102,134,144,163,163,163,163],"floor_reached":16,"language":"ENG","playtime":798,"items_purged":[],"score":154,"play_id":"2293d164-38c8-4e46-93a8-e6c4e7bdd3f5","local_time":"20210204004214","is_ascension_mode":true,"campfire_choices":[{"data":"Guardian:TwinSlam","floor":1,"key":"SMITH"},{"data":"Guardian:PolyBeam","floor":6,"key":"SMITH"}],"circlet_count":0,"master_deck":["Guardian:Strike_Guardian","Guardian:Strike_Guardian","Guardian:Strike_Guardian","Guardian:Strike_Guardian","Guardian:Defend_Guardian","Guardian:Defend_Guardian","Guardian:Defend_Guardian","Guardian:Defend_Guardian","Guardian:CurlUp","Guardian:TwinSlam+1","Secret Weapon","Guardian:PolyBeam+1","Guardian:BronzeArmor","Guardian:PrimingBeam","Guardian:Gem_Synthetic","Guardian:Gem_Purple","Guardian:ChargeUp"],"relics":["Guardian:ModeShifter","Oddly Smooth Stone","HornCleat","Guardian:PickAxe","Regal Pillow"],"acts_visited":["Exordium"],"potions_floor_usage":[13,16,16],"damage_taken":[{"damage":7,"enemies":"Jaw Worm","floor":2,"turns":4},{"damage":0,"enemies":"Small Slimes","floor":3,"turns":2},{"damage":2,"enemies":"2 Louse","floor":5,"turns":2},{"damage":27,"enemies":"Gremlin Gang","floor":8,"turns":5},{"damage":14,"enemies":"3 Sentries","floor":9,"turns":11},{"damage":8,"enemies":"Lots of Slimes","floor":12,"turns":5},{"damage":7,"enemies":"Gremlin Nob","floor":13,"turns":5},{"damage":1,"enemies":"Blue Slaver","floor":14,"turns":3},{"damage":0,"enemies":"Exordium Thugs","floor":15,"turns":6},{"damage":4,"enemies":"DF_ARCHETYPE_STREAMLINE","floor":16,"turns":5}],"seed_played":"2316582595679348537","potions_obtained":[{"floor":3,"key":"Weak Potion"},{"floor":5,"key":"Weak Potion"},{"floor":13,"key":"Energy Potion"},{"floor":14,"key":"Guardian:AcceleratePotion"}],"is_trial":false,"path_per_floor":["R","M","M","?","M","R","T","M","E","?","R","M","E","M","M","B"],"character_chosen":"GUARDIAN","items_purchased":[],"campfire_rested":0,"item_purchase_floors":[],"current_hp_per_floor":[72,65,65,62,60,60,60,33,19,19,19,11,4,3,3,0,0,0],"gold":163,"neow_bonus":"RANDOM_COLORLESS_2","is_daily":false,"chose_seed":false,"campfire_upgraded":2,"win_rate":0.0,"timestamp":1612395734,"path_taken":["R","M","M","?","M","R","T","M","E","?","R","M","E","M","M","BOSS"],"items_purchased_type":[],"build_version":"2020-12-22","purchased_purges":0,"victory":false,"max_hp_per_floor":[80,80,80,80,80,80,80,80,80,80,80,80,80,80,80,80,80,80],"card_choices":[{"not_picked":["Secret Technique","Metamorphosis"],"picked":"Secret Weapon","floor":0},{"not_picked":["Guardian:Gem_Red","Guardian:Gem_Blue"],"picked":"Guardian:PolyBeam","floor":2},{"not_picked":["Guardian:ChargeCore","Guardian:PiercingHide"],"picked":"Guardian:BronzeArmor","floor":3},{"not_picked":["Guardian:Gem_Cyan","Guardian:CrystalBeam"],"picked":"Guardian:Gem_White","floor":5},{"not_picked":["Guardian:TemporalShield","Guardian:Recover"],"picked":"Guardian:PrimingBeam","floor":8},{"not_picked":["Guardian:PiercingHide","Guardian:Suspension"],"picked":"Guardian:Gem_Orange","floor":9},{"not_picked":["Guardian:Reroute","Guardian:BronzeOrb","Guardian:RefractedBeam"],"picked":"SKIP","floor":12},{"not_picked":["Guardian:ArmoredProtocol","Guardian:WalkerClaw","Guardian:PiercingHide"],"picked":"SKIP","floor":13},{"not_picked":["Guardian:Incinerate","Guardian:ShieldSpikes"],"picked":"Guardian:ChargeUp","floor":14},{"not_picked":["Guardian:Incinerate","Guardian:Suspension","Guardian:Planning"],"picked":"SKIP","floor":15}],"player_experience":818507,"relics_obtained":[{"floor":7,"key":"HornCleat"},{"floor":9,"key":"Guardian:PickAxe"},{"floor":13,"key":"Regal Pillow"}],"event_choices":[{"damage_healed":0,"gold_gain":0,"player_choice":"Success","damage_taken":3,"relics_obtained":["Oddly Smooth Stone"],"max_hp_gain":0,"max_hp_loss":0,"event_name":"Scrap Ooze","floor":4,"gold_loss":0}],"is_beta":false,"boss_relics":[],"items_purged_floors":[],"is_endless":false,"potions_floor_spawned":[3,5,13,14],"killed_by":"DF_ARCHETYPE_STREAMLINE","ascension_level":7}}