{"host":"5jyeqch4fosnsiz2","time":1612392920,"event":{"mods":["BaseMod","Bestiary","Colored Map","Colored Powertips","Filter the Spire","Minty Spire (QoL Compilation)","Relic Stats","StSLib","Waifu the Spire","ojb\u0027s Better Paths Mod","ojb\u0027s Info Mod"],"gold_per_floor":[112,112,126,145,145,145,174,190,239,239,274,352,371,383,383,479,479,496,510,510,510,556,556,556,556,556,572,603,616,634,659,659,659,659],"floor_reached":33,"language":"ENG","playtime":3923,"items_purged":[],"score":322,"play_id":"673eb763-cb9e-45b1-b8de-713ac53e1283","local_time":"20210203175520","is_ascension_mode":false,"campfire_choices":[{"data":"Finesse","floor":6,"key":"SMITH"},{"data":"Blade Dance","floor":10,"key":"SMITH"},{"data":"Accuracy","floor":15,"key":"SMITH"},{"data":"J.A.X.","floor":23,"key":"SMITH"},{"data":"Night Terror","floor":32,"key":"SMITH"}],"circlet_count":0,"master_deck":["Defend_G","Defend_G","Defend_G","Defend_G+1","Defend_G","Survivor","Neutralize","Acrobatics","Finesse+1","Blade Dance+1","Poisoned Stab+1","Accuracy+1","PiercingWail","Flying Knee","Tools of the Trade","Noxious Fumes","Bane+1","J.A.X.+1","Bite","Bite","Bite","Bite","Bite","Footwork+1","Night Terror+1"],"relics":["Ring of the Snake","Tiny Chest","Matryoshka","Boot","Pen Nib","Torii","Question Card","Meat on the Bone","SlaversCollar","Lantern","Enchiridion","StoneCalendar","Snake Skull"],"acts_visited":["Exordium","TheCity"],"potions_floor_usage":[16,16,16,16,16,27,28,30,30],"damage_taken":[{"damage":2,"enemies":"2 Louse","floor":1,"turns":3},{"damage":2,"enemies":"Cultist","floor":3,"turns":5},{"damage":1,"enemies":"Jaw Worm","floor":4,"turns":4},{"damage":13,"enemies":"3 Sentries","floor":7,"turns":9},{"damage":2,"enemies":"Looter","floor":8,"turns":3},{"damage":19,"enemies":"Lagavulin","floor":11,"turns":4},{"damage":0,"enemies":"Lots of Slimes","floor":13,"turns":3},{"damage":0,"enemies":"Blue Slaver","floor":14,"turns":2},{"damage":16,"enemies":"The Guardian","floor":16,"turns":16},{"damage":26,"enemies":"Spheric Guardian","floor":18,"turns":4},{"damage":5,"enemies":"3 Byrds","floor":19,"turns":4},{"damage":22,"enemies":"Cultist and Chosen","floor":27,"turns":6},{"damage":13,"enemies":"Gremlin Leader","floor":28,"turns":5},{"damage":0,"enemies":"Snecko","floor":29,"turns":3},{"damage":45,"enemies":"Sentry and Sphere","floor":30,"turns":6},{"damage":13,"enemies":"Slavers","floor":31,"turns":4},{"damage":37,"enemies":"Collector","floor":33,"turns":5}],"seed_played":"-7861455656223191402","potions_obtained":[{"floor":4,"key":"SpeedPotion"},{"floor":8,"key":"EntropicBrew"},{"floor":13,"key":"BlessingOfTheForge"},{"floor":18,"key":"DuplicationPotion"},{"floor":19,"key":"GamblersBrew"},{"floor":27,"key":"Fire Potion"}],"is_trial":false,"path_per_floor":["M","?","M","M","?","R","E","M","T","R","E","T","M","M","R","B",null,"M","M","?","?","T","R","?","?","T","M","E","M","M","E","R","B"],"character_chosen":"THE_SILENT","items_purchased":[],"campfire_rested":0,"item_purchase_floors":[],"current_hp_per_floor":[68,68,66,65,51,51,38,36,36,36,17,17,29,41,41,40,70,44,39,39,39,39,39,23,49,49,37,34,40,18,25,25,0,0],"gold":659,"neow_bonus":"RANDOM_COMMON_RELIC","is_daily":false,"chose_seed":false,"campfire_upgraded":5,"win_rate":0.0,"timestamp":1612392920,"path_taken":["M","?","?","M","?","R","E","M","T","R","E","?","?","M","R","BOSS","M","M","?","?","?","R","?","?","T","M","E","?","M","E","R","BOSS"],"items_purchased_type":[],"build_version":"2020-12-22","purchased_purges":0,"victory":false,"max_hp_per_floor":[70,70,70,70,70,70,70,70,70,70,70,70,70,70,70,70,70,70,70,70,49,49,49,49,49,49,49,49,49,49,49,49,49,49],"relic_stats":{"Torii":22,"counters":[17,86],"Tiny Chest":2,"StoneCalendar":[0],"Pen Nib":[17],"Snake Skull":[7],"Boot":[43],"Question Card":10,"obtain_stats":[{"Lantern":22,"Torii":11,"Enchiridion":24,"StoneCalendar":28,"Pen Nib":9,"Snake Skull":31,"Boot":9,"Question Card":12,"SlaversCollar":17,"Matryoshka":7,"Tiny Chest":0,"Ring of the Snake":0,"Meat on the Bone":12},{"Lantern":11,"Torii":6,"Enchiridion":11,"StoneCalendar":13,"Pen Nib":5,"Snake Skull":16,"Boot":5,"Question Card":6,"SlaversCollar":9,"Matryoshka":4,"Tiny Chest":0,"Ring of the Snake":0,"Meat on the Bone":6},{"Lantern":57,"Torii":28,"Enchiridion":57,"StoneCalendar":68,"Pen Nib":24,"Snake Skull":81,"Boot":24,"Question Card":28,"SlaversCollar":49,"Matryoshka":21,"Tiny Chest":0,"Ring of the Snake":0,"Meat on the Bone":28}],"Ring of the Snake":[34],"Meat on the Bone":48},"card_choices":[{"not_picked":["Expertise","Distraction"],"picked":"Acrobatics","floor":1},{"not_picked":["Prepared","Noxious Fumes"],"picked":"Blade Dance","floor":3},{"not_picked":["Finisher","Bane"],"picked":"Poisoned Stab","floor":4},{"not_picked":["Sucker Punch","Concentrate"],"picked":"Accuracy","floor":7},{"not_picked":["Setup","Concentrate","Dodge and Roll"],"picked":"SKIP","floor":8},{"not_picked":["Dagger Throw","Outmaneuver"],"picked":"PiercingWail","floor":11},{"not_picked":["A Thousand Cuts","Dodge and Roll","Acrobatics","Quick Slash"],"picked":"SKIP","floor":13},{"not_picked":["Skewer","Flechettes","Quick Slash"],"picked":"Flying Knee","floor":14},{"not_picked":["A Thousand Cuts","Venomology","Glass Knife"],"picked":"Tools of the Trade","floor":16},{"not_picked":["Acrobatics","Flechettes","Outmaneuver"],"picked":"Noxious Fumes","floor":18},{"not_picked":["Backflip","PiercingWail","Dash"],"picked":"Bane+1","floor":19},{"not_picked":["Dagger Throw","Dodge and Roll","Flying Knee"],"picked":"Footwork+1","floor":27},{"not_picked":["Heel Hook","Footwork","Quick Slash"],"picked":"Night Terror","floor":28},{"not_picked":["Eviscerate","Choke","Deadly Poison","Poisoned Stab"],"picked":"SKIP","floor":29},{"not_picked":["Sucker Punch","Slice","Night Terror","All Out Attack"],"picked":"SKIP","floor":30},{"not_picked":["Dodge and Roll","Envenom","PiercingWail","Dagger Throw"],"picked":"SKIP","floor":31}],"player_experience":376173,"relics_obtained":[{"floor":7,"key":"Matryoshka"},{"floor":9,"key":"Boot"},{"floor":9,"key":"Pen Nib"},{"floor":11,"key":"Torii"},{"floor":12,"key":"Question Card"},{"floor":12,"key":"Meat on the Bone"},{"floor":22,"key":"Lantern"},{"floor":24,"key":"Enchiridion"},{"floor":28,"key":"StoneCalendar"},{"floor":31,"key":"Snake Skull"}],"event_choices":[{"damage_healed":0,"gold_gain":0,"player_choice":"1 cards matched","damage_taken":0,"max_hp_gain":0,"max_hp_loss":0,"event_name":"Match and Keep!","floor":2,"gold_loss":0,"cards_obtained":["Finesse"]},{"damage_healed":0,"gold_gain":0,"player_choice":"Entered Light","damage_taken":14,"max_hp_gain":0,"max_hp_loss":0,"event_name":"Shining Light","floor":5,"gold_loss":0,"cards_upgraded":["Defend_G","Poisoned Stab"]},{"damage_healed":0,"gold_gain":0,"player_choice":"Obtain J.A.X.","damage_taken":0,"max_hp_gain":0,"max_hp_loss":0,"event_name":"Drug Dealer","floor":20,"gold_loss":0,"cards_obtained":["J.A.X."]},{"damage_healed":0,"gold_gain":0,"player_choice":"Became a vampire","damage_taken":0,"max_hp_gain":0,"max_hp_loss":21,"event_name":"Vampires","floor":21,"gold_loss":0,"cards_obtained":["Bite","Bite","Bite","Bite","Bite"]},{"damage_healed":0,"gold_gain":0,"player_choice":"Obtained Book","damage_taken":16,"max_hp_gain":0,"max_hp_loss":0,"event_name":"Cursed Tome","floor":24,"gold_loss":0},{"damage_healed":26,"gold_gain":0,"player_choice":"Full Heal","damage_taken":0,"max_hp_gain":0,"max_hp_loss":0,"event_name":"Wheel of Change","floor":25,"gold_loss":0}],"is_beta":false,"boss_relics":[{"not_picked":["Velvet Choker","Sozu"],"picked":"SlaversCollar"}],"items_purged_floors":[],"is_endless":false,"potions_floor_spawned":[4,8,13,18,19,27],"killed_by":"Collector","ascension_level":0}}