{"host":"qjy62f5erwny7xxh","time":1612391812,"event":{"mods":["2.2 Compatiblity","AchievementEnabler","BaseMod","Colored Powertips","Curses Come First","DeckTracker","Minty Spire (QoL Compilation)","StSLib"],"gold_per_floor":[112,125,137,11,31,31,63,63,63,77,77,106,122,179,179,304,304,344,364,32,45,45,94,129,17,86,86,38,102,122,155,155,264,264,283,283,283,308,323,323,349,349,349,349,368,368,401,411,411,411],"floor_reached":51,"language":"ENG","playtime":4902,"items_purged":["Normality"],"score":1135,"play_id":"5ae655dd-4b31-40d1-ab4c-366e8a5a313d","local_time":"20210203223652","is_ascension_mode":true,"campfire_choices":[{"floor":6.0,"key":"REST"},{"data":"DevaForm","floor":8.0,"key":"SMITH"},{"data":"BattleHymn","floor":11.0,"key":"SMITH"},{"data":"Wish","floor":15.0,"key":"SMITH"},{"floor":27.0,"key":"REST"},{"floor":32.0,"key":"REST"},{"floor":40.0,"key":"REST"},{"data":"Worship","floor":44,"key":"SMITH"},{"data":"Omniscience","floor":46,"key":"SMITH"},{"floor":49,"key":"REST"}],"circlet_count":0,"master_deck":["Strike_P","Strike_P","Strike_P","Strike_P","Defend_P","Defend_P","Defend_P","Defend_P","Eruption","Vigilance","BattleHymn+1","DevaForm+1","Protect","EmptyFist","EmptyBody","Crescendo","Wish+1","ThirdEye","ConjureBlade","Omniscience+1","DevaForm+1","SandsOfTime","Consecrate","Worship+1","DeceiveReality","Ragnarok","Omniscience","Prostrate+1","CrushJoints+1","SashWhip+1","Perseverance+1"],"relics":["HolyWater","Incense Burner","Vajra","White Beast Statue","GoldenEye","Gambling Chip","Blood Vial","DollysMirror","CeramicFish","Regal Pillow","Bottled Flame","The Courier","Nunchaku","SacredBark","HornCleat","StoneCalendar"],"acts_visited":["Exordium","TheCity","TheBeyond"],"potions_floor_usage":[41,45,45,45,50,50],"damage_taken":[{"damage":7.0,"enemies":"Cultist","floor":1.0,"turns":3.0},{"damage":2.0,"enemies":"Jaw Worm","floor":2.0,"turns":4.0},{"damage":1.0,"enemies":"2 Louse","floor":3.0,"turns":2.0},{"damage":9.0,"enemies":"Lots of Slimes","floor":5.0,"turns":5.0},{"damage":0.0,"enemies":"Lagavulin","floor":7.0,"turns":5.0},{"damage":3.0,"enemies":"Looter","floor":10.0,"turns":4.0},{"damage":0.0,"enemies":"Gremlin Nob","floor":12.0,"turns":2.0},{"damage":0.0,"enemies":"2 Fungi Beasts","floor":13.0,"turns":2.0},{"damage":0.0,"enemies":"Lagavulin","floor":14.0,"turns":5.0},{"damage":1.0,"enemies":"The Guardian","floor":16.0,"turns":8.0},{"damage":5.0,"enemies":"Shell Parasite","floor":18.0,"turns":3.0},{"damage":15.0,"enemies":"Chosen","floor":19.0,"turns":9.0},{"damage":0.0,"enemies":"Snake Plant","floor":21.0,"turns":3.0},{"damage":17.0,"enemies":"Cultist and Chosen","floor":23.0,"turns":7.0},{"damage":36.0,"enemies":"Slavers","floor":24.0,"turns":9.0},{"damage":15.0,"enemies":"Book of Stabbing","floor":29.0,"turns":4.0},{"damage":0.0,"enemies":"Centurion and Healer","floor":30.0,"turns":6.0},{"damage":0.0,"enemies":"Slavers","floor":31.0,"turns":1.0},{"damage":32.0,"enemies":"Automaton","floor":33.0,"turns":8.0},{"damage":16.0,"enemies":"Orb Walker","floor":35.0,"turns":3.0},{"damage":1.0,"enemies":"3 Darklings","floor":37.0,"turns":2.0},{"damage":0.0,"enemies":"Transient","floor":38.0,"turns":5.0},{"damage":0.0,"enemies":"Sphere and 2 Shapes","floor":39.0,"turns":3.0},{"damage":1,"enemies":"3 Darklings","floor":41,"turns":7},{"damage":16,"enemies":"Transient","floor":45,"turns":5},{"damage":32,"enemies":"Nemesis","floor":47,"turns":9},{"damage":9,"enemies":"4 Shapes","floor":48,"turns":7},{"damage":56,"enemies":"Donu and Deca","floor":50,"turns":11}],"seed_played":"594749593835815504","potions_obtained":[{"floor":1.0,"key":"Weak Potion"},{"floor":7.0,"key":"GamblersBrew"},{"floor":10.0,"key":"SteroidPotion"},{"floor":12.0,"key":"Explosive Potion"},{"floor":13.0,"key":"Energy Potion"},{"floor":14.0,"key":"BottledMiracle"},{"floor":16.0,"key":"SneckoOil"},{"floor":18.0,"key":"Ambrosia"},{"floor":19.0,"key":"Energy Potion"},{"floor":21.0,"key":"Strength Potion"},{"floor":23.0,"key":"SpeedPotion"},{"floor":24.0,"key":"Energy Potion"},{"floor":29.0,"key":"Ambrosia"},{"floor":30.0,"key":"Explosive Potion"},{"floor":31.0,"key":"Dexterity Potion"},{"floor":33.0,"key":"PowerPotion"},{"floor":35.0,"key":"Energy Potion"},{"floor":36.0,"key":"StancePotion"},{"floor":36.0,"key":"SmokeBomb"},{"floor":38.0,"key":"SteroidPotion"},{"floor":39.0,"key":"SkillPotion"},{"floor":41,"key":"StancePotion"},{"floor":45,"key":"Fruit Juice"},{"floor":47,"key":"SpeedPotion"},{"floor":48,"key":"BlessingOfTheForge"}],"is_trial":false,"path_per_floor":["M","M","M","$","M","R","E","R","T","M","R","E","M","E","R","B",null,"M","M","$","M","?","M","E","$","T","R","$","E","M","E","R","B",null,"M","?","M","M","M","R","M","?","T","R","M","R","E","M","R","B",null],"character_chosen":"WATCHER","items_purchased":["Protect","Blood Vial","DollysMirror","SandsOfTime","Worship","SkillPotion","Strength Potion"],"campfire_rested":5,"item_purchase_floors":[4,20,20,20,25,25,28],"current_hp_per_floor":[58,56,55,55,46,67,67,67,67,64,64,64,64,64,64,63,70,65,50,50,52,52,37,3,3,3,39,39,26,28,30,66,36,63,49,49,50,52,54,72,71,71,71,71,66,66,36,29,68,14],"gold":411,"neow_bonus":"ONE_RARE_RELIC","is_daily":false,"chose_seed":false,"campfire_upgraded":5,"win_rate":0.0,"timestamp":1612391812,"path_taken":["M","M","M","$","M","R","E","R","T","M","R","E","M","E","R","BOSS","M","?","$","M","?","M","E","$","T","R","?","E","M","E","R","BOSS","M","?","M","M","M","R","?","?","T","R","M","R","E","M","R","BOSS"],"items_purchased_type":["Card","Relic","Relic","Card","Card","Potion","Potion"],"build_version":"2020-12-22","purchased_purges":1,"victory":true,"max_hp_per_floor":[72,72,72,72,72,72,72,72,72,72,72,72,72,72,72,72,72,72,72,72,72,72,72,72,72,72,72,72,72,72,72,72,72,72,72,72,72,72,72,72,72,72,72,72,82,82,82,82,82,82],"card_choices":[{"not_picked":["Pray","SashWhip"],"picked":"BattleHymn","floor":1.0},{"not_picked":["CutThroughFate","Crescendo"],"picked":"DevaForm","floor":2.0},{"not_picked":["Halt","Evaluate"],"picked":"Prostrate","floor":3.0},{"not_picked":["PathToVictory","JustLucky"],"picked":"EmptyFist","floor":5.0},{"not_picked":["Swivel","EmptyFist"],"picked":"EmptyBody","floor":7.0},{"not_picked":["DeceiveReality","CarveReality"],"picked":"Crescendo","floor":10.0},{"not_picked":["SignatureMove","SandsOfTime"],"picked":"Wish","floor":12.0},{"not_picked":["SashWhip","DeceiveReality"],"picked":"ThirdEye","floor":13.0},{"not_picked":["EmptyFist","EmptyBody"],"picked":"ConjureBlade","floor":14.0},{"not_picked":["Scrawl","Ragnarok"],"picked":"Omniscience","floor":16.0},{"not_picked":["Vengeance","SashWhip","PathToVictory"],"picked":"SKIP","floor":18.0},{"not_picked":["BattleHymn","Sanctity+1","PathToVictory"],"picked":"SKIP","floor":19.0},{"not_picked":["CrushJoints","Collect"],"picked":"Consecrate","floor":21.0},{"not_picked":["ForeignInfluence","CutThroughFate","FlyingSleeves"],"picked":"SKIP","floor":23.0},{"not_picked":["JustLucky+1","ThirdEye","FollowUp"],"picked":"SKIP","floor":24.0},{"not_picked":["Vengeance","EmptyBody+1"],"picked":"DeceiveReality","floor":29.0},{"not_picked":["Meditate","SandsOfTime"],"picked":"Ragnarok","floor":30.0},{"not_picked":["CutThroughFate","FlyingSleeves","BowlingBash"],"picked":"SKIP","floor":31.0},{"not_picked":["Blasphemy","DevaForm"],"picked":"Omniscience","floor":33.0},{"not_picked":["Conclude+1","FlyingSleeves"],"picked":"Prostrate+1","floor":35.0},{"not_picked":["FlurryOfBlows+1","Prostrate"],"picked":"CrushJoints+1","floor":38.0},{"not_picked":["PathToVictory+1","EmptyFist","CarveReality+1"],"picked":"SKIP","floor":39.0},{"not_picked":["EmptyMind","Weave+1"],"picked":"SashWhip+1","floor":41},{"not_picked":["ClearTheMind","Halt+1"],"picked":"Perseverance+1","floor":45},{"not_picked":["Halt+1","JustLucky","Protect"],"picked":"SKIP","floor":47},{"not_picked":["CarveReality+1","Alpha","FlurryOfBlows+1"],"picked":"SKIP","floor":48}],"player_experience":1043721,"relics_obtained":[{"floor":7.0,"key":"Vajra"},{"floor":9.0,"key":"White Beast Statue"},{"floor":12.0,"key":"GoldenEye"},{"floor":14.0,"key":"Gambling Chip"},{"floor":24.0,"key":"Regal Pillow"},{"floor":26.0,"key":"Bottled Flame"},{"floor":29.0,"key":"The Courier"},{"floor":31.0,"key":"Nunchaku"},{"floor":43,"key":"HornCleat"},{"floor":47,"key":"StoneCalendar"}],"event_choices":[{"damage_healed":0.0,"max_hp_gain":0.0,"max_hp_loss":0.0,"gold_gain":0.0,"event_name":"WeMeetAgain","player_choice":"Gave Potion","floor":22.0,"gold_loss":0.0,"damage_taken":0.0,"relics_obtained":["CeramicFish"]},{"damage_healed":0.0,"max_hp_gain":0.0,"max_hp_loss":0.0,"gold_gain":0.0,"event_name":"Lab","player_choice":"Got Potions","floor":36.0,"gold_loss":0.0,"damage_taken":0.0},{"cards_removed":["Prostrate"],"damage_healed":0,"gold_gain":0,"player_choice":"Removed Skill","damage_taken":0,"max_hp_gain":0,"max_hp_loss":0,"event_name":"Falling","floor":42,"gold_loss":0}],"is_beta":false,"boss_relics":[{"not_picked":["Velvet Choker","Fusion Hammer"],"picked":"HolyWater"},{"not_picked":["Tiny House","Runic Pyramid"],"picked":"SacredBark"}],"items_purged_floors":[4],"is_endless":false,"potions_floor_spawned":[1,7,10,12,13,14,16,18,19,21,23,24,29,30,31,33,35,37,38,39,41,45,47,48],"ascension_level":8}}