{"host":"oesxwbpns2feyl6p","time":1612350216,"event":{"mods":["BaseMod","Colored Powertips","Downfall","Hermit","Minty Spire (QoL Compilation)","Quick Restart","Replay The Spire","StSLib"],"gold_per_floor":[111,61,7,19,38,64,64,82,82,92,123,44,71,85,85,186,186,196,39,53,68,68,99,99,112,112,137,12,19,19],"floor_reached":29,"language":"ENG","playtime":2298,"items_purged":["hermit:Strike_Hermit"],"score":267,"play_id":"2b6ad98c-01b9-4d63-91df-546a406fba38","local_time":"20210203120336","is_ascension_mode":false,"campfire_choices":[{"data":"hermit:CursedWeapon","floor":15.0,"key":"SMITH"},{"data":"hermit:GoldenBullet","floor":24.0,"key":"SMITH"}],"circlet_count":0,"master_deck":["hermit:Strike_Hermit","hermit:Strike_Hermit","hermit:Defend_Hermit","hermit:Defend_Hermit","hermit:Defend_Hermit","hermit:Defend_Hermit","hermit:Snapshot","hermit:Covet","hermit:BodyArmor","hermit:Grudge","hermit:Cheat","hermit:CursedWeapon+1","hermit:FinalCanter","Defend_G","hermit:TakeCover","hermit:Misfire","hermit:Brawl","hermit:Malice","hermit:HeroicBravado","hermit:RoundhouseKick","hermit:Gestalt+1","hermit:GoldenBullet+1","hermit:HeroicBravado","hermit:Spite","hermit:Scavenge+1","hermit:TrackingShot+1","hermit:TakeCover+1","hermit:Vantage"],"relics":["hermit:Momento","Letter Opener","Ornamental Fan","Bag of Marbles","Replay:Baseball","Coffee Dripper","FaceOfCleric","Omamori","Mummified Hand"],"acts_visited":["Exordium","TheCity"],"potions_floor_usage":[25,25,29],"damage_taken":[{"damage":0.0,"enemies":"Cultist","floor":1.0,"turns":4.0},{"damage":5.0,"enemies":"Jaw Worm","floor":4.0,"turns":4.0},{"damage":0.0,"enemies":"Small Slimes","floor":5.0,"turns":2.0},{"damage":6.0,"enemies":"3 Sentries","floor":6.0,"turns":5.0},{"damage":2.0,"enemies":"Exordium Thugs","floor":8.0,"turns":3.0},{"damage":4.0,"enemies":"Red Slaver","floor":10.0,"turns":4.0},{"damage":10.0,"enemies":"Gremlin Nob","floor":11.0,"turns":5.0},{"damage":15.0,"enemies":"3 Sentries","floor":13.0,"turns":5.0},{"damage":2.0,"enemies":"2 Fungi Beasts","floor":14.0,"turns":2.0},{"damage":13.0,"enemies":"Slime Boss","floor":16.0,"turns":6.0},{"damage":14.0,"enemies":"Spheric Guardian","floor":18.0,"turns":5.0},{"damage":12.0,"enemies":"Shell Parasite","floor":20.0,"turns":6.0},{"damage":18.0,"enemies":"Shelled Parasite and Fungi","floor":21.0,"turns":3.0},{"damage":30.0,"enemies":"Replay:Snechameleon","floor":23.0,"turns":8.0},{"damage":0,"enemies":"Snake Plant","floor":25,"turns":2},{"damage":2,"enemies":"Centurion and Healer","floor":27,"turns":4},{"damage":12,"enemies":"Book of Stabbing","floor":29,"turns":5}],"seed_played":"-7652433042525244158","potions_obtained":[{"floor":4.0,"key":"Guardian:BlockOnCardUsePotion"},{"floor":5.0,"key":"Cursed Concoction"},{"floor":6.0,"key":"SpeedPotion"},{"floor":10.0,"key":"hermit:Tonic"},{"floor":14.0,"key":"ColorlessPotion"},{"floor":23.0,"key":"Slimebound:ThreeZeroPotion"},{"floor":27,"key":"Languid Potion"}],"is_trial":false,"path_per_floor":["M","?","$","M","M","E","?","M","T","M","E","$","E","M","R","B",null,"M","$","M","M","?","E","R","M","T","M","$","E"],"character_chosen":"HERMIT","items_purchased":["hermit:Grudge","hermit:Brawl","hermit:GoldenBullet","hermit:HeroicBravado","hermit:Vantage"],"campfire_rested":0,"item_purchase_floors":[3,12,19,19,28],"current_hp_per_floor":[82,82,82,77,77,71,71,69,69,65,55,55,40,38,38,25,82,68,68,56,38,38,9,9,10,10,9,9,0,0],"gold":19,"neow_bonus":"TEN_PERCENT_HP_BONUS","is_daily":false,"chose_seed":false,"campfire_upgraded":2,"win_rate":0.0,"timestamp":1612350216,"path_taken":["M","?","$","M","M","E","?","M","T","M","E","$","E","?","R","BOSS","M","$","?","M","?","E","R","M","T","M","?","E"],"items_purchased_type":["Card","Card","Card","Card","Card"],"build_version":"2020-12-22","purchased_purges":1,"victory":false,"max_hp_per_floor":[82,82,82,82,82,82,82,82,82,82,82,82,82,82,82,82,82,82,82,82,82,82,83,83,84,84,85,85,85,85],"card_choices":[{"not_picked":["hermit:Misfire","hermit:Desperado"],"picked":"hermit:BodyArmor","floor":1.0},{"not_picked":["hermit:Quickdraw","hermit:Roulette"],"picked":"hermit:Cheat","floor":4.0},{"not_picked":["hermit:FlashPowder","hermit:Headshot"],"picked":"hermit:CursedWeapon","floor":5.0},{"not_picked":["hermit:Determination","hermit:Malice"],"picked":"hermit:FinalCanter","floor":6.0},{"not_picked":["hermit:HoleUp","hermit:Glare"],"picked":"hermit:TakeCover","floor":8.0},{"not_picked":["hermit:TrackingShot","hermit:LuckOfTheDraw","hermit:Coalescence"],"picked":"SKIP","floor":10.0},{"not_picked":["hermit:Horror","hermit:Headshot"],"picked":"hermit:Misfire","floor":11.0},{"not_picked":["hermit:ItchyTrigger","hermit:EyeOfTheStorm"],"picked":"hermit:Malice","floor":13.0},{"not_picked":["hermit:Determination","hermit:Headshot"],"picked":"hermit:HeroicBravado","floor":14.0},{"not_picked":["hermit:HeroicBravado","hermit:EternalForm"],"picked":"hermit:RoundhouseKick","floor":16.0},{"not_picked":["hermit:LowProfile","hermit:Desperado"],"picked":"hermit:Gestalt+1","floor":18.0},{"not_picked":["hermit:TrackingShot","hermit:BodyArmor"],"picked":"hermit:Spite","floor":20.0},{"not_picked":["hermit:TrackingShot","hermit:Manifest","hermit:Glare"],"picked":"SKIP","floor":21.0},{"not_picked":["hermit:HighCaliber+1","hermit:LoneWolf"],"picked":"hermit:Scavenge+1","floor":23.0},{"not_picked":["hermit:CalledShot","hermit:ItchyTrigger"],"picked":"hermit:TrackingShot+1","floor":25},{"not_picked":["hermit:HighCaliber","hermit:HoleUp"],"picked":"hermit:TakeCover+1","floor":27}],"player_experience":119847,"relics_obtained":[{"floor":6.0,"key":"Letter Opener"},{"floor":9.0,"key":"Ornamental Fan"},{"floor":11.0,"key":"Bag of Marbles"},{"floor":13.0,"key":"Replay:Baseball"},{"floor":23.0,"key":"Omamori"},{"floor":26,"key":"Mummified Hand"}],"event_choices":[{"cards_removed":["hermit:Strike_Hermit"],"damage_healed":0.0,"max_hp_gain":0.0,"max_hp_loss":0.0,"gold_gain":0.0,"event_name":"The Cleric","player_choice":"Card Removal","floor":2.0,"gold_loss":50.0,"damage_taken":0.0},{"cards_removed":["hermit:Grudge"],"damage_healed":0.0,"max_hp_gain":0.0,"max_hp_loss":0.0,"gold_gain":0.0,"event_name":"NoteForYourself","player_choice":"Took Card","floor":7.0,"gold_loss":0.0,"damage_taken":0.0,"cards_obtained":["Defend_G"]},{"damage_healed":0.0,"max_hp_gain":0.0,"max_hp_loss":0.0,"gold_gain":0.0,"event_name":"FaceTrader","player_choice":"Trade","floor":22.0,"gold_loss":0.0,"damage_taken":0.0,"relics_obtained":["FaceOfCleric"]}],"is_beta":false,"boss_relics":[{"not_picked":["SlaversCollar","Tiny House"],"picked":"Coffee Dripper"}],"items_purged_floors":[28],"is_endless":false,"potions_floor_spawned":[4,5,6,10,14,23,27],"killed_by":"Book of Stabbing","ascension_level":0}}