{"host":"Sean","time":1612374502,"event":{"mods":["BaseMod","Block Reminder","Colored Map","Colored Powertips","Highlight Path","Minty Spire (QoL Compilation)","Permanent Neow","Relic Stats"],"gold_per_floor":[215,62,62,73,73,73,101,276,349,361,371,391,466,481,481,576,576,591,608,14,28,38,38,63,63,63,92,92,102,102,121,121,222,222,236,63,82,98,118,149,149,164,164,164,39,39,39,72,72,72,72,72,22,54,54,54],"floor_reached":55,"language":"ENG","playtime":3124,"items_purged":["Defend_G","Doubt","Strike_G"],"score":1187,"play_id":"ccf9a3e9-e23a-4a53-b8cf-74c319aa40b6","local_time":"20210203174822","is_ascension_mode":true,"campfire_choices":[{"data":"Sucker Punch","floor":6.0,"key":"SMITH"},{"data":"Sucker Punch","floor":15.0,"key":"SMITH"},{"data":"Glass Knife","floor":23.0,"key":"SMITH"},{"data":"Blind","floor":25.0,"key":"SMITH"},{"data":"Heel Hook","floor":28.0,"key":"SMITH"},{"data":"Accuracy","floor":32.0,"key":"SMITH"},{"data":"Finisher","floor":41.0,"key":"SMITH"},{"data":"Envenom","floor":44.0,"key":"SMITH"},{"floor":46.0,"key":"RECALL"},{"data":"After Image","floor":49.0,"key":"SMITH"},{"data":"The Bomb","floor":52.0,"key":"SMITH"}],"circlet_count":0,"master_deck":["Strike_G","Strike_G","Strike_G","Defend_G","Defend_G","Defend_G","Defend_G","Survivor","Neutralize","Terror+1","Flying Knee","Sucker Punch+1","Flying Knee","Cloak And Dagger","Sucker Punch+1","Backstab","Blade Dance","Glass Knife+1","Heel Hook+1","PiercingWail","Accuracy+1","Blind+1","Dodge and Roll","Backflip","Caltrops+1","Endless Agony","Finisher+1","Slice","Finisher+1","Dash+1","After Image+1","Dodge and Roll","Acrobatics+1","PiercingWail+1","Envenom+1","Riddle With Holes+1","Swift Strike","The Bomb+1","Dagger Spray+1","Finisher+1"],"relics":["Ring of the Snake","Kunai","Eternal Feather","Philosopher\u0027s Stone","Torii","Ancient Tea Set","Shuriken","Oddly Smooth Stone","Coffee Dripper","Bag of Preparation","TungstenRod","Mango","White Beast Statue"],"acts_visited":["Exordium","TheCity","TheBeyond","TheEnding"],"potions_floor_usage":[55,55],"damage_taken":[{"damage":1.0,"enemies":"2 Louse","floor":1.0,"turns":3.0},{"damage":1.0,"enemies":"Small Slimes","floor":4.0,"turns":3.0},{"damage":12.0,"enemies":"Gremlin Nob","floor":7.0,"turns":4.0},{"damage":0.0,"enemies":"Jaw Worm","floor":10.0,"turns":3.0},{"damage":7.0,"enemies":"Exordium Wildlife","floor":11.0,"turns":3.0},{"damage":0.0,"enemies":"Blue Slaver","floor":12.0,"turns":3.0},{"damage":15.0,"enemies":"Lots of Slimes","floor":14.0,"turns":5.0},{"damage":15.0,"enemies":"Hexaghost","floor":16.0,"turns":10.0},{"damage":0.0,"enemies":"2 Thieves","floor":18.0,"turns":4.0},{"damage":12.0,"enemies":"3 Byrds","floor":19.0,"turns":7.0},{"damage":25.0,"enemies":"Shelled Parasite and Fungi","floor":21.0,"turns":5.0},{"damage":0.0,"enemies":"Centurion and Healer","floor":22.0,"turns":7.0},{"damage":9.0,"enemies":"Book of Stabbing","floor":24.0,"turns":4.0},{"damage":46.0,"enemies":"Gremlin Leader","floor":27.0,"turns":5.0},{"damage":1.0,"enemies":"Snecko","floor":29.0,"turns":3.0},{"damage":0.0,"enemies":"3 Cultists","floor":31.0,"turns":3.0},{"damage":0.0,"enemies":"Collector","floor":33.0,"turns":7.0},{"damage":0.0,"enemies":"Orb Walker","floor":35.0,"turns":1.0},{"damage":1.0,"enemies":"3 Darklings","floor":37.0,"turns":2.0},{"damage":1.0,"enemies":"Sphere and 2 Shapes","floor":38.0,"turns":6.0},{"damage":0.0,"enemies":"Spire Growth","floor":39.0,"turns":2.0},{"damage":38.0,"enemies":"Reptomancer","floor":40.0,"turns":5.0},{"damage":0.0,"enemies":"Jaw Worm Horde","floor":42.0,"turns":2.0},{"damage":0.0,"enemies":"Nemesis","floor":48.0,"turns":5.0},{"damage":22.0,"enemies":"Donu and Deca","floor":50.0,"turns":6.0},{"damage":32.0,"enemies":"Shield and Spear","floor":54.0,"turns":5.0},{"damage":80,"enemies":"The Heart","floor":55,"turns":6}],"seed_played":"-6242315209578512265","potions_obtained":[{"floor":4.0,"key":"GamblersBrew"},{"floor":11.0,"key":"Energy Potion"},{"floor":12.0,"key":"FairyPotion"},{"floor":16.0,"key":"Strength Potion"},{"floor":24.0,"key":"SpeedPotion"},{"floor":27.0,"key":"Strength Potion"},{"floor":35.0,"key":"Explosive Potion"},{"floor":40.0,"key":"Regen Potion"},{"floor":42.0,"key":"Block Potion"},{"floor":48.0,"key":"EssenceOfSteel"}],"is_trial":false,"path_per_floor":["M","$","?","M","?","R","E","?","T","M","M","M","?","M","R","B",null,"M","M","$","M","M","R","E","R","T","E","R","M","?","M","R","B",null,"M","$","M","M","M","E","R","M","T","R","$","R","?","E","R","B",null,"R","$","E","B"],"character_chosen":"THE_SILENT","items_purchased":["Flying Knee","Block Potion","Torii","Accuracy","Blind","Dodge and Roll","Bag of Preparation","Dodge and Roll","Swift Potion"],"campfire_rested":0,"item_purchase_floors":[2,2,20,20,20,20,36,36,53],"current_hp_per_floor":[62,62,67,66,66,66,54,54,54,54,47,47,36,21,33,18,61,61,49,49,24,24,39,30,45,45,22,37,36,36,36,54,54,70,70,70,69,68,68,30,51,51,51,72,72,75,66,80,89,67,84,89,89,69,0,0],"gold":54,"neow_bonus":"HUNDRED_GOLD","is_daily":false,"chose_seed":false,"campfire_upgraded":10,"win_rate":0.0,"timestamp":1612374502,"path_taken":["M","$","?","M","?","R","E","?","T","?","M","M","?","M","R","BOSS","M","M","$","M","M","R","E","R","T","E","R","M","?","M","R","BOSS","M","?","?","M","M","E","R","M","T","R","$","R","?","E","R","BOSS","R","$","E","BOSS"],"items_purchased_type":["Card","Potion","Relic","Card","Card","Card","Relic","Card","Potion"],"build_version":"2020-12-18","purchased_purges":3,"victory":false,"max_hp_per_floor":[70,70,75,75,75,75,75,75,75,75,75,75,75,75,75,75,75,75,75,75,75,75,75,75,75,75,75,75,75,75,75,75,75,75,75,75,75,75,75,75,75,75,75,75,75,75,75,89,89,89,89,89,89,89,89,89],"relic_stats":{"Torii":82,"counters":[27,119],"Shuriken":[56],"Eternal Feather":134,"Bag of Preparation":[18],"Kunai":[92],"obtain_stats":[{"Torii":20,"Oddly Smooth Stone":27,"Eternal Feather":9,"Mango":48,"Bag of Preparation":36,"Ancient Tea Set":24,"White Beast Statue":54,"Shuriken":26,"Philosopher\u0027s Stone":17,"Coffee Dripper":34,"Kunai":7,"TungstenRod":40,"Ring of the Snake":0},{"Torii":10,"Oddly Smooth Stone":14,"Eternal Feather":3,"Mango":24,"Bag of Preparation":18,"Ancient Tea Set":13,"White Beast Statue":26,"Shuriken":13,"Philosopher\u0027s Stone":8,"Coffee Dripper":17,"Kunai":3,"TungstenRod":22,"Ring of the Snake":0},{"Torii":45,"Oddly Smooth Stone":66,"Eternal Feather":10,"Mango":102,"Bag of Preparation":80,"Ancient Tea Set":61,"White Beast Statue":113,"Shuriken":61,"Philosopher\u0027s Stone":34,"Coffee Dripper":79,"Kunai":10,"TungstenRod":95,"Ring of the Snake":0}],"TungstenRod":47,"Ring of the Snake":[54]},"card_choices":[{"not_picked":["Acrobatics","Calculated Gamble"],"picked":"Terror","floor":1.0},{"not_picked":["Accuracy","Bane"],"picked":"Sucker Punch","floor":4.0},{"not_picked":["Wraith Form v2","Distraction"],"picked":"Flying Knee","floor":7.0},{"not_picked":["Eviscerate","Blur"],"picked":"Cloak And Dagger","floor":10.0},{"not_picked":["Dagger Throw","Acrobatics"],"picked":"Sucker Punch","floor":11.0},{"not_picked":["Sucker Punch","Eviscerate"],"picked":"Backstab","floor":12.0},{"not_picked":["Outmaneuver","Die Die Die"],"picked":"Blade Dance","floor":14.0},{"not_picked":["Night Terror","Bullet Time"],"picked":"Glass Knife","floor":16.0},{"not_picked":["PiercingWail","Flying Knee"],"picked":"Heel Hook","floor":18.0},{"not_picked":["Outmaneuver","Endless Agony"],"picked":"PiercingWail","floor":19.0},{"not_picked":["Well Laid Plans","Underhanded Strike"],"picked":"Backflip","floor":21.0},{"not_picked":["Sucker Punch","Dagger Spray"],"picked":"Caltrops+1","floor":22.0},{"not_picked":["Flechettes","Bouncing Flask+1"],"picked":"Endless Agony","floor":24.0},{"not_picked":["Infinite Blades","Quick Slash"],"picked":"Finisher+1","floor":27.0},{"not_picked":["Outmaneuver","Deflect"],"picked":"Slice","floor":29.0},{"not_picked":["Tactician","Sucker Punch"],"picked":"Dash+1","floor":31.0},{"not_picked":["Corpse Explosion","Night Terror"],"picked":"After Image","floor":33.0},{"not_picked":["Sucker Punch","Underhanded Strike","Outmaneuver+1"],"picked":"SKIP","floor":35.0},{"not_picked":["PiercingWail","Prepared"],"picked":"Acrobatics+1","floor":37.0},{"not_picked":["Terror+1","Deflect","Dagger Throw+1"],"picked":"SKIP","floor":38.0},{"not_picked":["Flying Knee","Masterful Stab+1"],"picked":"PiercingWail+1","floor":39.0},{"not_picked":["Cloak And Dagger","Quick Slash"],"picked":"Envenom","floor":40.0},{"not_picked":["Underhanded Strike+1","Expertise"],"picked":"Riddle With Holes+1","floor":42.0},{"not_picked":["Metamorphosis","Trip"],"picked":"Swift Strike","floor":47.0},{"not_picked":["Purity","Good Instincts"],"picked":"The Bomb","floor":47.0},{"not_picked":["Setup+1","Backflip"],"picked":"Dagger Spray+1","floor":48.0},{"not_picked":["Predator","Poisoned Stab+1"],"picked":"Finisher+1","floor":54.0}],"player_experience":509877,"relics_obtained":[{"floor":7.0,"key":"Kunai"},{"floor":9.0,"key":"Eternal Feather"},{"floor":24.0,"key":"Ancient Tea Set"},{"floor":26.0,"key":"Shuriken"},{"floor":27.0,"key":"Oddly Smooth Stone"},{"floor":40.0,"key":"TungstenRod"},{"floor":48.0,"key":"Mango"},{"floor":54.0,"key":"White Beast Statue"}],"event_choices":[{"damage_healed":0.0,"max_hp_gain":5.0,"max_hp_loss":0.0,"gold_gain":0.0,"event_name":"Big Fish","player_choice":"Donut","floor":3.0,"gold_loss":0.0,"damage_taken":0.0},{"damage_healed":0.0,"max_hp_gain":0.0,"max_hp_loss":0.0,"gold_gain":0.0,"event_name":"Living Wall","player_choice":"Grow","floor":5.0,"gold_loss":0.0,"damage_taken":0.0,"cards_upgraded":["Terror"]},{"damage_healed":0.0,"max_hp_gain":0.0,"max_hp_loss":0.0,"gold_gain":175.0,"event_name":"Liars Game","player_choice":"AGREE","floor":8.0,"gold_loss":0.0,"damage_taken":0.0,"cards_obtained":["Doubt"]},{"damage_healed":0.0,"max_hp_gain":0.0,"max_hp_loss":0.0,"gold_gain":75.0,"event_name":"World of Goop","player_choice":"Gather Gold","floor":13.0,"gold_loss":0.0,"damage_taken":11.0},{"damage_healed":0.0,"max_hp_gain":0.0,"max_hp_loss":0.0,"gold_gain":0.0,"cards_transformed":["Strike_G"],"event_name":"Transmorgrifier","player_choice":"Transformed","floor":30.0,"gold_loss":0.0,"damage_taken":0.0,"cards_obtained":["Finisher"]},{"damage_healed":0.0,"max_hp_gain":0.0,"max_hp_loss":0.0,"gold_gain":0.0,"event_name":"SensoryStone","player_choice":"Memory 3","floor":47.0,"gold_loss":0.0,"damage_taken":10.0}],"is_beta":true,"boss_relics":[{"not_picked":["Tiny House","SlaversCollar"],"picked":"Philosopher\u0027s Stone"},{"not_picked":["Calling Bell","Black Star"],"picked":"Coffee Dripper"}],"items_purged_floors":[2,20,45],"is_endless":false,"potions_floor_spawned":[4,11,12,16,22,24,27,29,35,40,42,48],"killed_by":"The Heart","ascension_level":8}}