{"host":"j4g6ia6asvpyu2b0","time":1612387136,"event":{"mods":["BaseMod","Colored Map","Minty Spire (QoL Compilation)","Permanent Neow","Quick Restart","Relic Stats","StSLib","Unceasing Turn Reminder"],"gold_per_floor":[359,434,454,471,85,114,114,84,84,84,115,126,152,165,165,261,261,271,299,314,45,62,96,106,106,106,106,117,117,117,142,142,246,246,261,17,31,31,41,41,75,15,41,54,74,109,109,331,331,331,331,331,3,35,35,35],"floor_reached":55,"language":"ENG","playtime":2359,"items_purged":["Strike_B","Strike_B"],"score":966,"play_id":"eac8b9fd-4950-4796-ac8d-ea3490bf0de4","local_time":"20210203141856","is_ascension_mode":true,"campfire_choices":[{"data":"Electrodynamics","floor":7,"key":"SMITH"},{"data":"Self Repair","floor":10,"key":"SMITH"},{"data":"Storm","floor":15,"key":"SMITH"},{"data":"Apotheosis","floor":25,"key":"SMITH"},{"data":"Biased Cognition","floor":27,"key":"SMITH"},{"floor":30,"key":"RECALL"},{"data":"Creative AI","floor":32,"key":"SMITH"},{"data":"Reboot","floor":40,"key":"SMITH"},{"floor":49,"key":"REST"},{"data":"Glacier","floor":52,"key":"SMITH"}],"circlet_count":0,"master_deck":["Strike_B","Defend_B","Defend_B","Defend_B","Defend_B","Zap","Dualcast","Glacier+1","Turbo","Electrodynamics+1","Self Repair+1","Compile Driver","Storm+1","Ball Lightning","Biased Cognition+1","Tempest+1","Creative AI+1","Apotheosis+1","Glacier","Reboot+1","Loop+1","Ball Lightning+1","Loop+1","Core Surge","Madness","Electrodynamics+1"],"relics":["Cracked Core","Membership Card","Singing Bowl","Bottled Lightning","StoneCalendar","Question Card","Runic Pyramid","Red Mask","PrismaticShard","Frozen Egg 2","Akabeko","Tiny Chest","SlaversCollar","Omamori","Gremlin Horn","Orichalcum","Blood Vial","Lantern","Bottled Tornado","Bronze Scales","Cables","Vajra"],"acts_visited":["Exordium","TheCity","TheBeyond","TheEnding"],"potions_floor_usage":[11,24,28,55,55,55],"damage_taken":[{"damage":0,"enemies":"2 Louse","floor":1,"turns":2},{"damage":0,"enemies":"Cultist","floor":3,"turns":4},{"damage":1,"enemies":"Small Slimes","floor":4,"turns":3},{"damage":13,"enemies":"3 Sentries","floor":6,"turns":4},{"damage":10,"enemies":"Lagavulin","floor":11,"turns":9},{"damage":0,"enemies":"2 Fungi Beasts","floor":12,"turns":3},{"damage":8,"enemies":"3 Sentries","floor":13,"turns":3},{"damage":3,"enemies":"Red Slaver","floor":14,"turns":3},{"damage":0,"enemies":"Slime Boss","floor":16,"turns":7},{"damage":1,"enemies":"Chosen","floor":18,"turns":4},{"damage":3,"enemies":"Masked Bandits","floor":19,"turns":3},{"damage":0,"enemies":"3 Byrds","floor":20,"turns":2},{"damage":0,"enemies":"Snecko","floor":22,"turns":6},{"damage":31,"enemies":"Book of Stabbing","floor":23,"turns":7},{"damage":1,"enemies":"Sentry and Sphere","floor":24,"turns":6},{"damage":0,"enemies":"Chosen and Byrds","floor":28,"turns":4},{"damage":0,"enemies":"Gremlin Leader","floor":31,"turns":4},{"damage":1,"enemies":"Collector","floor":33,"turns":8},{"damage":0,"enemies":"3 Shapes","floor":35,"turns":3},{"damage":5,"enemies":"3 Darklings","floor":37,"turns":3},{"damage":21,"enemies":"Transient","floor":39,"turns":5},{"damage":18,"enemies":"Reptomancer","floor":41,"turns":5},{"damage":16,"enemies":"Writhing Mass","floor":44,"turns":5},{"damage":15,"enemies":"4 Shapes","floor":45,"turns":4},{"damage":7,"enemies":"Nemesis","floor":46,"turns":5},{"damage":78,"enemies":"Awakened One","floor":50,"turns":9},{"damage":60,"enemies":"Shield and Spear","floor":54,"turns":6},{"damage":71,"enemies":"The Heart","floor":55,"turns":3}],"seed_played":"-2605559375778417323","potions_obtained":[{"floor":4,"key":"SteroidPotion"},{"floor":8,"key":"FearPotion"},{"floor":11,"key":"EssenceOfSteel"},{"floor":16,"key":"PowerPotion"},{"floor":23,"key":"SkillPotion"},{"floor":24,"key":"BlessingOfTheForge"},{"floor":28,"key":"ColorlessPotion"},{"floor":41,"key":"SmokeBomb"},{"floor":45,"key":"BlessingOfTheForge"}],"is_trial":false,"path_per_floor":["M","?","M","M","$","E","R","?","T","R","E","M","E","M","R","B",null,"M","?","M","$","M","E","M","R","T","R","M","?","R","E","R","B",null,"M","$","M","?","M","R","E","?","T","M","M","E","T","?","R","B",null,"R","$","E","B"],"character_chosen":"DEFECT","items_purchased":["Membership Card","Self Repair","Singing Bowl","Compile Driver","PowerPotion","Creative AI","PrismaticShard","Apotheosis","Glacier","Loop+1","Omamori","Gremlin Horn","Cables","Core Surge","PotionOfCapacity","Madness"],"campfire_rested":1,"item_purchase_floors":[5,5,5,5,5,21,21,21,21,36,36,36,53,53,53,53],"current_hp_per_floor":[54,43,43,42,42,38,38,38,38,38,38,48,52,51,51,61,81,83,83,85,85,87,68,79,79,79,79,91,91,91,95,95,95,95,97,97,92,92,73,73,67,67,67,65,62,69,69,69,100,44,105,105,105,55,0,0],"gold":35,"neow_bonus":"TWO_FIFTY_GOLD","is_daily":false,"chose_seed":false,"campfire_upgraded":8,"win_rate":0.0,"timestamp":1612387136,"path_taken":["M","?","M","M","$","E","R","?","T","R","E","?","E","M","R","BOSS","M","?","M","$","M","E","M","R","T","R","M","?","R","E","R","BOSS","M","$","M","?","?","R","E","?","T","M","M","E","?","?","R","BOSS","R","$","E","BOSS"],"items_purchased_type":["Relic","Card","Relic","Card","Potion","Card","Relic","Card","Card","Card","Relic","Relic","Relic","Card","Potion","Card"],"build_version":"2020-12-22","purchased_purges":2,"victory":false,"max_hp_per_floor":[75,75,75,75,75,77,77,77,77,77,77,77,79,81,81,81,81,83,83,85,85,87,89,91,91,91,91,93,93,93,95,95,95,95,97,97,97,97,99,99,101,101,101,103,103,105,105,105,105,105,105,105,105,105,105,105],"relic_stats":{"Blood Vial":10,"Singing Bowl":30,"Gremlin Horn":[8,8],"counters":[28,130],"Bronze Scales":[107],"StoneCalendar":[108],"Tiny Chest":1,"Orichalcum":[30],"Question Card":19,"obtain_stats":[{"Lantern":43,"Singing Bowl":5,"Gremlin Horn":36,"Vajra":54,"StoneCalendar":11,"Omamori":36,"Frozen Egg 2":23,"Orichalcum":38,"Bottled Tornado":46,"Question Card":13,"PrismaticShard":21,"Akabeko":26,"Cables":53,"Blood Vial":41,"SlaversCollar":34,"Bronze Scales":47,"Tiny Chest":31,"Red Mask":19,"Membership Card":5,"Bottled Lightning":6,"Cracked Core":0,"Runic Pyramid":17},{"Lantern":22,"Singing Bowl":3,"Gremlin Horn":19,"Vajra":27,"StoneCalendar":5,"Omamori":19,"Frozen Egg 2":14,"Orichalcum":20,"Bottled Tornado":25,"Question Card":7,"PrismaticShard":12,"Akabeko":15,"Cables":26,"Blood Vial":22,"SlaversCollar":18,"Bronze Scales":25,"Tiny Chest":17,"Red Mask":11,"Membership Card":3,"Bottled Lightning":4,"Cracked Core":0,"Runic Pyramid":9},{"Lantern":98,"Singing Bowl":9,"Gremlin Horn":85,"Vajra":127,"StoneCalendar":22,"Omamori":85,"Frozen Egg 2":60,"Orichalcum":88,"Bottled Tornado":112,"Question Card":28,"PrismaticShard":47,"Akabeko":66,"Cables":121,"Blood Vial":98,"SlaversCollar":82,"Bronze Scales":112,"Tiny Chest":74,"Red Mask":45,"Membership Card":9,"Bottled Lightning":13,"Cracked Core":0,"Runic Pyramid":38}],"Cables":[8,7,1,0,0]},"card_choices":[{"not_picked":["Gash","Hologram"],"picked":"Glacier","floor":1},{"not_picked":["Heatsinks","Scrape"],"picked":"Turbo","floor":3},{"not_picked":["Cold Snap","Conserve Battery"],"picked":"Electrodynamics","floor":4},{"not_picked":["Hologram","Turbo","Undo"],"picked":"Singing Bowl","floor":6},{"not_picked":["Turbo","Aggregate"],"picked":"Storm","floor":11},{"not_picked":["Leap","Melter"],"picked":"Ball Lightning","floor":12},{"not_picked":["Stack","Gash","Multi-Cast"],"picked":"Singing Bowl","floor":13},{"not_picked":["Go for the Eyes","Turbo","Scrape","Hello World"],"picked":"Singing Bowl","floor":14},{"not_picked":["Core Surge","Reboot","Fission"],"picked":"Biased Cognition","floor":16},{"not_picked":["Leap","Rip and Tear","Streamline+1","Conserve Battery"],"picked":"Singing Bowl","floor":18},{"not_picked":["Melter","Cold Snap","Rebound+1"],"picked":"Tempest+1","floor":19},{"not_picked":["Compile Driver","Rip and Tear","Chaos","Darkness"],"picked":"Singing Bowl","floor":20},{"not_picked":["Go for the Eyes","Blade Dance+1","Deflect","True Grit"],"picked":"Singing Bowl","floor":22},{"not_picked":["Crippling Poison","A Thousand Cuts+1","EmptyFist+1","Leap+1"],"picked":"Singing Bowl","floor":23},{"not_picked":["Iron Wave","Terror","Steam","Conserve Battery"],"picked":"Singing Bowl","floor":24},{"not_picked":["Stack","Deflect+1","InnerPeace+1","Rage+1"],"picked":"Singing Bowl","floor":28},{"not_picked":["Thunderclap","FollowUp","Outmaneuver","Spot Weakness+1"],"picked":"Singing Bowl","floor":31},{"not_picked":["Meteor Strike","Blasphemy","Impervious"],"picked":"Reboot","floor":33},{"not_picked":["Deadly Poison+1","Dagger Spray+1","Poisoned Stab","FlurryOfBlows+1"],"picked":"Singing Bowl","floor":35},{"not_picked":["True Grit","Pummel+1","Flying Knee+1"],"picked":"Ball Lightning+1","floor":37},{"not_picked":["Pray+1","Outmaneuver","BootSequence","CrushJoints"],"picked":"Singing Bowl","floor":39},{"not_picked":["Rebound+1","Sword Boomerang","Streamline","Redo"],"picked":"Singing Bowl","floor":41},{"not_picked":["Feel No Pain+1","Iron Wave","Setup","Flame Barrier+1"],"picked":"Singing Bowl","floor":44},{"not_picked":["Barrage","Self Repair+1","True Grit+1"],"picked":"Loop+1","floor":45},{"not_picked":["Undo","Tactician","Power Through","Brilliance"],"picked":"Singing Bowl","floor":46},{"not_picked":["Backstab","Streamline","Bloodletting+1"],"picked":"Electrodynamics+1","floor":54}],"player_experience":1124404,"relics_obtained":[{"floor":6,"key":"Bottled Lightning"},{"floor":11,"key":"StoneCalendar"},{"floor":13,"key":"Question Card"},{"floor":19,"key":"Red Mask"},{"floor":23,"key":"Frozen Egg 2"},{"floor":26,"key":"Akabeko"},{"floor":31,"key":"Tiny Chest"},{"floor":41,"key":"Blood Vial"},{"floor":43,"key":"Lantern"},{"floor":46,"key":"Bottled Tornado"},{"floor":47,"key":"Bronze Scales"},{"floor":54,"key":"Vajra"}],"event_choices":[{"damage_healed":0,"gold_gain":75,"player_choice":"Gather Gold","damage_taken":11,"max_hp_gain":0,"max_hp_loss":0,"event_name":"World of Goop","floor":2,"gold_loss":0},{"damage_healed":0,"gold_gain":0,"player_choice":"Bought 2 Potions","damage_taken":0,"max_hp_gain":0,"max_hp_loss":0,"event_name":"The Woman in Blue","floor":8,"gold_loss":0},{"damage_healed":0,"gold_gain":0,"player_choice":"Fought Bandits","damage_taken":0,"max_hp_gain":0,"max_hp_loss":0,"event_name":"Masked Bandits","floor":19,"gold_loss":0},{"damage_healed":0,"gold_gain":0,"player_choice":"Ignored","damage_taken":0,"max_hp_gain":0,"max_hp_loss":0,"event_name":"Vampires","floor":29,"gold_loss":0},{"damage_healed":0,"gold_gain":0,"player_choice":"Gave Potion","damage_taken":0,"relics_obtained":["Orichalcum"],"max_hp_gain":0,"max_hp_loss":0,"event_name":"WeMeetAgain","floor":38,"gold_loss":0},{"cards_removed":["Strike_B"],"damage_healed":0,"gold_gain":0,"player_choice":"Single Remove","damage_taken":0,"max_hp_gain":0,"max_hp_loss":0,"event_name":"Designer","floor":42,"gold_loss":60},{"damage_healed":0,"gold_gain":222,"player_choice":"Wore Mask","damage_taken":0,"max_hp_gain":0,"max_hp_loss":0,"event_name":"Tomb of Lord Red Mask","floor":48,"gold_loss":0}],"is_beta":false,"boss_relics":[{"not_picked":["Astrolabe","Calling Bell"],"picked":"Runic Pyramid"},{"not_picked":["Pandora\u0027s Box","Black Star"],"picked":"SlaversCollar"}],"items_purged_floors":[5,53],"is_endless":false,"potions_floor_spawned":[4,11,12,16,18,23,24,28,33,41,44,45],"killed_by":"The Heart","ascension_level":2}}