{"host":"92wx9z21c4p52du4","time":1612377815,"event":{"mods":["BaseMod","Downfall","Hermit","Minty Spire (QoL Compilation)","Reliquary","StSLib","The Hierophant"],"gold_per_floor":[117,155,155,205,205,205,239,274,274,274,3,3,71,190,190,170,170],"floor_reached":16,"language":"ENG","playtime":509,"items_purged":["hierophant:Strike_Hierophant"],"score":119,"play_id":"942b0afd-1cf2-45d9-a228-48b8279952dd","local_time":"20210203124335","is_ascension_mode":false,"campfire_choices":[{"data":"hierophant:ChurchCoffers","floor":6,"key":"SMITH"},{"data":"hierophant:Patience","floor":10,"key":"SMITH"},{"data":"hierophant:Charity","floor":12,"key":"SMITH"},{"floor":15,"key":"RECALL"}],"circlet_count":0,"master_deck":["hierophant:Strike_Hierophant","hierophant:Strike_Hierophant","hierophant:Punish","hierophant:Defend_Hierophant","hierophant:Defend_Hierophant","hierophant:Defend_Hierophant","hierophant:Defend_Hierophant","hierophant:ChurchCoffers+1","hierophant:RustyCrate","hierophant:Doubloon+1","hierophant:Doubloon+1","hierophant:EyeForCoin","hierophant:Doubloon+1","hierophant:Charity+1","hierophant:MintersHammer","hierophant:Doubloon+1","hierophant:Patience+1","hierophant:RustyCrate","hierophant:Doubloon+1","hierophant:Doubloon+1","HandOfGreed","hierophant:Doubloon+1","hierophant:Doubloon+1","hierophant:CoinFling","hierophant:SealAway","hierophant:Doubloon"],"relics":["hierophant:PropheticMaskRelic","NeowsBlessing","Meat on the Bone"],"acts_visited":["Exordium"],"potions_floor_usage":[7,16,16,16],"damage_taken":[{"damage":0,"enemies":"Small Slimes","floor":1,"turns":1},{"damage":0,"enemies":"2 Louse","floor":2,"turns":1},{"damage":0,"enemies":"Cultist","floor":4,"turns":1},{"damage":2,"enemies":"Blue Slaver","floor":7,"turns":5},{"damage":0,"enemies":"3 Louse","floor":8,"turns":1},{"damage":18,"enemies":"Red Slaver","floor":13,"turns":4},{"damage":11,"enemies":"2 Fungi Beasts","floor":14,"turns":3},{"damage":46,"enemies":"The Guardian","floor":16,"turns":8}],"seed_played":"6950271002432275754","potions_obtained":[{"floor":1,"key":"Guardian:BlockOnCardUsePotion"},{"floor":2,"key":"Guardian:BlockOnCardUsePotion"},{"floor":8,"key":"LiquidMemories"},{"floor":14,"key":"EntropicBrew"}],"is_trial":false,"path_per_floor":["M","M","?","M","?","R","M","M","T","R","$","R","M","M","R","B"],"character_chosen":"HIEROPHANT","items_purchased":["HandOfGreed"],"campfire_rested":0,"item_purchase_floors":[11],"current_hp_per_floor":[75,75,75,75,75,75,73,73,73,73,73,73,55,44,44,0,0],"gold":170,"neow_bonus":"THREE_ENEMY_KILL","is_daily":false,"chose_seed":false,"campfire_upgraded":3,"win_rate":0.0,"timestamp":1612377815,"path_taken":["M","M","?","M","?","R","?","M","T","R","$","R","M","M","R","BOSS"],"items_purchased_type":["Card"],"build_version":"2020-12-22","purchased_purges":1,"victory":false,"max_hp_per_floor":[75,75,75,75,75,75,75,75,75,75,75,75,75,75,75,75,75],"card_choices":[{"not_picked":["hierophant:RecallFunds","hierophant:DisplayOfPower"],"picked":"hierophant:RustyCrate","floor":1},{"not_picked":["hierophant:Dazzle","hierophant:Refuge"],"picked":"hierophant:EyeForCoin","floor":2},{"not_picked":["hierophant:Endure","hierophant:Racketeering"],"picked":"hierophant:MintersHammer","floor":4},{"not_picked":["hierophant:Dazzle","hierophant:BulkyChest"],"picked":"hierophant:Patience","floor":7},{"not_picked":["hierophant:FlamingChariot","hierophant:Smite"],"picked":"hierophant:RustyCrate","floor":8},{"not_picked":["hierophant:PassingBell","hierophant:Encroach"],"picked":"hierophant:CoinFling","floor":13},{"not_picked":["hierophant:DisplayOfPower","hierophant:Encroach"],"picked":"hierophant:SealAway","floor":14}],"player_experience":236209,"relics_obtained":[{"floor":9,"key":"Meat on the Bone"}],"event_choices":[{"damage_healed":0,"gold_gain":0,"cards_transformed":["hierophant:Strike_Hierophant"],"player_choice":"Change","damage_taken":0,"max_hp_gain":0,"max_hp_loss":0,"event_name":"Living Wall","floor":3,"gold_loss":0,"cards_obtained":["hierophant:Charity"]},{"damage_healed":0,"gold_gain":0,"player_choice":"Ignored","damage_taken":0,"max_hp_gain":0,"max_hp_loss":0,"event_name":"NoteForYourself","floor":5,"gold_loss":0}],"is_beta":false,"boss_relics":[],"items_purged_floors":[11],"is_endless":false,"potions_floor_spawned":[1,2,8,14],"killed_by":"The Guardian","ascension_level":0}}