{"host":"klqcd4cqxrk2p1u3","time":1612313926,"event":{"mods":["BaseMod","Downfall","Minty Spire (QoL Compilation)","StSLib"],"gold_per_floor":[349,361,461,461,474,485,485,485,485,496,530,547,17,29,46,46,46,46],"floor_reached":16,"language":"ENG","playtime":1746,"items_purged":[],"score":104,"play_id":"727a4d1e-f0a3-4242-849f-5c0d244a2464","local_time":"20210202195846","is_ascension_mode":false,"campfire_choices":[{"floor":1,"key":"RECALL"}],"circlet_count":0,"master_deck":["bronze:Strike","bronze:Strike","bronze:Strike","bronze:Strike","bronze:Defend","bronze:Defend","bronze:Defend","bronze:Defend","bronze:Replicate","bronze:Goto","bronze:ChildClass","bronze:Branch","bronze:Branch+1","bronze:DelayedSlice","bronze:Frontload","bronze:Frontload","bronze:GetLatest","bronze:Separator","bronze:Turbo","bronze:CutThrough","bronze:GetLatest"],"relics":["bronze:BronzeCore","Tiny Chest","HornCleat","Letter Opener","Nunchaku"],"acts_visited":["Exordium"],"potions_floor_usage":[11,16,16],"damage_taken":[{"damage":1,"enemies":"Jaw Worm","floor":2,"turns":3},{"damage":2,"enemies":"Small Slimes","floor":5,"turns":5},{"damage":1,"enemies":"2 Louse","floor":6,"turns":3},{"damage":0,"enemies":"2 Fungi Beasts","floor":10,"turns":3},{"damage":10,"enemies":"Gremlin Nob","floor":11,"turns":4},{"damage":0,"enemies":"Large Slime","floor":12,"turns":5},{"damage":0,"enemies":"downfall:FleeingMerchant","floor":13,"turns":4},{"damage":0,"enemies":"Exordium Wildlife","floor":14,"turns":3},{"damage":0,"enemies":"2 Fungi Beasts","floor":15,"turns":2},{"damage":24,"enemies":"SI_SHIV_ARCHETYPE","floor":16,"turns":7}],"seed_played":"-1709575542781728521","potions_obtained":[{"floor":6,"key":"FearPotion"},{"floor":11,"key":"sneckomod:MuddlingPotion"},{"floor":14,"key":"champ:CounterPotion"}],"is_trial":false,"path_per_floor":["R","M","?","?","M","M","T","?","?","M","E","M","$","M","M","B"],"character_chosen":"THE_AUTOMATON","items_purchased":["Letter Opener","Nunchaku","bronze:Separator","bronze:Turbo"],"campfire_rested":0,"item_purchase_floors":[13,13,13,13],"current_hp_per_floor":[49,48,48,30,28,27,27,27,27,27,17,17,17,17,17,0,0,0],"gold":46,"neow_bonus":"TWO_FIFTY_GOLD","is_daily":false,"chose_seed":false,"campfire_upgraded":0,"win_rate":0.0,"timestamp":1612313926,"path_taken":["R","M","?","?","M","M","T","?","?","M","E","M","$","M","M","BOSS"],"items_purchased_type":["Relic","Relic","Card","Card"],"build_version":"2020-12-22","purchased_purges":0,"victory":false,"max_hp_per_floor":[70,70,70,70,70,70,70,70,70,70,70,70,70,70,70,70,70,70],"card_choices":[{"not_picked":["bronze:Overheat","bronze:Deprecate"],"picked":"bronze:ChildClass","floor":2},{"not_picked":["bronze:Deprecate","bronze:DelayedGuard"],"picked":"bronze:Branch","floor":5},{"not_picked":["bronze:Safeguard","bronze:FineTuning"],"picked":"bronze:Branch","floor":6},{"not_picked":["bronze:NullPointer","bronze:Invalidate"],"picked":"bronze:DelayedSlice","floor":10},{"not_picked":["bronze:Hardcode","bronze:DelayedSlice"],"picked":"bronze:Frontload","floor":11},{"not_picked":["bronze:WildBeam","bronze:OilSpill"],"picked":"bronze:Frontload","floor":12},{"not_picked":["bronze:ClassDefault","bronze:Terminator"],"picked":"bronze:GetLatest","floor":13},{"not_picked":["bronze:Repulsor","bronze:Iterate"],"picked":"bronze:CutThrough","floor":14},{"not_picked":["bronze:Invalidate","bronze:Shield"],"picked":"bronze:GetLatest","floor":15}],"player_experience":1422642,"relics_obtained":[{"floor":11,"key":"HornCleat"}],"event_choices":[{"damage_healed":0,"gold_gain":0,"player_choice":"Success","damage_taken":18,"relics_obtained":["Tiny Chest"],"max_hp_gain":0,"max_hp_loss":0,"event_name":"Scrap Ooze","floor":4,"gold_loss":0},{"damage_healed":0,"gold_gain":0,"player_choice":"Grow","damage_taken":0,"max_hp_gain":0,"max_hp_loss":0,"event_name":"Living Wall","floor":8,"gold_loss":0,"cards_upgraded":["bronze:Branch"]}],"is_beta":false,"boss_relics":[],"items_purged_floors":[],"is_endless":false,"potions_floor_spawned":[6,11,14],"killed_by":"SI_SHIV_ARCHETYPE","ascension_level":0}}