{"host":"imy0w7zcgpxryx7c","time":1612328177,"event":{"mods":["AchievementEnabler","BaseMod","Colored Map","Colored Powertips","Minty Spire (QoL Compilation)","Relic Sorter","StSLib"],"gold_per_floor":[114,30,44,56,67,67,93,93,165,221,234,234,262,262,262,363,363,373,373,448,438,141,141,141],"floor_reached":23,"language":"ENG","playtime":2373,"items_purged":["Strike_B","Defend_B"],"score":308,"play_id":"0b7a9cad-aa2f-43fe-88a8-48ac27527b11","local_time":"20210202235617","is_ascension_mode":true,"campfire_choices":[{"data":"Chill","floor":6.0,"key":"SMITH"},{"data":"Zap","floor":8.0,"key":"SMITH"},{"data":"Redo","floor":12.0,"key":"SMITH"},{"floor":15.0,"key":"REST"}],"circlet_count":0,"master_deck":["AscendersBane","Strike_B","Strike_B","Strike_B","Defend_B","Defend_B","Defend_B","Zap+1","Dualcast","Rip and Tear","Defragment","Doom and Gloom","Chill+1","Compile Driver","Redo+1","Lockon","Biased Cognition","All For One","FTL","Capacitor","FTL"],"relics":["FrozenCore","Toy Ornithopter","Smiling Mask","FossilizedHelix","Bottled Lightning","Akabeko","Nunchaku","Shuriken"],"acts_visited":["Exordium","TheCity"],"potions_floor_usage":[21],"damage_taken":[{"damage":7.0,"enemies":"Jaw Worm","floor":1.0,"turns":4.0},{"damage":0.0,"enemies":"Small Slimes","floor":3.0,"turns":3.0},{"damage":1.0,"enemies":"Cultist","floor":4.0,"turns":3.0},{"damage":6.0,"enemies":"Exordium Thugs","floor":5.0,"turns":4.0},{"damage":4.0,"enemies":"Gremlin Nob","floor":7.0,"turns":3.0},{"damage":20.0,"enemies":"3 Sentries","floor":10.0,"turns":7.0},{"damage":0.0,"enemies":"Large Slime","floor":11.0,"turns":3.0},{"damage":13.0,"enemies":"Lagavulin","floor":13.0,"turns":5.0},{"damage":25.0,"enemies":"The Guardian","floor":16.0,"turns":8.0},{"damage":0,"enemies":"Chosen","floor":18,"turns":3},{"damage":0,"enemies":"2 Thieves","floor":21,"turns":4},{"damage":57,"enemies":"Gremlin Leader","floor":23,"turns":6}],"seed_played":"5808340675940769916","potions_obtained":[{"floor":1.0,"key":"SkillPotion"},{"floor":7.0,"key":"PowerPotion"},{"floor":10.0,"key":"FocusPotion"},{"floor":13.0,"key":"Energy Potion"},{"floor":18,"key":"SmokeBomb"}],"is_trial":false,"path_per_floor":["M","$","M","M","M","R","E","R","T","?","M","R","E","?","R","B",null,"M","?","?","M","$","E"],"character_chosen":"DEFECT","items_purchased":["Defragment","Shuriken"],"campfire_rested":1,"item_purchase_floors":[2,22],"current_hp_per_floor":[61,61,61,60,54,54,50,50,50,30,30,30,17,14,36,16,60,60,60,53,58,58,1,1],"gold":141,"neow_bonus":"RANDOM_COMMON_RELIC","is_daily":false,"chose_seed":false,"campfire_upgraded":3,"win_rate":0.0,"timestamp":1612328177,"path_taken":["M","$","M","M","M","R","E","R","T","?","M","R","E","?","R","BOSS","BOSS","M","?","?","?","?","E"],"items_purchased_type":["Card","Relic"],"build_version":"2020-12-22","purchased_purges":2,"victory":false,"max_hp_per_floor":[75,75,75,75,75,75,75,75,75,75,75,75,75,75,75,75,75,75,75,75,75,75,75,75],"card_choices":[{"not_picked":["Redo","Stack"],"picked":"Rip and Tear","floor":1.0},{"not_picked":["Recycle","Leap"],"picked":"Doom and Gloom","floor":3.0},{"not_picked":["Barrage","Streamline","Gash"],"picked":"SKIP","floor":4.0},{"not_picked":["Ball Lightning","Undo"],"picked":"Chill","floor":5.0},{"not_picked":["Barrage","Scrape"],"picked":"Compile Driver","floor":7.0},{"not_picked":["Blizzard","Sweeping Beam"],"picked":"Redo","floor":10.0},{"not_picked":["Rebound","Compile Driver"],"picked":"Lockon","floor":11.0},{"not_picked":["Steam","Meteor Strike"],"picked":"Biased Cognition","floor":13.0},{"not_picked":["Creative AI","Hyperbeam"],"picked":"All For One","floor":16},{"not_picked":["Defragment","Sweeping Beam"],"picked":"FTL","floor":18},{"not_picked":["Sweeping Beam","Auto Shields+1"],"picked":"FTL","floor":21}],"player_experience":352827,"relics_obtained":[{"floor":7.0,"key":"FossilizedHelix"},{"floor":9.0,"key":"Bottled Lightning"},{"floor":13.0,"key":"Nunchaku"}],"event_choices":[{"damage_healed":0.0,"max_hp_gain":0.0,"max_hp_loss":0.0,"gold_gain":0.0,"event_name":"Dead Adventurer","player_choice":"Searched \u00272\u0027 times","floor":10.0,"gold_loss":0.0,"damage_taken":0.0,"relics_obtained":["Akabeko"]},{"damage_healed":0.0,"max_hp_gain":0.0,"max_hp_loss":0.0,"gold_gain":0.0,"event_name":"Scrap Ooze","player_choice":"Success","floor":14.0,"gold_loss":0.0,"damage_taken":3.0,"relics_obtained":["Toy Ornithopter"]},{"damage_healed":0,"gold_gain":0,"player_choice":"Read","damage_taken":0,"max_hp_gain":0,"max_hp_loss":0,"event_name":"The Library","floor":19,"gold_loss":0,"cards_obtained":["Capacitor"]},{"damage_healed":0,"gold_gain":75,"player_choice":"Touch","damage_taken":7,"max_hp_gain":0,"max_hp_loss":0,"event_name":"FaceTrader","floor":20,"gold_loss":0}],"is_beta":false,"boss_relics":[{"not_picked":["Snecko Eye","Ectoplasm"],"picked":"FrozenCore"}],"items_purged_floors":[2,22],"is_endless":false,"potions_floor_spawned":[1,7,10,13,18],"killed_by":"Gremlin Leader","ascension_level":11}}