{"host":"56xwnffi6e9z5l58","time":1612373550,"event":{"mods":["Aspiration","BaseMod","Better Match","Better Note","Better Sensory Stone","BetterRewards","Colored Map","Colored Powertips","Conspire","Downfall","GifTheSpireLib","Hermit","Highlight Path","Hubris","Infinite Spire","Key Reminder","Minty Spire (QoL Compilation)","Permanent Neow","Quick Restart","Rare Cards Sparkle","Replay The Spire","StSLib","Stuff the Spire","SuperFastMode","Unceasing Turn Reminder"],"gold_per_floor":[99,112,125,125,140,158,158,158,186,60,60,60,60,78,90,187,187,187,202,219,237,237,237,237,237],"floor_reached":23,"language":"ENG","playtime":898,"items_purged":["Guardian:Strike_Guardian"],"score":193,"play_id":"a856ab22-7408-44f9-a217-74481e63e391","local_time":"20210204013230","is_ascension_mode":false,"campfire_choices":[{"data":"Guardian:FierceBash","floor":1,"key":"SMITH"},{"floor":8,"key":"REST"},{"data":"Guardian:Emergency","floor":13,"key":"SMITH"},{"data":"Guardian:DecasProtection","floor":18,"key":"SMITH"}],"circlet_count":0,"master_deck":["Guardian:Strike_Guardian","Guardian:Strike_Guardian","Guardian:Strike_Guardian","Guardian:Defend_Guardian","Guardian:Defend_Guardian","Guardian:Defend_Guardian","Guardian:Defend_Guardian","Guardian:CurlUp","Guardian:TwinSlam","Guardian:FierceBash+1","Guardian:Planning","Guardian:FastForward","infinitespire:Execution","Guardian:FloatingOrbs","Guardian:ShieldCharger","Guardian:Gem_Orange","Guardian:Emergency+1","Guardian:DecasProtection+1","Guardian:Gem_Green","Guardian:VentSteam","Guardian:EvasiveProtocol","Guardian:TimeSifter","Guardian:Orbwalk","Guardian:TemporalShield+1","Guardian:FuturePlans"],"relics":["Guardian:ModeShifter","Simple Rune","StuffTheSpire:GrapeVine","hubris:Towel","Guardian:SackOfGems","hubris:TerracottaHorce","GremlinMask"],"acts_visited":["Exordium","TheCity"],"potions_floor_usage":[16],"damage_taken":[{"damage":3,"enemies":"conspire:RoseBush","floor":2,"turns":4},{"damage":0,"enemies":"Small Slimes","floor":3,"turns":4},{"damage":15,"enemies":"Jaw Worm","floor":5,"turns":4},{"damage":16,"enemies":"Large Slime","floor":6,"turns":4},{"damage":13,"enemies":"3 Sentries","floor":9,"turns":6},{"damage":5,"enemies":"downfall:FleeingMerchant","floor":10,"turns":4},{"damage":7,"enemies":"Blue Slaver","floor":14,"turns":5},{"damage":8,"enemies":"Exordium Wildlife","floor":15,"turns":4},{"damage":6,"enemies":"WA_ARCHETYPE_RETAIN","floor":16,"turns":7},{"damage":30,"enemies":"Spheric Guardian","floor":19,"turns":5},{"damage":12,"enemies":"Shell Parasite","floor":20,"turns":4},{"damage":20,"enemies":"Shelled Parasite and Fungi","floor":21,"turns":6},{"damage":2,"enemies":"conspire:Head Lice","floor":23,"turns":1}],"seed_played":"4366593443233151577","potions_obtained":[{"floor":2,"key":"LifebloodPotion"},{"floor":6,"key":"BlessingOfTheForge"},{"floor":9,"key":"Block Potion"},{"floor":16,"key":"sneckomod:MuddlingPotion"}],"is_trial":false,"path_per_floor":["R","M","M","?","M","M","T","R","E","$","?","T","R","M","M","B",null,"R","M","M","M","?","E"],"character_chosen":"GUARDIAN","items_purchased":["Guardian:DecasProtection"],"campfire_rested":1,"item_purchase_floors":[10],"current_hp_per_floor":[80,77,77,57,42,26,26,50,37,32,32,32,32,25,17,11,63,63,33,21,1,1,0,0,0],"gold":237,"neow_bonus":"ONE_RANDOM_RARE_CARD","is_daily":false,"chose_seed":false,"campfire_upgraded":3,"win_rate":0.0,"timestamp":1612373550,"path_taken":["R","M","?","?","M","M","T","R","E","$","?","?","R","M","M","BOSS","R","M","M","M","?","E"],"items_purchased_type":["Card"],"build_version":"2020-12-22","purchased_purges":1,"victory":false,"max_hp_per_floor":[80,80,80,80,80,80,80,80,80,80,80,80,80,80,80,80,80,80,80,80,80,80,80,80,80],"card_choices":[{"not_picked":["Guardian:CrystalBeam","Guardian:Recover"],"picked":"Guardian:Planning","floor":2},{"not_picked":["Guardian:ShieldSpikes","Guardian:VentSteam"],"picked":"Guardian:FastForward","floor":3},{"not_picked":["hubris:Rewind","infinitespire:FinalStrike"],"picked":"infinitespire:Execution","floor":4},{"not_picked":["Guardian:Planning","Guardian:Harden"],"picked":"Guardian:FloatingOrbs","floor":5},{"not_picked":["Guardian:PrimingBeam","Guardian:RollAttack"],"picked":"Guardian:ShieldCharger","floor":6},{"not_picked":["Guardian:SpikerProtocol","Guardian:TemporalShield"],"picked":"Guardian:Gem_Orange","floor":9},{"not_picked":["Guardian:RollAttack","Guardian:PrimingBeam"],"picked":"Guardian:Emergency","floor":10},{"not_picked":["Guardian:Preprogram","Guardian:Reroute"],"picked":"Guardian:VentSteam","floor":14},{"not_picked":["Guardian:Planning","Guardian:WalkerClaw"],"picked":"Guardian:EvasiveProtocol","floor":15},{"not_picked":["Guardian:GemFire","Guardian:Gem_Orange"],"picked":"Guardian:TimeSifter","floor":16},{"not_picked":["Guardian:CrystalBeam","Guardian:PiercingHide+1"],"picked":"Guardian:Orbwalk","floor":19},{"not_picked":["Guardian:FastForward","Guardian:Gem_Red"],"picked":"Guardian:TemporalShield+1","floor":20},{"not_picked":["Guardian:BronzeArmor","Guardian:Planning"],"picked":"Guardian:FuturePlans","floor":21}],"player_experience":1002283,"relics_obtained":[{"floor":7,"key":"Simple Rune"},{"floor":9,"key":"StuffTheSpire:GrapeVine"},{"floor":12,"key":"Guardian:SackOfGems"}],"event_choices":[{"damage_healed":0,"gold_gain":0,"player_choice":"Trade","damage_taken":0,"relics_obtained":["GremlinMask"],"max_hp_gain":0,"max_hp_loss":0,"event_name":"FaceTrader","floor":22,"gold_loss":0}],"is_beta":false,"boss_relics":[{"not_picked":["conspire:SeveredTorchhead","Tiny House"],"picked":"hubris:TerracottaHorce"}],"items_purged_floors":[10],"is_endless":false,"potions_floor_spawned":[2,6,9,14,16,20],"killed_by":"conspire:Head Lice","ascension_level":0}}