{"host":"qxfsqqkvz99y95yf","time":1612392963,"event":{"mods":["BaseMod","Infinite Spire","Minty Spire (QoL Compilation)","Replay The Spire","StSLib"],"gold_per_floor":[113,113,113,124,174,174,205,217,241,318,318,341,359,45,45,162,162,187,187,189,189,191,201,201],"floor_reached":23,"language":"ENG","playtime":1386,"items_purged":["Spreading Infection","Delirium"],"score":186,"play_id":"4b52c0d3-1beb-404f-8ba1-f9361812427c","local_time":"20210203175603","is_ascension_mode":true,"campfire_choices":[{"data":"Coolheaded","floor":6,"key":"SMITH"},{"floor":11,"key":"REST"},{"data":"White Noise","floor":15,"key":"SMITH"}],"circlet_count":0,"master_deck":["Strike_B","Strike_B","Strike_B","Strike_B","Defend_B","Defend_B","Defend_B","Defend_B","Zap+1","Dualcast","Panic Button","Coolheaded+1","Seek","White Noise+1","Amnesia","Chill","Hologram","Scrape+1","Storm","Specialist","Machine Learning","Loop"],"relics":["Ring of the Snake","Molten Egg 2","infinitespire:Cubic Diamond","Ring of Hypnosis","Ring of Greed","infinitespire:Midas Blood","Tiny Chest","Odd Mushroom","Geode","Fusion Hammer","Matryoshka"],"acts_visited":["Exordium","TheCity"],"potions_floor_usage":[23,23],"damage_taken":[{"damage":0,"enemies":"Cultist","floor":1,"turns":3},{"damage":0,"enemies":"2 Louse","floor":4,"turns":3},{"damage":17,"enemies":"The Mushroom Lair","floor":7,"turns":6},{"damage":4,"enemies":"Small Slimes","floor":8,"turns":4},{"damage":15,"enemies":"2 Fungi Beasts","floor":12,"turns":5},{"damage":3,"enemies":"3 Louse","floor":13,"turns":4},{"damage":23,"enemies":"Hexaghost","floor":16,"turns":8},{"damage":13,"enemies":"Chosen","floor":18,"turns":6},{"damage":42,"enemies":"Book of Stabbing","floor":23,"turns":4}],"seed_played":"7191381793988567824","potions_obtained":[{"floor":8,"key":"Fire Potion"},{"floor":12,"key":"Languid Potion"},{"floor":13,"key":"Block Potion"},{"floor":18,"key":"Elixir"}],"is_trial":false,"path_per_floor":["M","?","?","M","?","R","?","M","T","?","R","M","M","$","R","B",null,"M","T","?","AVR","?","E"],"character_chosen":"DEFECT","items_purchased":["Scrape+1","Storm","Specialist"],"campfire_rested":1,"item_purchase_floors":[14,14,14],"current_hp_per_floor":[75,75,75,75,75,75,58,54,54,43,65,50,47,47,47,24,75,62,62,48,48,40,0,0],"gold":201,"neow_bonus":"UPGRADE_CARD","is_daily":false,"chose_seed":false,"campfire_upgraded":2,"win_rate":0.0,"timestamp":1612392963,"path_taken":["M","?","?","M","?","R","?","M","T","?","R","?","M","$","R","BOSS","M","?","?","AVR","?","E"],"items_purchased_type":["Card","Card","Card"],"build_version":"2020-12-22","purchased_purges":2,"victory":false,"max_hp_per_floor":[75,75,75,75,75,75,75,75,75,75,75,75,75,75,75,75,75,75,75,80,80,80,80,80],"card_choices":[{"not_picked":["Hologram","Ball Lightning"],"picked":"Panic Button","floor":1},{"not_picked":["Redo","ReplayTheSpireMod:System Scan"],"picked":"Coolheaded","floor":4},{"not_picked":["Aggregate","Coolheaded"],"picked":"Seek","floor":7},{"not_picked":["Barrage+1","Recycle"],"picked":"White Noise","floor":8},{"not_picked":["Conserve Battery","Compile Driver+1"],"picked":"Chill","floor":12},{"not_picked":["ReplayRNGCard","ReplayTheSpireMod:Repulse"],"picked":"Hologram","floor":13},{"not_picked":["Buffer","Multi-Cast"],"picked":"Machine Learning","floor":16},{"not_picked":["Aggregate","Reprogram"],"picked":"Loop","floor":18}],"player_experience":214926,"relics_obtained":[{"floor":2,"key":"Molten Egg 2"},{"floor":5,"key":"Ring of Hypnosis"},{"floor":5,"key":"Ring of Greed"},{"floor":5,"key":"infinitespire:Midas Blood"},{"floor":5,"key":"Tiny Chest"},{"floor":7,"key":"Odd Mushroom"},{"floor":9,"key":"Geode"},{"floor":19,"key":"Matryoshka"}],"event_choices":[{"damage_healed":0,"gold_gain":0,"player_choice":"Fought Mushrooms","damage_taken":0,"max_hp_gain":0,"max_hp_loss":0,"event_name":"Mushrooms","floor":7,"gold_loss":0},{"damage_healed":0,"gold_gain":75,"player_choice":"Gather Gold","damage_taken":11,"max_hp_gain":0,"max_hp_loss":0,"event_name":"World of Goop","floor":10,"gold_loss":0},{"damage_healed":0,"gold_gain":0,"player_choice":"Shed Blood","damage_taken":19,"max_hp_gain":5,"max_hp_loss":0,"event_name":"Forgotten Altar","floor":20,"gold_loss":0},{"damage_healed":0,"gold_gain":0,"player_choice":"Damaged","damage_taken":8,"max_hp_gain":0,"max_hp_loss":0,"event_name":"Wheel of Change","floor":22,"gold_loss":0}],"is_beta":false,"boss_relics":[{"not_picked":["Tiny House","Pandora\u0027s Box"],"picked":"Fusion Hammer"}],"items_purged_floors":[14,21],"is_endless":false,"potions_floor_spawned":[8,12,13,18],"killed_by":"Book of Stabbing","ascension_level":1}}