{"host":"knspyp6dy614fx6e","time":1612367383,"event":{"mods":["ATMod(°¢èªMod)","Aspiration","BaseMod","Better Altar","Better Skull","Better Third Choice","Card Filter","DeckTracker","Dota2Spire","Energized Spire","Jedi Mod","Minty Spire (QoL Compilation)","MostiFishMod","Quick Restart","Relic Filter Mod","Relic Stats","Reliquary","Shop Mod","Spicy Shops","StSLib","TestMod","Waifu the Spire"],"gold_per_floor":[113,129,147,147,147,147,186,186,186,527,70,70,95,115,115,345,345,365,465,83,152,168,168,203,203,203,343,393,393],"floor_reached":28,"language":"ZHS","playtime":1166,"items_purged":["Strike_P","Defend_P","Strike_P"],"score":522,"play_id":"6ad3e580-6f8b-42e0-93be-93c835438dea","local_time":"20210203234943","is_ascension_mode":true,"campfire_choices":[{"data":"Eruption","floor":6.0,"key":"SMITH"},{"floor":8.0,"key":"REST"},{"floor":12.0,"key":"REST"},{"data":"AT_OneInchPunch","floor":15.0,"key":"SMITH"},{"data":"MostiFishMod:StarOceanP","floor":23.0,"key":"SMITH"},{"floor":25.0,"key":"REST"}],"circlet_count":1,"master_deck":["Strike_P","Strike_P","Defend_P","Defend_P","Defend_P","Eruption+1","Vigilance","AT_FalsePromise+1","CutThroughFate","Evaluate","Wish","FlurryOfBlows","MostiFishMod:DisColor","AT_OneInchPunch+1","Prostrate","MostiFishMod:Speedup+1","ClearTheMind","MostiFishMod:StarOceanP+1","Prostrate+1","Evaluate+1","EmptyFist+1","Crescendo"],"relics":["PureWater","AT_ATBox","testmod-TestBox","Circlet","DaveBox","Golden Idol","SsserpentHead","AT_TheCollector","testmod-LifeArmor","Frozen Egg 2","Sozu","jedi:crownofsimplicity","AT_EbonyIvory","Pantograph","reliquary:Buckler"],"acts_visited":["Exordium","TheCity"],"potions_floor_usage":[27],"damage_taken":[{"damage":0.0,"enemies":"Small Slimes","floor":1.0,"turns":5.0},{"damage":10.0,"enemies":"2 Louse","floor":2.0,"turns":4.0},{"damage":1.0,"enemies":"Cultist","floor":3.0,"turns":4.0},{"damage":20.0,"enemies":"Lagavulin","floor":7.0,"turns":6.0},{"damage":27.0,"enemies":"3 Sentries","floor":10.0,"turns":7.0},{"damage":5.0,"enemies":"Red Slaver","floor":13.0,"turns":2.0},{"damage":1.0,"enemies":"Looter","floor":14.0,"turns":2.0},{"damage":0.0,"enemies":"Slime Boss","floor":16.0,"turns":2.0},{"damage":0.0,"enemies":"Spheric Guardian","floor":18.0,"turns":2.0},{"damage":16.0,"enemies":"3 Byrds","floor":19.0,"turns":6.0},{"damage":0.0,"enemies":"Snecko","floor":21.0,"turns":1.0},{"damage":14.0,"enemies":"3 Cultists","floor":22.0,"turns":4.0},{"damage":0.0,"enemies":"REME_1_Revenger","floor":24.0,"turns":1.0},{"damage":13,"enemies":"Gremlin Leader","floor":27,"turns":3},{"damage":0,"enemies":"Masked Bandits","floor":28,"turns":3}],"seed_played":"-2049445178245638984","potions_obtained":[{"floor":1.0,"key":"PowerPotion"},{"floor":10.0,"key":"DistilledChaos"},{"floor":13.0,"key":"GamblersBrew"},{"floor":14.0,"key":"PowerPotion"},{"floor":16.0,"key":"DuplicationPotion"}],"is_trial":false,"path_per_floor":["M","M","M","?","?","R","E","R","T","E","$","R","M","M","R","B",null,"M","M","$","M","M","R","E","R","T","E","?"],"character_chosen":"WATCHER","items_purchased":["Frozen Egg 2","AT_OneInchPunch","Prostrate","jedi:crownofsimplicity","Evaluate"],"campfire_rested":3,"item_purchase_floors":[11,11,11,20,20],"current_hp_per_floor":[65,55,54,38,38,38,18,37,37,10,10,29,24,23,23,23,55,55,39,39,39,25,25,25,44,44,31,31,31],"gold":393,"neow_bonus":"RANDOM_COLORLESS_2","is_daily":false,"chose_seed":false,"campfire_upgraded":3,"win_rate":0.0,"timestamp":1612367383,"path_taken":["M","M","M","?","?","R","E","R","T","E","$","R","M","M","R","BOSS","M","?","$","?","M","R","E","R","T","E","?"],"items_purchased_type":["Relic","Card","Card","Relic","Card"],"build_version":"2020-12-22","purchased_purges":3,"victory":false,"max_hp_per_floor":[65,65,65,65,65,65,65,65,65,65,65,65,65,65,65,65,65,65,65,65,65,65,65,65,65,65,65,65,65],"relic_stats":{"Sozu":3,"SsserpentHead":150,"counters":[15,52],"Golden Idol":89,"Pantograph":0,"obtain_stats":[{"AT_ATBox":0,"testmod-TestBox":0,"DaveBox":0,"Golden Idol":4,"Circlet":0,"testmod-LifeArmor":10,"AT_EbonyIvory":24,"jedi:crownofsimplicity":20,"Frozen Egg 2":11,"Sozu":17,"SsserpentHead":5,"AT_TheCollector":7,"Pantograph":26,"reliquary:Buckler":27,"PureWater":0,"REME_ComplimentaryCards":0},{"AT_ATBox":0,"testmod-TestBox":0,"DaveBox":0,"Golden Idol":3,"Circlet":0,"testmod-LifeArmor":5,"AT_EbonyIvory":13,"jedi:crownofsimplicity":10,"Frozen Egg 2":5,"Sozu":8,"SsserpentHead":3,"AT_TheCollector":4,"Pantograph":13,"reliquary:Buckler":14,"PureWater":0,"REME_ComplimentaryCards":0},{"AT_ATBox":0,"testmod-TestBox":0,"DaveBox":0,"Golden Idol":13,"Circlet":0,"testmod-LifeArmor":26,"AT_EbonyIvory":46,"jedi:crownofsimplicity":40,"Frozen Egg 2":26,"Sozu":32,"SsserpentHead":13,"AT_TheCollector":19,"Pantograph":46,"reliquary:Buckler":49,"PureWater":0,"REME_ComplimentaryCards":0}]},"card_choices":[{"not_picked":["Secret Weapon","testmod-AutoReboundSystem"],"picked":"AT_FalsePromise","floor":0.0},{"not_picked":["JustLucky","CrushJoints"],"picked":"CutThroughFate","floor":1.0},{"not_picked":["PathToVictory","EmptyBody"],"picked":"Evaluate","floor":2.0},{"not_picked":["Consecrate","MostiFishMod:Nomercy"],"picked":"Wish","floor":3.0},{"not_picked":["REME_Repentance","Pray"],"picked":"FlurryOfBlows","floor":7.0},{"not_picked":["Pray","Weave"],"picked":"MostiFishMod:DisColor","floor":10.0},{"not_picked":["Tantrum","AT_ChampionStep+1"],"picked":"MostiFishMod:Speedup+1","floor":13.0},{"not_picked":["EmptyBody","Evaluate"],"picked":"ClearTheMind","floor":14.0},{"not_picked":["Establishment+1","MasterReality+1"],"picked":"MostiFishMod:StarOceanP","floor":16.0},{"not_picked":["EmptyMind","Protect+1","CrushJoints"],"picked":"SKIP","floor":18.0},{"not_picked":["SashWhip+1","REME_Repentance"],"picked":"Prostrate+1","floor":19.0},{"not_picked":["Nirvana+1","EmptyBody+1"],"picked":"EmptyFist+1","floor":21.0},{"not_picked":["FollowUp","DeceiveReality","EmptyFist+1"],"picked":"SKIP","floor":22.0},{"not_picked":["Prostrate","FollowUp"],"picked":"Crescendo","floor":24.0},{"not_picked":["Halt","Pray+1","JustLucky"],"picked":"SKIP","floor":27}],"player_experience":316772,"relics_obtained":[{"floor":7.0,"key":"AT_TheCollector"},{"floor":10.0,"key":"testmod-LifeArmor"},{"floor":24.0,"key":"AT_EbonyIvory"},{"floor":26.0,"key":"Pantograph"},{"floor":27,"key":"reliquary:Buckler"}],"event_choices":[{"damage_healed":0.0,"max_hp_gain":0.0,"max_hp_loss":0.0,"gold_gain":0.0,"event_name":"Golden Idol","player_choice":"Take Damage","floor":4.0,"gold_loss":0.0,"damage_taken":16.0,"relics_obtained":["Golden Idol"]},{"damage_healed":0.0,"max_hp_gain":0.0,"max_hp_loss":0.0,"gold_gain":0.0,"event_name":"FaceTrader","player_choice":"Trade","floor":5.0,"gold_loss":0.0,"damage_taken":0.0,"relics_obtained":["SsserpentHead"]},{"damage_healed":0,"gold_gain":0,"player_choice":"Fought Bandits","damage_taken":0,"max_hp_gain":0,"max_hp_loss":0,"event_name":"Masked Bandits","floor":28,"gold_loss":0}],"is_beta":false,"boss_relics":[{"not_picked":["aspiration:IroncladSkillbook","testmod-HarvestTotem"],"picked":"Sozu"}],"items_purged_floors":[11,20,20],"is_endless":false,"potions_floor_spawned":[1,10,13,14,16,21,24,27],"killed_by":"Masked Bandits","ascension_level":7}}