{"host":"5td1gsj4mnrioltg","time":1612395837,"event":{"mods":["2.2 Compatiblity","AchievementEnabler","Act Like it!","Aspiration","BaseMod","Beaked The Cultist","Better Altar","Better Match","Better Note","Better Sensory Stone","Better Silent Start","Better Skull","Better Third Choice","Better Vampires","BetterRewards","Bossed Relics","Colored Map","Colored Powertips","Displayed Cursed Tome","Downfall","Emptier Cage","Evolution","Friendly Minions","GifTheSpireLib","Highlight Path","Ironclad Rager","Jedi Mod","JesterMod","Mad Scientist","Menagerie","Minty Spire (QoL Compilation)","Permanent Neow","Quick Restart","Reliquary","Replay The Spire","Reworked Bosses","Shade Mod","Spicy Shops","StSLib","The Blue Laboratory","The Dragon Tamer","The Dragonkin","The Druid","The Elementalist","The Marked","The Necromancer","The Runesmith","Thieving Mod","Transform Curses","Wandering Minibosses","Weighted Paths"],"gold_per_floor":[216,324,338,469,469,469,469,469,469,469,144,144,144,144,144,144,144,144,119,119,119,119,148,159,9,62,62,62,62],"floor_reached":28,"language":"ENG","playtime":1937,"items_purged":["Shade:Strike_Shade","Shade:Strike_Shade","Shade:Strike_Shade","Shade:Defend_Shade"],"score":349,"play_id":"4e709a19-b6e6-41ce-8a22-e823b07f50c0","local_time":"20210203154357","is_ascension_mode":true,"campfire_choices":[{"floor":6,"key":"REST"},{"floor":10,"key":"REST"},{"data":"Shade:AnimateDead","floor":15,"key":"SMITH"},{"data":"Shade:PotionOfRestlessness","floor":27,"key":"SMITH"}],"circlet_count":0,"master_deck":["Shade:Strike_Shade+1","Shade:Defend_Shade","Shade:Defend_Shade+1","Shade:Defend_Shade","Shade:AnimateDead+1","Shade:CarefulCut","Shade:AblativeArmor","Shade:CloudOfShrapnel","Shade:CommandSoldier","Shade:GraveStillness","Shade:StitchTogether","Shade:SensePrey","Shade:Carnophage","Shame","Shade:Brains+1","Specialist+1","Shade:PotionOfRestlessness+1","Shade:FreshBones"],"relics":["Shade:YorickSkull","EVO:Axolotl","Gremlin Food","jedi:ominousloannote","reliquary:RosewoodLute","jedi:firstaidkit","reliquary:TatteredRug","Pondfish Scales","Replay:Mystery Machine","reliquary:RedCape","Blue Candle","Calipers"],"acts_visited":["Exordium","TheCity"],"potions_floor_usage":[18,18,28,28],"damage_taken":[{"damage":0,"enemies":"Menagerie:WhisperingWraith","floor":1,"turns":4},{"damage":1,"enemies":"Menagerie:MonstrousExperiment","floor":3,"turns":5},{"damage":0,"enemies":"Menagerie:StygianBoar","floor":5,"turns":3},{"damage":6,"enemies":"Menagerie:EntropyWarlock","floor":7,"turns":5},{"damage":11,"enemies":"Menagerie:Hydra","floor":8,"turns":6},{"damage":5,"enemies":"Menagerie:VoidReaper","floor":13,"turns":8},{"damage":0,"enemies":"Menagerie:Chimera","floor":16,"turns":11},{"damage":16,"enemies":"Chosen","floor":18,"turns":9},{"damage":0,"enemies":"2 Thieves","floor":19,"turns":4},{"damage":0,"enemies":"Replay:Snechameleon","floor":23,"turns":9},{"damage":10,"enemies":"Snecko","floor":24,"turns":11},{"damage":65,"enemies":"Cultist and Chosen","floor":28,"turns":14}],"seed_played":"9017551745692797801","potions_obtained":[{"floor":3,"key":"Elixir"},{"floor":8,"key":"Swift Potion"},{"floor":23,"key":"blueLaboratory:LouseDecoction"},{"floor":24,"key":"Block Potion"}],"is_trial":false,"path_per_floor":["M","?","M","$","M","R","M","E","T","R","$","?","E","T","R","B",null,"M","M","?","?","?","E","M","$","T","R","M"],"character_chosen":"SHADE","items_purchased":["jedi:ominousloannote","Shade:CloudOfShrapnel","Shade:CommandSoldier","jedi:firstaidkit","Shade:Carnophage"],"campfire_rested":2,"item_purchase_floors":[4,4,4,11,11],"current_hp_per_floor":[65,44,43,43,43,62,56,45,45,64,64,64,65,65,65,65,65,56,63,63,58,58,65,55,55,55,55,0,0],"gold":62,"neow_bonus":"HUNDRED_GOLD","is_daily":false,"chose_seed":false,"campfire_upgraded":2,"win_rate":0.0,"timestamp":1612395837,"path_taken":["M","?","M","$","?","R","M","E","T","R","$","?","E","?","R","BOSS","M","M","?","?","?","E","M","$","T","R","?"],"items_purchased_type":["Relic","Card","Card","Relic","Card"],"build_version":"2020-12-22","purchased_purges":4,"victory":false,"max_hp_per_floor":[65,65,65,65,65,65,65,65,65,65,65,65,65,65,65,65,65,65,65,65,65,65,65,65,65,65,65,65,65],"card_choices":[{"not_picked":["Shade:FuneraryArmor","Shade:CallOfTheGrave","Shade:FleshToFlesh"],"picked":"SKIP","floor":1},{"not_picked":["Shade:FuneraryArmor","Shade:FreshBones"],"picked":"Shade:AblativeArmor","floor":3},{"not_picked":["Shade:LyeBath","Shade:FuneraryArmor"],"picked":"Shade:GraveStillness","floor":5},{"not_picked":["Shade:Awaken","Shade:AncientSpear"],"picked":"Shade:StitchTogether","floor":7},{"not_picked":["Shade:FingerOfDeath","Shade:OneIsEnough"],"picked":"Shade:SensePrey","floor":8},{"not_picked":["Shade:SanguineRitual","Shade:Excise","Shade:AblativeArmor"],"picked":"SKIP","floor":13},{"not_picked":["Shade:Bonestorm","Shade:Frenzy"],"picked":"Shade:Brains+1","floor":18},{"not_picked":["Shade:CoffinDance","Shade:Brains+1","Shade:SkeletonHug+1"],"picked":"SKIP","floor":19},{"not_picked":["Trip+1","Swift Strike+1"],"picked":"Specialist+1","floor":22},{"not_picked":["Shade:CoffinDance","Shade:UnbarTheGrave"],"picked":"Shade:PotionOfRestlessness","floor":23},{"not_picked":["Shade:DangerousRitual","Shade:CommandSoldier"],"picked":"Shade:FreshBones","floor":24}],"player_experience":1312487,"relics_obtained":[{"floor":8,"key":"reliquary:FerryPass"},{"floor":9,"key":"reliquary:RosewoodLute"},{"floor":13,"key":"reliquary:TatteredRug"},{"floor":13,"key":"Pondfish Scales"},{"floor":14,"key":"Replay:Mystery Machine"},{"floor":23,"key":"Calipers"}],"event_choices":[{"damage_healed":0,"gold_gain":108,"player_choice":"GO RE ","damage_taken":24,"relics_obtained":["Gremlin Food"],"max_hp_gain":0,"max_hp_loss":0,"event_name":"betterSkull:BetterSkull","floor":2,"gold_loss":0,"cards_upgraded":[]},{"damage_healed":0,"gold_gain":225,"player_choice":"Raid","damage_taken":0,"max_hp_gain":0,"max_hp_loss":0,"event_name":"Menagerie:SpiderNest","floor":12,"gold_loss":0,"cards_obtained":["Shame"]},{"damage_healed":0,"gold_gain":0,"player_choice":"2","damage_taken":0,"max_hp_gain":0,"max_hp_loss":0,"event_name":"betterMatch:BetterMatch","floor":22,"gold_loss":0,"cards_obtained":["betterMatch:ColorlessUncommonCard"]}],"is_beta":false,"boss_relics":[{"not_picked":["aspiration:SilentSkillbook","SlaversCollar"],"picked":"reliquary:RedCape"}],"items_purged_floors":[4,4,11,25],"is_endless":false,"potions_floor_spawned":[3,8,13,16,23,24],"killed_by":"Cultist and Chosen","ascension_level":2}}