{"host":"alk2ftu785mujiir","time":1612387452,"event":{"mods":["BaseMod","Colored Map","Downfall","Minty Spire (QoL Compilation)","StSLib"],"gold_per_floor":[0,19,31,23,23,58,58,68,53,53,82,82,82,99,119,230,230,230,257,365,381,381,381,381,415,415,441,475,499,537,562,580,684,684,684,695,721,744,22,46,46,46,46,79,79,117,145,167,181,181],"floor_reached":51,"language":"ENG","playtime":3354,"items_purged":["downfall:Malfunctioning"],"score":870,"play_id":"ddd43ab2-4483-4cb9-b9f7-8ed60affc40b","local_time":"20210203162412","is_ascension_mode":true,"campfire_choices":[{"data":"hexamod:Float","floor":1.0,"key":"SMITH"},{"floor":12.0,"key":"REST"},{"data":"hexamod:EmpoweredFlame","floor":18.0,"key":"SMITH"},{"data":"hexamod:ThermalTransfer","floor":23.0,"key":"SMITH"},{"floor":26.0,"key":"REST"},{"floor":35.0,"key":"RECALL"},{"floor":43.0,"key":"REST"},{"floor":45.0,"key":"REST"}],"circlet_count":0,"master_deck":["hexamod:Strike+1","hexamod:Strike+1","hexamod:Defend+1","hexamod:Defend+1","hexamod:Defend+1","hexamod:Defend+1","hexamod:Sear+1","hexamod:Float+1","hexamod:RainOfEmbers+1","hexamod:SuperheatedStrike+1","hexamod:ThermalTransfer+1","hexamod:SpectralSpark+1","hexamod:NightmareGuise+1","hexamod:EmpoweredFlame+1","hexamod:HeatShield+1","hexamod:GhostLash+1","hexamod:GhostflameBarrier+1","hexamod:FastForward+1","hexamod:TimeWarp+1","hexamod:TimeOfNeed+1","hexamod:ChargedBarrage+1","hexamod:BurningTouch+1","hexamod:EmpoweredFlame+1","hexamod:PhantomFireball+1","hexamod:GhostflameBarrier+1","hexamod:Firestarter+1"],"relics":["hexamod:SpiritBrand","Du-Vu Doll","Blood Vial","Happy Flower","Orichalcum","hexamod:IceCube","Toy Ornithopter","Gremlin Horn","Bronze Scales","Dream Catcher","Vajra","SacredBark","Letter Opener","Mercury Hourglass","Incense Burner","Bag of Preparation","hexamod:Sixitude","hexamod:TheBrokenSeal"],"acts_visited":["Exordium","TheCity","TheBeyond"],"potions_floor_usage":[48,49,49],"damage_taken":[{"damage":1.0,"enemies":"Jaw Worm","floor":2.0,"turns":3.0},{"damage":1.0,"enemies":"Small Slimes","floor":3.0,"turns":4.0},{"damage":23.0,"enemies":"3 Sentries","floor":6.0,"turns":9.0},{"damage":8.0,"enemies":"2 Louse","floor":8.0,"turns":3.0},{"damage":0.0,"enemies":"downfall:FleeingMerchant","floor":9.0,"turns":4.0},{"damage":1.0,"enemies":"Gremlin Nob","floor":11.0,"turns":3.0},{"damage":18.0,"enemies":"Gremlin Gang","floor":14.0,"turns":4.0},{"damage":7.0,"enemies":"Large Slime","floor":15.0,"turns":4.0},{"damage":8.0,"enemies":"IC_STATUS_ARCHETYPE","floor":16.0,"turns":7.0},{"damage":10.0,"enemies":"3 Byrds","floor":19.0,"turns":7.0},{"damage":37.0,"enemies":"downfall:LadyInBlue","floor":20.0,"turns":10.0},{"damage":0.0,"enemies":"Chosen","floor":21.0,"turns":3.0},{"damage":15.0,"enemies":"Gremlin Leader","floor":25.0,"turns":7.0},{"damage":2.0,"enemies":"3 Cultists","floor":27.0,"turns":6.0},{"damage":33.0,"enemies":"Slavers","floor":28.0,"turns":6.0},{"damage":0.0,"enemies":"Snecko","floor":29.0,"turns":4.0},{"damage":5.0,"enemies":"Book of Stabbing","floor":30.0,"turns":6.0},{"damage":13.0,"enemies":"Shelled Parasite and Fungi","floor":31.0,"turns":4.0},{"damage":11.0,"enemies":"Centurion and Healer","floor":32.0,"turns":6.0},{"damage":40.0,"enemies":"DF_ARCHETYPE_CLAW","floor":33.0,"turns":8.0},{"damage":6.0,"enemies":"3 Shapes","floor":36.0,"turns":3.0},{"damage":0.0,"enemies":"Orb Walker","floor":37.0,"turns":4.0},{"damage":10.0,"enemies":"Jaw Worm Horde","floor":38.0,"turns":6.0},{"damage":9.0,"enemies":"downfall:FleeingMerchant","floor":39.0,"turns":4.0},{"damage":48.0,"enemies":"Transient","floor":40.0,"turns":5.0},{"damage":0.0,"enemies":"Reptomancer","floor":44.0,"turns":5.0},{"damage":8.0,"enemies":"Giant Head","floor":46.0,"turns":8.0},{"damage":25.0,"enemies":"Maw","floor":47.0,"turns":6.0},{"damage":29,"enemies":"Spire Growth","floor":48,"turns":6},{"damage":5,"enemies":"Writhing Mass","floor":49,"turns":2},{"damage":27,"enemies":"WA_ARCHETYPE_DIVINITY","floor":50,"turns":8}],"seed_played":"-5183112068287544606","potions_obtained":[{"floor":6.0,"key":"SpeedPotion"},{"floor":16.0,"key":"Guardian:BlockOnCardUsePotion"},{"floor":20.0,"key":"Block Potion"},{"floor":20.0,"key":"EssenceOfSteel"},{"floor":25.0,"key":"LiquidMemories"},{"floor":30.0,"key":"ColorlessPotion"},{"floor":32.0,"key":"Fire Potion"},{"floor":33.0,"key":"FearPotion"},{"floor":40.0,"key":"Weak Potion"},{"floor":44.0,"key":"AttackPotion"},{"floor":44.0,"key":"sneckomod:MuddlingPotion"},{"floor":46.0,"key":"GamblersBrew"},{"floor":47.0,"key":"Fire Potion"},{"floor":47.0,"key":"Guardian:BlockOnCardUsePotion"},{"floor":48,"key":"SneckoOil"}],"is_trial":false,"path_per_floor":["R","M","M","?","?","E","T","M","$","?","E","R","?","M","M","B",null,"R","M","?","M","?","R","T","E","R","M","E","M","E","M","M","B",null,"R","M","M","M","$","M","T","?","R","E","R","E","M","M","M","B",null],"character_chosen":"THE_SPIRIT","items_purchased":["hexamod:FourthSeal","Letter Opener","hexamod:PhantomFireball","Mercury Hourglass"],"campfire_rested":4,"item_purchase_floors":[39,39,39,39],"current_hp_per_floor":[84,83,82,75,75,59,59,60,69,44,52,77,77,68,70,71,84,84,81,53,55,55,55,55,54,79,84,58,67,76,65,63,37,84,84,78,84,81,81,42,42,42,67,81,84,84,64,94,89,64],"gold":181,"neow_bonus":"TWENTY_PERCENT_HP_BONUS","is_daily":false,"chose_seed":false,"campfire_upgraded":3,"win_rate":0.0,"timestamp":1612387452,"path_taken":["R","M","M","?","?","E","T","M","$","?","E","R","?","M","M","BOSS","R","M","?","?","?","R","T","E","R","M","E","M","E","M","M","BOSS","R","M","M","M","$","M","T","?","R","E","R","E","M","?","M","BOSS"],"items_purchased_type":["Card","Relic","Card","Relic"],"build_version":"2020-12-22","purchased_purges":1,"victory":true,"max_hp_per_floor":[84,84,84,84,84,84,84,84,84,84,84,84,84,84,84,84,84,84,84,84,84,84,84,84,84,84,84,84,84,84,84,84,84,84,84,84,84,84,84,84,84,84,84,84,84,84,84,94,94,94],"card_choices":[{"not_picked":["hexamod:GhostShield","hexamod:GhostOfSpirePast","hexamod:InspiringFlames"],"picked":"SKIP","floor":2.0},{"not_picked":["hexamod:SpectralAdrenaline","hexamod:CatchUp"],"picked":"hexamod:RainOfEmbers","floor":3.0},{"not_picked":["hexamod:NecessarySacrifice","hexamod:NightmareGuise"],"picked":"hexamod:SuperheatedStrike","floor":6.0},{"not_picked":["hexamod:FlamesFromBeyond","hexamod:HeatCrush"],"picked":"hexamod:ThermalTransfer","floor":8.0},{"not_picked":["hexamod:FlameSwitch","hexamod:GhostShield"],"picked":"hexamod:SpectralSpark","floor":9.0},{"not_picked":["hexamod:ShieldOfDarkness","hexamod:GhostOfSpirePast"],"picked":"hexamod:NightmareGuise","floor":11.0},{"not_picked":["hexamod:Firestarter","hexamod:GhostShield"],"picked":"hexamod:EmpoweredFlame","floor":14.0},{"not_picked":["hexamod:HeatMetal","hexamod:SpectralSpark"],"picked":"hexamod:HeatShield","floor":15.0},{"not_picked":["hexamod:WildfireWeapon","hexamod:HexaLevel"],"picked":"hexamod:SixthSeal","floor":16.0},{"not_picked":["hexamod:ShieldOfDarkness","hexamod:ThermalTransfer","hexamod:GhostShield"],"picked":"SKIP","floor":19.0},{"not_picked":["hexamod:SuperheatedStrike","hexamod:SwordOfDarkness"],"picked":"hexamod:GhostLash+1","floor":20.0},{"not_picked":["hexamod:ShieldOfDarkness","hexamod:NightmareGuise","hexamod:SuperheatedStrike"],"picked":"SKIP","floor":21.0},{"not_picked":["hexamod:AdvancingGuard","hexamod:Rewind+1","hexamod:Incineration"],"picked":"SKIP","floor":25.0},{"not_picked":["hexamod:Rewind","hexamod:InspiringFlames+1","hexamod:FlamesFromBeyond"],"picked":"SKIP","floor":27.0},{"not_picked":["hexamod:AdvancingGuard","hexamod:Firestarter"],"picked":"hexamod:GhostflameBarrier","floor":28.0},{"not_picked":["hexamod:GhostLash+1","hexamod:SpectersWail+1"],"picked":"hexamod:FastForward+1","floor":29.0},{"not_picked":["hexamod:SpectralSpark","hexamod:HeatMetal"],"picked":"hexamod:TimeWarp","floor":30.0},{"not_picked":["hexamod:Firestarter","hexamod:HeatMetal","hexamod:ShieldOfDarkness"],"picked":"SKIP","floor":31.0},{"not_picked":["hexamod:SkipABeat","hexamod:SecondSeal","hexamod:Rewind"],"picked":"SKIP","floor":32.0},{"not_picked":["hexamod:GiftsFromTheDead","hexamod:FlameSwitch"],"picked":"hexamod:TimeOfNeed","floor":33.0},{"not_picked":["hexamod:NightmareStrike+1","hexamod:SwordOfDarkness"],"picked":"hexamod:ChargedBarrage+1","floor":36.0},{"not_picked":["hexamod:SkipABeat+1","hexamod:Rewind+1"],"picked":"hexamod:BurningTouch+1","floor":37.0},{"not_picked":["hexamod:GhostShield+1","hexamod:NecessarySacrifice+1"],"picked":"hexamod:EmpoweredFlame+1","floor":38.0},{"not_picked":["hexamod:SpectralAdrenaline+1","hexamod:CatchUp","hexamod:Haunt"],"picked":"SKIP","floor":39.0},{"not_picked":["hexamod:CatchUp+1","hexamod:SpectralAdrenaline+1"],"picked":"hexamod:GhostflameBarrier+1","floor":40.0},{"not_picked":["hexamod:GhostLash","hexamod:ThermalTransfer"],"picked":"hexamod:Firestarter+1","floor":43.0},{"not_picked":["hexamod:Hexaguard","hexamod:SecondSeal","hexamod:SpectersWail+1"],"picked":"SKIP","floor":44.0},{"not_picked":["hexamod:PhantomCloak+1","hexamod:Hexaguard"],"picked":"hexamod:FifthSeal","floor":46.0},{"not_picked":["hexamod:SecondSeal","hexamod:FourthSeal"],"picked":"hexamod:ThirdSeal","floor":47.0},{"not_picked":["hexamod:Hexaguard","hexamod:NightmareStrike","hexamod:FlamesFromBeyond"],"picked":"SKIP","floor":47.0},{"not_picked":["hexamod:GhostflameBarrier+1","hexamod:BacktrackSmack","hexamod:SwordOfDarkness"],"picked":"SKIP","floor":48},{"not_picked":["hexamod:ParanormalForm","hexamod:Rewind","hexamod:AdvancingGuard+1"],"picked":"SKIP","floor":49}],"player_experience":1796484,"relics_obtained":[{"floor":6.0,"key":"Du-Vu Doll"},{"floor":7.0,"key":"Blood Vial"},{"floor":11.0,"key":"Orichalcum"},{"floor":20.0,"key":"Toy Ornithopter"},{"floor":24.0,"key":"Gremlin Horn"},{"floor":25.0,"key":"Bronze Scales"},{"floor":28.0,"key":"Dream Catcher"},{"floor":30.0,"key":"Vajra"},{"floor":41.0,"key":"Incense Burner"},{"floor":44.0,"key":"Bag of Preparation"},{"floor":46.0,"key":"hexamod:Sixitude"}],"event_choices":[{"damage_healed":0.0,"max_hp_gain":0.0,"max_hp_loss":0.0,"gold_gain":0.0,"event_name":"Scrap Ooze","player_choice":"Success","floor":10.0,"gold_loss":0.0,"damage_taken":25.0,"relics_obtained":["Happy Flower"]}],"is_beta":false,"boss_relics":[{"not_picked":["Calling Bell","Pandora\u0027s Box"],"picked":"hexamod:IceCube"},{"not_picked":["Coffee Dripper","Velvet Choker"],"picked":"SacredBark"}],"items_purged_floors":[39],"is_endless":false,"potions_floor_spawned":[6,16,25,27,30,32,33,40,44,47],"ascension_level":1}}