{"host":"y98rs9c3ubr5er25","time":1612388637,"event":{"mods":["AchievementEnabler","Aspiration","Bartender","BaseMod","Better Altar","Better Match","Better Note","Better Sensory Stone","Better Skull","Better Third Choice","Downfall","GifTheSpireLib","HololiveMod","Hubris","Infinite Spire","Minty Spire (QoL Compilation)","Relic Stats","Replay The Spire","StSLib","The Construct","The Poker Player"],"gold_per_floor":[85,385,404,404,423,423,441,456,456,482,482,515,590,161,161,273,273,302,186,213,213,213,213,258,290,316,356,356,409,436,466,466,586,586,614,614,648,650,674,727,727,767,767,820,820,820,866,892,892,1015,1015,1026,1201,746,749,749,749,183,183,205,214,214,250,263,279,293,320,320,403,403,418,161,170,170,181,181],"floor_reached":75,"language":"ENG","playtime":13617,"items_purged":["hubris:Gluttony","downfall:Aged","Pain","Doubt","Hololive_Drill"],"score":2065,"play_id":"da9c80bf-55f3-489d-8b62-24d31ca83d50","local_time":"20210203214357","is_ascension_mode":true,"campfire_choices":[{"data":"Hololive_StrengthChampion","floor":6.0,"key":"SMITH"},{"data":"Hololive_StrengthChampion+1","floor":11.0,"key":"SMITH"},{"data":"Hololive_StrengthChampion+2","floor":15.0,"key":"SMITH"},{"data":"Hololive_DurableLive","floor":23.0,"key":"SMITH"},{"data":"Hololive_StrengthChampion+3","floor":28.0,"key":"SMITH"},{"data":"Hololive_StrengthChampion+4","floor":32.0,"key":"SMITH"},{"data":"Apotheosis","floor":46.0,"key":"SMITH"},{"floor":49.0,"key":"DIG"}],"circlet_count":0,"master_deck":["Hololive_Strike","Hololive_Strike","Hololive_Strike+1","Hololive_Strike","Hololive_Defend","Hololive_Defend","Hololive_Defend+1","Hololive_Defend","Hololive_LuckPotion+1","Hololive_Trident","Hololive_Breathe","CurseOfTheBell","CurseOfTheBell","Hololive_StarCraft","Hololive_StrengthChampion+5","Apotheosis+1","Hololive_LuckPotion","Hololive_CocoNews","Hololive_LuckPotion","Hololive_CocoNews","Hololive_StrengthChampion","Hololive_DurableLive+1","Hololive_Breathe","Hololive_CocoNews","Hololive_HuntDinosaur+1","Pot Of Greed","Pot Of Greed","Pot Of Greed+1","Hololive_Breathe+1","Hololive_Psychosis+1","Hololive_Sequa+1","Hololive_Trident","Hololive_Psychosis","Hololive_Sequa","Hololive_HuntDinosaur+1","Hololive_DurableLive","Hololive_LuckPotion+1","Chrysalis","Apotheosis+1","Pot Of Greed","Hololive_Breathe+1","Hololive_CocoNews+1","Madness","Madness","Hololive_LuckPotion+1","Hololive_Sequa+1","Hololive_Psychosis+1","Hololive_ILoveYou+1","Hololive_CocoNews","Hololive_FlyingPonyTail+1","Hololive_CocoNews","Pot Of Greed","Hololive_LuckPotion+1","Hololive_MaximGun","Hololive_FlyingPonyTail","Hololive_CocoNews","Hololive_DevilCharm","Hololive_Psychosis","Hololive_FlyingPonyTail","Hololive_LuckPotion","Hololive_CocoNews","Well Laid Plans","Pot Of Greed","Hololive_CocoNews","Hololive_LuckPotion","Hololive_FlyingPonyTail","Poisoned Stab","Caltrops","Hololive_MaximGun","Hololive_ASMR","infinitespire:Punishment","Hololive_LuckPotion+1"],"relics":["Hololive_TheStar","Hololive_Peko","downfall:ExtraCursedBell","Lantern","The Courier","Old Coin","Mirror","Pen Nib","PreservedInsect","Nunchaku","Replay:Bandana","Pet Ghost","Replay:Grab Bag","ChewingGum","bronze:MakeshiftBattery","Black Star","MutagenicStrength","NlothsMask","Grinning Jar","Dead Branch","Prayer Wheel","infinitespire:Midas Blood","Turnip","Eternal Feather","Replay:Wax Seal","Replay:Ringing Soul","infinitespire:CursedDice","Toy Ornithopter","Cleaning_Rag","WarpedTongs","Gremlin Food","hubris:CrystalStatue","Torii","construct:ClawGrip","Replay:Rubber Ducky","aspiration:ArtOfWarUpgrade","hubris:SlimyHat","hubris:DisguiseKit","Strange Spoon","Simple Rune","War Paint","Shuriken","ReplayTheSpireMod:Shallot","aspiration:TomeofQuesting","infinitespire:Magic Flask","Replay:Kaleidoscope","ReplayFunnel","hubris:Stopwatch","Sling","infinitespire:PuzzleCube"],"acts_visited":["Exordium","TheCity","TheBeyond","Exordium","TheCity"],"potions_floor_usage":[],"damage_taken":[{"damage":0.0,"enemies":"2 Louse","floor":1.0,"turns":2.0},{"damage":0.0,"enemies":"Small Slimes","floor":3.0,"turns":3.0},{"damage":0.0,"enemies":"Cultist","floor":5.0,"turns":3.0},{"damage":0.0,"enemies":"Blue Slaver","floor":7.0,"turns":2.0},{"damage":0.0,"enemies":"Large Slime","floor":8.0,"turns":4.0},{"damage":4.0,"enemies":"3 Sentries","floor":10.0,"turns":6.0},{"damage":0.0,"enemies":"Gremlin Nob","floor":12.0,"turns":4.0},{"damage":0.0,"enemies":"Slime Boss","floor":16.0,"turns":7.0},{"damage":0.0,"enemies":"2 Thieves","floor":18.0,"turns":3.0},{"damage":0.0,"enemies":"Spheric Guardian","floor":20.0,"turns":2.0},{"damage":0.0,"enemies":"Nightmare","floor":24.0,"turns":4.0},{"damage":0.0,"enemies":"Centurion and Healer","floor":25.0,"turns":3.0},{"damage":0.0,"enemies":"Book of Stabbing","floor":27.0,"turns":3.0},{"damage":0.0,"enemies":"Gremlin Leader","floor":29.0,"turns":3.0},{"damage":0.0,"enemies":"Snake Plant","floor":30.0,"turns":2.0},{"damage":0.0,"enemies":"Chosen and Byrds","floor":31.0,"turns":3.0},{"damage":21.0,"enemies":"Collector","floor":33.0,"turns":5.0},{"damage":0.0,"enemies":"Orb Walker","floor":35.0,"turns":3.0},{"damage":0.0,"enemies":"3 Shapes","floor":37.0,"turns":4.0},{"damage":0.0,"enemies":"Writhing Mass","floor":39.0,"turns":4.0},{"damage":0.0,"enemies":"Giant Head","floor":40.0,"turns":5.0},{"damage":21.0,"enemies":"4 Shapes","floor":42.0,"turns":3.0},{"damage":11.0,"enemies":"Reptomancer","floor":44.0,"turns":4.0},{"damage":0.0,"enemies":"Nemesis","floor":47.0,"turns":5.0},{"damage":0.0,"enemies":"Sphere and 2 Shapes","floor":48.0,"turns":2.0},{"damage":29.0,"enemies":"hubris:GrandSnecko","floor":50.0,"turns":9.0},{"damage":0.0,"enemies":"Jaw Worm","floor":52.0,"turns":1.0},{"damage":0.0,"enemies":"Small Slimes","floor":55.0,"turns":2.0},{"damage":0.0,"enemies":"Gremlin Nob","floor":60.0,"turns":2.0},{"damage":0.0,"enemies":"Cultist","floor":61.0,"turns":2.0},{"damage":0.0,"enemies":"Lagavulin","floor":63.0,"turns":2.0},{"damage":0.0,"enemies":"Exordium Wildlife","floor":64.0,"turns":2.0},{"damage":0.0,"enemies":"3 Louse","floor":65.0,"turns":2.0},{"damage":0.0,"enemies":"2 Fungi Beasts","floor":66.0,"turns":1.0},{"damage":0.0,"enemies":"3 Sentries","floor":67.0,"turns":2.0},{"damage":0,"enemies":"Slime Boss","floor":69,"turns":4},{"damage":0,"enemies":"Shell Parasite","floor":71,"turns":2},{"damage":0,"enemies":"3 Byrds","floor":73,"turns":2},{"damage":0,"enemies":"3 Cultists","floor":75,"turns":4}],"seed_played":"-3669673049604164894","potions_obtained":[{"floor":1.0,"key":"Languid Potion"},{"floor":3.0,"key":"SteroidPotion"},{"floor":7.0,"key":"champ:CounterPotion"},{"floor":8.0,"key":"LiquidMemories"},{"floor":24.0,"key":"Strength Potion"},{"floor":25.0,"key":"SpeedPotion"},{"floor":31.0,"key":"Strength Potion"},{"floor":37.0,"key":"LiquidBronze"},{"floor":40.0,"key":"Explosive Potion"},{"floor":44.0,"key":"Toxic Potion"}],"is_trial":false,"path_per_floor":["M","?","M","?","M","R","M","M","T","E","R","E","?","$","R","B",null,"M","$","M","?","?","R","NM","M","T","E","R","E","M","M","R","B",null,"M","?","M","?","M","E","T","M","T","E","?","R","E","M","R","B",null,"M","?","$","M","PTL","PTL","$","R","E","M","T","E","M","M","M","E","R","B",null,"M","$","M","?","M"],"character_chosen":"Hololive_HololiveCharacter","items_purchased":["Nunchaku","Replay:Bandana","Pet Ghost","Hololive_CocoNews","Replay:Rubber Ducky","Art of War","hubris:SlimyHat","hubris:DisguiseKit","Strange Spoon","Simple Rune","Sling"],"campfire_rested":0,"item_purchase_floors":[14,14,14,19,54,54,54,58,58,58,72],"current_hp_per_floor":[35,40,40,40,40,40,40,40,40,36,36,36,25,25,25,25,40,40,40,40,40,40,40,40,40,40,40,40,40,40,40,40,19,40,40,40,40,35,35,35,35,17,17,9,12,42,42,45,52,26,55,58,61,61,64,64,64,64,64,67,70,70,73,76,79,82,85,85,88,88,88,91,94,94,94,94],"gold":181,"neow_bonus":"UPGRADE_CARD","is_daily":false,"chose_seed":false,"campfire_upgraded":7,"win_rate":0.0,"timestamp":1612388637,"path_taken":["M","?","M","?","M","R","M","M","T","E","R","E","?","$","R","BOSS","M","$","M","?","?","R","NM","?","T","E","R","E","M","M","R","BOSS","M","?","M","?","M","E","?","M","T","E","?","R","E","?","R","BOSS","M","?","$","M","PTL","PTL","$","R","E","M","T","E","M","M","M","E","R","BOSS","M","$","M","?","M"],"items_purchased_type":["Relic","Relic","Relic","Card","Relic","Relic","Relic","Relic","Relic","Relic","Relic"],"build_version":"2020-12-22","purchased_purges":5,"victory":false,"max_hp_per_floor":[35,40,40,40,40,40,40,40,40,40,40,40,40,40,40,40,40,40,40,40,40,40,40,40,40,40,40,40,40,40,40,40,40,40,40,40,40,40,40,40,40,43,43,46,49,49,49,52,52,55,55,58,61,61,64,64,64,64,64,67,70,70,73,76,79,82,85,85,88,88,88,91,94,94,94,94],"relic_stats":{"Torii":0,"counters":[39,125],"Dead Branch":[268],"Eternal Feather":37,"Pen Nib":[25],"PreservedInsect":487,"War Paint":["Pot Of Greed","Hololive_LuckPotion"],"WarpedTongs":[44],"Strange Spoon":[57],"Nunchaku":[24],"Shuriken":[17],"Prayer Wheel":16,"Turnip":[9],"Black Star":9,"obtain_stats":[{"hubris:CrystalStatue":47,"Sling":72,"Old Coin":2,"Replay:Ringing Soul":41,"Prayer Wheel":27,"aspiration:ArtOfWarUpgrade":68,"Replay:Wax Seal":40,"Replay:Grab Bag":17,"Dead Branch":24,"Eternal Feather":40,"Pen Nib":10,"infinitespire:Magic Flask":63,"Replay:Kaleidoscope":67,"War Paint":60,"WarpedTongs":45,"ReplayTheSpireMod:Shallot":62,"Shuriken":60,"MutagenicStrength":21,"Hololive_TheStar":0,"Simple Rune":58,"Black Star":17,"Grinning Jar":24,"Mirror":9,"bronze:MakeshiftBattery":17,"infinitespire:PuzzleCube":74,"NlothsMask":22,"ReplayFunnel":67,"Lantern":2,"Torii":49,"Hololive_Peko":0,"aspiration:TomeofQuesting":63,"hubris:SlimyHat":54,"Pet Ghost":14,"Cleaning_Rag":44,"Replay:Rubber Ducky":54,"Nunchaku":14,"Replay:Bandana":14,"hubris:Stopwatch":70,"downfall:ExtraCursedBell":2,"Gremlin Food":47,"hubris:DisguiseKit":58,"construct:ClawGrip":51,"infinitespire:CursedDice":43,"The Courier":2,"PreservedInsect":12,"Strange Spoon":58,"ChewingGum":17,"Turnip":29,"Art of War":54,"Toy Ornithopter":44,"infinitespire:Midas Blood":27},{"hubris:CrystalStatue":24,"Sling":37,"Old Coin":1,"Replay:Ringing Soul":21,"Prayer Wheel":13,"aspiration:ArtOfWarUpgrade":35,"Replay:Wax Seal":21,"Replay:Grab Bag":8,"Dead Branch":11,"Eternal Feather":21,"Pen Nib":6,"infinitespire:Magic Flask":31,"Replay:Kaleidoscope":35,"War Paint":29,"WarpedTongs":23,"ReplayTheSpireMod:Shallot":30,"Shuriken":29,"MutagenicStrength":10,"Hololive_TheStar":0,"Simple Rune":28,"Black Star":8,"Grinning Jar":11,"Mirror":5,"bronze:MakeshiftBattery":8,"infinitespire:PuzzleCube":38,"NlothsMask":10,"ReplayFunnel":35,"Lantern":1,"Torii":25,"Hololive_Peko":0,"aspiration:TomeofQuesting":31,"hubris:SlimyHat":27,"Pet Ghost":7,"Cleaning_Rag":23,"Replay:Rubber Ducky":27,"Nunchaku":7,"Replay:Bandana":7,"hubris:Stopwatch":36,"downfall:ExtraCursedBell":1,"Gremlin Food":24,"hubris:DisguiseKit":28,"construct:ClawGrip":26,"infinitespire:CursedDice":22,"The Courier":1,"PreservedInsect":7,"Strange Spoon":28,"ChewingGum":8,"Turnip":14,"Art of War":27,"Toy Ornithopter":23,"infinitespire:Midas Blood":13},{"hubris:CrystalStatue":86,"Sling":119,"Old Coin":2,"Replay:Ringing Soul":74,"Prayer Wheel":45,"aspiration:ArtOfWarUpgrade":113,"Replay:Wax Seal":74,"Replay:Grab Bag":31,"Dead Branch":40,"Eternal Feather":74,"Pen Nib":20,"infinitespire:Magic Flask":106,"Replay:Kaleidoscope":113,"War Paint":102,"WarpedTongs":81,"ReplayTheSpireMod:Shallot":104,"Shuriken":102,"MutagenicStrength":36,"Hololive_TheStar":0,"Simple Rune":100,"Black Star":31,"Grinning Jar":40,"Mirror":14,"bronze:MakeshiftBattery":31,"infinitespire:PuzzleCube":121,"NlothsMask":36,"ReplayFunnel":113,"Lantern":2,"Torii":88,"Hololive_Peko":0,"aspiration:TomeofQuesting":106,"hubris:SlimyHat":98,"Pet Ghost":24,"Cleaning_Rag":81,"Replay:Rubber Ducky":98,"Nunchaku":24,"Replay:Bandana":24,"hubris:Stopwatch":117,"downfall:ExtraCursedBell":2,"Gremlin Food":86,"hubris:DisguiseKit":100,"construct:ClawGrip":97,"infinitespire:CursedDice":77,"The Courier":2,"PreservedInsect":24,"Strange Spoon":100,"ChewingGum":31,"Turnip":48,"Art of War":98,"Toy Ornithopter":81,"infinitespire:Midas Blood":45}],"Toy Ornithopter":0},"card_choices":[{"not_picked":["Hololive_Trident","Hololive_Psychosis","Hololive_CallShiroganeNoel"],"picked":"Hololive_Breathe","floor":1.0},{"not_picked":["Hololive_CocoNews","Hololive_Drill","Hololive_FlyingPonyTail"],"picked":"Hololive_StrengthChampion","floor":3.0},{"not_picked":["Hololive_StrengthChampion","Hololive_OvertimeWork","Hololive_RevenueBasedLive"],"picked":"Hololive_LuckPotion","floor":5.0},{"not_picked":["Hololive_ASMR","Hololive_Sequa","Hololive_DevilCharm"],"picked":"Hololive_CocoNews","floor":7.0},{"not_picked":["Hololive_StrengthChampion","Hololive_MaximGun","Hololive_CallMinatoAqua"],"picked":"Hololive_LuckPotion","floor":8.0},{"not_picked":["Hololive_HuntDinosaur","Hololive_CallNakiriAyame","Hololive_Rebound"],"picked":"Hololive_CocoNews","floor":10.0},{"not_picked":["Hololive_CallAiraniIofifteen","Hololive_FlyingPonyTail","Hololive_Drill"],"picked":"Hololive_StrengthChampion","floor":12.0},{"not_picked":["Hololive_Recruit","Hololive_HighAtkLowDef","Hololive_Rebirth"],"picked":"Hololive_DurableLive","floor":16.0},{"not_picked":["Hololive_FlyingPonyTail","Hololive_CallNakiriAyame+1","Hololive_Psychosis"],"picked":"Hololive_Breathe","floor":18.0},{"not_picked":["Hololive_Drill","Hololive_OvertimeWork","Hololive_CocoNews"],"picked":"Hololive_HuntDinosaur+1","floor":20.0},{"not_picked":["Hololive_CallAkaiHaato","Hololive_CallDoris","Hololive_CallRosalyn"],"picked":"Hololive_Breathe+1","floor":24.0},{"not_picked":["Hololive_SummonFox+1","Hololive_Yoholoon","Hololive_StrengthChampion"],"picked":"Hololive_Psychosis+1","floor":25.0},{"not_picked":["Hololive_FlyingPonyTail","Hololive_Rebound","Hololive_CallTokinoSora"],"picked":"Hololive_Sequa+1","floor":27.0},{"not_picked":["Hololive_CallAkaiHaato","Hololive_Drill","Hololive_CallManoAloe+1"],"picked":"Hololive_Trident","floor":29.0},{"not_picked":["Hololive_OvertimeWork","Hololive_ILoveYou","Hololive_Sequa+1"],"picked":"Hololive_Psychosis","floor":30.0},{"not_picked":["Hololive_RevenueBasedLive","Hololive_SummonFox","Hololive_CallShishiroBotan"],"picked":"Hololive_Sequa","floor":30.0},{"not_picked":["Hololive_Trident","Hololive_CallDoris+1","Hololive_Rebound+1"],"picked":"Hololive_HuntDinosaur+1","floor":31.0},{"not_picked":["Hololive_CallArtia","Hololive_FlareMind","Hololive_CallYukihanaLamy","Hololive_Teleport"],"picked":"SKIP","floor":31.0},{"not_picked":["Hololive_Recruit","Hololive_IdolExercise","Hololive_WolfAndLamb"],"picked":"Hololive_DurableLive","floor":33.0},{"not_picked":["Hololive_CallUruhaRushia+1","Hololive_CallAiraniIofifteen","Hololive_ILoveYou+1"],"picked":"Hololive_LuckPotion+1","floor":35.0},{"not_picked":["Hololive_Drill","Hololive_Trident+1","Hololive_RevenueBasedLive","Hololive_CallAZKi+1"],"picked":"SKIP","floor":35.0},{"not_picked":["Panacea","HandOfGreed","Trip"],"picked":"Chrysalis","floor":36.0},{"not_picked":["Replay:Sssssssssshield","ReplayTheSpireMod:Uncanny Aura","Bandage Up"],"picked":"Apotheosis","floor":36.0},{"not_picked":["Hololive_RevenueBasedLive","Hololive_Sequa","Hololive_Rebound"],"picked":"Hololive_Breathe+1","floor":37.0},{"not_picked":["Hololive_LuckPotion","Hololive_CallAkaiHaato","Hololive_RevenueBasedLive+1"],"picked":"Hololive_CocoNews+1","floor":37.0},{"not_picked":["Hololive_CallOkamiMio","Hololive_ILoveYou","Hololive_CallSpadeEcho+1"],"picked":"Hololive_LuckPotion","floor":39.0},{"not_picked":["Hololive_CallAyundaRisu","Hololive_Rebound","Hololive_Trident+1"],"picked":"Hololive_Sequa+1","floor":39.0},{"not_picked":["Hololive_Thief","Hololive_ILoveYou","Hololive_OvertimeWork"],"picked":"Hololive_Psychosis+1","floor":40.0},{"not_picked":["Hololive_CallAkiRosenthal+1","Hololive_RevenueBasedLive","Hololive_OvertimeWork"],"picked":"Hololive_ILoveYou+1","floor":42.0},{"not_picked":["Hololive_LuckPotion+1","Hololive_Breathe","Hololive_CallUsadaPekora"],"picked":"Hololive_CocoNews","floor":42.0},{"not_picked":["Hololive_CallAkiRosenthal+1","Hololive_Teleport+1","Hololive_CallUsadaPekora+1"],"picked":"Hololive_FlyingPonyTail+1","floor":44.0},{"not_picked":["Hololive_CallYuzukiChoco","Hololive_CallHoshimachiSuisei","Hololive_BringToTrial+1","Hololive_CallMinatoAqua+1"],"picked":"SKIP","floor":47.0},{"not_picked":["Hololive_Breathe+1","Hololive_OvertimeWork","Hololive_Teleport+1"],"picked":"Hololive_CocoNews","floor":48.0},{"not_picked":["Hololive_CallCivia+1","Hololive_OvertimeWork","Hololive_HuntDinosaur+1"],"picked":"Hololive_LuckPotion+1","floor":48.0},{"not_picked":["Hololive_ScarfAndHalo","Hololive_Nanodesu","Hololive_Thief"],"picked":"Hololive_MaximGun","floor":50.0},{"not_picked":["Hololive_Breathe","Hololive_CallAmaneKanata","Hololive_CocoNews"],"picked":"Hololive_FlyingPonyTail","floor":52.0},{"not_picked":["Hololive_OvertimeWork","Hololive_Sequa","Hololive_CocoNews"],"picked":"Hololive_Drill","floor":52.0},{"not_picked":["Hololive_LuckPotion","Hololive_Watashimo","Hololive_OvertimeWork"],"picked":"Hololive_CocoNews","floor":55.0},{"not_picked":["Hololive_Drill","Hololive_LuckPotion","Hololive_CocoNews"],"picked":"Hololive_DevilCharm","floor":55.0},{"not_picked":["Hololive_CallAmaneKanata","Hololive_HuntDinosaur","Hololive_Rebound","Unload"],"picked":"Hololive_Psychosis","floor":60.0},{"not_picked":["Hololive_CallShirakamiFubuki","Hololive_Sequa","Hololive_CallCivia","ReplayTheSpireMod:From All Sides"],"picked":"Hololive_FlyingPonyTail","floor":61.0},{"not_picked":["Hololive_FlyingPonyTail","Hololive_SummonFox","Hololive_DiamondStrike","Hidden Blade"],"picked":"Hololive_LuckPotion","floor":61.0},{"not_picked":["Hololive_CallTsunomakiWatame","Hololive_CallUsadaPekora","Hololive_AWSL","PiercingWail"],"picked":"Hololive_CocoNews","floor":63.0},{"not_picked":["Hololive_Breathe","Hololive_CallSpadeEcho","Hololive_HuntDinosaur","Hololive_CallMinatoAqua"],"picked":"Well Laid Plans","floor":64.0},{"not_picked":["Hololive_Sequa","Hololive_CallYogiri","Hololive_HuntDinosaur","Riddle With Holes"],"picked":"Hololive_CocoNews","floor":64.0},{"not_picked":["Hololive_CallYozoraMel","Hololive_Trident","Hololive_Sequa","Reflex"],"picked":"Hololive_LuckPotion","floor":65.0},{"not_picked":["Hololive_CallCivia","Hololive_StrengthChampion","Hololive_CallHoushouMarine","Sucker Punch"],"picked":"Hololive_FlyingPonyTail","floor":65.0},{"not_picked":["Hololive_Trident","Hololive_CallTsunomakiWatame","Hololive_Sequa","Hololive_CallAkaiHaato"],"picked":"Poisoned Stab","floor":66.0},{"not_picked":["Hololive_CallShishiroBotan","Hololive_Trident","Hololive_BringToTrial","Hololive_CallOkamiMio"],"picked":"Caltrops","floor":66.0},{"not_picked":["Hololive_SoulCatcher","Hololive_Breathe","Hololive_CocoNews","Dagger Throw"],"picked":"Hololive_MaximGun","floor":67.0},{"not_picked":["Hololive_ScarfAndHalo","Hololive_DiamondStrike","Hololive_Thief","Doppelganger"],"picked":"Hololive_ASMR","floor":69},{"not_picked":["Hololive_FlyingPonyTail","Hololive_Rebound","Hololive_HuntDinosaur+1","Hololive_Breathe","Underhanded Strike"],"picked":"SKIP","floor":71},{"not_picked":["Hololive_Sequa+1","Hololive_CallHoushouMarine","Hololive_CallAkiRosenthal+1","Hololive_Drill+1","Dagger Throw"],"picked":"SKIP","floor":71},{"not_picked":["infinitespire:SevenWalls","hubris:InfiniteBlow"],"picked":"infinitespire:Punishment","floor":72},{"not_picked":["Hololive_CallHoushouMarine","Hololive_CallAyundaRisu","Hololive_CallUruhaRushia+1","Terror"],"picked":"Hololive_LuckPotion+1","floor":73},{"not_picked":["Hololive_Sequa","Hololive_ILoveYou+1","Hololive_CallRosalyn+1","Hololive_CallAkaiHaato","hubris:TrickCloak"],"picked":"SKIP","floor":73},{"not_picked":["Hololive_Sequa","Hololive_ILoveYou+1","Hololive_CallRosalyn+1","Hololive_CallAkaiHaato","hubris:TrickCloak"],"picked":"SKIP","floor":73}],"player_experience":508669,"relics_obtained":[{"floor":2.0,"key":"Lantern"},{"floor":2.0,"key":"The Courier"},{"floor":2.0,"key":"Old Coin"},{"floor":9.0,"key":"Mirror"},{"floor":10.0,"key":"Pen Nib"},{"floor":12.0,"key":"PreservedInsect"},{"floor":24.0,"key":"Grinning Jar"},{"floor":24.0,"key":"Dead Branch"},{"floor":27.0,"key":"Prayer Wheel"},{"floor":27.0,"key":"infinitespire:Midas Blood"},{"floor":29.0,"key":"Turnip"},{"floor":40.0,"key":"Eternal Feather"},{"floor":40.0,"key":"Replay:Wax Seal"},{"floor":41.0,"key":"Replay:Ringing Soul"},{"floor":43.0,"key":"infinitespire:CursedDice"},{"floor":44.0,"key":"Toy Ornithopter"},{"floor":44.0,"key":"Cleaning_Rag"},{"floor":47.0,"key":"Gremlin Food"},{"floor":47.0,"key":"hubris:CrystalStatue"},{"floor":49.0,"key":"Torii"},{"floor":60.0,"key":"War Paint"},{"floor":60.0,"key":"Shuriken"},{"floor":62.0,"key":"ReplayTheSpireMod:Shallot"},{"floor":63.0,"key":"aspiration:TomeofQuesting"},{"floor":63.0,"key":"infinitespire:Magic Flask"},{"floor":67.0,"key":"Replay:Kaleidoscope"},{"floor":67.0,"key":"ReplayFunnel"}],"event_choices":[{"damage_healed":40.0,"max_hp_gain":0.0,"max_hp_loss":40.0,"gold_gain":0.0,"event_name":"betterThird:BetterShining","player_choice":"Embrace","floor":4.0,"gold_loss":0.0,"damage_taken":0.0},{"damage_healed":0.0,"max_hp_gain":0.0,"max_hp_loss":0.0,"gold_gain":75.0,"event_name":"betterThird:BetterGoop","player_choice":"Gold","floor":13.0,"gold_loss":0.0,"damage_taken":11.0},{"damage_healed":0.0,"max_hp_gain":0.0,"max_hp_loss":0.0,"gold_gain":0.0,"event_name":"Drug Dealer","player_choice":"Inject Mutagens","floor":21.0,"gold_loss":0.0,"damage_taken":0.0,"relics_obtained":["MutagenicStrength"]},{"damage_healed":0.0,"max_hp_gain":0.0,"max_hp_loss":0.0,"gold_gain":0.0,"event_name":"FaceTrader","player_choice":"Trade","floor":22.0,"gold_loss":0.0,"damage_taken":0.0,"relics_obtained":["NlothsMask"]},{"damage_healed":0.0,"max_hp_gain":0.0,"max_hp_loss":0.0,"gold_gain":3.0,"event_name":"betterStone:BetterStone","player_choice":"1","floor":36.0,"gold_loss":0.0,"damage_taken":0.0},{"damage_healed":0.0,"max_hp_gain":0.0,"max_hp_loss":0.0,"gold_gain":0.0,"event_name":"Winding Halls","player_choice":"Embrace Madness","floor":38.0,"gold_loss":0.0,"damage_taken":5.0,"cards_obtained":["Madness","Madness"]},{"damage_healed":0.0,"max_hp_gain":0.0,"max_hp_loss":0.0,"gold_gain":0.0,"event_name":"Accursed Blacksmith","player_choice":"Rummage","floor":45.0,"gold_loss":0.0,"damage_taken":0.0,"relics_obtained":["WarpedTongs"],"cards_obtained":["Pain"]},{"damage_healed":0.0,"max_hp_gain":0.0,"max_hp_loss":0.0,"gold_gain":175.0,"event_name":"betterThird:BetterSerpent","player_choice":"AGREE","floor":53.0,"gold_loss":0.0,"damage_taken":1026.0}],"is_beta":false,"boss_relics":[{"not_picked":["Philosopher\u0027s Stone","Ectoplasm"],"picked":"Replay:Grab Bag"},{"not_picked":["Fusion Hammer","ReplayTheSpireMod:Onyx Gauntlets"],"picked":"ChewingGum"},{"not_picked":["Replay:Bronze Core","Runic Dome"],"picked":"bronze:MakeshiftBattery"},{"not_picked":["aspiration:PoetsPen_weak","hubris:Backtick"],"picked":"Black Star"},{"not_picked":["Runic Pyramid","aspiration:WatcherSkillbook","Hololive_TopUpMoneyS"]},{"not_picked":["hubris:ScarierMask","hubris:GrandSneckoEye"],"picked":"construct:ClawGrip"},{"not_picked":["aspiration:RunicSpoon","hubris:GrandSneckoEye"],"picked":"hubris:Stopwatch"}],"items_purged_floors":[14,19,54,58,72],"is_endless":true,"potions_floor_spawned":[1,3,7,8,24,25,29,31,37,40,44,47,48,61,63,66,67,69,73,75],"killed_by":"3 Cultists","ascension_level":3}}