{"host":"0cnf9zf1gia27zti","time":1612395614,"event":{"mods":["BaseMod","Better Third Choice","BetterRewards","Card Forge","ChefMod","Colored Map","Colored Powertips","Conspire","Downfall","Googly Eyes","Infinite Spire","Minty Spire (QoL Compilation)","Practice Mode","Quick Restart","Replay The Spire","Shade Mod","Spicy Shops","StSLib","The Marked"],"gold_per_floor":[117,117,117,134,148,148,179,179,255,255,283,299,315,334,334,432,432,449,809,828,846,6,35,35,35,35,35,45,72,72,83,83,182,182,200,175,188,69,89,89,114,114,139,173,196,196,212,225,225,225],"floor_reached":51,"language":"ENG","playtime":99419,"items_purged":["Strike_G+1"],"score":1561,"play_id":"88143c36-eb62-4859-a381-1d50b9b1eaa4","local_time":"20210203234014","is_ascension_mode":true,"campfire_choices":[{"data":"Skewer","floor":6,"key":"SMITH"},{"floor":8,"key":"REST"},{"data":"Strike_G","floor":15,"key":"PURGE"},{"floor":24,"key":"REST"},{"data":"Infinite Blades","floor":27,"key":"SMITH"},{"floor":32,"key":"REST"},{"data":"infinitespire:Collect","floor":40,"key":"SMITH"},{"data":"Terror","floor":42,"key":"SMITH"},{"data":"Poison Darts","floor":46,"key":"SMITH"},{"data":"Defend_G","floor":49,"key":"PURGE"}],"circlet_count":0,"master_deck":["AscendersBane","Defend_G","Defend_G+1","Defend_G","Defend_G+1","Survivor+1","Neutralize","Skewer+1","Cloak And Dagger","Cloak And Dagger","conspire:Banana+1","Accuracy+1","ReplayTheSpireMod:From All Sides","Doppelganger+1","Deflect","Infinite Blades+1","Poison Darts+1","Dagger Throw+1","Good Instincts","Prepared","Malaise","Blur+1","Prepared","infinitespire:Collect+1","Terror+1","Doppelganger","Blade Dance+1","Accuracy+1","Blade Dance+1","Quick Slash+1","Prepared+1","Skewer+1"],"relics":["Ring of the Serpent","Hammer of Thor","Seething Fire","Anvil of the Gods","Chemical X","Pen Nib","Medical Kit","Gremlin Food","Blue Candle","Ornamental Fan","Astrolabe","Tiny Chest","Eternal Feather","Bag of Marbles","Toolbox","Bronze Scales","Nunchaku","infinitespire:FocusingShard","Regal Pillow","Toy Ornithopter","Ring of Chaos","Replay:WaspNest","Replay:Rubber Ducky","Calipers","sneckomod:BlankCard"],"acts_visited":["Exordium","TheCity","TheBeyond"],"potions_floor_usage":[7,16,16,20,20,33,41],"damage_taken":[{"damage":0,"enemies":"Jaw Worm","floor":1,"turns":3},{"damage":0,"enemies":"Small Slimes","floor":4,"turns":3},{"damage":0,"enemies":"Cultist","floor":5,"turns":3},{"damage":21,"enemies":"3 Sentries","floor":7,"turns":8},{"damage":7,"enemies":"Lagavulin","floor":11,"turns":5},{"damage":0,"enemies":"Blue Slaver","floor":12,"turns":3},{"damage":0,"enemies":"Lots of Slimes","floor":13,"turns":3},{"damage":0,"enemies":"3 Louse","floor":14,"turns":4},{"damage":0,"enemies":"Slime Boss","floor":16,"turns":3},{"damage":0,"enemies":"Chosen","floor":18,"turns":3},{"damage":9,"enemies":"2 Thieves","floor":20,"turns":3},{"damage":5,"enemies":"Snecko","floor":21,"turns":4},{"damage":11,"enemies":"Gremlin Leader","floor":23,"turns":5},{"damage":13,"enemies":"Snake Plant","floor":28,"turns":2},{"damage":23,"enemies":"Slavers","floor":29,"turns":5},{"damage":0,"enemies":"Cultist and Chosen","floor":31,"turns":2},{"damage":11,"enemies":"Champ","floor":33,"turns":5},{"damage":8,"enemies":"3 Shapes","floor":35,"turns":4},{"damage":12,"enemies":"3 Darklings","floor":37,"turns":4},{"damage":3,"enemies":"Sphere and 2 Shapes","floor":39,"turns":5},{"damage":5,"enemies":"Nemesis","floor":41,"turns":3},{"damage":4,"enemies":"Giant Head","floor":44,"turns":5},{"damage":0,"enemies":"Maw","floor":47,"turns":3},{"damage":13,"enemies":"Writhing Mass","floor":48,"turns":3},{"damage":28,"enemies":"infinitespire:MassOfShapes","floor":50,"turns":8}],"seed_played":"6515976469369427827","potions_obtained":[{"floor":1,"key":"ColorlessPotion"},{"floor":7,"key":"sneckomod:MuddlingPotion"},{"floor":11,"key":"hexamod:SoulburnPotion"},{"floor":13,"key":"BlessingOfTheForge"},{"floor":16,"key":"Languid Potion"},{"floor":23,"key":"FairyPotion"},{"floor":29,"key":"LiquidBronze"},{"floor":33,"key":"Dexterity Potion"},{"floor":41,"key":"BlessingOfTheForge"},{"floor":47,"key":"Energy Potion"}],"is_trial":false,"path_per_floor":["M","$","?","M","M","R","E","R","T","?","E","M","M","M","R_BF","B",null,"M","?","M","M","$","E","R","?","T","R","M","E","AVR","M","R","B",null,"M","$","M","$","M","R","E","R","T","E","T","R","M","M","R_BF","B",null],"character_chosen":"THE_SILENT","items_purchased":["Chemical X","Skewer","Cloak And Dagger","Pen Nib","conspire:Banana","Medical Kit","Tiny Chest","Eternal Feather","Malaise","Bag of Marbles","Toolbox","Blade Dance","Accuracy","Blade Dance"],"campfire_rested":3,"item_purchase_floors":[0,0,0,0,0,0,22,22,22,22,22,36,38,38],"current_hp_per_floor":[64,64,50,52,54,54,35,58,58,77,72,74,76,78,78,80,85,87,45,38,35,35,26,66,66,66,78,65,44,44,44,97,88,96,90,90,80,80,79,97,97,105,105,103,103,107,107,96,109,83],"gold":225,"neow_bonus":"","is_daily":false,"chose_seed":false,"campfire_upgraded":5,"win_rate":0.0,"timestamp":1612395614,"path_taken":["M","$","?","M","M","R","E","R","T","?","E","?","M","M","R_BF","BOSS","M","?","?","M","$","E","R","?","T","R","?","E","AVR","M","R","BOSS","M","$","?","$","M","R","E","R","T","E","?","R","M","M","R_BF","BOSS"],"items_purchased_type":["Relic","Card","Card","Relic","Card","Relic","Relic","Relic","Card","Relic","Relic","Card","Card","Card"],"build_version":"2020-12-22","purchased_purges":1,"victory":true,"max_hp_per_floor":[71,71,71,73,75,75,77,77,77,77,79,81,83,85,85,87,87,89,89,91,93,93,95,95,95,95,95,95,97,97,97,97,99,99,101,101,103,103,105,105,105,105,105,107,107,107,107,109,109,111],"card_choices":[{"not_picked":["Masterful Stab","ReplayTheSpireMod:The Works","Poisoned Stab"],"picked":"SKIP","floor":1},{"not_picked":["Flying Knee","Deadly Poison","Dagger Spray"],"picked":"SKIP","floor":4},{"not_picked":["Toxin Wave","Acrobatics","Bane"],"picked":"SKIP","floor":5},{"not_picked":["Hidden Blade","Quick Slash"],"picked":"ReplayTheSpireMod:From All Sides","floor":7},{"not_picked":["Outmaneuver","Dodge and Roll"],"picked":"Doppelganger","floor":11},{"not_picked":["Crippling Poison","Hidden Blade","Concentrate"],"picked":"SKIP","floor":12},{"not_picked":["Quick Slash","Dash"],"picked":"Deflect","floor":13},{"not_picked":["Replay:Poison Smokescreen","Dagger Spray"],"picked":"Infinite Blades","floor":14},{"not_picked":["Grand Finale","Bullet Time"],"picked":"Poison Darts","floor":16},{"not_picked":["Quick Slash","Endless Agony","All Out Attack"],"picked":"SKIP","floor":18},{"not_picked":["ReplayTheSpireMod:Scrap Shanks","Dagger Spray"],"picked":"Prepared","floor":20},{"not_picked":["Dagger Spray+1","Leg Sweep+1","Outmaneuver"],"picked":"SKIP","floor":21},{"not_picked":["ReplayTheSpireMod:Tripwire","Endless Agony"],"picked":"Blur+1","floor":23},{"not_picked":["Draining Mist","Caltrops"],"picked":"Prepared","floor":28},{"not_picked":["ReplayTheSpireMod:The Works+1","Flying Knee","Venomology"],"picked":"SKIP","floor":29},{"not_picked":["PiercingWail","Hidden Blade"],"picked":"Terror","floor":31},{"not_picked":["After Image","Die Die Die"],"picked":"Doppelganger","floor":33},{"not_picked":["Well Laid Plans+1","Slice+1","Bane+1"],"picked":"SKIP","floor":35},{"not_picked":["Underhanded Strike+1","All Out Attack+1","ReplayTheSpireMod:The Works"],"picked":"SKIP","floor":37},{"not_picked":["PiercingWail+1","Outmaneuver","Underhanded Strike"],"picked":"SKIP","floor":39},{"not_picked":["ReplayTheSpireMod:Shiv Toss+1","Prepared"],"picked":"Quick Slash+1","floor":41},{"not_picked":["Dagger Spray+1","Well Laid Plans"],"picked":"Prepared+1","floor":44},{"not_picked":["Wraith Form v2","Toxin Wave+1","Sucker Punch"],"picked":"SKIP","floor":47},{"not_picked":["Dagger Throw+1","Crippling Poison+1"],"picked":"Skewer+1","floor":48}],"player_experience":3401924,"relics_obtained":[{"floor":7,"key":"Gremlin Food"},{"floor":9,"key":"Blue Candle"},{"floor":11,"key":"Ornamental Fan"},{"floor":23,"key":"Bronze Scales"},{"floor":26,"key":"infinitespire:FocusingShard"},{"floor":29,"key":"Regal Pillow"},{"floor":41,"key":"Replay:WaspNest"},{"floor":43,"key":"Replay:Rubber Ducky"},{"floor":44,"key":"Calipers"},{"floor":45,"key":"sneckomod:BlankCard"}],"event_choices":[{"damage_healed":64,"gold_gain":0,"player_choice":"Upgrade","damage_taken":14,"max_hp_gain":0,"max_hp_loss":71,"event_name":"betterThird:BetterShining","floor":3,"gold_loss":0,"cards_upgraded":["Defend_G","Defend_G"]},{"damage_healed":19,"gold_gain":0,"player_choice":"Full Heal","damage_taken":0,"max_hp_gain":0,"max_hp_loss":0,"event_name":"Wheel of Change","floor":10,"gold_loss":0},{"damage_healed":0,"gold_gain":360,"player_choice":"CARD GOLD GOLD GOLD GOLD ","damage_taken":42,"max_hp_gain":0,"max_hp_loss":0,"event_name":"Knowing Skull","floor":19,"potions_obtained":[],"gold_loss":0,"cards_obtained":["Good Instincts"]},{"damage_healed":0,"gold_gain":0,"player_choice":"Opened","damage_taken":0,"relics_obtained":["Nunchaku"],"max_hp_gain":0,"max_hp_loss":0,"event_name":"The Mausoleum","floor":25,"gold_loss":0,"cards_obtained":["Writhe"]}],"is_beta":false,"boss_relics":[{"not_picked":["Calling Bell","SacredBark"],"picked":"Astrolabe"},{"not_picked":["conspire:SeveredTorchhead","Sozu"],"picked":"Ring of the Serpent"}],"items_purged_floors":[30],"is_endless":false,"potions_floor_spawned":[1,7,11,13,16,23,29,33,41,47,48],"ascension_level":10}}