{"host":"t7mx8yfj1no5p62f","time":1612325640,"event":{"mods":["BaseMod","Colored Map","Colored Powertips","Curses Come First","Minty Spire (QoL Compilation)","Relic Stats","StSLib"],"gold_per_floor":[214,54,74,74,89,124,138,173,173,187,197,197,39,53,53,132,132,143,143,157,82,92,92,124,24,24,50,50,65,76,76,76],"floor_reached":31,"language":"ENG","playtime":1586,"items_purged":["Strike_G","Caltrops"],"score":578,"play_id":"c274931a-f894-4e05-bb00-38cbd50ac1b4","local_time":"20210202231400","is_ascension_mode":true,"campfire_choices":[{"data":"Bouncing Flask","floor":12.0,"key":"SMITH"},{"data":"Corpse Explosion","floor":15.0,"key":"SMITH"},{"data":"Catalyst","floor":23.0,"key":"SMITH"},{"data":"Bullet Time","floor":28.0,"key":"SMITH"}],"circlet_count":0,"master_deck":["AscendersBane","Survivor","Neutralize","PiercingWail","Slice","Backflip","Poisoned Stab","Bouncing Flask+1","Masterful Stab","Blade Dance","Acrobatics","Calculated Gamble","Corpse Explosion+1","Tools of the Trade","Underhanded Strike","Masterful Stab","Dodge and Roll","Underhanded Strike","Storm of Steel","Dagger Throw","Well Laid Plans","Calculated Gamble","Catalyst+1","Blur","Deflect","Backflip","Bullet Time+1","Acrobatics+1","Catalyst"],"relics":["Ring of the Snake","Meat on the Bone","Art of War","Nunchaku","Medical Kit","Pandora\u0027s Box","Blue Candle","White Beast Statue","Happy Flower"],"acts_visited":["Exordium","TheCity"],"potions_floor_usage":[31],"damage_taken":[{"damage":0.0,"enemies":"Jaw Worm","floor":1.0,"turns":6.0},{"damage":1.0,"enemies":"2 Louse","floor":3.0,"turns":5.0},{"damage":0.0,"enemies":"Cultist","floor":5.0,"turns":4.0},{"damage":25.0,"enemies":"3 Sentries","floor":6.0,"turns":7.0},{"damage":21.0,"enemies":"Large Slime","floor":7.0,"turns":8.0},{"damage":24.0,"enemies":"Lagavulin","floor":8.0,"turns":5.0},{"damage":5.0,"enemies":"Blue Slaver","floor":10.0,"turns":3.0},{"damage":0.0,"enemies":"Lots of Slimes","floor":11.0,"turns":4.0},{"damage":0.0,"enemies":"2 Fungi Beasts","floor":14.0,"turns":3.0},{"damage":18.0,"enemies":"Hexaghost","floor":16.0,"turns":9.0},{"damage":7.0,"enemies":"3 Byrds","floor":18.0,"turns":2.0},{"damage":16.0,"enemies":"Spheric Guardian","floor":20.0,"turns":4.0},{"damage":17.0,"enemies":"3 Cultists","floor":22.0,"turns":4.0},{"damage":24.0,"enemies":"Slavers","floor":24.0,"turns":3.0},{"damage":11.0,"enemies":"Gremlin Leader","floor":27.0,"turns":5.0},{"damage":8.0,"enemies":"Snake Plant","floor":29.0,"turns":4.0},{"damage":0.0,"enemies":"Snecko","floor":30.0,"turns":2.0},{"damage":38,"enemies":"Slavers","floor":31,"turns":2}],"seed_played":"1610717992670086356","potions_obtained":[{"floor":5.0,"key":"AttackPotion"},{"floor":7.0,"key":"Regen Potion"},{"floor":10.0,"key":"BlessingOfTheForge"},{"floor":14.0,"key":"AttackPotion"},{"floor":16.0,"key":"Energy Potion"},{"floor":18.0,"key":"Strength Potion"},{"floor":22.0,"key":"LiquidMemories"},{"floor":27.0,"key":"DistilledChaos"},{"floor":29.0,"key":"PowerPotion"}],"is_trial":false,"path_per_floor":["M","$","M","?","M","E","M","E","T","M","M","R","$","M","R","B",null,"M","?","M","$","M","R","E","$","T","E","R","M","M","E"],"character_chosen":"THE_SILENT","items_purchased":["Slice","Backflip","Medical Kit","Blur"],"campfire_rested":0,"item_purchase_floors":[2,2,13,21],"current_hp_per_floor":[59,59,58,51,51,26,17,20,20,27,39,39,39,39,39,33,58,51,51,35,35,30,30,18,18,18,19,19,23,35,0,0],"gold":76,"neow_bonus":"HUNDRED_GOLD","is_daily":false,"chose_seed":false,"campfire_upgraded":4,"win_rate":0.0,"timestamp":1612325640,"path_taken":["M","$","M","?","M","E","M","E","T","M","M","R","$","M","R","BOSS","M","?","M","$","M","R","E","$","T","E","R","M","M","E"],"items_purchased_type":["Card","Card","Relic","Card"],"build_version":"2020-12-22","purchased_purges":2,"victory":false,"max_hp_per_floor":[66,66,66,66,66,66,66,66,66,66,66,66,66,66,66,66,66,66,66,66,66,66,66,66,66,66,66,66,66,66,66,66],"relic_stats":{"Nunchaku":[10],"Happy Flower":[2],"counters":[18,80],"Blue Candle":[0],"Pandora\u0027s Box":["Underhanded Strike","Masterful Stab","Dodge and Roll","Underhanded Strike","Storm of Steel","Dagger Throw","Caltrops","Well Laid Plans"],"Art of War":[8],"Medical Kit":[3],"obtain_stats":[{"Nunchaku":9,"Happy Flower":27,"Blue Candle":24,"Pandora\u0027s Box":17,"Art of War":8,"Medical Kit":13,"White Beast Statue":26,"Ring of the Snake":0,"Meat on the Bone":6},{"Nunchaku":6,"Happy Flower":15,"Blue Candle":14,"Pandora\u0027s Box":10,"Art of War":6,"Medical Kit":8,"White Beast Statue":14,"Ring of the Snake":0,"Meat on the Bone":4},{"Nunchaku":35,"Happy Flower":72,"Blue Candle":67,"Pandora\u0027s Box":54,"Art of War":35,"Medical Kit":42,"White Beast Statue":67,"Ring of the Snake":0,"Meat on the Bone":22}],"Ring of the Snake":[36],"Meat on the Bone":120},"card_choices":[{"not_picked":["Outmaneuver","Riddle With Holes"],"picked":"PiercingWail","floor":1.0},{"not_picked":["Eviscerate","Tactician"],"picked":"Poisoned Stab","floor":3.0},{"not_picked":["Setup","PiercingWail"],"picked":"Bouncing Flask","floor":5.0},{"not_picked":["Predator","Sucker Punch"],"picked":"Masterful Stab","floor":6.0},{"not_picked":["Concentrate","PiercingWail"],"picked":"Blade Dance","floor":7.0},{"not_picked":["Escape Plan","Dodge and Roll"],"picked":"Acrobatics","floor":8.0},{"not_picked":["Deflect","Dagger Throw"],"picked":"Calculated Gamble","floor":10.0},{"not_picked":["Masterful Stab","Quick Slash","Deflect"],"picked":"SKIP","floor":11.0},{"not_picked":["Deflect","Bane"],"picked":"Corpse Explosion","floor":14.0},{"not_picked":["Envenom","Unload"],"picked":"Tools of the Trade","floor":16.0},{"not_picked":["Infinite Blades","Flying Knee","Quick Slash"],"picked":"SKIP","floor":18.0},{"not_picked":["Deadly Poison","Deflect"],"picked":"Catalyst","floor":20.0},{"not_picked":["Expertise","Deadly Poison"],"picked":"Deflect","floor":22.0},{"not_picked":["Dagger Throw","Catalyst"],"picked":"Backflip","floor":24.0},{"not_picked":["Sucker Punch","PiercingWail"],"picked":"Bullet Time","floor":27.0},{"not_picked":["Cloak And Dagger","Eviscerate+1"],"picked":"Acrobatics+1","floor":29.0},{"not_picked":["Accuracy","Calculated Gamble"],"picked":"Catalyst","floor":30.0}],"player_experience":1912370,"relics_obtained":[{"floor":6.0,"key":"Meat on the Bone"},{"floor":8.0,"key":"Art of War"},{"floor":9.0,"key":"Nunchaku"},{"floor":24.0,"key":"Blue Candle"},{"floor":26.0,"key":"White Beast Statue"},{"floor":27.0,"key":"Happy Flower"}],"event_choices":[{"cards_removed":["Defend_G"],"damage_healed":0.0,"max_hp_gain":0.0,"max_hp_loss":0.0,"gold_gain":0.0,"event_name":"Golden Wing","player_choice":"Card Removal","floor":4.0,"gold_loss":0.0,"damage_taken":7.0},{"damage_healed":0.0,"max_hp_gain":0.0,"max_hp_loss":0.0,"gold_gain":0.0,"event_name":"Duplicator","player_choice":"Copied","floor":19.0,"gold_loss":0.0,"damage_taken":0.0,"cards_obtained":["Calculated Gamble"]}],"is_beta":false,"boss_relics":[{"not_picked":["Fusion Hammer","Ring of the Serpent"],"picked":"Pandora\u0027s Box"}],"items_purged_floors":[2,25],"is_endless":false,"potions_floor_spawned":[5,7,10,14,16,18,22,24,27,29,30],"killed_by":"Slavers","ascension_level":20}}