{"host":"59wnhi65kiwmnpg4","time":1612373429,"event":{"mods":["2.2 Compatiblity","AchievementEnabler","BaseMod","BetterRewards","Colored Map","Custom Start","Disable Question Mark Monsters","Highlight Path","Minty Spire (QoL Compilation)","Permanent Neow","Relic Sorter","Relic Stats"],"gold_per_floor":[116,130,148,148,210,210,244,244,244,244,264,18,37,37,37,126,126,147,147,147,171,101,101,101,145,145,98,98,38,38,38],"floor_reached":30,"language":"ENG","playtime":1468,"items_purged":["Writhe"],"score":538,"play_id":"8e8deffa-17e3-44ab-b5d3-9a9e1235ff97","local_time":"20210203173029","daily_mods":["Heirloom"],"is_ascension_mode":true,"campfire_choices":[{"data":"Neutralize","floor":6.0,"key":"SMITH"},{"data":"A Thousand Cuts","floor":8.0,"key":"SMITH"},{"data":"Blade Dance","floor":15.0,"key":"SMITH"},{"data":"Ghostly","floor":23.0,"key":"SMITH"},{"data":"After Image","floor":28,"key":"SMITH"}],"circlet_count":0,"master_deck":["AscendersBane","Survivor","Neutralize+1","Well Laid Plans","Escape Plan","Predator","A Thousand Cuts+1","Leg Sweep","Caltrops","Blade Dance+1","Accuracy","Deflect","Acrobatics","PiercingWail","Tools of the Trade","Die Die Die","Escape Plan","After Image+1","A Thousand Cuts","Dagger Throw","Grand Finale","Unload","Escape Plan","All Out Attack","Footwork","Ghostly+1","Ghostly","Ghostly","Caltrops","Prepared"],"relics":["Ring of the Snake","Ice Cream","InkBottle","Anchor","The Courier","Golden Idol","Pandora\u0027s Box","Meat on the Bone","Orichalcum","Molten Egg 2","Kunai"],"acts_visited":["Exordium","TheCity"],"potions_floor_usage":[27],"damage_taken":[{"damage":3.0,"enemies":"Cultist","floor":1.0,"turns":4.0},{"damage":7.0,"enemies":"2 Louse","floor":2.0,"turns":3.0},{"damage":0.0,"enemies":"Small Slimes","floor":3.0,"turns":5.0},{"damage":24.0,"enemies":"3 Sentries","floor":7.0,"turns":7.0},{"damage":3.0,"enemies":"Exordium Thugs","floor":11.0,"turns":5.0},{"damage":0.0,"enemies":"Red Slaver","floor":13.0,"turns":4.0},{"damage":9.0,"enemies":"Slime Boss","floor":16.0,"turns":6.0},{"damage":15.0,"enemies":"Shell Parasite","floor":18.0,"turns":3.0},{"damage":0.0,"enemies":"Slavers","floor":25.0,"turns":4.0},{"damage":3,"enemies":"2 Thieves","floor":27,"turns":5},{"damage":19,"enemies":"Colosseum Slavers","floor":30,"turns":7},{"damage":53,"enemies":"Colosseum Nobs","floor":30,"turns":3}],"seed_played":"243135349143399433","potions_obtained":[{"floor":1.0,"key":"Swift Potion"},{"floor":3.0,"key":"DistilledChaos"},{"floor":16.0,"key":"Energy Potion"},{"floor":18.0,"key":"LiquidBronze"}],"is_trial":true,"path_per_floor":["M","M","M","T","?","R","E","R","T","?","M","$","M","$","R","B",null,"M","?","?","T","$","R","?","E","T","M","R","$","?"],"character_chosen":"THE_SILENT","items_purchased":["Caltrops","Blade Dance","Accuracy","Deflect","Acrobatics","Caltrops"],"campfire_rested":0,"item_purchase_floors":[12,12,12,12,12,22],"current_hp_per_floor":[56,49,49,49,49,49,25,25,25,25,22,22,22,22,22,13,48,33,33,30,30,30,30,30,30,30,27,27,27,0,0],"gold":38,"neow_bonus":"","is_daily":false,"chose_seed":false,"campfire_upgraded":5,"win_rate":0.0,"timestamp":1612373429,"path_taken":["M","M","M","?","?","R","E","R","T","?","?","?","M","$","R","BOSS","M","?","?","?","$","R","?","E","T","?","R","$","?"],"items_purchased_type":["Card","Card","Card","Card","Card","Card"],"build_version":"2020-12-22","purchased_purges":1,"victory":false,"max_hp_per_floor":[66,66,66,66,66,66,66,66,66,60,60,60,60,60,60,60,60,60,60,30,30,30,30,30,30,30,30,30,30,30,30],"relic_stats":{"counters":[12,56],"Golden Idol":67,"Pandora\u0027s Box":["Die Die Die","Escape Plan","After Image","A Thousand Cuts","Expertise","Dagger Throw","Grand Finale","Unload","Escape Plan","All Out Attack"],"Kunai":[5],"Orichalcum":[6],"obtain_stats":[{"Ice Cream":0,"Anchor":7,"Golden Idol":10,"Pandora\u0027s Box":17,"Molten Egg 2":25,"The Courier":9,"Kunai":26,"Orichalcum":21,"InkBottle":4,"Ring of the Snake":0,"Meat on the Bone":19},{"Ice Cream":0,"Anchor":4,"Golden Idol":4,"Pandora\u0027s Box":7,"Molten Egg 2":9,"The Courier":4,"Kunai":9,"Orichalcum":8,"InkBottle":3,"Ring of the Snake":0,"Meat on the Bone":8},{"Ice Cream":0,"Anchor":19,"Golden Idol":19,"Pandora\u0027s Box":34,"Molten Egg 2":41,"The Courier":19,"Kunai":41,"Orichalcum":37,"InkBottle":12,"Ring of the Snake":0,"Meat on the Bone":37}],"InkBottle":[17],"Ring of the Snake":[24],"Meat on the Bone":12},"card_choices":[{"not_picked":["Prepared","Bane"],"picked":"Well Laid Plans","floor":1.0},{"not_picked":["Slice","PiercingWail"],"picked":"Escape Plan","floor":2.0},{"not_picked":["Deflect","PiercingWail"],"picked":"Predator","floor":3.0},{"not_picked":["Heel Hook","Prepared"],"picked":"A Thousand Cuts","floor":7.0},{"not_picked":["Acrobatics","Dash"],"picked":"Leg Sweep","floor":11.0},{"not_picked":["Deadly Poison","Prepared"],"picked":"PiercingWail","floor":13.0},{"not_picked":["Unload","Doppelganger"],"picked":"Tools of the Trade","floor":16.0},{"not_picked":["Setup+1","Caltrops"],"picked":"Footwork","floor":18.0},{"not_picked":["Crippling Poison","Sucker Punch+1"],"picked":"Prepared","floor":25.0},{"not_picked":["Underhanded Strike+1","PiercingWail","Terror+1"],"picked":"SKIP","floor":27}],"player_experience":886653,"relics_obtained":[{"floor":4.0,"key":"InkBottle"},{"floor":7.0,"key":"Anchor"},{"floor":9.0,"key":"The Courier"},{"floor":21.0,"key":"Orichalcum"},{"floor":25.0,"key":"Molten Egg 2"},{"floor":26.0,"key":"Kunai"}],"event_choices":[{"damage_healed":0.0,"max_hp_gain":0.0,"max_hp_loss":0.0,"gold_gain":62.0,"event_name":"Golden Wing","player_choice":"Gained Gold","floor":5.0,"gold_loss":0.0,"damage_taken":0.0},{"damage_healed":0.0,"max_hp_gain":0.0,"max_hp_loss":6.0,"gold_gain":0.0,"event_name":"Golden Idol","player_choice":"Lose Max HP","floor":10.0,"gold_loss":0.0,"damage_taken":0.0,"relics_obtained":["Golden Idol"]},{"damage_healed":0.0,"max_hp_gain":0.0,"max_hp_loss":0.0,"gold_gain":0.0,"event_name":"The Mausoleum","player_choice":"Opened","floor":19.0,"gold_loss":0.0,"damage_taken":0.0,"relics_obtained":["Meat on the Bone"],"cards_obtained":["Writhe"]},{"damage_healed":0.0,"max_hp_gain":0.0,"max_hp_loss":30.0,"gold_gain":0.0,"event_name":"Ghosts","player_choice":"Became a Ghost","floor":20.0,"gold_loss":0.0,"damage_taken":0.0,"cards_obtained":["Ghostly","Ghostly","Ghostly"]},{"cards_removed":["Expertise"],"damage_healed":0.0,"max_hp_gain":0.0,"max_hp_loss":0.0,"gold_gain":0.0,"event_name":"Back to Basics","player_choice":"Elegance","floor":24.0,"gold_loss":0.0,"damage_taken":0.0},{"damage_healed":0,"gold_gain":0,"player_choice":"Fight","damage_taken":0,"max_hp_gain":0,"max_hp_loss":0,"event_name":"Colosseum","floor":30,"gold_loss":0},{"damage_healed":0,"gold_gain":0,"player_choice":"Fought Nobs","damage_taken":0,"max_hp_gain":0,"max_hp_loss":0,"event_name":"Colosseum","floor":30,"gold_loss":0}],"is_beta":false,"boss_relics":[{"not_picked":["SlaversCollar","Philosopher\u0027s Stone"],"picked":"Pandora\u0027s Box"}],"items_purged_floors":[29],"is_endless":false,"potions_floor_spawned":[1,3,16,18],"killed_by":"Colosseum Nobs","ascension_level":20}}