{"host":"p0hktren06injwdf","time":1612378363,"event":{"mods":["AchievementEnabler","BaseMod","Colored Map","DeckTracker","Minty Spire (QoL Compilation)","Permanent Neow","StSLib","SuperFastMode"],"gold_per_floor":[109,124,136,136,148,173,173,173,173,173,173,173,187,212,212,287,287,298,314,364,25,25,25,25,25,25,54,54,54,67,84,84,160,160,180,230,248,248,173,206,206,218,218,118,146,159,159,190,190,190,190,190],"floor_reached":51,"language":"KOR","playtime":1537,"items_purged":["Defend_P","Defend_P"],"score":1472,"play_id":"f9fec873-2ec3-433a-b883-851311609d05","local_time":"20210204035243","is_ascension_mode":true,"campfire_choices":[{"data":"Eruption","floor":8,"key":"SMITH"},{"floor":10,"key":"REST"},{"data":"TalkToTheHand","floor":15,"key":"SMITH"},{"data":"Adaptation","floor":23,"key":"SMITH"},{"data":"WheelKick","floor":25,"key":"SMITH"},{"data":"Halt","floor":29,"key":"SMITH"},{"floor":32,"key":"REST"},{"data":"Scrawl","floor":41,"key":"SMITH"},{"floor":49,"key":"REST"}],"circlet_count":0,"master_deck":["AscendersBane","Strike_P+1","Strike_P+1","Eruption+1","Vigilance","TalkToTheHand+1","EmptyBody","WheelKick+1","InnerPeace","FlurryOfBlows+1","Adaptation+1","Purity","Halt+1","SpiritShield","Crescendo","TalkToTheHand","FearNoEvil","Scrawl+1","Flash of Steel"],"relics":["PureWater","Question Card","Shuriken","Whetstone","VioletLotus","Ancient Tea Set","Lee\u0027s Waffle","Potion Belt","Bronze Scales","SacredBark","MealTicket","Yang","Letter Opener","Du-Vu Doll"],"acts_visited":["Exordium","TheCity","TheBeyond"],"potions_floor_usage":[3,14,19,31,31,33,45],"damage_taken":[{"damage":0,"enemies":"Small Slimes","floor":1,"turns":2},{"damage":0,"enemies":"Jaw Worm","floor":2,"turns":3},{"damage":0,"enemies":"Cultist","floor":3,"turns":2},{"damage":12,"enemies":"Red Slaver","floor":5,"turns":4},{"damage":43,"enemies":"Lagavulin","floor":6,"turns":9},{"damage":2,"enemies":"Looter","floor":13,"turns":3},{"damage":13,"enemies":"3 Sentries","floor":14,"turns":6},{"damage":35,"enemies":"Hexaghost","floor":16,"turns":8},{"damage":17,"enemies":"2 Thieves","floor":18,"turns":4},{"damage":0,"enemies":"Spheric Guardian","floor":19,"turns":2},{"damage":51,"enemies":"Slavers","floor":27,"turns":5},{"damage":0,"enemies":"Cultist and Chosen","floor":30,"turns":4},{"damage":14,"enemies":"Chosen and Byrds","floor":31,"turns":3},{"damage":10,"enemies":"Champ","floor":33,"turns":7},{"damage":0,"enemies":"3 Shapes","floor":35,"turns":2},{"damage":0,"enemies":"Orb Walker","floor":37,"turns":1},{"damage":5,"enemies":"Giant Head","floor":40,"turns":5},{"damage":0,"enemies":"Maw","floor":42,"turns":5},{"damage":10,"enemies":"Nemesis","floor":45,"turns":3},{"damage":0,"enemies":"3 Darklings","floor":46,"turns":2},{"damage":38,"enemies":"Reptomancer","floor":48,"turns":5},{"damage":3,"enemies":"Awakened One","floor":50,"turns":5},{"damage":53,"enemies":"Time Eater","floor":51,"turns":7}],"seed_played":"-9117833933309044365","potions_obtained":[{"floor":2,"key":"Fruit Juice"},{"floor":5,"key":"FairyPotion"},{"floor":13,"key":"Block Potion"},{"floor":14,"key":"Dexterity Potion"},{"floor":18,"key":"SteroidPotion"},{"floor":19,"key":"SpeedPotion"},{"floor":27,"key":"ColorlessPotion"},{"floor":30,"key":"SkillPotion"},{"floor":37,"key":"DistilledChaos"},{"floor":40,"key":"DuplicationPotion"},{"floor":42,"key":"BlessingOfTheForge"}],"is_trial":false,"path_per_floor":["M","M","M","?","M","E","?","R","T","R","?","?","M","E","R","B",null,"M","M","T","$","?","R","?","R","T","E","?","R","M","M","R","B",null,"M","?","M","?","$","E","R","M","T","$","E","M","?","E","R","B","B"],"character_chosen":"WATCHER","items_purchased":["Adaptation","Purity","Lee\u0027s Waffle"],"campfire_rested":3,"item_purchase_floors":[21,21,21],"current_hp_per_floor":[61,61,66,66,54,11,11,11,11,32,32,32,30,17,17,3,56,39,39,39,80,80,80,80,80,80,29,29,29,29,15,39,29,67,67,67,67,67,67,62,62,62,62,77,67,67,67,29,51,48,0,0],"gold":190,"neow_bonus":"REMOVE_CARD","is_daily":false,"chose_seed":false,"campfire_upgraded":6,"win_rate":0.0,"timestamp":1612378363,"path_taken":["M","M","M","?","M","E","?","R","T","R","?","?","M","E","R","BOSS","M","?","?","$","?","R","?","R","T","E","?","R","M","?","R","BOSS","M","?","?","?","$","E","R","M","T","$","E","M","?","E","R","BOSS","BOSS"],"items_purchased_type":["Card","Card","Relic"],"build_version":"2020-12-22","purchased_purges":2,"victory":false,"max_hp_per_floor":[68,68,73,73,73,73,73,73,73,73,73,73,73,73,73,73,73,73,73,73,80,80,80,80,80,80,80,80,80,80,80,80,80,80,80,80,80,80,80,80,80,80,80,80,80,80,76,76,76,76,76,76],"card_choices":[{"not_picked":["Prostrate","Evaluate","Crescendo"],"picked":"SKIP","floor":1},{"not_picked":["FollowUp","Crescendo","CrushJoints"],"picked":"SKIP","floor":2},{"not_picked":["WaveOfTheHand","Indignation"],"picked":"TalkToTheHand","floor":3},{"not_picked":["Sanctity","FollowUp"],"picked":"EmptyBody","floor":5},{"not_picked":["Collect","Prostrate","InnerPeace"],"picked":"SKIP","floor":6},{"not_picked":["Omniscience","DeceiveReality","WaveOfTheHand"],"picked":"WheelKick","floor":13},{"not_picked":["FlyingSleeves","SashWhip","Prostrate","Establishment"],"picked":"SKIP","floor":14},{"not_picked":["ThirdEye","EmptyFist","Fasting2"],"picked":"InnerPeace","floor":18},{"not_picked":["Crescendo","ThirdEye","ClearTheMind"],"picked":"FlurryOfBlows+1","floor":19},{"not_picked":["Devotion","InnerPeace","EmptyFist"],"picked":"Halt","floor":27},{"not_picked":["EmptyBody","BattleHymn","EmptyFist"],"picked":"TalkToTheHand","floor":30},{"not_picked":["CarveReality+1","ClearTheMind","Consecrate"],"picked":"FearNoEvil","floor":31},{"not_picked":["Omniscience","Wish","Establishment"],"picked":"Scrawl","floor":33},{"not_picked":["ThirdEye+1","FlurryOfBlows+1","FollowUp","Consecrate"],"picked":"SKIP","floor":35},{"not_picked":["ClearTheMind","Consecrate","Halt","FlurryOfBlows"],"picked":"SKIP","floor":37},{"not_picked":["The Bomb","Finesse","Thinking Ahead"],"picked":"Flash of Steel","floor":38},{"not_picked":["SandsOfTime","Perseverance","Protect","Vengeance"],"picked":"SKIP","floor":40},{"not_picked":["Wallop","FlurryOfBlows","EmptyFist","Study+1"],"picked":"SKIP","floor":42},{"not_picked":["CarveReality+1","Indignation","SashWhip","ReachHeaven+1"],"picked":"SKIP","floor":45},{"not_picked":["CutThroughFate","SashWhip+1","BattleHymn","EmptyFist"],"picked":"SKIP","floor":46},{"not_picked":["EmptyFist","Consecrate+1","Wireheading","Evaluate+1"],"picked":"SKIP","floor":48}],"player_experience":988453,"relics_obtained":[{"floor":6,"key":"Question Card"},{"floor":9,"key":"Shuriken"},{"floor":14,"key":"Whetstone"},{"floor":20,"key":"Ancient Tea Set"},{"floor":26,"key":"Potion Belt"},{"floor":27,"key":"Bronze Scales"},{"floor":40,"key":"MealTicket"},{"floor":43,"key":"Yang"},{"floor":45,"key":"Letter Opener"},{"floor":48,"key":"Du-Vu Doll"}],"event_choices":[{"damage_healed":0,"gold_gain":0,"player_choice":"Ignored","damage_taken":0,"max_hp_gain":0,"max_hp_loss":0,"event_name":"Liars Game","floor":4,"gold_loss":0},{"damage_healed":0,"gold_gain":0,"player_choice":"Ignored","damage_taken":0,"max_hp_gain":0,"max_hp_loss":0,"event_name":"Shining Light","floor":7,"gold_loss":0},{"damage_healed":0,"gold_gain":0,"player_choice":"Fled","damage_taken":0,"max_hp_gain":0,"max_hp_loss":0,"event_name":"Scrap Ooze","floor":11,"gold_loss":0},{"cards_removed":["Defend_P"],"damage_healed":0,"gold_gain":0,"player_choice":"Purged","damage_taken":0,"max_hp_gain":0,"max_hp_loss":0,"event_name":"Purifier","floor":12,"gold_loss":0},{"damage_healed":0,"gold_gain":0,"player_choice":"Ignored","damage_taken":0,"max_hp_gain":0,"max_hp_loss":0,"event_name":"Ghosts","floor":24,"gold_loss":0},{"damage_healed":0,"gold_gain":0,"cards_transformed":["Strike_P","Strike_P"],"player_choice":"Became Test Subject","damage_taken":0,"max_hp_gain":0,"max_hp_loss":0,"event_name":"Drug Dealer","floor":28,"gold_loss":0,"cards_obtained":["SpiritShield","Crescendo"]},{"damage_healed":0,"gold_gain":50,"player_choice":"Pray","damage_taken":0,"max_hp_gain":0,"max_hp_loss":0,"event_name":"Golden Shrine","floor":36,"gold_loss":0},{"damage_healed":0,"gold_gain":0,"player_choice":"Memory 1","damage_taken":0,"max_hp_gain":0,"max_hp_loss":0,"event_name":"SensoryStone","floor":38,"gold_loss":0},{"damage_healed":0,"gold_gain":0,"player_choice":"Max HP","damage_taken":0,"max_hp_gain":0,"max_hp_loss":4,"event_name":"Winding Halls","floor":47,"gold_loss":0}],"is_beta":false,"boss_relics":[{"not_picked":["Empty Cage","Runic Dome"],"picked":"VioletLotus"},{"not_picked":["Snecko Eye","Fusion Hammer"],"picked":"SacredBark"}],"items_purged_floors":[39,44],"is_endless":false,"potions_floor_spawned":[2,5,13,14,18,19,27,30,37,40,42],"killed_by":"Time Eater","ascension_level":20}}