{"host":"k919bq8mkuzdqhzi","time":1612317309,"event":{"mods":["AchievementEnabler","BaseMod","Colored Map","Colored Powertips","DeckTracker","Minty Spire (QoL Compilation)","Relic Sorter","SuperFastMode"],"gold_per_floor":[113,113,113,127,127,127,162,162,162,176,176,26,44,58,58,154,154,168,93,93,111,57,57,57,57,126,126,144,158,177,177,177,277,277,295,295,307,326,339,339,389,389,413,426,19,19,19,31,31,31],"floor_reached":51,"language":"ENG","playtime":2345,"items_purged":["Strike_R","Strike_R"],"score":803,"play_id":"8fac9300-6a2b-4ffd-82e8-4797d59e7970","local_time":"20210202205509","is_ascension_mode":true,"campfire_choices":[{"data":"Headbutt","floor":6,"key":"SMITH"},{"data":"Heavy Blade","floor":8,"key":"SMITH"},{"floor":11,"key":"REST"},{"data":"Metallicize","floor":15,"key":"SMITH"},{"data":"Demon Form","floor":23,"key":"SMITH"},{"data":"Shrug It Off","floor":25,"key":"SMITH"},{"floor":27,"key":"REST"},{"floor":32,"key":"REST"},{"floor":40,"key":"REST"},{"data":"Limit Break","floor":46,"key":"SMITH"},{"floor":49,"key":"REST"}],"circlet_count":0,"master_deck":["Strike_R+1","Strike_R","Defend_R","Defend_R","Defend_R","Defend_R","Bash+1","Headbutt+1","Inflame+1","Heavy Blade+1","Carnage+1","Metallicize+1","Shrug It Off+1","Cleave+1","Demon Form+1","Uppercut+1","Body Slam+1","Iron Wave+1","Limit Break+1","Clothesline+1","Flex+1","Disarm","Bludgeon+1"],"relics":["Burning Blood","Centennial Puzzle","Molten Egg 2","Mark of Pain","Matryoshka","MutagenicStrength","Sozu","Dead Branch","Vajra","Juzu Bracelet","Champion Belt"],"acts_visited":["Exordium","TheCity","TheBeyond"],"potions_floor_usage":[16,30,50],"damage_taken":[{"damage":0,"enemies":"Small Slimes","floor":1,"turns":3},{"damage":5,"enemies":"2 Louse","floor":4,"turns":3},{"damage":26,"enemies":"Lagavulin","floor":7,"turns":5},{"damage":0,"enemies":"Cultist","floor":10,"turns":2},{"damage":10,"enemies":"Looter","floor":13,"turns":3},{"damage":22,"enemies":"3 Louse","floor":14,"turns":4},{"damage":58,"enemies":"The Guardian","floor":16,"turns":12},{"damage":19,"enemies":"2 Thieves","floor":18,"turns":4},{"damage":20,"enemies":"3 Byrds","floor":21,"turns":4},{"damage":8,"enemies":"Cultist and Chosen","floor":28,"turns":4},{"damage":3,"enemies":"Snecko","floor":29,"turns":4},{"damage":41,"enemies":"Shelled Parasite and Fungi","floor":30,"turns":4},{"damage":28,"enemies":"Champ","floor":33,"turns":8},{"damage":30,"enemies":"3 Darklings","floor":35,"turns":5},{"damage":13,"enemies":"Orb Walker","floor":37,"turns":3},{"damage":32,"enemies":"3 Darklings","floor":38,"turns":7},{"damage":0,"enemies":"Transient","floor":39,"turns":5},{"damage":6,"enemies":"Mind Bloom Boss Battle","floor":41,"turns":7},{"damage":19,"enemies":"4 Shapes","floor":44,"turns":5},{"damage":10,"enemies":"Jaw Worm Horde","floor":48,"turns":2},{"damage":37,"enemies":"Time Eater","floor":50,"turns":6}],"seed_played":"4799440103783276491","potions_obtained":[{"floor":1,"key":"BloodPotion"},{"floor":7,"key":"Dexterity Potion"},{"floor":14,"key":"ElixirPotion"},{"floor":16,"key":"ElixirPotion"},{"floor":21,"key":"BloodPotion"},{"floor":29,"key":"Block Potion"}],"is_trial":false,"path_per_floor":["M","?","?","M","?","R","E","R","T","M","R","$","M","M","R","B",null,"M","?","?","M","$","R","$","R","T","R","M","M","M","?","R","B",null,"M","?","M","M","M","R","?","?","T","M","$","R","?","M","R","B",null],"character_chosen":"IRONCLAD","items_purchased":["Metallicize","Body Slam+1","Champion Belt"],"campfire_rested":5,"item_purchase_floors":[12,22,45],"current_hp_per_floor":[80,85,68,69,69,69,49,49,49,55,80,80,76,60,60,25,85,72,72,72,58,58,58,58,58,58,83,81,84,49,49,74,52,85,61,61,54,28,34,59,59,59,59,46,46,46,46,42,66,50],"gold":31,"neow_bonus":"THREE_CARDS","is_daily":false,"chose_seed":false,"campfire_upgraded":6,"win_rate":0.0,"timestamp":1612317309,"path_taken":["M","?","?","M","?","R","E","R","T","M","R","$","M","M","R","BOSS","M","?","?","M","$","R","$","R","T","R","M","M","M","?","R","BOSS","M","?","M","?","M","R","?","?","T","M","$","R","?","M","R","BOSS"],"items_purchased_type":["Card","Card","Relic"],"build_version":"2020-12-22","purchased_purges":2,"victory":true,"max_hp_per_floor":[80,85,85,85,85,85,85,85,85,85,85,85,85,85,85,85,85,85,85,85,85,85,85,85,85,85,85,85,85,85,85,85,85,85,85,85,85,85,85,85,85,81,81,81,81,81,81,81,81,81],"card_choices":[{"not_picked":["Perfected Strike","Flame Barrier"],"picked":"Headbutt","floor":0},{"not_picked":["Blood for Blood","Second Wind","Warcry"],"picked":"SKIP","floor":1},{"not_picked":["Seeing Red","Pummel"],"picked":"Inflame","floor":4},{"not_picked":["Flame Barrier","Entrench"],"picked":"Heavy Blade","floor":7},{"not_picked":["Hemokinesis+1","Flame Barrier"],"picked":"Carnage+1","floor":10},{"not_picked":["Wild Strike+1","Feel No Pain"],"picked":"Shrug It Off","floor":13},{"not_picked":["Warcry","Rage"],"picked":"Cleave+1","floor":14},{"not_picked":["Corruption","Reaper+1"],"picked":"Demon Form","floor":16},{"not_picked":["Evolve","Shrug It Off","Anger+1"],"picked":"SKIP","floor":18},{"not_picked":["Shrug It Off+1","Havoc","Wild Strike+1"],"picked":"SKIP","floor":21},{"not_picked":["Cleave+1","Rage+1","Havoc"],"picked":"SKIP","floor":28},{"not_picked":["Combust","Feel No Pain","Cleave+1"],"picked":"SKIP","floor":29},{"not_picked":["Perfected Strike+1","Uppercut+1"],"picked":"Iron Wave+1","floor":30},{"not_picked":["Offering","Demon Form"],"picked":"Limit Break","floor":33},{"not_picked":["Sever Soul+1","Shockwave"],"picked":"Clothesline+1","floor":35},{"not_picked":["Heavy Blade+1","Second Wind"],"picked":"Flex+1","floor":37},{"not_picked":["Reckless Charge+1","True Grit+1","Perfected Strike+1"],"picked":"SKIP","floor":38},{"not_picked":["Anger+1","Shrug It Off+1"],"picked":"Disarm","floor":39},{"not_picked":["Cleave+1","Reckless Charge+1","Twin Strike+1"],"picked":"SKIP","floor":44},{"not_picked":["Clash+1","Carnage+1"],"picked":"Bludgeon+1","floor":48}],"player_experience":65392,"relics_obtained":[{"floor":7,"key":"Centennial Puzzle"},{"floor":9,"key":"Molten Egg 2"},{"floor":26,"key":"Matryoshka"},{"floor":41,"key":"Dead Branch"},{"floor":43,"key":"Vajra"},{"floor":43,"key":"Juzu Bracelet"}],"event_choices":[{"damage_healed":0,"gold_gain":0,"player_choice":"Donut","damage_taken":0,"max_hp_gain":5,"max_hp_loss":0,"event_name":"Big Fish","floor":2,"gold_loss":0},{"damage_healed":0,"gold_gain":0,"player_choice":"Entered Light","damage_taken":17,"max_hp_gain":0,"max_hp_loss":0,"event_name":"Shining Light","floor":3,"gold_loss":0,"cards_upgraded":["Strike_R","Bash"]},{"damage_healed":0,"gold_gain":0,"player_choice":"Forge","damage_taken":0,"max_hp_gain":0,"max_hp_loss":0,"event_name":"Accursed Blacksmith","floor":5,"gold_loss":0,"cards_upgraded":["Inflame"]},{"cards_removed":["Strike_R"],"damage_healed":0,"gold_gain":0,"player_choice":"Gave Gold","damage_taken":0,"max_hp_gain":0,"max_hp_loss":0,"event_name":"Beggar","floor":19,"gold_loss":75},{"damage_healed":0,"gold_gain":0,"player_choice":"Read","damage_taken":0,"max_hp_gain":0,"max_hp_loss":0,"event_name":"The Library","floor":20,"gold_loss":0,"cards_obtained":["Uppercut"]},{"damage_healed":0,"gold_gain":0,"player_choice":"Inject Mutagens","damage_taken":0,"relics_obtained":["MutagenicStrength"],"max_hp_gain":0,"max_hp_loss":0,"event_name":"Drug Dealer","floor":31,"gold_loss":0},{"damage_healed":0,"gold_gain":0,"player_choice":"Bought 0 Potions","damage_taken":0,"max_hp_gain":0,"max_hp_loss":0,"event_name":"The Woman in Blue","floor":36,"gold_loss":0},{"damage_healed":0,"gold_gain":0,"player_choice":"Fight","damage_taken":0,"max_hp_gain":0,"max_hp_loss":0,"event_name":"MindBloom","floor":41,"gold_loss":0},{"damage_healed":0,"gold_gain":0,"player_choice":"Max HP","damage_taken":0,"max_hp_gain":0,"max_hp_loss":4,"event_name":"Winding Halls","floor":42,"gold_loss":0},{"damage_healed":0,"gold_gain":0,"player_choice":"Memory 1","damage_taken":0,"max_hp_gain":0,"max_hp_loss":0,"event_name":"SensoryStone","floor":47,"gold_loss":0}],"is_beta":false,"boss_relics":[{"not_picked":["Black Star","Astrolabe"],"picked":"Mark of Pain"},{"not_picked":["Empty Cage","Runic Pyramid"],"picked":"Sozu"}],"items_purged_floors":[12,45],"is_endless":false,"potions_floor_spawned":[1,7,14,16,21,29,38,44,48],"ascension_level":1}}