{"host":"y0avvqzsetgmdwfn","time":1612360846,"event":{"mods":["AchievementEnabler","BaseMod","Better Third Choice","Downfall","Minty Spire (QoL Compilation)","Red Circlet Mod","Replay The Spire","Spicy Shops","StSLib"],"gold_per_floor":[99,119,138,152,166,166,166,198,37,64,78,109,310,485,495,597,597,597,607,627,827,844,872,898,998,798,831,831,865,865,884,898,995,995,995,1007,88,140,140,152,152,165,200,200,213,243,254,284,298,298],"floor_reached":51,"language":"ENG","playtime":5284,"items_purged":["Doubt"],"score":1236,"play_id":"9546647e-a326-4abc-bfdb-7f62844d0714","local_time":"20210203220046","is_ascension_mode":true,"campfire_choices":[{"data":"bronze:Strike","floor":1.0,"key":"PURGE"},{"data":"bronze:Repair","floor":6.0,"key":"SMITH"},{"data":"bronze:ChosenStrike","floor":18.0,"key":"SMITH"},{"floor":26.0,"key":"REST"},{"data":"bronze:Assembly","floor":35.0,"key":"SMITH"},{"floor":44,"key":"RECALL"}],"circlet_count":0,"master_deck":["bronze:Strike","bronze:Strike","bronze:Strike","bronze:Defend","bronze:Defend","bronze:Defend","bronze:Defend","bronze:Replicate","bronze:Goto","AbeCurse","bronze:WhirlingStrike","bronze:Repair+1","bronze:Constructor","bronze:Frontload","bronze:ThunderWave","bronze:Invalidate","bronze:Safeguard","bronze:Philosophize","bronze:Mutator","bronze:ItsAFeature","bronze:ChosenStrike+1","bronze:Branch","bronze:CleanCode","CurseOfTheBell","bronze:GetLatest","bronze:FindAndReplace","bronze:Overheat+1","bronze:FineTuning+1","bronze:DarkDash","bronze:Fortify","bronze:FineTuning","bronze:BronzeArmor","bronze:DonuBeam","bronze:DecaBeam","bronze:DelayedGuard+1","bronze:GetLatest","bronze:FollowUp+1","bronze:HyperBeam","bronze:Boost+1","bronze:Flail","bronze:Return+1","bronze:Assembly+1","bronze:TinkerersToolbox","bronze:OilSpill","bronze:Turbo+1","bronze:Verify","bronze:BronzeOrb+1","expansioncontent:QuickStudy","bronze:Overload+1","bronze:Deprecate+1","bronze:Virus","bronze:ChildClass+1","bronze:HardenedForm","bronze:Separator+1","bronze:Optimize+1","bronze:Terminator","bronze:HardenedForm","bronze:FollowUp+1","bronze:FineTuning+1"],"relics":["Abe\u0027s Treasure","Incense Burner","Sling","Prayer Wheel","Calling Bell","PreservedInsect","Kunai","Pondfish Scales","Dream Catcher","Ancient Tea Set","downfall:HeartBlessingGreen","downfall:HeartBlessingBlue","Calipers","Replay:WaspNest","Bottled Tornado","Black Star","White Beast Statue","Guardian:BottledAnomaly","Blue Doll","hexamod:Sixitude","bronze:BottledCode","Gremlin Food","Replay:Rubber Ducky","Replay:Ringing Soul","Dead Branch","hexamod:CandleOfCauterizing","Anchor","hexamod:BolsterEngine"],"acts_visited":["Exordium","TheCity","TheBeyond"],"potions_floor_usage":[46,50],"damage_taken":[{"damage":2.0,"enemies":"Cultist","floor":2.0,"turns":4.0},{"damage":7.0,"enemies":"Jaw Worm","floor":3.0,"turns":2.0},{"damage":4.0,"enemies":"2 Louse","floor":4.0,"turns":3.0},{"damage":19.0,"enemies":"Large Slime","floor":5.0,"turns":9.0},{"damage":8.0,"enemies":"Replay:BlueRogue","floor":8.0,"turns":8.0},{"damage":0.0,"enemies":"downfall:FleeingMerchant","floor":9.0,"turns":4.0},{"damage":0.0,"enemies":"Gremlin Nob","floor":10.0,"turns":4.0},{"damage":26.0,"enemies":"Lots of Slimes","floor":11.0,"turns":4.0},{"damage":9.0,"enemies":"Replay:BlueRogue","floor":12.0,"turns":6.0},{"damage":7.0,"enemies":"Exordium Thugs","floor":15.0,"turns":5.0},{"damage":25.0,"enemies":"WA_ARCHETYPE_RETAIN","floor":16.0,"turns":8.0},{"damage":7.0,"enemies":"3 Byrds","floor":19.0,"turns":7.0},{"damage":38.0,"enemies":"Snake Plant","floor":20.0,"turns":5.0},{"damage":1.0,"enemies":"Centurion and Healer","floor":22.0,"turns":6.0},{"damage":10.0,"enemies":"Replay:Snechameleon","floor":23.0,"turns":4.0},{"damage":43.0,"enemies":"Replay:Snechameleon","floor":25.0,"turns":8.0},{"damage":0.0,"enemies":"Gremlin Leader","floor":27.0,"turns":4.0},{"damage":6.0,"enemies":"Book of Stabbing","floor":29.0,"turns":3.0},{"damage":0.0,"enemies":"3 Cultists","floor":31.0,"turns":5.0},{"damage":0.0,"enemies":"Chosen and Byrds","floor":32.0,"turns":8.0},{"damage":46.0,"enemies":"IC_MUSHROOM_ARCHETYPE","floor":33.0,"turns":8.0},{"damage":0.0,"enemies":"3 Shapes","floor":36.0,"turns":6.0},{"damage":17.0,"enemies":"downfall:FleeingMerchant","floor":37.0,"turns":4.0},{"damage":5.0,"enemies":"2 Orb Walkers","floor":38.0,"turns":6.0},{"damage":0.0,"enemies":"3 Darklings","floor":40.0,"turns":3.0},{"damage":1,"enemies":"Transient","floor":42,"turns":5},{"damage":0,"enemies":"Nemesis","floor":43,"turns":5},{"damage":0,"enemies":"Maw","floor":45,"turns":8},{"damage":0,"enemies":"Giant Head","floor":46,"turns":6},{"damage":9,"enemies":"Writhing Mass","floor":47,"turns":6},{"damage":0,"enemies":"Reptomancer","floor":48,"turns":4},{"damage":0,"enemies":"Jaw Worm Horde","floor":49,"turns":3},{"damage":41,"enemies":"SI_POISON_ARCHETYPE","floor":50,"turns":13}],"seed_played":"-6228900205450879925","potions_obtained":[{"floor":2.0,"key":"Elixir"},{"floor":3.0,"key":"Venom Potion"},{"floor":8.0,"key":"Flashbang"},{"floor":12.0,"key":"Elixir"},{"floor":15.0,"key":"Guardian:BlockOnCardUsePotion"},{"floor":23.0,"key":"Venom Potion"},{"floor":25.0,"key":"Toxic Potion"},{"floor":27.0,"key":"Elixir"},{"floor":32.0,"key":"SkillPotion"},{"floor":38.0,"key":"SpeedPotion"},{"floor":40.0,"key":"Reflective Coating"},{"floor":42,"key":"Fire Potion"},{"floor":43,"key":"bronze:FreeFunctionsPotion"},{"floor":46,"key":"Swift Potion"},{"floor":47,"key":"bronze:CleanCodePotion"},{"floor":49,"key":"CultistPotion"}],"is_trial":false,"path_per_floor":["R","M","M","M","M","R","T","E","$","E","M","E","?","?","M","B",null,"R","M","M","?","M","E","T","?","R","E","T","E","?","M","M","B",null,"R","M","$","?","?","M","T","M","E","R","M","E","M","E","M","B",null],"character_chosen":"THE_AUTOMATON","items_purchased":["Sling","bronze:BronzeOrb+1","White Beast Statue","Guardian:BottledAnomaly","Blue Doll","expansioncontent:QuickStudy","DistilledChaos","sneckomod:MuddlingPotion","Energy Potion"],"campfire_rested":1,"item_purchase_floors":[9,37,37,37,37,37,37,37,37],"current_hp_per_floor":[70,68,61,64,52,52,52,54,64,77,60,61,42,42,45,30,77,77,71,43,43,53,43,43,11,47,58,58,52,52,62,72,37,87,87,87,70,75,75,75,75,77,77,77,80,83,77,80,83,52],"gold":298,"neow_bonus":"BOSS_RELIC","is_daily":false,"chose_seed":false,"campfire_upgraded":3,"win_rate":0.0,"timestamp":1612360846,"path_taken":["R","M","M","M","M","R","T","E","?","E","M","E","?","?","M","BOSS","R","M","M","?","?","E","T","?","R","E","?","E","?","?","M","BOSS","R","M","$","?","?","M","T","M","E","R","M","E","?","E","M","BOSS"],"items_purchased_type":["Relic","Card","Relic","Relic","Relic","Card","Potion","Potion","Potion"],"build_version":"2020-12-22","purchased_purges":1,"victory":true,"max_hp_per_floor":[70,70,70,70,70,70,70,70,70,77,77,77,77,77,77,77,77,77,77,77,77,77,77,77,77,87,87,87,87,87,87,87,87,87,87,87,87,87,77,77,77,77,77,77,80,83,86,89,92,92],"card_choices":[{"not_picked":["bronze:Allocate","bronze:Iterate"],"picked":"bronze:WhirlingStrike","floor":2.0},{"not_picked":["bronze:Shield","bronze:BuggyMess"],"picked":"bronze:Repair","floor":3.0},{"not_picked":["bronze:Separator","bronze:Allocate"],"picked":"bronze:Constructor","floor":4.0},{"not_picked":["bronze:Deprecate","bronze:Iterate"],"picked":"bronze:Frontload","floor":5.0},{"not_picked":["bronze:Shield","bronze:ClassDefault"],"picked":"bronze:ThunderWave","floor":8.0},{"not_picked":["bronze:BugBarrage","bronze:Constructor"],"picked":"bronze:Invalidate","floor":9.0},{"not_picked":["bronze:DelayedGuard","bronze:CutThrough"],"picked":"bronze:Safeguard","floor":10.0},{"not_picked":["bronze:Turbo","bronze:Constructor"],"picked":"bronze:Philosophize","floor":11.0},{"not_picked":["bronze:Frontload","bronze:Refactor"],"picked":"bronze:Mutator","floor":12.0},{"not_picked":["bronze:MaxOutput","bronze:Safeguard"],"picked":"bronze:ItsAFeature","floor":13.0},{"not_picked":["bronze:FollowUp","bronze:OilSpill"],"picked":"bronze:ChosenStrike","floor":15.0},{"not_picked":["bronze:DigitalCarnage","bronze:OilSpill"],"picked":"bronze:Branch","floor":15.0},{"not_picked":["bronze:Break","bronze:RecursiveStrike"],"picked":"bronze:CleanCode","floor":16.0},{"not_picked":["bronze:NullPointer","bronze:WildBeam+1"],"picked":"bronze:GetLatest","floor":19.0},{"not_picked":["bronze:BugBarrage","bronze:ChildClass+1"],"picked":"bronze:FindAndReplace","floor":19.0},{"not_picked":["bronze:BitShift+1","bronze:Deprecate"],"picked":"bronze:Overheat+1","floor":20.0},{"not_picked":["bronze:Backtrace","bronze:InfiniteBeams"],"picked":"bronze:FineTuning+1","floor":20.0},{"not_picked":["bronze:Branch","bronze:DigitalCarnage"],"picked":"bronze:DarkDash","floor":22.0},{"not_picked":["bronze:Shield","bronze:Safeguard"],"picked":"bronze:Fortify","floor":22.0},{"not_picked":["bronze:Separator","bronze:BugBarrage"],"picked":"bronze:FineTuning","floor":23.0},{"not_picked":["bronze:DelayedSlice","bronze:Fortify"],"picked":"bronze:BronzeArmor","floor":25.0},{"not_picked":[],"picked":"bronze:DonuBeam","floor":25.0},{"not_picked":[],"picked":"bronze:DecaBeam","floor":25.0},{"not_picked":["bronze:InfiniteBeams+1","bronze:ForceShield"],"picked":"bronze:DelayedGuard+1","floor":26.0},{"not_picked":["bronze:FineTuning+1","bronze:BugBarrage"],"picked":"bronze:GetLatest","floor":27.0},{"not_picked":["bronze:Shield","bronze:Virus"],"picked":"bronze:FollowUp+1","floor":29.0},{"not_picked":["bronze:DelayedSlice","bronze:Turbo"],"picked":"bronze:Boost+1","floor":31.0},{"not_picked":["bronze:DelayedSlice","bronze:Frontload"],"picked":"bronze:Flail","floor":31.0},{"not_picked":["bronze:Separator","bronze:InfiniteBeams+1"],"picked":"bronze:Return+1","floor":32.0},{"not_picked":["bronze:OilSpill+1","bronze:Branch"],"picked":"bronze:Assembly","floor":32.0},{"not_picked":["bronze:CleanCode","bronze:Format"],"picked":"bronze:TinkerersToolbox","floor":33.0},{"not_picked":["bronze:Branch","bronze:Shield+1"],"picked":"bronze:OilSpill","floor":36.0},{"not_picked":["bronze:Constructor","bronze:OilSpill"],"picked":"bronze:Turbo+1","floor":36.0},{"not_picked":["bronze:Overheat+1","bronze:Invalidate"],"picked":"bronze:Verify","floor":37.0},{"not_picked":["bronze:OilSpill","bronze:Invalidate+1"],"picked":"bronze:Overload+1","floor":38.0},{"not_picked":["bronze:ForLoop","bronze:CutThrough+1"],"picked":"bronze:Deprecate+1","floor":40.0},{"not_picked":["bronze:Frontload","bronze:Invalidate+1","bronze:Overload+1"],"picked":"SKIP","floor":40.0},{"not_picked":["bronze:MaxOutput","bronze:Repulsor+1"],"picked":"bronze:Virus","floor":42},{"not_picked":["bronze:Constructor+1","bronze:Iterate"],"picked":"bronze:ChildClass+1","floor":42},{"not_picked":["bronze:Frontload","bronze:WhirlingStrike","bronze:Repulsor"],"picked":"SKIP","floor":43},{"not_picked":["bronze:OilSpill+1","bronze:Shell"],"picked":"bronze:HardenedForm","floor":45},{"not_picked":["bronze:Return","bronze:BitShift"],"picked":"bronze:Separator+1","floor":45},{"not_picked":["bronze:Assembly","bronze:Frontload"],"picked":"bronze:Optimize+1","floor":46},{"not_picked":["bronze:Constructor+1","bronze:Turbo"],"picked":"bronze:Terminator","floor":47},{"not_picked":["bronze:Backtrace+1","bronze:CutThrough+1","bronze:OilSpill+1"],"picked":"SKIP","floor":47},{"not_picked":["bronze:ClassDefault","bronze:CutThrough"],"picked":"bronze:HardenedForm","floor":48},{"not_picked":["bronze:Deprecate+1","bronze:Constructor+1"],"picked":"bronze:FollowUp+1","floor":49},{"not_picked":["bronze:ForLoop","bronze:Invalidate"],"picked":"bronze:FineTuning+1","floor":49}],"player_experience":2045734,"relics_obtained":[{"floor":8.0,"key":"Incense Burner"},{"floor":10.0,"key":"Strawberry"},{"floor":12.0,"key":"Prayer Wheel"},{"floor":17.0,"key":"PreservedInsect"},{"floor":17.0,"key":"Kunai"},{"floor":17.0,"key":"Pondfish Scales"},{"floor":23.0,"key":"Dream Catcher"},{"floor":24.0,"key":"Ancient Tea Set"},{"floor":27.0,"key":"Calipers"},{"floor":28.0,"key":"Replay:WaspNest"},{"floor":29.0,"key":"Bottled Tornado"},{"floor":38.0,"key":"hexamod:Sixitude"},{"floor":41.0,"key":"Gremlin Food"},{"floor":43,"key":"Replay:Rubber Ducky"},{"floor":43,"key":"Replay:Ringing Soul"},{"floor":46,"key":"Dead Branch"},{"floor":46,"key":"hexamod:CandleOfCauterizing"},{"floor":48,"key":"Anchor"},{"floor":48,"key":"hexamod:BolsterEngine"}],"event_choices":[{"damage_healed":0.0,"max_hp_gain":0.0,"max_hp_loss":0.0,"gold_gain":0.0,"event_name":"Mysterious Sphere","player_choice":"Fight","floor":38.0,"gold_loss":0.0,"damage_taken":0.0}],"is_beta":false,"boss_relics":[{"not_picked":["Fusion Hammer","Velvet Choker"],"picked":"Calling Bell"},{"not_picked":["Ring of Chaos","Philosopher\u0027s Stone"],"picked":"Black Star"}],"items_purged_floors":[37],"is_endless":false,"potions_floor_spawned":[2,3,8,12,15,23,25,27,32,38,40,42,43,45,46,47,48,49],"ascension_level":3}}