{"host":"fdip6nj211smoxvi","time":1612353239,"event":{"mods":["BaseMod","BetterRewards","Colored Map","Downfall","Hermit","Minty Spire (QoL Compilation)","Shop Mod","StSLib","The Hierophant","The Servant 0.9.4"],"gold_per_floor":[116,40,54,54,74,100,119,119,119,134,152,183,183,198,198,293,293,305,305,188,188,188,220,220,220,266,292,319,319,331,376,388,499,511,540,552,579,171,191,225,225,225,225,225,243,271,271,271,271,271,271],"floor_reached":50,"language":"DEU","playtime":2800,"items_purged":["Strike_R+1"],"score":782,"play_id":"7390d07c-77f9-4ba3-8281-e0e978a99e6c","local_time":"20210203125359","is_ascension_mode":true,"campfire_choices":[{"data":"Rampage","floor":8.0,"key":"SMITH"},{"data":"Bash","floor":13.0,"key":"SMITH"},{"data":"Spot Weakness","floor":15.0,"key":"SMITH"},{"data":"Decay","floor":24.0,"key":"PURGE"},{"data":"Immolate","floor":30.0,"key":"SMITH"},{"data":"Whirlwind","floor":32.0,"key":"SMITH"},{"data":"Apotheosis","floor":42.0,"key":"SMITH"},{"data":"Flame Barrier","floor":47.0,"key":"SMITH"},{"data":"Cleave","floor":49.0,"key":"SMITH"}],"circlet_count":0,"master_deck":["Strike_R+1","Strike_R+1","Strike_R+1","Strike_R+1","Defend_R+1","Defend_R+1","Defend_R+1","Defend_R+1","Bash+1","Shrug It Off","Shrug It Off","Wild Strike","Cleave+1","Rampage+1","Pommel Strike","Headbutt","Spot Weakness+1","Immolate+1","Flex+1","Whirlwind+1","Flame Barrier+1","Thunderclap+1","True Grit+1","Corruption+1","Warcry+1","Apotheosis+1","True Grit+1","Inflame+1","Rampage+1","Pain","Flame Barrier+1","Shrug It Off+1"],"relics":["Coffee Dripper","Peace Pipe","Gremlin Horn","Singing Bowl","Nunchaku","Black Star","Mummified Hand","Darkstone Periapt","PreservedInsect","HornCleat","Champion Belt","Red Mask","MawBank","Frozen Egg 2","Bronze Scales","Velvet Choker","Bag of Marbles","OrangePellets","Potion Belt","Dead Branch","Magic Flower","WarpedTongs","Bird Faced Urn","White Beast Statue","Pear"],"acts_visited":["Exordium","TheCity","TheBeyond"],"potions_floor_usage":[50,50],"damage_taken":[{"damage":0.0,"enemies":"2 Louse","floor":1.0,"turns":2.0},{"damage":0.0,"enemies":"Cultist","floor":3.0,"turns":3.0},{"damage":0.0,"enemies":"Small Slimes","floor":5.0,"turns":3.0},{"damage":12.0,"enemies":"Lagavulin","floor":6.0,"turns":5.0},{"damage":0.0,"enemies":"Exordium Wildlife","floor":7.0,"turns":3.0},{"damage":0.0,"enemies":"Looter","floor":10.0,"turns":3.0},{"damage":0.0,"enemies":"3 Louse","floor":11.0,"turns":2.0},{"damage":9.0,"enemies":"3 Sentries","floor":12.0,"turns":5.0},{"damage":3.0,"enemies":"Large Slime","floor":14.0,"turns":4.0},{"damage":36.0,"enemies":"The Guardian","floor":16.0,"turns":5.0},{"damage":4.0,"enemies":"Chosen","floor":18.0,"turns":3.0},{"damage":2.0,"enemies":"Gremlin Leader","floor":23.0,"turns":3.0},{"damage":13.0,"enemies":"Slavers","floor":27.0,"turns":2.0},{"damage":0.0,"enemies":"Masked Bandits","floor":28.0,"turns":2.0},{"damage":0.0,"enemies":"Gremlin Leader","floor":31.0,"turns":3.0},{"damage":57.0,"enemies":"Collector","floor":33.0,"turns":7.0},{"damage":2.0,"enemies":"3 Shapes","floor":35.0,"turns":2.0},{"damage":0.0,"enemies":"Orb Walker","floor":37.0,"turns":3.0},{"damage":34.0,"enemies":"Sphere and 2 Shapes","floor":39.0,"turns":3.0},{"damage":8.0,"enemies":"Reptomancer","floor":40.0,"turns":3.0},{"damage":7.0,"enemies":"Transient","floor":45.0,"turns":5.0},{"damage":10.0,"enemies":"Giant Head","floor":46.0,"turns":5.0},{"damage":56,"enemies":"Awakened One","floor":50,"turns":8}],"seed_played":"-1122154102523855773","potions_obtained":[{"floor":4.0,"key":"bronze:BurnAndBuffPotion"},{"floor":4.0,"key":"PowerPotion"},{"floor":4.0,"key":"LiquidMemories"},{"floor":6.0,"key":"SteroidPotion"},{"floor":7.0,"key":"champ:CounterPotion"},{"floor":14.0,"key":"champ:CounterPotion"},{"floor":23.0,"key":"champ:CounterPotion"},{"floor":28.0,"key":"LiquidMemories"},{"floor":33.0,"key":"Weak Potion"},{"floor":37.0,"key":"Energy Potion"},{"floor":39.0,"key":"LiquidBronze"},{"floor":40.0,"key":"FearPotion"}],"is_trial":false,"path_per_floor":["M","?","M","?","M","E","M","R","T","M","M","E","R","M","R","B",null,"M","?","$","?","?","E","R","$","T","E","?","?","R","E","R","B",null,"M","?","M","$","M","E","?","R","T","?","M","E","R","T","R","B"],"character_chosen":"IRONCLAD","items_purchased":["Whirlwind","SkillPotion","Inflame+1","Bag of Marbles","OrangePellets"],"campfire_rested":0,"item_purchase_floors":[20,20,38,38,38],"current_hp_per_floor":[80,80,80,80,80,68,68,68,68,68,70,61,61,58,58,22,82,78,78,78,78,78,76,76,76,76,65,65,65,65,65,65,8,84,82,82,82,82,50,42,42,42,42,48,41,31,31,41,41,0,0],"gold":271,"neow_bonus":"BOSS_RELIC","is_daily":false,"chose_seed":false,"campfire_upgraded":8,"win_rate":0.0,"timestamp":1612353239,"path_taken":["M","?","?","?","M","E","?","R","T","M","M","E","R","M","R","BOSS","M","?","$","?","?","E","R","$","T","E","?","?","R","E","R","BOSS","M","?","M","$","M","E","?","R","T","?","?","E","R","?","R","BOSS"],"items_purchased_type":["Card","Potion","Card","Relic","Relic"],"build_version":"2020-12-22","purchased_purges":1,"victory":false,"max_hp_per_floor":[80,80,80,80,80,80,80,80,80,80,82,82,82,82,82,82,82,82,82,82,82,82,82,82,82,82,84,84,84,84,84,84,84,84,84,84,84,84,86,86,82,82,82,88,88,88,88,98,98,98,98],"card_choices":[{"not_picked":["Twin Strike","Intimidate"],"picked":"Shrug It Off","floor":1.0},{"not_picked":["Body Slam","Armaments"],"picked":"Shrug It Off","floor":3.0},{"not_picked":["Carnage","Body Slam"],"picked":"Wild Strike","floor":5.0},{"not_picked":["Ghostly Armor","Fire Breathing"],"picked":"Cleave","floor":6.0},{"not_picked":["Shrug It Off","Evolve"],"picked":"Rampage","floor":7.0},{"not_picked":["Dark Embrace","Havoc"],"picked":"Pommel Strike","floor":10.0},{"not_picked":["Rampage","Twin Strike","Rage"],"picked":"Singing Bowl","floor":11.0},{"not_picked":["Dual Wield","Body Slam"],"picked":"Headbutt","floor":12.0},{"not_picked":["Iron Wave","Sentinel"],"picked":"Spot Weakness","floor":14.0},{"not_picked":["Exhume","Juggernaut"],"picked":"Immolate","floor":16.0},{"not_picked":["Pommel Strike","Inflame"],"picked":"Flex+1","floor":18.0},{"not_picked":["Warcry","Ghostly Armor"],"picked":"Flame Barrier","floor":23.0},{"not_picked":["Headbutt","Pommel Strike","Iron Wave+1"],"picked":"Singing Bowl","floor":27.0},{"not_picked":["Heavy Blade","Headbutt"],"picked":"Thunderclap+1","floor":28.0},{"not_picked":["Body Slam","Flex"],"picked":"True Grit+1","floor":31.0},{"not_picked":["Exhume","Berserk+1"],"picked":"Corruption+1","floor":33.0},{"not_picked":["Pommel Strike","Perfected Strike+1"],"picked":"Warcry+1","floor":35.0},{"not_picked":["Panacea","Metamorphosis"],"picked":"Apotheosis","floor":36.0},{"not_picked":["Burning Pact+1","Body Slam"],"picked":"True Grit+1","floor":37.0},{"not_picked":["True Grit","Havoc","Evolve+1"],"picked":"Singing Bowl","floor":39.0},{"not_picked":["Cleave+1","Rage"],"picked":"Rampage+1","floor":40.0},{"not_picked":["Intimidate+1","Twin Strike+1"],"picked":"Flame Barrier+1","floor":45.0},{"not_picked":["Sever Soul","Body Slam+1"],"picked":"Shrug It Off+1","floor":46.0}],"player_experience":224081,"relics_obtained":[{"floor":6.0,"key":"Gremlin Horn"},{"floor":9.0,"key":"Singing Bowl"},{"floor":12.0,"key":"Nunchaku"},{"floor":23.0,"key":"Mummified Hand"},{"floor":23.0,"key":"Darkstone Periapt"},{"floor":26.0,"key":"PreservedInsect"},{"floor":27.0,"key":"HornCleat"},{"floor":27.0,"key":"Champion Belt"},{"floor":28.0,"key":"Red Mask"},{"floor":31.0,"key":"Frozen Egg 2"},{"floor":31.0,"key":"Bronze Scales"},{"floor":40.0,"key":"Potion Belt"},{"floor":40.0,"key":"Dead Branch"},{"floor":43.0,"key":"Magic Flower"},{"floor":46.0,"key":"Bird Faced Urn"},{"floor":46.0,"key":"White Beast Statue"},{"floor":48.0,"key":"Pear"}],"event_choices":[{"damage_healed":0.0,"max_hp_gain":0.0,"max_hp_loss":0.0,"gold_gain":0.0,"event_name":"WeMeetAgain","player_choice":"Paid Gold","floor":2.0,"gold_loss":76.0,"damage_taken":0.0,"relics_obtained":["Peace Pipe"]},{"damage_healed":0.0,"max_hp_gain":0.0,"max_hp_loss":0.0,"gold_gain":0.0,"event_name":"Lab","player_choice":"Got Potions","floor":4.0,"gold_loss":0.0,"damage_taken":0.0},{"damage_healed":0.0,"max_hp_gain":0.0,"max_hp_loss":0.0,"gold_gain":0.0,"event_name":"Back to Basics","player_choice":"Simplicity","floor":19.0,"gold_loss":0.0,"damage_taken":0.0,"cards_upgraded":["Strike_R","Strike_R","Strike_R","Strike_R","Strike_R","Defend_R","Defend_R","Defend_R","Defend_R"]},{"damage_healed":0.0,"max_hp_gain":0.0,"max_hp_loss":0.0,"gold_gain":0.0,"event_name":"Forgotten Altar","player_choice":"Smashed Altar","floor":21.0,"gold_loss":0.0,"damage_taken":0.0,"cards_obtained":["Decay"]},{"damage_healed":0.0,"max_hp_gain":0.0,"max_hp_loss":0.0,"gold_gain":0.0,"event_name":"Masked Bandits","player_choice":"Fought Bandits","floor":28.0,"gold_loss":0.0,"damage_taken":0.0},{"damage_healed":0.0,"max_hp_gain":0.0,"max_hp_loss":0.0,"gold_gain":0.0,"event_name":"The Mausoleum","player_choice":"Opened","floor":29.0,"gold_loss":0.0,"damage_taken":0.0,"relics_obtained":["MawBank"]},{"damage_healed":0.0,"max_hp_gain":0.0,"max_hp_loss":0.0,"gold_gain":0.0,"event_name":"SensoryStone","player_choice":"Memory 1","floor":36.0,"gold_loss":0.0,"damage_taken":0.0},{"damage_healed":0.0,"max_hp_gain":0.0,"max_hp_loss":4.0,"gold_gain":0.0,"event_name":"Winding Halls","player_choice":"Max HP","floor":41.0,"gold_loss":0.0,"damage_taken":0.0},{"damage_healed":0.0,"max_hp_gain":0.0,"max_hp_loss":0.0,"gold_gain":0.0,"event_name":"Accursed Blacksmith","player_choice":"Rummage","floor":44.0,"gold_loss":0.0,"damage_taken":0.0,"relics_obtained":["WarpedTongs"],"cards_obtained":["Pain"]}],"is_beta":false,"boss_relics":[{"not_picked":["Philosopher\u0027s Stone","Sozu"],"picked":"Black Star"},{"not_picked":["Empty Cage","Pandora\u0027s Box"],"picked":"Velvet Choker"}],"items_purged_floors":[38],"is_endless":false,"potions_floor_spawned":[6,7,14,23,28,33,37,39,40],"killed_by":"Awakened One","ascension_level":4}}