{"host":"b9sas8jv6tsy9swm","time":1612319665,"event":{"mods":["AchievementEnabler","BaseMod","Minty Spire (QoL Compilation)","Permanent Neow","Quick Restart","Replay The Spire","StSLib"],"gold_per_floor":[111,130,140,152,77,77,95,95,176,206,226,226,258,158,158,288,288,304,209,224,247,247,280,280,48,48,66,191,216,259,283,283,406,406,421,421,93,118,141,180,180,195,222,262,262,262,278,317,340,384,384,384,384,384,161,205,205,205],"floor_reached":57,"language":"ZHS","playtime":2671,"items_purged":["Strike_R","Strike_R","Defend_R","Strike_R"],"score":1439,"play_id":"25ea0ae9-af77-42b4-b8de-a7c976ce5bcc","local_time":"20210203103425","is_ascension_mode":true,"campfire_choices":[{"floor":6.0,"key":"REST"},{"data":"Apotheosis","floor":8.0,"key":"SMITH"},{"floor":12.0,"key":"REST"},{"floor":24.0,"key":"RECALL"},{"data":"Metamorphosis","floor":41.0,"key":"SMITH"},{"data":"Secret Weapon","floor":51.0,"key":"SMITH"},{"data":"ReplayTheSpireMod:Stacked","floor":54,"key":"SMITH"}],"circlet_count":0,"master_deck":["Strike_R","Defend_R","Defend_R","Bash","Apotheosis+1","Body Slam","Seeing Red","ReplayTheSpireMod:Stacked+1","Double Tap","ReplayReversal","Offering","Body Slam","Finesse","Power Through","Metamorphosis+1","Spot Weakness+1","Good Instincts","Secret Weapon+1","Shrug It Off+1","Dropkick+1","Warcry+1"],"relics":["Burning Blood","Bottled Lightning","Counterbalance","ReplayTheSpireMod:TigerMarble","Golden Idol","Empty Cage","Omamori","Lizard Tail","Membership Card","Tiny Chest","Mango","HornCleat","Bag of Marbles","MutagenicStrength","Coffee Dripper","Ring of Searing","Ornamental Fan","Red Skull","Incense Burner","Champion Belt","Blue Candle","Another Sword","Akabeko","Orrery","Happy Flower"],"acts_visited":["Exordium","TheCity","TheBeyond","TheEnding"],"potions_floor_usage":[],"damage_taken":[{"damage":6.0,"enemies":"Cultist","floor":1.0,"turns":4.0},{"damage":0.0,"enemies":"Small Slimes","floor":2.0,"turns":3.0},{"damage":10.0,"enemies":"2 Louse","floor":3.0,"turns":3.0},{"damage":38.0,"enemies":"Exordium Thugs","floor":4.0,"turns":6.0},{"damage":6.0,"enemies":"Red Slaver","floor":7.0,"turns":3.0},{"damage":21.0,"enemies":"Lagavulin","floor":10.0,"turns":8.0},{"damage":0.0,"enemies":"Large Slime","floor":11.0,"turns":4.0},{"damage":9.0,"enemies":"Gremlin Nob","floor":13.0,"turns":3.0},{"damage":10.0,"enemies":"Slime Boss","floor":16.0,"turns":12.0},{"damage":0.0,"enemies":"Spheric Guardian","floor":18.0,"turns":3.0},{"damage":24.0,"enemies":"2 Thieves","floor":20.0,"turns":3.0},{"damage":6.0,"enemies":"Centurion and Healer","floor":21.0,"turns":3.0},{"damage":6.0,"enemies":"Gremlin Leader","floor":23.0,"turns":2.0},{"damage":6.0,"enemies":"Snake Plant","floor":27.0,"turns":2.0},{"damage":6.0,"enemies":"Colosseum Slavers","floor":28.0,"turns":2.0},{"damage":6.0,"enemies":"Colosseum Nobs","floor":28.0,"turns":2.0},{"damage":12.0,"enemies":"Shelled Parasite and Fungi","floor":29.0,"turns":2.0},{"damage":6.0,"enemies":"Slavers","floor":30.0,"turns":4.0},{"damage":6.0,"enemies":"Centurion and Healer","floor":31.0,"turns":2.0},{"damage":6.0,"enemies":"Champ","floor":33.0,"turns":4.0},{"damage":6.0,"enemies":"Orb Walker","floor":35.0,"turns":1.0},{"damage":16.0,"enemies":"3 Darklings","floor":39.0,"turns":4.0},{"damage":105.0,"enemies":"Reptomancer","floor":40.0,"turns":4.0},{"damage":0.0,"enemies":"Sphere and 2 Shapes","floor":42.0,"turns":4.0},{"damage":6.0,"enemies":"Nemesis","floor":44.0,"turns":1.0},{"damage":6.0,"enemies":"Spire Growth","floor":47.0,"turns":2.0},{"damage":0.0,"enemies":"Reptomancer","floor":48.0,"turns":2.0},{"damage":0.0,"enemies":"3 Darklings","floor":49.0,"turns":3.0},{"damage":6.0,"enemies":"R_Hoarder","floor":50.0,"turns":4.0},{"damage":1,"enemies":"Time Eater","floor":52,"turns":3},{"damage":16,"enemies":"Shield and Spear","floor":56,"turns":3},{"damage":67,"enemies":"The Heart","floor":57,"turns":5}],"seed_played":"-274041802793886886","potions_obtained":[{"floor":10.0,"key":"Fire Potion"},{"floor":11.0,"key":"Dexterity Potion"},{"floor":13.0,"key":"SkillPotion"},{"floor":16.0,"key":"SpeedPotion"},{"floor":18.0,"key":"Dexterity Potion"},{"floor":23.0,"key":"Cursed Concoction"},{"floor":31.0,"key":"Milkshake"},{"floor":33.0,"key":"PowerPotion"},{"floor":42.0,"key":"Dexterity Potion"},{"floor":49.0,"key":"Elixir"}],"is_trial":false,"path_per_floor":["M","M","M","M","$","R","M","R","T","E","M","R","E","$","R","B",null,"M","$","M","M","?","E","R","$","T","M","?","M","E","M","R","B",null,"M","?","$","T","M","E","R","M","T","E","PTL","PTL","M","E","M","E","R","B",null,"R","$","E","B"],"character_chosen":"IRONCLAD","items_purchased":["Finesse","Membership Card","Metamorphosis","Good Instincts","Secret Weapon","Ornamental Fan","Akabeko","Orrery"],"campfire_rested":2,"item_purchase_floors":[19,25,25,37,37,37,55,55],"current_hp_per_floor":[51,57,53,21,21,45,45,45,45,30,36,60,57,57,57,53,69,74,74,56,56,56,56,56,56,56,56,70,64,64,64,64,64,82,82,82,82,82,72,18,18,24,24,24,24,24,24,30,36,36,36,41,76,76,76,66,0,0],"gold":205,"neow_bonus":"RANDOM_COLORLESS_2","is_daily":false,"chose_seed":false,"campfire_upgraded":4,"win_rate":0.0,"timestamp":1612319665,"path_taken":["M","M","M","M","?","R","M","R","T","E","M","R","E","$","R","BOSS","M","$","M","M","?","E","R","?","T","?","?","M","E","M","R","BOSS","M","?","$","?","?","E","R","M","T","E","PTL","PTL","M","E","M","E","R","BOSS","R","$","E","BOSS"],"items_purchased_type":["Card","Relic","Card","Card","Card","Relic","Relic","Relic"],"build_version":"2020-12-22","purchased_purges":4,"victory":false,"max_hp_per_floor":[80,80,80,80,80,80,80,80,80,80,80,80,80,80,74,74,74,74,74,74,74,74,74,74,74,74,74,88,88,88,88,88,88,88,88,88,88,88,88,88,88,88,88,88,88,88,88,88,88,88,88,88,88,88,88,88,88,88],"card_choices":[{"not_picked":["HandOfGreed","Poisoned Strike"],"picked":"Apotheosis","floor":0.0},{"not_picked":["Havoc","Iron Wave","Massacre"],"picked":"SKIP","floor":1.0},{"not_picked":["Flex","Perfected Strike"],"picked":"Body Slam","floor":2.0},{"not_picked":["Metallicize","Twin Strike"],"picked":"Seeing Red","floor":3.0},{"not_picked":["Hemokinesis","Infernal Blade"],"picked":"ReplayTheSpireMod:Stacked","floor":4.0},{"not_picked":["Evolve","Entrench","Whirlwind"],"picked":"SKIP","floor":7.0},{"not_picked":["Replay:Undeath\u0027s Touch","Reckless Charge"],"picked":"Double Tap","floor":10.0},{"not_picked":["Shockwave","Hemokinesis"],"picked":"ReplayReversal","floor":11.0},{"not_picked":["Shrug It Off","Thunderclap","ReplayReversal"],"picked":"SKIP","floor":13.0},{"not_picked":["Corruption","Double Tap"],"picked":"Offering","floor":16.0},{"not_picked":["Uppercut+1","Shockwave"],"picked":"Body Slam","floor":18.0},{"not_picked":["Burning Pact","Rampage+1"],"picked":"Power Through","floor":20.0},{"not_picked":["Clash+1","Uppercut","Rampage"],"picked":"SKIP","floor":21.0},{"not_picked":["Warcry","Limit Break","Searing Blow"],"picked":"SKIP","floor":23.0},{"not_picked":["Ghostly Armor","Clothesline","Evolve"],"picked":"SKIP","floor":27.0},{"not_picked":["Sword Boomerang","Run Through"],"picked":"Spot Weakness+1","floor":29.0},{"not_picked":["Heavy Blade","Replay:Undeath\u0027s Touch","Warcry"],"picked":"SKIP","floor":30.0},{"not_picked":["Clothesline","Body Slam+1","Pommel Strike"],"picked":"SKIP","floor":31.0},{"not_picked":["Sentinel","ReplayTheSpireMod:Corrosion Curse+1","Hemokinesis+1"],"picked":"SKIP","floor":35.0},{"not_picked":["Anger+1","Body Slam","Headbutt"],"picked":"SKIP","floor":39.0},{"not_picked":["ReplayTheSpireMod:LeadingStrike","ReplayTheSpireMod:Limb From Limb","Clothesline"],"picked":"SKIP","floor":40.0},{"not_picked":["Perfected Strike+1","Life Link+1"],"picked":"Shrug It Off+1","floor":42.0},{"not_picked":["Twin Strike","Bludgeon"],"picked":"Dropkick+1","floor":44.0},{"not_picked":["Intimidate","Warcry+1","ReplayReversal+1"],"picked":"SKIP","floor":47.0},{"not_picked":["Blood for Blood","Cleave+1","Replay:Undeath\u0027s Touch+1"],"picked":"SKIP","floor":48.0},{"not_picked":["True Grit","Shrug It Off+1","ReplayTheSpireMod:Corrosion Curse+1"],"picked":"SKIP","floor":49.0},{"not_picked":["Clash+1","Sentinel","ReplayTheSpireMod:Strike From Hell+1"],"picked":"SKIP","floor":50.0},{"not_picked":["Fire Breathing","Flex+1"],"picked":"Warcry+1","floor":55},{"not_picked":["Iron Wave+1","Abandon","Headbutt"],"picked":"SKIP","floor":56}],"player_experience":433119,"relics_obtained":[{"floor":9.0,"key":"Bottled Lightning"},{"floor":10.0,"key":"Counterbalance"},{"floor":13.0,"key":"ReplayTheSpireMod:TigerMarble"},{"floor":23.0,"key":"Lizard Tail"},{"floor":26.0,"key":"Tiny Chest"},{"floor":28.0,"key":"Mango"},{"floor":28.0,"key":"HornCleat"},{"floor":30.0,"key":"Bag of Marbles"},{"floor":36.0,"key":"Ring of Searing"},{"floor":38.0,"key":"Red Skull"},{"floor":40.0,"key":"Incense Burner"},{"floor":44.0,"key":"Champion Belt"},{"floor":48.0,"key":"Blue Candle"},{"floor":50.0,"key":"Another Sword"},{"floor":56,"key":"Happy Flower"}],"event_choices":[{"damage_healed":0.0,"max_hp_gain":0.0,"max_hp_loss":6.0,"gold_gain":0.0,"event_name":"Golden Idol","player_choice":"Lose Max HP","floor":15.0,"gold_loss":0.0,"damage_taken":0.0,"relics_obtained":["Golden Idol"]},{"damage_healed":0.0,"max_hp_gain":0.0,"max_hp_loss":0.0,"gold_gain":0.0,"event_name":"WeMeetAgain","player_choice":"Gave Potion","floor":22.0,"gold_loss":0.0,"damage_taken":0.0,"relics_obtained":["Omamori"]},{"damage_healed":0.0,"max_hp_gain":0.0,"max_hp_loss":0.0,"gold_gain":0.0,"event_name":"Colosseum","player_choice":"Fight","floor":28.0,"gold_loss":0.0,"damage_taken":0.0},{"damage_healed":0.0,"max_hp_gain":0.0,"max_hp_loss":0.0,"gold_gain":0.0,"event_name":"Colosseum","player_choice":"Fought Nobs","floor":28.0,"gold_loss":0.0,"damage_taken":0.0},{"damage_healed":0.0,"max_hp_gain":0.0,"max_hp_loss":0.0,"gold_gain":0.0,"event_name":"Drug Dealer","player_choice":"Inject Mutagens","floor":32.0,"gold_loss":0.0,"damage_taken":0.0,"relics_obtained":["MutagenicStrength"]}],"is_beta":false,"boss_relics":[{"not_picked":["Black Star","Velvet Choker"],"picked":"Empty Cage"},{"not_picked":["Cursed Key","Replay:Drink Me"],"picked":"Coffee Dripper"}],"items_purged_floors":[5,14,37,55],"is_endless":false,"potions_floor_spawned":[10,11,13,16,18,21,23,28,31,33,39,42,47,49],"killed_by":"The Heart","ascension_level":6}}