{"host":"r53pw7z744tg3fxg","time":1612363116,"event":{"mods":["AchievementEnabler","BaseMod","Colored Map","Colored Powertips","Highlight Path","Minty Spire (QoL Compilation)","Quick Restart","Transform Curses"],"gold_per_floor":[119,119,130,130,87,118,118,193,218,230,263,263,33,50,50,126,126,139,139,159,159,170,170,170,170,170,170,180,180,180],"floor_reached":29,"language":"ENG","playtime":944,"items_purged":[],"score":439,"play_id":"72436df3-b76a-4e9b-924f-6d400a18ba02","local_time":"20210203073836","is_ascension_mode":true,"campfire_choices":[{"floor":7.0,"key":"REST"},{"floor":12.0,"key":"REST"},{"data":"Eruption","floor":15.0,"key":"SMITH"},{"floor":23.0,"key":"REST"},{"data":"BattleHymn","floor":25.0,"key":"SMITH"},{"data":"Establishment","floor":27.0,"key":"SMITH"}],"circlet_count":0,"master_deck":["AscendersBane","Strike_P+1","Strike_P+1","Strike_P+1","Strike_P+1","Defend_P+1","Defend_P+1","Defend_P+1","Defend_P+1","Eruption+1","Vigilance","BattleHymn+1","BowlingBash","Conclude","Evaluate","InnerPeace","LikeWater","Establishment+1","FlyingSleeves","WheelKick"],"relics":["PureWater","MealTicket","Gremlin Horn","Potion Belt","Strawberry","Ornamental Fan","Vajra","VioletLotus","GoldenEye"],"acts_visited":["Exordium","TheCity"],"potions_floor_usage":[28],"damage_taken":[{"damage":4.0,"enemies":"Cultist","floor":1.0,"turns":3.0},{"damage":8.0,"enemies":"Small Slimes","floor":3.0,"turns":3.0},{"damage":15.0,"enemies":"3 Sentries","floor":6.0,"turns":5.0},{"damage":2.0,"enemies":"Jaw Worm","floor":10.0,"turns":3.0},{"damage":22.0,"enemies":"Gremlin Nob","floor":11.0,"turns":3.0},{"damage":2.0,"enemies":"Blue Slaver","floor":14.0,"turns":4.0},{"damage":28.0,"enemies":"Slime Boss","floor":16.0,"turns":5.0},{"damage":14.0,"enemies":"Spheric Guardian","floor":18.0,"turns":5.0},{"damage":15.0,"enemies":"2 Thieves","floor":20.0,"turns":4.0},{"damage":15.0,"enemies":"Shelled Parasite and Fungi","floor":22.0,"turns":7.0},{"damage":9,"enemies":"Cultist and Chosen","floor":28,"turns":6},{"damage":59,"enemies":"Slavers","floor":29,"turns":3}],"seed_played":"-6004602714931310820","potions_obtained":[{"floor":3.0,"key":"Fire Potion"},{"floor":14.0,"key":"Explosive Potion"},{"floor":16.0,"key":"EntropicBrew"},{"floor":20.0,"key":"ColorlessPotion"}],"is_trial":false,"path_per_floor":["M","?","M","?","$","E","R","?","T","M","E","R","$","M","R","B",null,"M","?","M","?","M","R","?","R","T","R","M","E"],"character_chosen":"WATCHER","items_purchased":["Conclude","Vajra","BottledMiracle"],"campfire_rested":3,"item_purchase_floors":[5,13,13],"current_hp_per_floor":[57,57,49,31,46,31,51,40,47,45,23,45,60,58,58,30,64,50,50,35,50,35,57,57,57,57,57,48,0,0],"gold":180,"neow_bonus":"RANDOM_COMMON_RELIC","is_daily":false,"chose_seed":false,"campfire_upgraded":3,"win_rate":0.0,"timestamp":1612363116,"path_taken":["M","?","M","?","$","E","R","?","T","?","E","R","$","M","R","BOSS","M","?","M","?","M","R","?","R","T","R","M","E"],"items_purchased_type":["Card","Relic","Potion"],"build_version":"2020-12-22","purchased_purges":0,"victory":false,"max_hp_per_floor":[68,68,68,68,68,68,68,68,75,75,75,75,75,75,75,75,75,75,75,75,75,75,75,75,75,75,75,75,75,75],"card_choices":[{"not_picked":["JustLucky","Fasting2"],"picked":"BattleHymn","floor":1.0},{"not_picked":["WreathOfFlame","CarveReality"],"picked":"BowlingBash","floor":3.0},{"not_picked":["Fasting2","Vengeance"],"picked":"Evaluate","floor":6.0},{"not_picked":["Consecrate","SandsOfTime"],"picked":"InnerPeace","floor":10.0},{"not_picked":["WaveOfTheHand","EmptyFist","JustLucky"],"picked":"SKIP","floor":11.0},{"not_picked":["Wireheading","JustLucky"],"picked":"LikeWater","floor":14.0},{"not_picked":["Devotion","Wish"],"picked":"Establishment","floor":16.0},{"not_picked":["EmptyFist","BowlingBash","Indignation"],"picked":"SKIP","floor":18.0},{"not_picked":["BowlingBash","SashWhip"],"picked":"FlyingSleeves","floor":20.0},{"not_picked":["FlyingSleeves","Halt"],"picked":"WheelKick","floor":22.0},{"not_picked":["Omniscience","SignatureMove","Worship"],"picked":"SKIP","floor":28}],"player_experience":1430255,"relics_obtained":[{"floor":6.0,"key":"Potion Belt"},{"floor":9.0,"key":"Strawberry"},{"floor":11.0,"key":"Ornamental Fan"},{"floor":26.0,"key":"GoldenEye"}],"event_choices":[{"damage_healed":0.0,"max_hp_gain":0.0,"max_hp_loss":0.0,"gold_gain":0.0,"event_name":"Golden Wing","player_choice":"Ignored","floor":2.0,"gold_loss":0.0,"damage_taken":0.0},{"damage_healed":0.0,"max_hp_gain":0.0,"max_hp_loss":0.0,"gold_gain":0.0,"event_name":"Scrap Ooze","player_choice":"Success","floor":4.0,"gold_loss":0.0,"damage_taken":18.0,"relics_obtained":["Gremlin Horn"]},{"damage_healed":0.0,"max_hp_gain":0.0,"max_hp_loss":0.0,"gold_gain":75.0,"event_name":"World of Goop","player_choice":"Gather Gold","floor":8.0,"gold_loss":0.0,"damage_taken":11.0},{"damage_healed":0.0,"max_hp_gain":0.0,"max_hp_loss":0.0,"gold_gain":0.0,"event_name":"Ghosts","player_choice":"Ignored","floor":19.0,"gold_loss":0.0,"damage_taken":0.0},{"damage_healed":15.0,"max_hp_gain":0.0,"max_hp_loss":0.0,"gold_gain":0.0,"event_name":"The Library","player_choice":"Heal","floor":21.0,"gold_loss":0.0,"damage_taken":0.0},{"damage_healed":0.0,"max_hp_gain":0.0,"max_hp_loss":0.0,"gold_gain":0.0,"event_name":"Back to Basics","player_choice":"Simplicity","floor":24.0,"gold_loss":0.0,"damage_taken":0.0,"cards_upgraded":["Strike_P","Strike_P","Strike_P","Strike_P","Defend_P","Defend_P","Defend_P","Defend_P"]}],"is_beta":false,"boss_relics":[{"not_picked":["Ectoplasm","Black Star"],"picked":"VioletLotus"}],"items_purged_floors":[],"is_endless":false,"potions_floor_spawned":[3,14,16,20],"killed_by":"Slavers","ascension_level":18}}