{"host":"svad1nuufomhazap","time":1612324908,"event":{"mods":["Act Like it!","Aspiration","BaseMod","BetterRewards","Conspire","Custom Start","Downfall","GifTheSpireLib","Minty Spire (QoL Compilation)","Pale of the Ancients","Permanent Neow","Shop Mod","StSLib","The Blackbeard","Unceasing Turn Reminder"],"gold_per_floor":[99,109,43,43,56,74,120,146,158,177,211,211,222,222,222,222,222,222],"floor_reached":16,"language":"ENG","playtime":1021,"items_purged":[],"score":171,"play_id":"01837784-0fd1-4f45-a789-01bc1eeb1988","local_time":"20210202220148","is_ascension_mode":true,"campfire_choices":[{"data":"sneckomod:SnekBite","floor":1,"key":"SMITH"}],"circlet_count":0,"master_deck":["sneckomod:Strike","sneckomod:Strike","sneckomod:Defend","sneckomod:Defend","sneckomod:Defend","sneckomod:TailWhip","sneckomod:SnekBite+1","sneckomod:Unknown","sneckomod:Unknown","sneckomod:UnknownVulnerable","sneckomod:UnknownBoss","sneckomod:RainOfDice","Doubt","sneckomod:UnknownWeak","Guardian:Gem_Red","sneckomod:UnknownExhaust","sneckomod:RainOfDice","Spot Weakness","sneckomod:UnknownUncommonSkill","sneckomod:RainOfDice+1","Injury","sneckomod:RainOfDice+1"],"relics":["sneckomod:SneckoSoul","conspire:Boomerang","Tiny Chest","aspiration:SeaSaltIceCream","aspiration:IroncladSkillbook","Ancient Tea Set","Molten Egg 2"],"acts_visited":["Exordium"],"potions_floor_usage":[11,11,15],"damage_taken":[{"damage":0,"enemies":"Jaw Worm","floor":2,"turns":4},{"damage":0,"enemies":"downfall:FleeingMerchant","floor":3,"turns":4},{"damage":15,"enemies":"Cultist","floor":5,"turns":4},{"damage":0,"enemies":"Small Slimes","floor":6,"turns":4},{"damage":38,"enemies":"Lagavulin","floor":8,"turns":8},{"damage":0,"enemies":"2 Fungi Beasts","floor":9,"turns":2},{"damage":8,"enemies":"Lots of Slimes","floor":10,"turns":2},{"damage":2,"enemies":"Gremlin Nob","floor":11,"turns":2},{"damage":9,"enemies":"Blue Slaver","floor":13,"turns":3},{"damage":0,"enemies":"3 Louse","floor":15,"turns":1},{"damage":17,"enemies":"DF_ARCHETYPE_STREAMLINE","floor":16,"turns":3}],"seed_played":"8969992709221762676","potions_obtained":[{"floor":2,"key":"Dexterity Potion"},{"floor":9,"key":"SteroidPotion"},{"floor":10,"key":"sneckomod:MuddlingPotion"},{"floor":11,"key":"SmokeBomb"},{"floor":13,"key":"DuplicationPotion"}],"is_trial":false,"path_per_floor":["R","M","$","?","M","M","T","E","M","M","E","?","M","?","M","B"],"character_chosen":"THE_SNECKO","items_purchased":["sneckomod:RainOfDice"],"campfire_rested":0,"item_purchase_floors":[3],"current_hp_per_floor":[63,63,63,63,48,48,48,10,14,10,12,12,7,7,11,0,0,0],"gold":222,"neow_bonus":"ONE_RARE_RELIC","is_daily":false,"chose_seed":false,"campfire_upgraded":1,"win_rate":0.0,"timestamp":1612324908,"path_taken":["R","M","$","?","M","M","T","E","M","?","E","?","M","?","M","BOSS"],"items_purchased_type":["Card"],"build_version":"2020-12-22","purchased_purges":0,"victory":false,"max_hp_per_floor":[90,90,90,90,90,90,90,90,90,90,90,90,90,90,90,90,90,90],"card_choices":[{"not_picked":["sneckomod:UnknownBlock","sneckomod:Unknown2Cost"],"picked":"sneckomod:UnknownVulnerable","floor":2},{"not_picked":["sneckomod:UnknownBlock","sneckomod:Restock"],"picked":"sneckomod:UnknownBoss","floor":3},{"not_picked":["sneckomod:WideSting","sneckomod:UnknownExhaust"],"picked":"sneckomod:UnknownWeak","floor":5},{"not_picked":["Guardian:Gem_Lightblue","Guardian:Gem_Cyan"],"picked":"Guardian:Gem_Red","floor":6},{"not_picked":["sneckomod:Unknown1Cost","sneckomod:QuickMove"],"picked":"sneckomod:UnknownExhaust","floor":6},{"not_picked":["sneckomod:SoulDraw","sneckomod:UnknownUncommonPower"],"picked":"sneckomod:RainOfDice","floor":8},{"not_picked":["Burning Pact","Flex","Seeing Red"],"picked":"Spot Weakness","floor":9},{"not_picked":["sneckomod:Unknown2Cost","sneckomod:SoulRoll","sneckomod:QuickMove"],"picked":"sneckomod:UnknownUncommonSkill","floor":10},{"not_picked":["Clash","sneckomod:UnknownUncommonSkill","sneckomod:Nope"],"picked":"sneckomod:RainOfDice","floor":11},{"not_picked":["Havoc","sneckomod:PureSnecko","Shrug It Off"],"picked":"sneckomod:RainOfDice+1","floor":13}],"player_experience":312315,"relics_obtained":[{"floor":7,"key":"Tiny Chest"},{"floor":8,"key":"aspiration:SeaSaltIceCream"},{"floor":11,"key":"Ancient Tea Set"}],"event_choices":[{"cards_removed":["sneckomod:Strike"],"damage_healed":0,"gold_gain":0,"player_choice":"Took Card","damage_taken":0,"max_hp_gain":0,"max_hp_loss":0,"event_name":"NoteForYourself","floor":4,"gold_loss":0,"cards_obtained":["Doubt"]},{"damage_healed":0,"gold_gain":0,"player_choice":"Grow","damage_taken":0,"max_hp_gain":0,"max_hp_loss":0,"event_name":"Living Wall","floor":14,"gold_loss":0,"cards_upgraded":["sneckomod:RainOfDice"]}],"is_beta":false,"boss_relics":[],"items_purged_floors":[],"is_endless":false,"potions_floor_spawned":[2,9,10,11,13],"killed_by":"DF_ARCHETYPE_STREAMLINE","ascension_level":1}}