{"host":"hcgx0xuxlgmwc1io","time":1612313246,"event":{"mods":["AchievementEnabler","BaseMod","Downfall","Hermit","Jorbs\u0027s Wanderer Trilogy","Minty Spire (QoL Compilation)","Replay The Spire","StSLib","The Hierophant","The Servant 0.9.4"],"gold_per_floor":[118,128,128,128,169,169,169],"floor_reached":6,"language":"ENG","playtime":409,"items_purged":[],"score":36,"play_id":"28d25bf1-77e3-4a14-9898-9cf3f5cc80ad","local_time":"20210202214726","is_ascension_mode":false,"campfire_choices":[],"circlet_count":0,"master_deck":["hierophant:Strike_Hierophant","hierophant:Strike_Hierophant","hierophant:Strike_Hierophant","hierophant:Strike_Hierophant","hierophant:Punish","hierophant:Defend_Hierophant","hierophant:Defend_Hierophant","hierophant:Defend_Hierophant","hierophant:Defend_Hierophant","hierophant:ChurchCoffers","hierophant:HolyVerse","hierophant:RustyCrate","hierophant:Doubloon","hierophant:Doubloon","CommonCold","hierophant:MorningPrayer"],"relics":["hierophant:PropheticMaskRelic","Ring of Searing"],"acts_visited":["Exordium"],"potions_floor_usage":[6,6],"damage_taken":[{"damage":17,"enemies":"Jaw Worm","floor":1,"turns":5},{"damage":0,"enemies":"2 Louse","floor":2,"turns":2},{"damage":5,"enemies":"Small Slimes","floor":5,"turns":4},{"damage":76,"enemies":"Lagavulin","floor":6,"turns":11}],"seed_played":"2025144559182326482","potions_obtained":[{"floor":2,"key":"SkillPotion"},{"floor":5,"key":"Adrenaline Potion"}],"is_trial":false,"path_per_floor":["M","M","?","?","M","E"],"character_chosen":"HIEROPHANT","items_purchased":[],"campfire_rested":0,"item_purchase_floors":[],"current_hp_per_floor":[65,65,65,65,60,0,0],"gold":169,"neow_bonus":"TEN_PERCENT_HP_BONUS","is_daily":false,"chose_seed":false,"campfire_upgraded":0,"win_rate":0.0,"timestamp":1612313246,"path_taken":["M","M","?","?","M","E"],"items_purchased_type":[],"build_version":"2020-12-22","purchased_purges":0,"victory":false,"max_hp_per_floor":[82,82,82,82,82,82,82],"card_choices":[{"not_picked":["hierophant:DisplayOfPower","hierophant:Smite"],"picked":"hierophant:HolyVerse","floor":1},{"not_picked":["hierophant:MorningPrayer","hierophant:Sermon"],"picked":"hierophant:RustyCrate","floor":2},{"not_picked":["hierophant:Prophecy","hierophant:Racketeering"],"picked":"hierophant:MorningPrayer","floor":5}],"player_experience":71924,"relics_obtained":[{"floor":4,"key":"Ring of Searing"}],"event_choices":[{"damage_healed":0,"gold_gain":0,"player_choice":"Ignored","damage_taken":0,"max_hp_gain":0,"max_hp_loss":0,"event_name":"Golden Wing","floor":3,"gold_loss":0}],"is_beta":false,"boss_relics":[],"items_purged_floors":[],"is_endless":false,"potions_floor_spawned":[2,5],"killed_by":"Lagavulin","ascension_level":0}}