{"host":"l84l8xigz5v5foa2","time":1612317366,"event":{"mods":["2.2 Compatiblity","AchievementEnabler","BaseMod","Better Note","Better Vampires","BetterRewards","Card Filter","Colored Map","DeckTracker","Downfall","Gremlin Skip","Highlight Path","Keyboard Shortcuts","Minty Spire (QoL Compilation)","Permanent Neow","Quick Restart","Relic Filter","Relic Stats","StSLib","SuperFastMode","Transform Curses","Unknown Chances"],"gold_per_floor":[109,109,124,142,161,161,171,171,171,171,171,198,198,198,198,272,272,286,286,286,262,282,282,282,282,282],"floor_reached":24,"language":"ENG","playtime":706,"items_purged":[],"score":392,"play_id":"f0eef951-ba45-40e7-b083-9b607f86cdbe","local_time":"20210203105606","is_ascension_mode":true,"campfire_choices":[{"data":"hexamod:Float","floor":6,"key":"SMITH"},{"data":"hexamod:GiftsFromTheDead","floor":8,"key":"SMITH"},{"data":"hexamod:ThermalTransfer","floor":11,"key":"SMITH"},{"data":"hexamod:GhostOfSpireFuture","floor":15,"key":"SMITH"},{"data":"hexamod:Rewind","floor":23,"key":"SMITH"}],"circlet_count":0,"master_deck":["AscendersBane","hexamod:Strike","hexamod:Strike","hexamod:Defend","hexamod:Defend","hexamod:Defend","hexamod:Defend","hexamod:Sear","hexamod:Float+1","hexamod:NightmareGuise","hexamod:ThermalTransfer+1","hexamod:PhantomFireball","hexamod:ThirdSeal","hexamod:SpectersWail","hexamod:InspiringFlames","hexamod:GiftsFromTheDead+1","hexamod:DynamicBlow","hexamod:GhostOfSpireFuture+1","hexamod:FourthSeal","hexamod:FirstSeal","hexamod:VolcanoVisage","hexamod:ApocalypticArmor+1","hexamod:Hexaguard","hexamod:SuperheatedStrike","hexamod:RainOfEmbers+1","hexamod:Haunt","hexamod:Rewind+1","hexamod:Incineration"],"relics":["hexamod:SpiritBrand","Bag of Preparation","hexamod:CandleOfCauterizing","Shuriken","Lizard Tail","Philosopher\u0027s Stone"],"acts_visited":["Exordium","TheCity"],"potions_floor_usage":[12,18,22],"damage_taken":[{"damage":6,"enemies":"2 Louse","floor":1,"turns":3},{"damage":0,"enemies":"Cultist","floor":3,"turns":3},{"damage":0,"enemies":"Jaw Worm","floor":4,"turns":4},{"damage":6,"enemies":"2 Fungi Beasts","floor":5,"turns":5},{"damage":1,"enemies":"Exordium Thugs","floor":7,"turns":4},{"damage":5,"enemies":"3 Sentries","floor":12,"turns":6},{"damage":42,"enemies":"Slime Boss","floor":16,"turns":10},{"damage":40,"enemies":"Chosen","floor":18,"turns":6},{"damage":13,"enemies":"2 Thieves","floor":21,"turns":4},{"damage":2,"enemies":"Centurion and Healer","floor":22,"turns":3},{"damage":45,"enemies":"Book of Stabbing","floor":24,"turns":4}],"seed_played":"-7346781263552256450","potions_obtained":[{"floor":4,"key":"LiquidBronze"},{"floor":7,"key":"Ancient Potion"},{"floor":16,"key":"Regen Potion"},{"floor":18,"key":"FearPotion"},{"floor":21,"key":"AttackPotion"}],"is_trial":false,"path_per_floor":["M","?","M","M","M","R","M","R","T","T","R","E","?","?","R","B",null,"M","?","?","M","M","R","E"],"character_chosen":"THE_SPIRIT","items_purchased":[],"campfire_rested":0,"item_purchase_floors":[],"current_hp_per_floor":[51,51,51,51,45,45,44,44,44,44,44,39,28,21,21,30,55,34,34,34,28,33,33,0,0,0],"gold":282,"neow_bonus":"TRANSFORM_CARD","is_daily":false,"chose_seed":false,"campfire_upgraded":5,"win_rate":0.0,"timestamp":1612317366,"path_taken":["M","?","?","M","M","R","M","R","T","?","R","E","?","?","R","BOSS","M","?","?","M","?","R","E"],"items_purchased_type":[],"build_version":"2020-12-22","purchased_purges":0,"victory":false,"max_hp_per_floor":[63,63,63,63,63,63,63,63,63,63,63,63,63,63,63,63,63,63,63,63,63,63,63,63,63,63],"relic_stats":{"Lizard Tail":31,"counters":[11,52],"Shuriken":[4],"Bag of Preparation":[12],"obtain_stats":[{"hexamod:CandleOfCauterizing":10,"Lizard Tail":13,"Shuriken":12,"Philosopher\u0027s Stone":17,"Bag of Preparation":9,"hexamod:SpiritBrand":0},{"hexamod:CandleOfCauterizing":5,"Lizard Tail":6,"Shuriken":6,"Philosopher\u0027s Stone":7,"Bag of Preparation":5,"hexamod:SpiritBrand":0},{"hexamod:CandleOfCauterizing":19,"Lizard Tail":25,"Shuriken":25,"Philosopher\u0027s Stone":35,"Bag of Preparation":19,"hexamod:SpiritBrand":0}]},"card_choices":[{"not_picked":["hexamod:BurningTouch","hexamod:HeatCrush"],"picked":"hexamod:ThermalTransfer","floor":1},{"not_picked":["hexamod:AdvancingGuard","hexamod:ExtraCrispy"],"picked":"hexamod:PhantomFireball","floor":3},{"not_picked":["hexamod:AdvancingGuard","hexamod:NightmareGuise"],"picked":"hexamod:ThirdSeal","floor":4},{"not_picked":["hexamod:NightmareGuise","hexamod:Again"],"picked":"hexamod:SpectersWail","floor":5},{"not_picked":["hexamod:GhostShield","hexamod:NightmareStrike"],"picked":"hexamod:InspiringFlames","floor":5},{"not_picked":["hexamod:FlamesFromBeyond","hexamod:SecondSeal"],"picked":"hexamod:GiftsFromTheDead","floor":7},{"not_picked":["hexamod:HeatCrush","hexamod:ShieldOfDarkness","hexamod:PhantomCloak"],"picked":"SKIP","floor":7},{"not_picked":["hexamod:FastForward","hexamod:SecondSeal"],"picked":"hexamod:DynamicBlow","floor":12},{"not_picked":["hexamod:GhostflameBarrier","hexamod:SpectralSpark"],"picked":"hexamod:GhostOfSpireFuture","floor":12},{"not_picked":["hexamod:SearingWound","hexamod:ApocalypticArmor"],"picked":"hexamod:VolcanoVisage","floor":16},{"not_picked":["hexamod:FlameSwitch","hexamod:GiftsFromTheDead"],"picked":"hexamod:ApocalypticArmor","floor":16},{"not_picked":["hexamod:InspiringFlames","hexamod:PhantomFireball"],"picked":"hexamod:Hexaguard","floor":18},{"not_picked":["hexamod:NightmareStrike","hexamod:FlamesFromBeyond"],"picked":"hexamod:SuperheatedStrike","floor":18},{"not_picked":["hexamod:GhostLash+1","hexamod:FirstSeal"],"picked":"hexamod:RainOfEmbers+1","floor":21},{"not_picked":["hexamod:BurningTouch","hexamod:NightmareStrike"],"picked":"hexamod:Haunt","floor":21},{"not_picked":["hexamod:RadiantFlame","hexamod:GhostLash"],"picked":"hexamod:Rewind","floor":22},{"not_picked":["hexamod:Rewind","hexamod:ShieldOfDarkness"],"picked":"hexamod:Incineration","floor":22}],"player_experience":3525505,"relics_obtained":[{"floor":9,"key":"Bag of Preparation"},{"floor":10,"key":"hexamod:CandleOfCauterizing"},{"floor":12,"key":"Shuriken"}],"event_choices":[{"cards_removed":["hexamod:Strike"],"damage_healed":0,"gold_gain":0,"player_choice":"Purged","damage_taken":0,"max_hp_gain":0,"max_hp_loss":0,"event_name":"Purifier","floor":2,"gold_loss":0},{"damage_healed":0,"gold_gain":0,"player_choice":"Success","damage_taken":11,"relics_obtained":["Lizard Tail"],"max_hp_gain":0,"max_hp_loss":0,"event_name":"Scrap Ooze","floor":13,"gold_loss":0},{"damage_healed":0,"gold_gain":0,"player_choice":"Upgraded","damage_taken":0,"max_hp_gain":0,"max_hp_loss":0,"event_name":"Upgrade Shrine","floor":20,"gold_loss":0,"cards_upgraded":["hexamod:ApocalypticArmor"]}],"is_beta":false,"boss_relics":[{"not_picked":["Calling Bell","Coffee Dripper"],"picked":"Philosopher\u0027s Stone"}],"items_purged_floors":[],"is_endless":false,"potions_floor_spawned":[4,7],"killed_by":"Book of Stabbing","ascension_level":20}}