{"host":"d85gwtocd8go8gx0","time":1612331728,"event":{"mods":["AchievementEnabler","BaseMod","Better Altar","Better Skull","Better Third Choice","Block Reminder","Colored Powertips","Curses Come First","Dark Map","Filter the Spire","Highlight Path","Minty Spire (QoL Compilation)","Permanent Neow","Quick Restart","Shop Mod","StSLib","SuperFastMode","UnlockEverythingMod"],"gold_per_floor":[116,129,149,164,177,177,209,209,209,235,247,262,262,287,287,363,363,373,391,391,407,273,273,287,287,287],"floor_reached":25,"language":"ENG","playtime":1841,"items_purged":["Strike_P"],"score":604,"play_id":"bc857102-c586-407a-ae90-8970b1ad8ef2","local_time":"20210202215528","is_ascension_mode":true,"campfire_choices":[{"floor":6.0,"key":"REST"},{"data":"Devotion","floor":8.0,"key":"SMITH"},{"data":"Eruption","floor":15.0,"key":"SMITH"},{"floor":23.0,"key":"REST"}],"circlet_count":0,"master_deck":["AscendersBane","Strike_P","Strike_P","Defend_P","Defend_P","Defend_P","Defend_P","Eruption+1","Vigilance","Wallop","WheelKick","Wallop","SashWhip","Brilliance","Devotion+1","Protect","SandsOfTime+1","Conclude+1","Wallop+1","Devotion","Fasting2","Protect","CrushJoints+1","CutThroughFate+1"],"relics":["PureWater","Ginger","Molten Egg 2","Pear","Matryoshka","Fusion Hammer"],"acts_visited":["Exordium","TheCity"],"potions_floor_usage":[25,25],"damage_taken":[{"damage":4.0,"enemies":"Small Slimes","floor":1.0,"turns":3.0},{"damage":0.0,"enemies":"Cultist","floor":2.0,"turns":2.0},{"damage":6.0,"enemies":"2 Louse","floor":3.0,"turns":3.0},{"damage":5.0,"enemies":"Large Slime","floor":4.0,"turns":6.0},{"damage":17.0,"enemies":"Exordium Thugs","floor":5.0,"turns":4.0},{"damage":0.0,"enemies":"Gremlin Nob","floor":7.0,"turns":3.0},{"damage":17.0,"enemies":"Lagavulin","floor":10.0,"turns":5.0},{"damage":0.0,"enemies":"2 Fungi Beasts","floor":11.0,"turns":2.0},{"damage":12.0,"enemies":"Gremlin Gang","floor":12.0,"turns":5.0},{"damage":5.0,"enemies":"3 Sentries","floor":14.0,"turns":3.0},{"damage":0.0,"enemies":"Slime Boss","floor":16.0,"turns":5.0},{"damage":18.0,"enemies":"Spheric Guardian","floor":18.0,"turns":5.0},{"damage":15.0,"enemies":"3 Byrds","floor":19.0,"turns":4.0},{"damage":27.0,"enemies":"3 Cultists","floor":21.0,"turns":5.0},{"damage":23.0,"enemies":"Snake Plant","floor":24.0,"turns":4.0},{"damage":33,"enemies":"Slavers","floor":25,"turns":4}],"seed_played":"-479547805918318700","potions_obtained":[{"floor":1.0,"key":"Strength Potion"},{"floor":7.0,"key":"Strength Potion"},{"floor":19.0,"key":"SpeedPotion"},{"floor":21.0,"key":"Weak Potion"}],"is_trial":false,"path_per_floor":["M","M","M","M","M","R","E","R","T","E","M","M","?","E","R","B",null,"M","M","?","M","$","R","M","E"],"character_chosen":"WATCHER","items_purchased":["CrushJoints+1"],"campfire_rested":2,"item_purchase_floors":[22],"current_hp_per_floor":[57,57,51,46,29,49,49,49,49,42,42,30,78,73,73,73,77,59,44,44,17,17,40,17,0,0],"gold":287,"neow_bonus":"THREE_CARDS","is_daily":false,"chose_seed":false,"campfire_upgraded":2,"win_rate":0.0,"timestamp":1612331728,"path_taken":["M","M","M","M","M","R","E","R","T","E","M","M","?","E","R","BOSS","M","M","?","?","$","R","?","E"],"items_purchased_type":["Card"],"build_version":"2020-12-22","purchased_purges":1,"victory":false,"max_hp_per_floor":[68,68,68,68,68,68,68,68,68,78,78,78,78,78,78,78,78,78,78,78,78,78,78,78,78,78],"card_choices":[{"not_picked":["CrushJoints","Indignation"],"picked":"Wallop","floor":0.0},{"not_picked":["Prostrate","EmptyBody"],"picked":"WheelKick","floor":1.0},{"not_picked":["BowlingBash","PathToVictory"],"picked":"Wallop","floor":2.0},{"not_picked":["EmptyFist","Halt"],"picked":"SashWhip","floor":3.0},{"not_picked":["FlyingSleeves","Vengeance"],"picked":"DeceiveReality","floor":4.0},{"not_picked":["FollowUp","Evaluate"],"picked":"Brilliance","floor":5.0},{"not_picked":["Tantrum","Wallop"],"picked":"Devotion","floor":7.0},{"not_picked":["SignatureMove+1","SashWhip+1"],"picked":"Protect","floor":10.0},{"not_picked":["FlyingSleeves+1","EmptyMind"],"picked":"SandsOfTime+1","floor":11.0},{"not_picked":["Prostrate","Perseverance"],"picked":"Conclude+1","floor":12.0},{"not_picked":["Collect","Adaptation"],"picked":"Wallop+1","floor":14.0},{"not_picked":["SpiritShield","LessonLearned+1"],"picked":"Devotion","floor":16.0},{"not_picked":["JustLucky+1","EmptyBody"],"picked":"Fasting2","floor":18.0},{"not_picked":["Evaluate","Halt"],"picked":"Protect","floor":19.0},{"not_picked":["ThirdEye","Halt","Weave+1"],"picked":"SKIP","floor":21.0},{"not_picked":["FlyingSleeves+1","SandsOfTime+1"],"picked":"CutThroughFate+1","floor":24.0}],"player_experience":29196,"relics_obtained":[{"floor":7.0,"key":"Ginger"},{"floor":9.0,"key":"Molten Egg 2"},{"floor":10.0,"key":"Pear"},{"floor":14.0,"key":"Matryoshka"}],"event_choices":[{"cards_removed":["DeceiveReality"],"damage_healed":48.0,"max_hp_gain":0.0,"max_hp_loss":0.0,"gold_gain":0.0,"event_name":"Bonfire Elementals","player_choice":"Offered Uncommon","floor":13.0,"gold_loss":0.0,"damage_taken":0.0},{"cards_removed":["Strike_P"],"damage_healed":0.0,"max_hp_gain":0.0,"max_hp_loss":0.0,"gold_gain":0.0,"event_name":"Purifier","player_choice":"Purged","floor":20.0,"gold_loss":0.0,"damage_taken":0.0}],"is_beta":false,"boss_relics":[{"not_picked":["Pandora\u0027s Box","Philosopher\u0027s Stone"],"picked":"Fusion Hammer"}],"items_purged_floors":[22],"is_endless":false,"potions_floor_spawned":[1,7,11,12,19,21],"killed_by":"Slavers","ascension_level":20}}