{"host":"gbbz8f5svnnpwo8d","time":1612352249,"event":{"mods":["AchievementEnabler","AlwaysNeverKeys","BaseMod","Bestiary","Better Altar","Better Match","Better Note","Better Sensory Stone","Better Silent Start","Better Skull","Better Third Choice","Better Vampires","Better-Laid Plans","BetterRewards","Block Reminder","Colored Map","Colored Powertips","Curses Come First","Dark Map","Displayed Cursed Tome","GifTheSpireLib","Minty Spire (QoL Compilation)","MonsterHotkey","Permanent Neow","Potion Indicator Mod","Quick Restart","Random Character Button","Rare Cards Sparkle","Relic Stats","Shop Mod","Spicy Shops","Spire Birthday Party","StSLib","Transform Curses"],"gold_per_floor":[112,112,112,182,193,193,213,70,95,20,53,69,65,15,15,112,112,127,142,192,242,292,342,359,359,359,373,434,434,459,9,9,112,112,125,141,191,255,265,297,309,309,309,309,327,127,145,55,55,55,55,55,66,94,94],"floor_reached":56,"language":"ENG","playtime":5735,"items_purged":["Strike_B","Strike_B"],"score":1399,"play_id":"782983b1-c5fa-41f8-b3c6-2eb92d66f5a5","local_time":"20210203043729","is_ascension_mode":false,"campfire_choices":[{"data":"1","floor":6.0,"key":"LIFT"},{"data":"2","floor":15.0,"key":"LIFT"},{"data":"3","floor":25.0,"key":"LIFT"},{"data":"Buffer","floor":29.0,"key":"SMITH"},{"data":"Redo","floor":32.0,"key":"SMITH"},{"data":"Seek","floor":42,"key":"SMITH"},{"data":"Hyperbeam","floor":44,"key":"SMITH"},{"data":"Panache","floor":49,"key":"SMITH"},{"data":"Secret Weapon","floor":52,"key":"SMITH"}],"circlet_count":0,"master_deck":["Defend_B","Defend_B","Zap","Dualcast","Flash of Steel+1","Leap+1","BootSequence+1","Beam Cell","Gash","Hologram","All For One","Gash","BootSequence","Steam","Gash","Beam Cell","Buffer+1","Conserve Battery+1","Gash","Reinforced Body+1","Echo Form","Go for the Eyes","FTL","Gash","Redo+1","FTL+1","Stack+1","Seek+1","Core Surge+1","Self Repair+1","FTL+1","Turbo+1","Redo+1","Hyperbeam+1","Skim+1","Secret Weapon+1","Panache+1"],"relics":["Cracked Core","Girya","Sundial","SsserpentHead","Vajra","Nuclear Battery","Pantograph","StrikeDummy","Bottled Tornado","Mummified Hand","MerchantsRug","Pen Nib","Sling","Calipers","Centennial Puzzle","StoneCalendar"],"acts_visited":["Exordium","TheCity","TheBeyond","TheEnding"],"potions_floor_usage":[41,47,55,55,55,55,55],"damage_taken":[{"damage":0.0,"enemies":"Jaw Worm","floor":1.0,"turns":3.0},{"damage":0.0,"enemies":"2 Louse","floor":4.0,"turns":2.0},{"damage":0.0,"enemies":"Cultist","floor":5.0,"turns":3.0},{"damage":0.0,"enemies":"Red Slaver","floor":7.0,"turns":2.0},{"damage":7.0,"enemies":"3 Sentries","floor":11.0,"turns":5.0},{"damage":0.0,"enemies":"Exordium Thugs","floor":12.0,"turns":3.0},{"damage":0.0,"enemies":"Slime Boss","floor":16.0,"turns":4.0},{"damage":0.0,"enemies":"Shell Parasite","floor":18.0,"turns":4.0},{"damage":0.0,"enemies":"Spheric Guardian","floor":19.0,"turns":4.0},{"damage":0.0,"enemies":"3 Cultists","floor":24.0,"turns":4.0},{"damage":0.0,"enemies":"Centurion and Healer","floor":27.0,"turns":3.0},{"damage":7.0,"enemies":"Snake Plant","floor":28.0,"turns":5.0},{"damage":0.0,"enemies":"Slavers","floor":30.0,"turns":4.0},{"damage":0.0,"enemies":"Automaton","floor":33.0,"turns":7.0},{"damage":2.0,"enemies":"3 Shapes","floor":35.0,"turns":2.0},{"damage":12.0,"enemies":"3 Darklings","floor":36.0,"turns":5.0},{"damage":0.0,"enemies":"Spire Growth","floor":38.0,"turns":4.0},{"damage":0.0,"enemies":"Writhing Mass","floor":39.0,"turns":4.0},{"damage":0.0,"enemies":"Nemesis","floor":40.0,"turns":3.0},{"damage":0,"enemies":"Sphere and 2 Shapes","floor":41,"turns":3},{"damage":0,"enemies":"Jaw Worm Horde","floor":45,"turns":2},{"damage":8,"enemies":"3 Darklings","floor":47,"turns":3},{"damage":14,"enemies":"Time Eater","floor":50,"turns":11},{"damage":5,"enemies":"Shield and Spear","floor":54,"turns":2},{"damage":53,"enemies":"The Heart","floor":55,"turns":6}],"seed_played":"6383933418093863127","potions_obtained":[{"floor":7.0,"key":"Ancient Potion"},{"floor":11.0,"key":"Block Potion"},{"floor":16.0,"key":"PowerPotion"},{"floor":19.0,"key":"EssenceOfSteel"},{"floor":30.0,"key":"Explosive Potion"},{"floor":35.0,"key":"AttackPotion"},{"floor":38.0,"key":"Explosive Potion"},{"floor":39.0,"key":"SpeedPotion"},{"floor":47,"key":"Strength Potion"}],"is_trial":false,"path_per_floor":["M","?","?","M","M","R","M","$","T","$","E","M","$","$","R","B",null,"M","M","?","?","T","?","M","R","T","M","M","R","E","$","R","B",null,"M","M","T","M","M","E","M","R","T","R","M","$","M","$","R","B",null,"R","$","E","B",null],"character_chosen":"DEFECT","items_purchased":["Prayer Wheel","Sundial","Flash of Steel","Leap","Vajra","Gash","Beam Cell","Membership Card","Bottled Tornado","Mummified Hand","MerchantsRug","Pen Nib","Sling","Calipers","Secret Weapon","Centennial Puzzle","SpeedPotion","Swift Potion","Panache","DistilledChaos"],"campfire_rested":0,"item_purchase_floors":[0,0,0,0,8,13,14,31,31,31,46,46,46,46,46,46,46,46,48,53],"current_hp_per_floor":[40,25,25,25,25,25,25,25,25,25,18,18,18,18,18,18,75,75,75,75,60,60,60,60,60,60,60,53,53,53,53,53,75,75,73,71,71,75,75,75,75,75,75,75,75,75,75,75,75,71,75,75,75,70,32],"gold":94,"neow_bonus":"","is_daily":false,"chose_seed":false,"campfire_upgraded":6,"win_rate":0.0,"timestamp":1612352249,"path_taken":["M","?","?","?","M","R","M","$","T","$","E","M","?","$","R","BOSS","M","M","?","?","?","?","M","R","T","M","?","R","E","$","R","BOSS","M","M","?","?","M","E","M","R","T","R","M","?","M","$","R","BOSS","R","$","E","BOSS"],"items_purchased_type":["Relic","Relic","Card","Card","Relic","Card","Card","Relic","Relic","Relic","Relic","Relic","Relic","Relic","Card","Relic","Potion","Potion","Card","Potion"],"build_version":"2020-12-22","purchased_purges":2,"victory":true,"max_hp_per_floor":[75,75,75,75,75,75,75,75,75,75,75,75,75,75,75,75,75,75,75,75,75,75,75,75,75,75,75,75,75,75,75,75,75,75,75,75,75,75,75,75,75,75,75,75,75,75,75,75,75,75,75,75,75,75,75],"relic_stats":{"SsserpentHead":500,"Centennial Puzzle":[12],"counters":[214,924],"Sundial":[4],"Mummified Hand":[33],"Pantograph":27,"StoneCalendar":[0],"Pen Nib":[9],"obtain_stats":[{"Ice Cream":48,"Calipers":12,"Gremlin Horn":24,"Vajra":7,"Runic Capacitor":22,"Whetstone":54,"Ginger":46,"Bottled Tornado":45,"Boot":26,"Sling":46,"Old Coin":46,"Blood Vial":26,"Lizard Tail":0,"Centennial Puzzle":46,"HornCleat":23,"DollysMirror":0,"Sundial":0,"Strawberry":9,"Prayer Wheel":0,"Toxic Egg 2":2,"Girya":37,"MerchantsRug":37,"Pear":43,"Happy Flower":7,"Astrolabe":34,"Oddly Smooth Stone":54,"Eternal Feather":9,"Pen Nib":0,"Letter Opener":29,"War Paint":43,"Question Card":0,"Akabeko":12,"Cables":42,"SlaversCollar":17,"Bottled Flame":40,"Bronze Scales":54,"Pandora\u0027s Box":17,"reliquary:SculptingSteel":9,"Symbiotic Virus":25,"StrikeDummy":30,"Unceasing Top":0,"Meat on the Bone":10,"Lantern":0,"Torii":0,"SacredBark":34,"StoneCalendar":36,"Bag of Preparation":30,"Juzu Bracelet":22,"Empty Cage":34,"Cursed Key":17,"Ancient Tea Set":19,"PrismaticShard":0,"reliquary:TridentHead":26,"SsserpentHead":3,"Emotion Chip":0,"Nunchaku":9,"Dream Catcher":31,"Matryoshka":25,"Mummified Hand":3,"Gambling Chip":14,"Pantograph":26,"Tiny Chest":3,"reliquary:Buckler":14,"WingedGreaves":30,"Red Mask":38,"Cracked Core":0,"InkBottle":43,"Potion Belt":21,"Lee\u0027s Waffle":0,"Golden Idol":11,"Circlet":0,"Thread and Needle":9,"PreservedInsect":0,"The Courier":9,"Frozen Egg 2":9,"Nuclear Battery":17,"Mercury Hourglass":9,"reliquary:KinkedSpring":17,"Anchor":26,"DataDisk":53,"Busted Crown":34,"Ornamental Fan":0,"Bloody Idol":28,"Turnip":13,"Ectoplasm":17,"Art of War":26,"Bag of Marbles":8,"Bottled Lightning":53,"Membership Card":31,"Toy Ornithopter":4},{"Ice Cream":30,"Calipers":53,"Gremlin Horn":166,"Vajra":142,"Runic Capacitor":66,"Whetstone":79,"Ginger":121,"Bottled Tornado":28,"Boot":44,"Sling":210,"Old Coin":76,"Blood Vial":92,"Lizard Tail":80,"Centennial Puzzle":210,"HornCleat":67,"DollysMirror":47,"Sundial":189,"Strawberry":85,"Prayer Wheel":180,"Toxic Egg 2":56,"Girya":27,"MerchantsRug":73,"Pear":100,"Happy Flower":4,"Astrolabe":203,"Oddly Smooth Stone":124,"Eternal Feather":4,"Pen Nib":47,"Letter Opener":116,"War Paint":209,"Question Card":55,"Akabeko":39,"Cables":74,"SlaversCollar":7,"Bottled Flame":99,"Bronze Scales":32,"Pandora\u0027s Box":162,"reliquary:SculptingSteel":128,"Symbiotic Virus":68,"StrikeDummy":202,"Unceasing Top":139,"Meat on the Bone":5,"Lantern":55,"Torii":104,"SacredBark":71,"StoneCalendar":97,"Bag of Preparation":69,"Juzu Bracelet":134,"Empty Cage":25,"Cursed Key":41,"Ancient Tea Set":89,"PrismaticShard":139,"reliquary:TridentHead":135,"SsserpentHead":190,"Emotion Chip":0,"Nunchaku":38,"Dream Catcher":95,"Matryoshka":44,"Mummified Hand":49,"Gambling Chip":109,"Pantograph":199,"Tiny Chest":81,"reliquary:Buckler":146,"WingedGreaves":116,"Red Mask":97,"Cracked Core":0,"InkBottle":27,"Potion Belt":42,"Lee\u0027s Waffle":33,"Golden Idol":5,"Circlet":0,"Thread and Needle":53,"PreservedInsect":0,"The Courier":184,"Frozen Egg 2":15,"Nuclear Battery":19,"Mercury Hourglass":58,"reliquary:KinkedSpring":147,"Anchor":68,"DataDisk":78,"Busted Crown":117,"Ornamental Fan":0,"Bloody Idol":23,"Turnip":54,"Ectoplasm":88,"Art of War":22,"Bag of Marbles":85,"Bottled Lightning":78,"Membership Card":202,"Toy Ornithopter":35},{"Ice Cream":146,"Calipers":262,"Gremlin Horn":722,"Vajra":631,"Runic Capacitor":311,"Whetstone":390,"Ginger":540,"Bottled Tornado":134,"Boot":227,"Sling":902,"Old Coin":364,"Blood Vial":432,"Lizard Tail":401,"Centennial Puzzle":902,"HornCleat":318,"DollysMirror":243,"Sundial":826,"Strawberry":411,"Prayer Wheel":778,"Toxic Egg 2":274,"Girya":121,"MerchantsRug":349,"Pear":456,"Happy Flower":12,"Astrolabe":879,"Oddly Smooth Stone":553,"Eternal Feather":12,"Pen Nib":243,"Letter Opener":515,"War Paint":900,"Question Card":271,"Akabeko":195,"Cables":354,"SlaversCollar":26,"Bottled Flame":451,"Bronze Scales":170,"Pandora\u0027s Box":709,"reliquary:SculptingSteel":568,"Symbiotic Virus":324,"StrikeDummy":872,"Unceasing Top":623,"Meat on the Bone":15,"Lantern":271,"Torii":477,"SacredBark":342,"StoneCalendar":446,"Bag of Preparation":329,"Juzu Bracelet":594,"Empty Cage":106,"Cursed Key":211,"Ancient Tea Set":425,"PrismaticShard":623,"reliquary:TridentHead":600,"SsserpentHead":829,"Emotion Chip":0,"Nunchaku":192,"Dream Catcher":436,"Matryoshka":227,"Mummified Hand":248,"Gambling Chip":488,"Pantograph":860,"Tiny Chest":403,"reliquary:Buckler":645,"WingedGreaves":515,"Red Mask":446,"Cracked Core":0,"InkBottle":121,"Potion Belt":215,"Lee\u0027s Waffle":176,"Golden Idol":15,"Circlet":0,"Thread and Needle":262,"PreservedInsect":0,"The Courier":795,"Frozen Egg 2":51,"Nuclear Battery":66,"Mercury Hourglass":278,"reliquary:KinkedSpring":649,"Anchor":324,"DataDisk":382,"Busted Crown":521,"Ornamental Fan":0,"Bloody Idol":91,"Turnip":270,"Ectoplasm":423,"Art of War":85,"Bag of Marbles":411,"Bottled Lightning":382,"Membership Card":872,"Toy Ornithopter":182}]},"card_choices":[{"not_picked":["Gash","Conserve Battery"],"picked":"BootSequence","floor":1.0},{"not_picked":["Sweeping Beam","Stack","Redo"],"picked":"SKIP","floor":1.0},{"not_picked":["Ball Lightning","Meteor Strike"],"picked":"Beam Cell","floor":4.0},{"not_picked":["Barrage","Streamline","Heatsinks"],"picked":"SKIP","floor":4.0},{"not_picked":["Heatsinks","Hologram"],"picked":"Gash","floor":5.0},{"not_picked":["Coolheaded","Rip and Tear"],"picked":"Hologram","floor":5.0},{"not_picked":["Consume","Genetic Algorithm"],"picked":"All For One","floor":7.0},{"not_picked":["Hologram","Skim","Sweeping Beam"],"picked":"SKIP","floor":7.0},{"not_picked":["Barrage","Machine Learning"],"picked":"Gash","floor":11.0},{"not_picked":["Ball Lightning","Coolheaded"],"picked":"BootSequence","floor":12.0},{"not_picked":["Chill","Sunder"],"picked":"Steam","floor":12.0},{"not_picked":["Hyperbeam","Fission"],"picked":"Buffer","floor":16.0},{"not_picked":["Stack","Redo"],"picked":"Conserve Battery+1","floor":18.0},{"not_picked":["Ball Lightning","Conserve Battery","Defragment+1"],"picked":"SKIP","floor":18.0},{"not_picked":["Hello World+1","Tempest"],"picked":"Gash","floor":19.0},{"not_picked":["Aggregate","Heatsinks"],"picked":"Reinforced Body+1","floor":19.0},{"not_picked":["Stack","Hologram","Loop"],"picked":"Go for the Eyes","floor":24.0},{"not_picked":["Sweeping Beam+1","Rip and Tear","Ball Lightning+1","Force Field"],"picked":"SKIP","floor":24.0},{"not_picked":["Conserve Battery","Capacitor","Steam"],"picked":"FTL","floor":27.0},{"not_picked":["Turbo","Biased Cognition","Rebound"],"picked":"Gash","floor":27.0},{"not_picked":["Tempest","Turbo+1","Coolheaded"],"picked":"Redo","floor":28.0},{"not_picked":["Redo","Sweeping Beam+1","Turbo"],"picked":"FTL+1","floor":28.0},{"not_picked":["Coolheaded","Hologram+1","Amplify"],"picked":"Stack+1","floor":30.0},{"not_picked":["All For One","Hyperbeam","Machine Learning"],"picked":"Seek","floor":33.0},{"not_picked":["Leap+1","Glacier","Gash+1"],"picked":"Turbo+1","floor":35.0},{"not_picked":["Rebound","Ball Lightning","Compile Driver+1","Beam Cell"],"picked":"SKIP","floor":35.0},{"not_picked":["Chaos","Barrage","Darkness+1"],"picked":"Redo+1","floor":36.0},{"not_picked":["Hologram","Chill","Conserve Battery"],"picked":"Hyperbeam","floor":36.0},{"not_picked":["Go for the Eyes+1","Auto Shields+1","Chill"],"picked":"Skim","floor":38.0},{"not_picked":["Cold Snap+1","Steam","Redo","Fusion+1"],"picked":"SKIP","floor":38.0},{"not_picked":["Fusion","Lockon+1","Leap","Hologram"],"picked":"SKIP","floor":39.0},{"not_picked":["Heatsinks+1","Gash+1","Chaos","Leap+1"],"picked":"SKIP","floor":39.0},{"not_picked":["Genetic Algorithm+1","Steam+1","Multi-Cast","Compile Driver"],"picked":"SKIP","floor":40.0},{"not_picked":["Doom and Gloom+1","Sweeping Beam+1","Capacitor","Chaos+1"],"picked":"SKIP","floor":41},{"not_picked":["Beam Cell","FTL","Self Repair+1","Hologram"],"picked":"SKIP","floor":41},{"not_picked":["Leap","Tempest+1","Reinforced Body","Barrage"],"picked":"SKIP","floor":45},{"not_picked":["Conserve Battery","Steam+1","Cold Snap","Self Repair+1"],"picked":"SKIP","floor":45},{"not_picked":["Machine Learning","Go for the Eyes","Streamline"],"picked":"SKIP","floor":47},{"not_picked":["Hologram+1","Leap","Conserve Battery"],"picked":"SKIP","floor":54}],"player_experience":3697809,"relics_obtained":[{"floor":9.0,"key":"Tiny Chest"},{"floor":11.0,"key":"Boot"},{"floor":22.0,"key":"Question Card"},{"floor":26.0,"key":"Pantograph"},{"floor":30.0,"key":"StrikeDummy"},{"floor":37.0,"key":"Emotion Chip"},{"floor":40.0,"key":"WingedGreaves"},{"floor":43,"key":"War Paint"},{"floor":54,"key":"StoneCalendar"}],"event_choices":[{"damage_healed":40.0,"max_hp_gain":0.0,"max_hp_loss":75.0,"gold_gain":0.0,"event_name":"betterThird:BetterShining","player_choice":"Upgrade","floor":2.0,"gold_loss":0.0,"damage_taken":15.0,"cards_upgraded":["BootSequence","Flash of Steel"]},{"damage_healed":0.0,"max_hp_gain":0.0,"max_hp_loss":0.0,"gold_gain":0.0,"event_name":"FaceTrader","player_choice":"Trade","floor":3.0,"gold_loss":0.0,"damage_taken":0.0,"relics_obtained":["SsserpentHead"]},{"cards_removed":["Strike_B"],"damage_healed":0.0,"max_hp_gain":0.0,"max_hp_loss":0.0,"gold_gain":0.0,"event_name":"betterNote:BetterNote","player_choice":"Give","floor":20.0,"gold_loss":0.0,"damage_taken":0.0,"cards_obtained":["Strike_G"]},{"damage_healed":0.0,"max_hp_gain":0.0,"max_hp_loss":15.0,"gold_gain":2.0,"event_name":"betterStone:BetterStone","player_choice":"2","floor":21.0,"gold_loss":0.0,"damage_taken":0.0},{"cards_removed":["Strike_B"],"damage_healed":0.0,"max_hp_gain":0.0,"max_hp_loss":0.0,"gold_gain":0.0,"event_name":"Bonfire Elementals","player_choice":"Offered Basic","floor":23.0,"gold_loss":0.0,"damage_taken":0.0}],"is_beta":false,"boss_relics":[{"not_picked":["SacredBark","Snecko Eye"],"picked":"Nuclear Battery"},{"not_picked":["Velvet Choker","Black Star"],"picked":"Astrolabe"}],"items_purged_floors":[10,31],"is_endless":false,"potions_floor_spawned":[7,11,16,19,30,35,38,39,47,54],"ascension_level":0}}