{"host":"iy2a593ihq2f18ts","time":1612330959,"event":{"mods":["2.2 Compatiblity","AchievementEnabler","BaseMod","Better Third Choice","Block Reminder","Card Forge","Dark Map","Downfall","Hermit","Marisa????????","Minty Spire (QoL Compilation)","Rare Cards Sparkle","Replay The Spire","StSLib","SuperFastMode","The Bug Knight","The Necromancer","The Runesmith","The Servant 0.9.4"],"gold_per_floor":[109,120,136,171,191,191,201,221,290,308,328,344,370,387,387,489,489,502,502,512,294,354,354,415,440,491,541,559,577,627,655,667,777,789,818,843,598,617,637,637,672,722,746,746,814,814,300,318,368,368],"floor_reached":51,"language":"ENG","playtime":1983,"items_purged":["Demonic Infusion+1"],"score":754,"play_id":"e709c5ff-1256-4ce8-bc05-e834ae891526","local_time":"20210202214239","is_ascension_mode":false,"campfire_choices":[{"floor":6,"key":"REST"},{"floor":15,"key":"REST"},{"data":"ReplayTheSpireMod:Muscle Training","floor":23,"key":"SMITH"},{"floor":32,"key":"REST"},{"data":"Reckless Charge+1","floor":40,"key":"PURGE"},{"floor":44,"key":"DIG"}],"circlet_count":0,"master_deck":["Bash+1","Shrug It Off+1","Dropkick+1","Pommel Strike+1","True Grit+1","Thunderclap+1","Bludgeon+1","Rampage+1","ReplayTheSpireMod:LeadingStrike+1","Iron Wave+1","Demon Form+1","ReplayTheSpireMod:Limb From Limb+1","ReplayTheSpireMod:Muscle Training+1","Anger+1","Seeing Red+1","Demon Form+1","Double Tap+1","Shrug It Off+1","Run Through+1","Uppercut+1","Fiend Fire+1"],"relics":["Burning Blood","Hammer of Thor","Seething Fire","Anvil of the Gods","Thread and Needle","Replay:WaspNest","Onion Ring","Painkiller Herb","SsserpentHead","Vajra","Replay:Multitool","Toy Ornithopter","MawBank","Runic Dome","ClockworkSouvenir","Happy Flower","Toxic Egg 2","Pet Ghost","Red Skull","Replay:Baseball","ReplayTheSpireMod:Shallot","Nunchaku","Charon\u0027s Ashes"],"acts_visited":["Exordium","TheCity","TheBeyond"],"potions_floor_usage":[3,13,16,16,20,25,33],"damage_taken":[{"damage":6,"enemies":"Cultist","floor":1,"turns":3},{"damage":0,"enemies":"Jaw Worm","floor":2,"turns":2},{"damage":0,"enemies":"Small Slimes","floor":3,"turns":2},{"damage":2,"enemies":"Gremlin Gang","floor":5,"turns":5},{"damage":0,"enemies":"Looter","floor":7,"turns":2},{"damage":2,"enemies":"Gremlin Gang","floor":8,"turns":5},{"damage":0,"enemies":"3 Louse","floor":10,"turns":2},{"damage":0,"enemies":"Looter","floor":11,"turns":2},{"damage":0,"enemies":"Gremlin Gang","floor":12,"turns":3},{"damage":1,"enemies":"Replay:BlueRogue","floor":13,"turns":4},{"damage":2,"enemies":"Exordium Thugs","floor":14,"turns":3},{"damage":21,"enemies":"Fading Forest","floor":16,"turns":11},{"damage":0,"enemies":"Shell Parasite","floor":18,"turns":3},{"damage":0,"enemies":"2 Thieves","floor":20,"turns":2},{"damage":0,"enemies":"Shelled Parasite and Fungi","floor":22,"turns":2},{"damage":1,"enemies":"Centurion and Healer","floor":24,"turns":4},{"damage":16,"enemies":"Gremlin Leader","floor":25,"turns":4},{"damage":7,"enemies":"Sentry and Sphere","floor":28,"turns":3},{"damage":0,"enemies":"Cultist and Chosen","floor":29,"turns":3},{"damage":1,"enemies":"Replay:Snechameleon","floor":31,"turns":4},{"damage":11,"enemies":"Pondfish","floor":33,"turns":5},{"damage":0,"enemies":"3 Shapes","floor":35,"turns":2},{"damage":1,"enemies":"Orb Walker","floor":36,"turns":2},{"damage":15,"enemies":"Sphere and 2 Shapes","floor":38,"turns":3},{"damage":6,"enemies":"Spire Growth","floor":39,"turns":3},{"damage":1,"enemies":"Giant Head","floor":41,"turns":3},{"damage":1,"enemies":"Maw","floor":45,"turns":3},{"damage":1,"enemies":"Transient","floor":48,"turns":5},{"damage":0,"enemies":"Mind Bloom Boss Battle","floor":49,"turns":3},{"damage":29,"enemies":"Awakened One","floor":50,"turns":5}],"seed_played":"8941268776130457740","potions_obtained":[{"floor":2,"key":"SteroidPotion"},{"floor":5,"key":"EssenceOfSteel"},{"floor":10,"key":"SpeedPotion"},{"floor":11,"key":"Strength Potion"},{"floor":14,"key":"ElixirPotion"},{"floor":16,"key":"Explosive Potion"},{"floor":22,"key":"SteroidPotion"},{"floor":24,"key":"sneckomod:MuddlingPotion"},{"floor":25,"key":"LifebloodPotion"},{"floor":29,"key":"Venom Potion"},{"floor":38,"key":"BlessingOfTheForge"}],"is_trial":false,"path_per_floor":["M","M","M","?","M","R","M","M","T","M","M","M","E","M","R","B",null,"?","?","?","T","?","T","?","E","T","?","?","?","?","E","T","B",null,"?","?","T","?","?","T","E","?","T","T","?","T","T","?","T","B",null],"character_chosen":"IRONCLAD","items_purchased":["Vajra","ClockworkSouvenir","Happy Flower","ReplayTheSpireMod:Shallot","Nunchaku","Fiend Fire+1"],"campfire_rested":3,"item_purchase_floors":[21,37,37,47,47,47],"current_hp_per_floor":[80,80,80,80,80,80,80,80,80,80,80,80,80,80,80,65,80,80,80,80,80,80,80,80,70,70,70,69,75,75,80,80,80,80,80,80,80,71,71,71,76,76,76,76,80,80,80,80,80,57],"gold":368,"neow_bonus":"","is_daily":false,"chose_seed":false,"campfire_upgraded":1,"win_rate":0.0,"timestamp":1612330959,"path_taken":["M","M","M","?","M","R","M","?","T","M","M","M","E","M","R","BOSS","?","?","?","T","?","T","?","E","T","?","?","?","?","E","T","BOSS","?","?","?","?","?","T","E","?","T","T","?","T","T","?","T","BOSS"],"items_purchased_type":["Relic","Relic","Relic","Relic","Relic","Card"],"build_version":"2020-12-22","purchased_purges":1,"victory":true,"max_hp_per_floor":[80,80,80,80,80,80,80,80,80,80,80,80,80,80,80,80,80,80,80,80,80,80,80,80,80,80,80,80,80,80,80,80,80,80,80,80,80,80,80,80,80,80,80,80,80,80,80,80,80,80],"card_choices":[{"not_picked":["Headbutt","Replay:Undeath\u0027s Touch"],"picked":"Shrug It Off","floor":1},{"not_picked":["ReplayReversal","Sword Boomerang"],"picked":"ReplayTheSpireMod:Strike From Hell","floor":2},{"not_picked":["Massacre","ReplayTheSpireMod:Limb From Limb","Feel No Pain"],"picked":"SKIP","floor":3},{"not_picked":["Shrug It Off","Iron Wave"],"picked":"Dropkick","floor":4},{"not_picked":["Iron Wave","Run Through"],"picked":"Pommel Strike","floor":5},{"not_picked":["Dropkick","Combust"],"picked":"True Grit","floor":7},{"not_picked":["Combust","Perfected Strike"],"picked":"Thunderclap","floor":8},{"not_picked":["Dual Wield","Pommel Strike"],"picked":"Bludgeon","floor":10},{"not_picked":["True Grit","Thunderclap"],"picked":"Rampage","floor":11},{"not_picked":["Shockwave","Blood for Blood"],"picked":"Demonic Infusion","floor":12},{"not_picked":["ReplayTheSpireMod:Strike From Hell","True Grit"],"picked":"ReplayTheSpireMod:LeadingStrike","floor":13},{"not_picked":["Replay:Undeath\u0027s Touch","Feel No Pain"],"picked":"Iron Wave","floor":14},{"not_picked":["Corruption","Offering"],"picked":"Demon Form","floor":16},{"not_picked":["Iron Wave","Clothesline"],"picked":"ReplayTheSpireMod:Limb From Limb","floor":18},{"not_picked":["Power Through","Replay:Undeath\u0027s Touch"],"picked":"ReplayTheSpireMod:Muscle Training","floor":20},{"not_picked":["Perfected Strike","Clothesline"],"picked":"Anger+1","floor":22},{"not_picked":["Pommel Strike","Body Slam","Blood for Blood"],"picked":"SKIP","floor":24},{"not_picked":["Armaments","Rampage"],"picked":"Seeing Red+1","floor":25},{"not_picked":["Replay:Undeath\u0027s Touch+1","Pommel Strike"],"picked":"Reckless Charge+1","floor":28},{"not_picked":["Warcry","Abandon+1","Pommel Strike"],"picked":"SKIP","floor":29},{"not_picked":["Pommel Strike","Burning Pact","Combust+1"],"picked":"SKIP","floor":31},{"not_picked":["Demon Form","Hemogenesis"],"picked":"Double Tap","floor":33},{"not_picked":["Perfected Strike","Infernal Blade+1"],"picked":"Shrug It Off","floor":35},{"not_picked":["Armaments","Abandon+1"],"picked":"Run Through+1","floor":36},{"not_picked":["Perfected Strike","Battle Trance+1","Replay:Undeath\u0027s Touch"],"picked":"SKIP","floor":38},{"not_picked":["True Grit","Thunderclap"],"picked":"Uppercut","floor":39},{"not_picked":["Warcry+1","Thunderclap","Brutality"],"picked":"SKIP","floor":41},{"not_picked":["Run Through+1","Anger+1","Twin Strike+1"],"picked":"SKIP","floor":45},{"not_picked":["Combust+1","True Grit+1","Blood for Blood"],"picked":"SKIP","floor":48}],"player_experience":0,"relics_obtained":[{"floor":4,"key":"Thread and Needle"},{"floor":9,"key":"Replay:WaspNest"},{"floor":13,"key":"Onion Ring"},{"floor":25,"key":"Replay:Multitool"},{"floor":26,"key":"Toy Ornithopter"},{"floor":31,"key":"MawBank"},{"floor":41,"key":"Toxic Egg 2"},{"floor":43,"key":"Pet Ghost"},{"floor":44,"key":"Red Skull"},{"floor":49,"key":"Charon\u0027s Ashes"}],"event_choices":[{"damage_healed":0,"gold_gain":0,"player_choice":"Trade","damage_taken":0,"relics_obtained":["SsserpentHead"],"max_hp_gain":0,"max_hp_loss":0,"event_name":"FaceTrader","floor":19,"gold_loss":0},{"damage_healed":0,"gold_gain":0,"player_choice":"Ignored","damage_taken":0,"max_hp_gain":0,"max_hp_loss":0,"event_name":"Ghosts","floor":27,"gold_loss":0},{"damage_healed":0,"gold_gain":0,"player_choice":"Copied","damage_taken":0,"max_hp_gain":0,"max_hp_loss":0,"event_name":"Duplicator","floor":30,"gold_loss":0,"cards_obtained":["Demon Form"]},{"damage_healed":0,"gold_gain":0,"player_choice":"Ignored","damage_taken":0,"max_hp_gain":0,"max_hp_loss":0,"event_name":"Transmorgrifier","floor":42,"gold_loss":0},{"damage_healed":0,"gold_gain":0,"player_choice":"Gave Potion","damage_taken":0,"relics_obtained":["Replay:Baseball"],"max_hp_gain":0,"max_hp_loss":0,"event_name":"WeMeetAgain","floor":46,"gold_loss":0},{"damage_healed":0,"gold_gain":0,"player_choice":"Fight","damage_taken":0,"max_hp_gain":0,"max_hp_loss":0,"event_name":"MindBloom","floor":49,"gold_loss":0}],"is_beta":false,"boss_relics":[{"not_picked":["ChewingGum","Replay:Wanted Poster"],"picked":"Painkiller Herb"},{"not_picked":["Black Blood","Runesmith:UraniumAnvil"],"picked":"Runic Dome"}],"items_purged_floors":[21],"is_endless":false,"potions_floor_spawned":[2,5,10,11,12,14,16,22,24,25,29,38,39,45],"ascension_level":0}}