{"host":"x5w9zppki4gdwvc7","time":1612380938,"event":{"mods":["AchievementEnabler","BaseMod","DeckTracker","Minty Spire (QoL Compilation)","Relic Sorter"],"gold_per_floor":[109,109,109,109,130,130,130,130,130,130,146,170,185,21,21,142,142,161,260,260,114,140,140,159,159,211,66,89,89,89,89,89,217,217,233,258,102,102,30,30,30,30,112,112,112,112,112,133,133,133,133],"floor_reached":50,"language":"ENG","playtime":2242,"items_purged":[],"score":622,"play_id":"7185e65c-2b1c-4c06-ba84-aad1648b819a","local_time":"20210203203538","daily_mods":["SealedDeck","Colorless Cards","Heirloom","Time Dilation","Flight"],"is_ascension_mode":false,"campfire_choices":[{"data":"Whirlwind","floor":6,"key":"SMITH"},{"data":"True Grit","floor":7,"key":"SMITH"},{"data":"Mind Blast","floor":8,"key":"SMITH"},{"data":"Apotheosis","floor":15,"key":"SMITH"},{"data":"Berserk","floor":23,"key":"SMITH"},{"data":"Whirlwind","floor":25,"key":"SMITH"},{"data":"Inflame","floor":32,"key":"SMITH"},{"data":"Evolve","floor":40,"key":"SMITH"},{"data":"Jack Of All Trades","floor":41,"key":"SMITH"},{"data":"Reaper","floor":44,"key":"SMITH"},{"data":"Secret Technique","floor":45,"key":"SMITH"},{"floor":49,"key":"REST"}],"circlet_count":0,"master_deck":["Thunderclap+1","Shrug It Off","Whirlwind+1","Shrug It Off+1","Shrug It Off","Mind Blast+1","True Grit+1","Injury","Impatience","Jack Of All Trades+1","Shrug It Off","Inflame+1","Apotheosis+1","Berserk+1","Dark Shackles","Decay","Whirlwind+1","Reaper+1","Rage+1","Mind Blast+1","Madness","Madness","Evolve+1","Secret Technique+1","Blind+1"],"relics":["Black Blood","CaptainsWheel","Golden Idol","Self Forming Clay","Strawberry","Regal Pillow","Ancient Tea Set","Medical Kit","MutagenicStrength","Empty Cage","Oddly Smooth Stone","Blue Candle"],"acts_visited":["Exordium","TheCity","TheBeyond"],"potions_floor_usage":[50,50],"damage_taken":[{"damage":0,"enemies":"2 Louse","floor":1,"turns":2},{"damage":0,"enemies":"Jaw Worm","floor":5,"turns":2},{"damage":0,"enemies":"Small Slimes","floor":11,"turns":2},{"damage":9,"enemies":"Looter","floor":12,"turns":3},{"damage":5,"enemies":"Exordium Wildlife","floor":13,"turns":4},{"damage":49,"enemies":"The Guardian","floor":16,"turns":11},{"damage":1,"enemies":"3 Byrds","floor":18,"turns":4},{"damage":8,"enemies":"2 Thieves","floor":24,"turns":3},{"damage":22,"enemies":"Sentry and Sphere","floor":28,"turns":5},{"damage":45,"enemies":"Automaton","floor":33,"turns":10},{"damage":7,"enemies":"3 Darklings","floor":35,"turns":4},{"damage":49,"enemies":"Orb Walker","floor":36,"turns":5},{"damage":27,"enemies":"Maw","floor":48,"turns":9},{"damage":85,"enemies":"Awakened One","floor":50,"turns":25}],"seed_played":"-2478750009352677711","potions_obtained":[{"floor":1,"key":"SmokeBomb"},{"floor":12,"key":"SpeedPotion"},{"floor":16,"key":"BlessingOfTheForge"},{"floor":28,"key":"Explosive Potion"},{"floor":36,"key":"Energy Potion"}],"is_trial":true,"path_per_floor":["M","$","?","?","M","R","R","R","T","?","M","M","M","$","R","B",null,"M","?","?","$","T","R","M","R","T","$","M","$","?","?","R","B",null,"M","M","$","?","$","R","R","?","T","R","R","?","?","M","R","B"],"character_chosen":"IRONCLAD","items_purchased":["Apotheosis","Strawberry","Medical Kit","Oddly Smooth Stone","Evolve"],"campfire_rested":1,"item_purchase_floors":[14,21,27,37,39],"current_hp_per_floor":[80,80,80,64,70,70,70,70,70,75,80,77,78,78,78,35,80,80,80,80,87,87,87,87,87,87,87,77,77,77,77,77,44,87,87,50,50,39,39,39,39,39,39,39,39,39,39,24,65,0,0],"gold":133,"neow_bonus":"","is_daily":false,"chose_seed":false,"campfire_upgraded":11,"win_rate":0.0,"timestamp":1612380938,"path_taken":["M","$","?","?","M","R","R","R","T","?","M","M","?","$","R","BOSS","M","?","?","$","?","R","M","R","T","$","?","?","?","?","R","BOSS","M","?","$","?","$","R","R","?","T","R","R","?","?","M","R","BOSS"],"items_purchased_type":["Card","Relic","Relic","Relic","Card"],"build_version":"2020-12-22","purchased_purges":0,"victory":false,"max_hp_per_floor":[80,80,80,80,80,80,80,80,80,80,80,80,80,80,80,80,80,80,80,80,87,87,87,87,87,87,87,87,87,87,87,87,87,87,87,87,87,87,87,87,87,87,87,87,87,87,87,87,87,87,87],"card_choices":[{"not_picked":["Wild Strike","Perfected Strike"],"picked":"True Grit","floor":1},{"not_picked":["Flex","Perfected Strike"],"picked":"Impatience","floor":5},{"not_picked":["Madness","Warcry"],"picked":"Jack Of All Trades","floor":11},{"not_picked":["Armaments","Body Slam"],"picked":"Shrug It Off","floor":12},{"not_picked":["Cleave","Finesse"],"picked":"Inflame","floor":13},{"not_picked":["Mayhem","Immolate"],"picked":"Berserk","floor":16},{"not_picked":["Cleave","Power Through"],"picked":"Dark Shackles","floor":18},{"not_picked":["Flame Barrier","Clash"],"picked":"Whirlwind","floor":24},{"not_picked":["Thunderclap+1","Body Slam","Armaments"],"picked":"SKIP","floor":28},{"not_picked":["Barricade","Double Tap"],"picked":"Reaper","floor":33},{"not_picked":["Warcry+1","Impatience"],"picked":"Rage+1","floor":35},{"not_picked":["Trip","Cleave+1"],"picked":"Mind Blast+1","floor":36},{"not_picked":["Swift Strike","Dark Shackles"],"picked":"Secret Technique","floor":42},{"not_picked":["Shrug It Off+1","Hemokinesis+1"],"picked":"Blind+1","floor":48}],"player_experience":407946,"relics_obtained":[{"floor":9,"key":"Self Forming Clay"},{"floor":22,"key":"Regal Pillow"},{"floor":26,"key":"Ancient Tea Set"},{"floor":43,"key":"Blue Candle"}],"event_choices":[{"damage_healed":0,"gold_gain":0,"player_choice":"Take Wound","damage_taken":0,"relics_obtained":["Golden Idol"],"max_hp_gain":0,"max_hp_loss":0,"event_name":"Golden Idol","floor":3,"gold_loss":0,"cards_obtained":["Injury"]},{"damage_healed":0,"gold_gain":0,"player_choice":"Entered Light","damage_taken":16,"max_hp_gain":0,"max_hp_loss":0,"event_name":"Shining Light","floor":4,"gold_loss":0,"cards_upgraded":["Thunderclap","Shrug It Off"]},{"cards_removed":["Pommel Strike"],"damage_healed":5,"gold_gain":0,"player_choice":"Offered Common","damage_taken":0,"max_hp_gain":0,"max_hp_loss":0,"event_name":"Bonfire Elementals","floor":10,"gold_loss":0},{"cards_removed":["Pommel Strike"],"damage_healed":5,"gold_gain":0,"player_choice":"Offered Special","damage_taken":0,"max_hp_gain":0,"max_hp_loss":0,"event_name":"Bonfire Elementals","floor":10,"gold_loss":0},{"damage_healed":0,"gold_gain":99,"player_choice":"Stole From Cult","damage_taken":0,"max_hp_gain":0,"max_hp_loss":0,"event_name":"Nest","floor":19,"gold_loss":0},{"damage_healed":0,"gold_gain":0,"player_choice":"Smashed Altar","damage_taken":0,"max_hp_gain":0,"max_hp_loss":0,"event_name":"Forgotten Altar","floor":20,"gold_loss":0,"cards_obtained":["Decay"]},{"damage_healed":0,"gold_gain":0,"player_choice":"Inject Mutagens","damage_taken":0,"relics_obtained":["MutagenicStrength"],"max_hp_gain":0,"max_hp_loss":0,"event_name":"Drug Dealer","floor":30,"gold_loss":0},{"damage_healed":0,"gold_gain":0,"player_choice":"Ignored","damage_taken":0,"max_hp_gain":0,"max_hp_loss":0,"event_name":"Fountain of Cleansing","floor":31,"gold_loss":0},{"damage_healed":0,"gold_gain":0,"player_choice":"Embrace Madness","damage_taken":11,"max_hp_gain":0,"max_hp_loss":0,"event_name":"Winding Halls","floor":38,"gold_loss":0,"cards_obtained":["Madness","Madness"]},{"damage_healed":0,"gold_gain":0,"player_choice":"Memory 1","damage_taken":0,"max_hp_gain":0,"max_hp_loss":0,"event_name":"SensoryStone","floor":42,"gold_loss":0},{"cards_removed":["Headbutt"],"damage_healed":0,"gold_gain":0,"player_choice":"Removed Attack","damage_taken":0,"max_hp_gain":0,"max_hp_loss":0,"event_name":"Falling","floor":46,"gold_loss":0},{"damage_healed":0,"gold_gain":0,"player_choice":"Ignored","damage_taken":0,"max_hp_gain":0,"max_hp_loss":0,"event_name":"Mysterious Sphere","floor":47,"gold_loss":0}],"is_beta":false,"boss_relics":[{"not_picked":["Runic Cube","Sozu"],"picked":"Black Blood"},{"not_picked":["Coffee Dripper","Fusion Hammer"],"picked":"Empty Cage"}],"items_purged_floors":[],"is_endless":true,"potions_floor_spawned":[1,12,16,28,36],"killed_by":"Awakened One","ascension_level":0}}