{"host":"DrTrollPool","time":1612370539,"event":{"mods":["2.2 Compatiblity","BaseMod","BetterRewards","Colored Map","DeckTracker","Downfall","Googly Eyes","Hermit","HexUI Lib","Highlight Path","Hubris","Infinite Spire","Minty Spire (QoL Compilation)","Potionbrewer","Replay The Spire","StSLib","SuperFastMode","The Construct","The Cursed","The Disciple","The Hierophant","The Jungle","The Necromancer","The Runesmith","The Servant 0.9.4"],"gold_per_floor":[119,133,133,148,159,159,187,187,187,295,307,326,337,347,347,452,452,475,475,163,176,176,176,192,192,192,192,208,208,218,235,235,361,361,402,428,428],"floor_reached":36,"language":"ENG","playtime":1625,"items_purged":[],"score":370,"play_id":"7bda540c-1215-4b65-8c05-c604f5030b37","local_time":"20210203174219","is_ascension_mode":false,"campfire_choices":[{"data":"TheCursedMod:HellfireBreathing","floor":6,"key":"SMITH"},{"data":"TheCursedMod:ManaBullet","floor":8,"key":"SMITH"},{"data":"TheCursedMod:HellfireBreathing","floor":15,"key":"SMITH"},{"floor":23,"key":"REST"},{"data":"TheCursedMod:SpitefulPlan","floor":25,"key":"SMITH"},{"floor":32,"key":"REST"}],"circlet_count":0,"master_deck":["TheCursedMod:Strike_TheCursed+1","TheCursedMod:Strike_TheCursed+1","TheCursedMod:Strike_TheCursed+1","TheCursedMod:Strike_TheCursed+1","TheCursedMod:Defend_TheCursed+1","TheCursedMod:Defend_TheCursed+1","TheCursedMod:Defend_TheCursed+1","TheCursedMod:Defend_TheCursed+1","TheCursedMod:CursedWand","TheCursedMod:CleanUpWorkshop","TheCursedMod:Dregs","TheCursedMod:TroublousMinions","TheCursedMod:SurpriseAttack","TheCursedMod:HellfireBreathing+1","TheCursedMod:ManaBullet+1","ReplayTheSpireMod:Splinters","TheCursedMod:CursedAmulet","TheCursedMod:CircleOfCorruption","TheCursedMod:HellfireBreathing+1","TheCursedMod:TroublousMinions","TheCursedMod:CollectTribute","CurseOfTheBell","TheCursedMod:SpitefulPlan+1","TheCursedMod:HellfireBreathing+1","TheCursedMod:Hemoplague"],"relics":["TheCursedMod:BlackMagicAdvanced","NeowsBlessing","hubris:SphereOfDissonance","Calling Bell","Replay:Wax Seal","infinitespire:Midas Blood","Dead Branch","Mummified Hand","hubris:FruitBowl","hubris:TenFootPole","construct:WeddingRing","Ginger","infinitespire:EvilPickle"],"acts_visited":["Exordium","TheCity","TheBeyond"],"potions_floor_usage":[5,16,16,28,33,33,35,36],"damage_taken":[{"damage":0,"enemies":"Jaw Worm","floor":1,"turns":1},{"damage":0,"enemies":"Cultist","floor":2,"turns":1},{"damage":0,"enemies":"Small Slimes","floor":4,"turns":1},{"damage":9,"enemies":"Exordium Wildlife","floor":5,"turns":5},{"damage":13,"enemies":"3 Sentries","floor":7,"turns":8},{"damage":0,"enemies":"Red Slaver","floor":11,"turns":2},{"damage":2,"enemies":"Large Slime","floor":12,"turns":3},{"damage":0,"enemies":"Exordium Thugs","floor":13,"turns":3},{"damage":0,"enemies":"Lots of Slimes","floor":14,"turns":2},{"damage":2,"enemies":"Slime Boss","floor":16,"turns":6},{"damage":23,"enemies":"Spheric Guardian","floor":18,"turns":5},{"damage":2,"enemies":"Chosen","floor":21,"turns":3},{"damage":6,"enemies":"3 Cultists","floor":24,"turns":4},{"damage":1,"enemies":"Snake Plant","floor":28,"turns":2},{"damage":0,"enemies":"Snecko","floor":30,"turns":2},{"damage":6,"enemies":"Sentry and Sphere","floor":31,"turns":4},{"damage":11,"enemies":"Pondfish","floor":33,"turns":7},{"damage":14,"enemies":"3 Darklings","floor":35,"turns":3},{"damage":7,"enemies":"infinitespire:Three Voidlings","floor":36,"turns":3},{"damage":61,"enemies":"Nightmare_Alpha","floor":36,"turns":4}],"seed_played":"-288693527186262535","potions_obtained":[{"floor":2,"key":"Cursed Concoction"},{"floor":4,"key":"AttackPotion"},{"floor":13,"key":"Doom Potion"},{"floor":14,"key":"ColorlessPotion"},{"floor":18,"key":"Dexterity Potion"},{"floor":24,"key":"Explosive Potion"},{"floor":33,"key":"Energy Potion"},{"floor":35,"key":"Swift Potion"}],"is_trial":false,"path_per_floor":["M","M","?","M","M","R","E","R","T","?","M","M","M","M","R","B",null,"M","?","$","M","$","R","M","R","T","?","M","AVR","M","M","R","B",null,"M","?"],"character_chosen":"THE_CURSED","items_purchased":["TheCursedMod:SpitefulPlan","Mummified Hand","hubris:FruitBowl"],"campfire_rested":2,"item_purchase_floors":[20,20,22],"current_hp_per_floor":[75,75,75,75,66,66,53,53,53,53,53,51,51,51,51,49,75,52,52,52,50,31,53,47,47,47,47,46,46,46,40,62,51,75,61,0,0],"gold":428,"neow_bonus":"THREE_ENEMY_KILL","is_daily":false,"chose_seed":false,"campfire_upgraded":4,"win_rate":0.0,"timestamp":1612370539,"path_taken":["M","M","?","?","M","R","E","R","T","?","M","?","M","M","R","BOSS","M","?","$","M","?","R","M","R","T","?","M","AVR","?","M","R","BOSS","M","?"],"items_purchased_type":["Card","Relic","Relic"],"build_version":"2020-12-18","purchased_purges":0,"victory":false,"max_hp_per_floor":[75,75,75,75,75,75,75,75,75,75,75,75,75,75,75,75,75,75,75,75,75,75,75,75,75,75,75,75,75,75,75,75,75,75,75,75,75],"card_choices":[{"not_picked":["TheCursedMod:BloodBarrier","TheCursedMod:Obscuration"],"picked":"TheCursedMod:TroublousMinions","floor":1},{"not_picked":["TheCursedMod:CursedAmulet","TheCursedMod:RavingStaff"],"picked":"TheCursedMod:SurpriseAttack","floor":2},{"not_picked":["TheCursedMod:CursedBlade","TheCursedMod:SurpriseAttack"],"picked":"TheCursedMod:HellfireBreathing","floor":4},{"not_picked":["TheCursedMod:FuryStrike","TheCursedMod:EmpowerCircles"],"picked":"TheCursedMod:ManaBullet","floor":5},{"not_picked":["TheCursedMod:DarkBarrier","TheCursedMod:CursedMace","TheCursedMod:SoulReap"],"picked":"SKIP","floor":7},{"not_picked":["TheCursedMod:Torture","TheCursedMod:SurpriseAttack"],"picked":"TheCursedMod:CursedAmulet","floor":10},{"not_picked":["TheCursedMod:Obscuration","TheCursedMod:CircleOfFlame"],"picked":"TheCursedMod:CircleOfCorruption","floor":10},{"not_picked":["TheCursedMod:CursedShiv","TheCursedMod:SoulReap"],"picked":"TheCursedMod:HellfireBreathing","floor":10},{"not_picked":["TheCursedMod:RavingStaff","TheCursedMod:Wield"],"picked":"TheCursedMod:TroublousMinions","floor":11},{"not_picked":["TheCursedMod:Torture","TheCursedMod:Obscuration","TheCursedMod:RavingStaff"],"picked":"SKIP","floor":12},{"not_picked":["TheCursedMod:Obscuration","TheCursedMod:Torture","TheCursedMod:RavingStaff"],"picked":"SKIP","floor":13},{"not_picked":["TheCursedMod:Evocation","TheCursedMod:BlessingInDisguise","TheCursedMod:Obscuration"],"picked":"SKIP","floor":14},{"not_picked":["TheCursedMod:ManaCirculation","TheCursedMod:DemonicPact"],"picked":"TheCursedMod:CollectTribute","floor":16},{"not_picked":["TheCursedMod:Stigma","TheCursedMod:VitalStrike","TheCursedMod:CursedBlade"],"picked":"SKIP","floor":18},{"not_picked":["TheCursedMod:CircleOfFlame","TheCursedMod:SoulReap"],"picked":"TheCursedMod:HellfireBreathing+1","floor":21},{"not_picked":["TheCursedMod:CursedArmor","TheCursedMod:RapidMovement","TheCursedMod:Obscuration"],"picked":"SKIP","floor":24},{"not_picked":["TheCursedMod:CursedAmulet+1","TheCursedMod:WearCloak+1","TheCursedMod:SmokeScreen"],"picked":"SKIP","floor":28},{"not_picked":["TheCursedMod:CircleOfWindfury","TheCursedMod:TroublousMinions","TheCursedMod:CursedStaff"],"picked":"SKIP","floor":30},{"not_picked":["TheCursedMod:Stretching","TheCursedMod:Grudge","TheCursedMod:SpitefulStrike"],"picked":"SKIP","floor":31},{"not_picked":["TheCursedMod:SpreadPlague+1","TheCursedMod:Torture+1"],"picked":"TheCursedMod:Hemoplague","floor":35}],"player_experience":135898,"relics_obtained":[{"floor":7,"key":"hubris:SphereOfDissonance"},{"floor":17,"key":"Replay:Wax Seal"},{"floor":17,"key":"infinitespire:Midas Blood"},{"floor":17,"key":"Dead Branch"},{"floor":26,"key":"hubris:TenFootPole"}],"event_choices":[{"damage_healed":0,"gold_gain":0,"player_choice":"Ignored","damage_taken":0,"max_hp_gain":0,"max_hp_loss":0,"event_name":"Fountain of Cleansing","floor":3,"gold_loss":0},{"damage_healed":0,"gold_gain":0,"player_choice":"Simplicity","damage_taken":0,"max_hp_gain":0,"max_hp_loss":0,"event_name":"Back to Basics","floor":19,"gold_loss":0,"cards_upgraded":["TheCursedMod:Strike_TheCursed","TheCursedMod:Strike_TheCursed","TheCursedMod:Strike_TheCursed","TheCursedMod:Strike_TheCursed","TheCursedMod:Defend_TheCursed","TheCursedMod:Defend_TheCursed","TheCursedMod:Defend_TheCursed","TheCursedMod:Defend_TheCursed"]},{"damage_healed":0,"gold_gain":0,"player_choice":"0 cards matched","damage_taken":0,"max_hp_gain":0,"max_hp_loss":0,"event_name":"Match and Keep!","floor":27,"gold_loss":0,"cards_obtained":[]}],"is_beta":true,"boss_relics":[{"not_picked":["Busted Crown","ReplayTheSpireMod:SealedPack"],"picked":"Calling Bell"},{"not_picked":["Replay:Wanted Poster","hubris:GrandSneckoEye"],"picked":"TheCursedMod:BlackMagicAdvanced"}],"items_purged_floors":[],"is_endless":false,"potions_floor_spawned":[2,4,13,14,18,24,33,35,36],"killed_by":"Nightmare_Alpha","ascension_level":0}}