{"host":"350rh84kbmtekt58","time":1612331153,"event":{"mods":["AchievementEnabler","Act Like it!","BaseMod","Better Synergies","Block Reminder","CapriCore","Challenge The Spire","Colored Map","Colored Powertips","Communication Mod","Downfall","Energized Spire","Friendly Minions","GifTheSpireLib","Highlight Path","Minty Spire (QoL Compilation)","Quick Restart","Replay The Spire","Shop Mod","StSLib","The Animator","The Disciple","The Immortal","The Marked","The Runesmith","The Servant 0.9.4","The Wild Card","Transform Curses","yUi"],"gold_per_floor":[114,114,124,137,100,100,111,142,142,142,159,159,172,202,202,298,298,309,319,148,163,179,179,96,96,96,124,49,49,49],"floor_reached":29,"language":"ENG","playtime":2138,"items_purged":[],"score":255,"play_id":"af9992e8-407e-4e74-9d2f-2d2a764612d7","local_time":"20210202234553","is_ascension_mode":false,"campfire_choices":[{"data":"Runesmith:Fortify","floor":6,"key":"SMITH"},{"data":"Runesmith:PoweredAnvil","floor":10,"key":"SMITH"},{"floor":15,"key":"REST"},{"floor":23,"key":"REST"},{"data":"Apotheosis","floor":25,"key":"SMITH"}],"circlet_count":0,"master_deck":["Runesmith:Strike_RS","Runesmith:Strike_RS","Runesmith:Strike_RS","Runesmith:Strike_RS","Runesmith:Defend_RS","Runesmith:Defend_RS","Runesmith:Defend_RS","Runesmith:CraftFirestone+1","Runesmith:Fortify+1","Runesmith:ChiselStab","Runesmith:PoweredAnvil+1","Runesmith:Repurpose","Runesmith:LithiumIon","Runesmith:Permafrost","Runesmith:CraftMagma","Runesmith:HeatedChisel","Runesmith:ElementalConversion","Runesmith:ArcReactor","Runesmith:RuneHurl","Runesmith:HammerThrow","Apotheosis+1","Runesmith:ShiftingStrike","Runesmith:ChiselStab","Runesmith:Permafrost"],"relics":["Runesmith:BrokenRuby","NeowsBlessing","Divine Protection","HornCleat","Runesmith:MiniCore","Busted Crown","Replay:Wax Seal","Snack Pack","Blue Doll"],"acts_visited":["Exordium","TheCity"],"potions_floor_usage":[14,14,22],"damage_taken":[{"damage":0,"enemies":"Jaw Worm","floor":1,"turns":1},{"damage":0,"enemies":"2 Louse","floor":3,"turns":1},{"damage":0,"enemies":"Cultist","floor":4,"turns":1},{"damage":0,"enemies":"2 Fungi Beasts","floor":7,"turns":4},{"damage":20,"enemies":"Gremlin Nob","floor":8,"turns":5},{"damage":8,"enemies":"Blue Slaver","floor":11,"turns":4},{"damage":0,"enemies":"3 Louse","floor":13,"turns":4},{"damage":21,"enemies":"3 Sentries","floor":14,"turns":8},{"damage":27,"enemies":"Fading Forest","floor":16,"turns":11},{"damage":2,"enemies":"3 Byrds","floor":18,"turns":4},{"damage":0,"enemies":"Spheric Guardian","floor":19,"turns":4},{"damage":10,"enemies":"3 Cultists","floor":21,"turns":5},{"damage":10,"enemies":"Snake Plant","floor":22,"turns":5},{"damage":8,"enemies":"Replay:Snechameleon","floor":27,"turns":4},{"damage":65,"enemies":"Slavers","floor":29,"turns":4}],"seed_played":"-8838939507492164826","potions_obtained":[{"floor":4,"key":"Elixir"},{"floor":7,"key":"Elixir"},{"floor":13,"key":"SpeedPotion"},{"floor":19,"key":"Ancient Potion"}],"is_trial":false,"path_per_floor":["M","?","M","M","$","R","M","E","T","R","M","?","M","E","R","B",null,"M","M","$","M","M","R","$","R","T","E","?","E"],"character_chosen":"RUNESMITH_CLASS","items_purchased":["Runesmith:LithiumIon","Apotheosis","Replay:Wax Seal"],"campfire_rested":2,"item_purchase_floors":[5,20,24],"current_hp_per_floor":[70,70,70,70,70,70,70,50,50,50,42,70,70,49,70,43,70,68,68,68,58,48,69,69,69,69,62,62,0,0],"gold":49,"neow_bonus":"THREE_ENEMY_KILL","is_daily":false,"chose_seed":false,"campfire_upgraded":3,"win_rate":0.0,"timestamp":1612331153,"path_taken":["M","?","M","M","$","R","M","E","T","R","M","?","M","E","R","BOSS","M","?","$","M","M","R","$","R","T","E","?","E"],"items_purchased_type":["Card","Card","Relic"],"build_version":"2020-12-22","purchased_purges":0,"victory":false,"max_hp_per_floor":[70,70,70,70,70,70,70,70,70,70,70,70,70,70,70,70,70,70,70,70,70,70,70,70,70,70,70,70,70,70],"card_choices":[{"not_picked":["Runesmith:Reinforce","Runesmith:CraftMagma"],"picked":"Runesmith:ChiselStab","floor":1},{"not_picked":["Runesmith:Repurpose","Runesmith:HeatedChisel"],"picked":"Runesmith:PoweredAnvil","floor":3},{"not_picked":["Runesmith:HammerAndChisel","Runesmith:ShiftingStrike"],"picked":"Runesmith:Repurpose","floor":4},{"not_picked":["Runesmith:ShiftingStrike","Runesmith:Overpower"],"picked":"Runesmith:Malloc","floor":7},{"not_picked":["Runesmith:Superposition","Runesmith:UnstableHammer"],"picked":"Runesmith:Permafrost","floor":8},{"not_picked":["Runesmith:MakeshiftArmor","Runesmith:Overpower"],"picked":"Runesmith:CraftMagma","floor":11},{"not_picked":["Runesmith:BackupBattery","Runesmith:CraftMagma"],"picked":"Runesmith:HeatedChisel","floor":13},{"not_picked":["Runesmith:CraftMagma","Runesmith:HammerAndChisel"],"picked":"Runesmith:ElementalConversion","floor":14},{"not_picked":["Runesmith:Duplicate","Runesmith:MetallurgicalResearch"],"picked":"Runesmith:ArcReactor","floor":16},{"not_picked":[],"picked":"Runesmith:RuneHurl","floor":18},{"not_picked":[],"picked":"Runesmith:HammerThrow","floor":19},{"not_picked":[],"picked":"Runesmith:ShiftingStrike","floor":21},{"not_picked":[],"picked":"Runesmith:ChiselStab","floor":22},{"not_picked":[],"picked":"Runesmith:Permafrost","floor":27}],"player_experience":230278,"relics_obtained":[{"floor":8,"key":"Divine Protection"},{"floor":9,"key":"HornCleat"},{"floor":14,"key":"Runesmith:MiniCore"},{"floor":26,"key":"Snack Pack"},{"floor":27,"key":"Blue Doll"}],"event_choices":[{"cards_removed":["Runesmith:Malloc"],"damage_healed":28,"gold_gain":0,"player_choice":"Offered Uncommon","damage_taken":0,"max_hp_gain":0,"max_hp_loss":0,"event_name":"Bonfire Elementals","floor":12,"gold_loss":0},{"cards_removed":["Runesmith:Defend_RS"],"damage_healed":0,"gold_gain":0,"player_choice":"Gave Gold","damage_taken":0,"max_hp_gain":0,"max_hp_loss":0,"event_name":"Beggar","floor":28,"gold_loss":75}],"is_beta":false,"boss_relics":[{"not_picked":["Runesmith:UraniumAnvil","Velvet Choker"],"picked":"Busted Crown"}],"items_purged_floors":[],"is_endless":false,"potions_floor_spawned":[4,7,13,19],"killed_by":"Slavers","ascension_level":0}}