{"host":"mvi9b5ih1d2nn41h","time":1612320095,"event":{"mods":["BaseMod","Card Forge","Minty Spire (QoL Compilation)","No Card Rewards","StSLib","UnlockEverythingMod"],"gold_per_floor":[109,120,132,151,226,226,252,272,298,331,346,346,360,360,360,464,464,479,43,43,58,70,70,70,81,81,101,101,116,48,79,79,182,182,193,193,193,203,222,222,222],"floor_reached":40,"language":"ENG","playtime":3511,"items_purged":["Neutralize"],"score":422,"play_id":"9ce47dde-29ac-49be-a061-e6f5c2f0f768","local_time":"20210202204135","is_ascension_mode":false,"campfire_choices":[{"floor":6,"key":"REST"},{"floor":15,"key":"REST"},{"floor":23,"key":"REST"},{"data":"A Thousand Cuts","floor":32,"key":"SMITH"}],"circlet_count":0,"master_deck":["Anger","Fire Breathing","WreathOfFlame","Conserve Battery","A Thousand Cuts+1","Force Field","Sanctity","Go for the Eyes","Deflect","Armaments","Prepared","Anger","Heatsinks","Gash","Reinforced Body","Hello World+1","CurseOfTheBell","Madness","Madness"],"relics":["Cracked Core","Thread and Needle","Paper Crane","Peace Pipe","Ancient Tea Set","Nuclear Battery","White Beast Statue","Nloth\u0027s Gift","Frozen Egg 2","Happy Flower","Calling Bell","PreservedInsect","StrikeDummy","Gambling Chip"],"acts_visited":["Exordium","TheCity","TheBeyond"],"potions_floor_usage":[8,10,13,22,25,29,31,33,33,33,39,39,39,40],"damage_taken":[{"damage":1,"enemies":"Cultist","floor":1,"turns":4},{"damage":0,"enemies":"Jaw Worm","floor":2,"turns":4},{"damage":0,"enemies":"Small Slimes","floor":3,"turns":4},{"damage":0,"enemies":"Exordium Thugs","floor":4,"turns":4},{"damage":14,"enemies":"3 Sentries","floor":7,"turns":5},{"damage":0,"enemies":"Large Slime","floor":8,"turns":5},{"damage":10,"enemies":"Lagavulin","floor":10,"turns":6},{"damage":1,"enemies":"Blue Slaver","floor":11,"turns":3},{"damage":7,"enemies":"Gremlin Gang","floor":13,"turns":3},{"damage":28,"enemies":"The Guardian","floor":16,"turns":11},{"damage":0,"enemies":"Chosen","floor":18,"turns":5},{"damage":8,"enemies":"Spheric Guardian","floor":21,"turns":5},{"damage":14,"enemies":"Snake Plant","floor":22,"turns":6},{"damage":4,"enemies":"3 Cultists","floor":25,"turns":6},{"damage":8,"enemies":"Cultist and Chosen","floor":27,"turns":6},{"damage":1,"enemies":"Snake Plant","floor":29,"turns":7},{"damage":6,"enemies":"Slavers","floor":31,"turns":7},{"damage":15,"enemies":"Automaton","floor":33,"turns":10},{"damage":11,"enemies":"Orb Walker","floor":35,"turns":4},{"damage":9,"enemies":"3 Darklings","floor":38,"turns":6},{"damage":40,"enemies":"Sphere and 2 Shapes","floor":39,"turns":6},{"damage":22,"enemies":"Reptomancer","floor":40,"turns":2}],"seed_played":"8350873579861403104","potions_obtained":[{"floor":1,"key":"SkillPotion"},{"floor":7,"key":"Energy Potion"},{"floor":10,"key":"Fruit Juice"},{"floor":13,"key":"SpeedPotion"},{"floor":16,"key":"Swift Potion"},{"floor":21,"key":"SneckoOil"},{"floor":22,"key":"DistilledChaos"},{"floor":25,"key":"EssenceOfSteel"},{"floor":27,"key":"Regen Potion"},{"floor":28,"key":"DuplicationPotion"},{"floor":29,"key":"FocusPotion"},{"floor":31,"key":"Regen Potion"},{"floor":33,"key":"BlessingOfTheForge"},{"floor":35,"key":"DuplicationPotion"},{"floor":38,"key":"Ancient Potion"},{"floor":39,"key":"LiquidMemories"}],"is_trial":true,"path_per_floor":["M","M","M","M","?","R","E","M","T","E","M","?","M","?","R","B",null,"M","$","?","M","M","R","?","M","T","M","?","M","$","E","R","B",null,"M","?","?","M","M","E"],"character_chosen":"DEFECT","items_purchased":["White Beast Statue","Heatsinks","Gash","Hello World+1"],"campfire_rested":3,"item_purchase_floors":[19,19,19,30],"current_hp_per_floor":[74,74,74,74,63,75,61,61,61,56,55,55,48,48,72,44,80,80,80,80,72,58,80,80,76,76,68,68,80,80,74,74,65,80,69,69,59,50,10,0,0],"gold":222,"neow_bonus":"","is_daily":false,"chose_seed":true,"campfire_upgraded":1,"win_rate":0.0,"timestamp":1612320095,"path_taken":["M","?","M","M","?","R","E","M","T","E","M","?","?","?","R","BOSS","M","$","?","M","?","R","?","M","T","M","?","?","?","E","R","BOSS","M","?","?","M","M","E"],"items_purchased_type":["Relic","Card","Card","Card"],"build_version":"2020-12-22","purchased_purges":1,"victory":false,"max_hp_per_floor":[75,75,75,75,75,75,75,75,75,80,80,80,80,80,80,80,80,80,80,80,80,80,80,80,80,80,80,80,80,80,80,80,80,80,80,80,80,80,80,80,80],"card_choices":[],"player_experience":184504,"relics_obtained":[{"floor":7,"key":"Peace Pipe"},{"floor":9,"key":"Ancient Tea Set"},{"floor":10,"key":"Bag of Marbles"},{"floor":26,"key":"Frozen Egg 2"},{"floor":31,"key":"Happy Flower"},{"floor":34,"key":"PreservedInsect"},{"floor":34,"key":"StrikeDummy"},{"floor":34,"key":"Gambling Chip"}],"event_choices":[{"damage_healed":0,"gold_gain":75,"player_choice":"Gather Gold","damage_taken":11,"max_hp_gain":0,"max_hp_loss":0,"event_name":"World of Goop","floor":5,"gold_loss":0},{"cards_removed":["MentalFortress"],"damage_healed":0,"gold_gain":0,"player_choice":"Purged","damage_taken":0,"max_hp_gain":0,"max_hp_loss":0,"event_name":"Purifier","floor":12,"gold_loss":0},{"damage_healed":0,"gold_gain":0,"player_choice":"Ignored","damage_taken":0,"max_hp_gain":0,"max_hp_loss":0,"event_name":"Golden Wing","floor":14,"gold_loss":0},{"damage_healed":0,"gold_gain":0,"player_choice":"Traded Relic","damage_taken":0,"relics_obtained":["Nloth\u0027s Gift"],"max_hp_gain":0,"max_hp_loss":0,"event_name":"N\u0027loth","floor":20,"relics_lost":["Bag of Marbles"],"gold_loss":0},{"damage_healed":0,"gold_gain":0,"player_choice":"Read","damage_taken":0,"max_hp_gain":0,"max_hp_loss":0,"event_name":"The Library","floor":24,"gold_loss":0,"cards_obtained":["Reinforced Body"]},{"damage_healed":0,"gold_gain":0,"player_choice":"Got Potions","damage_taken":0,"max_hp_gain":0,"max_hp_loss":0,"event_name":"Lab","floor":28,"gold_loss":0},{"cards_removed":["Strike_B"],"damage_healed":0,"gold_gain":0,"player_choice":"Removed Attack","damage_taken":0,"max_hp_gain":0,"max_hp_loss":0,"event_name":"Falling","floor":36,"gold_loss":0},{"damage_healed":0,"gold_gain":0,"player_choice":"Embrace Madness","damage_taken":10,"max_hp_gain":0,"max_hp_loss":0,"event_name":"Winding Halls","floor":37,"gold_loss":0,"cards_obtained":["Madness","Madness"]}],"is_beta":false,"boss_relics":[{"not_picked":["Snecko Eye","FrozenCore"],"picked":"Nuclear Battery"},{"not_picked":["Velvet Choker","Runic Dome"],"picked":"Calling Bell"}],"items_purged_floors":[19],"is_endless":false,"potions_floor_spawned":[1,7,10,13,16,21,22,25,27,29,31,33,35,38,39],"killed_by":"Reptomancer","ascension_level":0}}