{"host":"52m1o8iwwagurbjs","time":1612361807,"event":{"mods":["AchievementEnabler","BaseMod","Bestiary","Colored Powertips","GifTheSpireLib","Minty Spire (QoL Compilation)","Quick Restart","RNG Fix","Relic Stats","StSLib"],"gold_per_floor":[116,134,134,209,284,284,140,140,140,166,184,6,6,17,17,17,17],"floor_reached":16,"language":"ENG","playtime":453,"items_purged":["Strike_B"],"score":103,"play_id":"c157d16a-c25e-41b3-ab13-6f425536c946","local_time":"20210203091647","is_ascension_mode":true,"campfire_choices":[{"data":"Streamline","floor":6,"key":"SMITH"},{"data":"Seek","floor":8,"key":"SMITH"},{"floor":13,"key":"REST"},{"data":"Chaos","floor":15,"key":"SMITH"}],"circlet_count":0,"master_deck":["Strike_B","Strike_B+1","Strike_B+1","Defend_B","Defend_B+1","Defend_B","Defend_B+1","Zap","Dualcast","Streamline+1","Cold Snap","Chaos+1","Gash","Sweeping Beam","Seek+1","Rebound","Leap","Gash","Seek"],"relics":["Cracked Core","Smiling Mask","Orrery","Ice Cream","War Paint"],"acts_visited":["Exordium"],"potions_floor_usage":[],"damage_taken":[{"damage":15,"enemies":"Jaw Worm","floor":1,"turns":4},{"damage":0,"enemies":"2 Louse","floor":2,"turns":2},{"damage":19,"enemies":"3 Sentries","floor":10,"turns":7},{"damage":1,"enemies":"Small Slimes","floor":11,"turns":3},{"damage":12,"enemies":"Blue Slaver","floor":14,"turns":2},{"damage":17,"enemies":"Hexaghost","floor":16,"turns":9}],"seed_played":"4452932048974849974","potions_obtained":[{"floor":1,"key":"Swift Potion"},{"floor":10,"key":"Block Potion"}],"is_trial":false,"path_per_floor":["M","M","?","?","?","R","$","R","T","E","M","$","R","M","R","B"],"character_chosen":"DEFECT","items_purchased":["Orrery","Seek","AttackPotion"],"campfire_rested":1,"item_purchase_floors":[7,12,12],"current_hp_per_floor":[60,60,45,34,27,27,27,27,27,8,7,7,29,17,17,0,0],"gold":17,"neow_bonus":"RANDOM_COMMON_RELIC","is_daily":false,"chose_seed":false,"campfire_upgraded":3,"win_rate":0.0,"timestamp":1612361807,"path_taken":["M","M","?","?","?","R","$","R","T","E","M","?","R","M","R","BOSS"],"items_purchased_type":["Relic","Card","Potion"],"build_version":"2020-12-22","purchased_purges":1,"victory":false,"max_hp_per_floor":[75,75,75,75,75,75,75,75,75,75,75,75,75,75,75,75,75],"relic_stats":{"counters":[6,27],"War Paint":["Defend_B","Defend_B"],"Smiling Mask":25,"obtain_stats":[{"Ice Cream":9,"Orrery":7,"War Paint":10,"Cracked Core":0,"Smiling Mask":0},{"Ice Cream":2,"Orrery":2,"War Paint":3,"Cracked Core":0,"Smiling Mask":0},{"Ice Cream":6,"Orrery":6,"War Paint":13,"Cracked Core":0,"Smiling Mask":0}]},"card_choices":[{"not_picked":["Fusion","Turbo"],"picked":"Streamline","floor":1},{"not_picked":["Darkness","Beam Cell"],"picked":"Cold Snap","floor":2},{"not_picked":["Storm","Turbo"],"picked":"Chaos","floor":7},{"not_picked":["Scrape","Streamline"],"picked":"Gash","floor":7},{"not_picked":["Turbo","Gash"],"picked":"Sweeping Beam","floor":7},{"not_picked":["Skim","Gash"],"picked":"Seek","floor":7},{"not_picked":["Melter","Hello World"],"picked":"Rebound","floor":7},{"not_picked":["Heatsinks","Recycle"],"picked":"Leap","floor":10},{"not_picked":["Streamline","Loop"],"picked":"Gash","floor":11},{"not_picked":["Sweeping Beam","Rebound","Compile Driver"],"picked":"SKIP","floor":14},{"not_picked":["Sweeping Beam","Rebound","Compile Driver"],"picked":"SKIP","floor":14}],"player_experience":1294503,"relics_obtained":[{"floor":9,"key":"Ice Cream"},{"floor":10,"key":"War Paint"}],"event_choices":[{"damage_healed":0,"gold_gain":0,"player_choice":"Entered Light","damage_taken":15,"max_hp_gain":0,"max_hp_loss":0,"event_name":"Shining Light","floor":3,"gold_loss":0,"cards_upgraded":["Strike_B","Strike_B"]},{"damage_healed":0,"gold_gain":75,"player_choice":"Gather Gold","damage_taken":11,"max_hp_gain":0,"max_hp_loss":0,"event_name":"World of Goop","floor":4,"gold_loss":0},{"damage_healed":0,"gold_gain":75,"player_choice":"Touch","damage_taken":7,"max_hp_gain":0,"max_hp_loss":0,"event_name":"FaceTrader","floor":5,"gold_loss":0}],"is_beta":false,"boss_relics":[],"items_purged_floors":[12],"is_endless":false,"potions_floor_spawned":[1,10,14],"killed_by":"Hexaghost","ascension_level":1}}