{"host":"kh6fvhxn285ncg0o","time":1612313069,"event":{"mods":["Act Like it!","BaseMod","Colored Map","Friendly Minions","Keyboard Shortcuts","Minty Spire (QoL Compilation)","Quick Restart","Relic Stats","StSLib","SuperFastMode","UnlockEverythingMod"],"gold_per_floor":[118,193,193,207,225,225,250,250,250,262,262,292,317,347,347,421,421,431,431,431,444,203,229,229,259,259,269,297,297,332,349,349,422,422,434,434,434,156,175,204,204,231,231,231,231,559,584,617,617,617,617,617,617,113,140,140],"floor_reached":57,"language":"KOR","playtime":2501,"items_purged":["Strike_R","Strike_R+1","Defend_R"],"score":3495,"play_id":"42eefa40-2d24-41cd-8277-0508d1226144","local_time":"20210203094429","is_ascension_mode":true,"campfire_choices":[{"data":"Uppercut","floor":6,"key":"SMITH"},{"data":"Immolate","floor":8,"key":"SMITH"},{"data":"Disarm","floor":11,"key":"SMITH"},{"data":"Flame Barrier","floor":15,"key":"SMITH"},{"data":"Strike_R","floor":24,"key":"PURGE"},{"data":"Strike_R","floor":29,"key":"PURGE"},{"data":"Power Through","floor":32,"key":"SMITH"},{"data":"Discovery","floor":41,"key":"SMITH"},{"floor":44,"key":"RECALL"},{"data":"Bash+1","floor":49,"key":"PURGE"},{"data":"Defend_R","floor":53,"key":"PURGE"}],"circlet_count":0,"master_deck":["AscendersBane","Defend_R+1","Defend_R+1","CurseOfTheBell","Disarm+1","Uppercut+1","Immolate+1","Flame Barrier+1","Feed","Power Through+1","Burning Pact","Shrug It Off","Exhume","Evolve","Discovery+1","Shockwave","Impervious","Entrench","Transmutation","Juggernaut"],"relics":["Calling Bell","Regal Pillow","Paper Frog","Mango","HornCleat","Pantograph","Bag of Preparation","War Paint","Peace Pipe","Snecko Eye","Centennial Puzzle","Whetstone","Happy Flower","Dead Branch","Tiny Chest","Lantern","Sozu","Vajra","Bottled Lightning","FossilizedHelix","Old Coin","Anchor","Blood Vial","Red Skull","Shuriken"],"acts_visited":["Exordium","TheCity","TheBeyond","TheEnding"],"potions_floor_usage":[7,12,21,28,33,56],"damage_taken":[{"damage":14,"enemies":"Jaw Worm","floor":1,"turns":5},{"damage":2,"enemies":"Small Slimes","floor":4,"turns":4},{"damage":1,"enemies":"Cultist","floor":5,"turns":3},{"damage":30,"enemies":"3 Sentries","floor":7,"turns":8},{"damage":0,"enemies":"Exordium Wildlife","floor":10,"turns":2},{"damage":11,"enemies":"Lagavulin","floor":12,"turns":5},{"damage":4,"enemies":"3 Sentries","floor":14,"turns":4},{"damage":14,"enemies":"The Guardian","floor":16,"turns":11},{"damage":0,"enemies":"Shell Parasite","floor":18,"turns":3},{"damage":18,"enemies":"2 Thieves","floor":21,"turns":4},{"damage":13,"enemies":"Slavers","floor":23,"turns":6},{"damage":6,"enemies":"Gremlin Leader","floor":25,"turns":5},{"damage":11,"enemies":"Shelled Parasite and Fungi","floor":27,"turns":4},{"damage":0,"enemies":"Book of Stabbing","floor":28,"turns":3},{"damage":0,"enemies":"Gremlin Leader","floor":30,"turns":4},{"damage":1,"enemies":"Chosen and Byrds","floor":31,"turns":6},{"damage":55,"enemies":"Champ","floor":33,"turns":13},{"damage":0,"enemies":"Orb Walker","floor":35,"turns":2},{"damage":0,"enemies":"3 Shapes","floor":39,"turns":7},{"damage":1,"enemies":"Reptomancer","floor":40,"turns":5},{"damage":9,"enemies":"Giant Head","floor":42,"turns":5},{"damage":0,"enemies":"Nemesis","floor":46,"turns":9},{"damage":29,"enemies":"Reptomancer","floor":48,"turns":8},{"damage":0,"enemies":"Donu and Deca","floor":50,"turns":14},{"damage":0,"enemies":"Time Eater","floor":51,"turns":19},{"damage":0,"enemies":"Shield and Spear","floor":55,"turns":9},{"damage":92,"enemies":"The Heart","floor":56,"turns":11}],"seed_played":"-8130116679353302362","potions_obtained":[{"floor":1,"key":"AttackPotion"},{"floor":5,"key":"Fruit Juice"},{"floor":10,"key":"BloodPotion"},{"floor":12,"key":"LiquidMemories"},{"floor":21,"key":"Dexterity Potion"},{"floor":28,"key":"SkillPotion"}],"is_trial":false,"path_per_floor":["M","?","?","M","M","R","E","R","T","M","R","E","T","E","R","B",null,"M","?","T","M","$","E","R","E","T","M","E","R","E","M","R","B",null,"M","?","?","$","M","E","R","E","T","R","$","E","T","E","R","B","B",null,"R","$","E","B",null],"character_chosen":"IRONCLAD","items_purchased":["Centennial Puzzle","Evolve","Discovery","Transmutation","Red Skull"],"campfire_rested":0,"item_purchase_floors":[22,38,38,54,54],"current_hp_per_floor":[68,57,57,55,54,54,24,24,24,24,24,18,18,14,14,25,77,80,80,80,85,85,75,75,72,72,61,61,61,64,66,66,36,93,96,96,96,96,105,108,108,99,99,99,99,102,102,73,73,100,125,125,125,125,125,33],"gold":140,"neow_bonus":"BOSS_RELIC","is_daily":false,"chose_seed":false,"campfire_upgraded":6,"win_rate":0.0,"timestamp":1612313069,"path_taken":["M","?","?","?","M","R","E","R","T","M","R","E","?","E","R","BOSS","M","?","?","M","$","E","R","E","T","M","E","R","E","M","R","BOSS","M","?","?","$","?","E","R","E","T","R","$","E","?","E","R","BOSS","BOSS","R","$","E","BOSS"],"items_purchased_type":["Relic","Card","Card","Card","Relic"],"build_version":"2020-12-22","purchased_purges":3,"victory":true,"max_hp_per_floor":[89,89,89,89,89,89,89,89,89,89,89,94,94,94,94,94,94,97,97,97,100,100,103,103,106,106,106,106,106,109,112,112,112,112,115,109,109,109,118,122,122,122,122,122,122,125,125,125,125,125,125,125,125,125,125,125],"relic_stats":{"Regal Pillow":0,"Happy Flower":[39],"counters":[27,179],"Dead Branch":[184],"Bag of Preparation":[42],"Whetstone":["Strike_R","Strike_R"],"War Paint":["Defend_R","Defend_R"],"Peace Pipe":5,"Sozu":1,"Blood Vial":4,"Centennial Puzzle":[27],"Shuriken":[2],"Pantograph":98,"Snecko Eye":[249,242,224,258],"Tiny Chest":1,"obtain_stats":[{"Regal Pillow":0,"Lantern":30,"Vajra":40,"Mango":0,"Bag of Preparation":12,"Whetstone":23,"Burning Blood":0,"Old Coin":46,"Sozu":34,"Blood Vial":48,"Centennial Puzzle":22,"HornCleat":7,"Pantograph":9,"Tiny Chest":28,"Red Skull":54,"Paper Frog":0,"Happy Flower":25,"Dead Branch":26,"War Paint":13,"Calling Bell":0,"Peace Pipe":14,"Anchor":47,"Shuriken":55,"Snecko Eye":17,"Bottled Lightning":42,"FossilizedHelix":43},{"Regal Pillow":0,"Lantern":15,"Vajra":20,"Mango":0,"Bag of Preparation":6,"Whetstone":11,"Burning Blood":0,"Old Coin":22,"Sozu":17,"Blood Vial":23,"Centennial Puzzle":10,"HornCleat":4,"Pantograph":4,"Tiny Chest":14,"Red Skull":25,"Paper Frog":0,"Happy Flower":12,"Dead Branch":12,"War Paint":6,"Calling Bell":0,"Peace Pipe":7,"Anchor":22,"Shuriken":26,"Snecko Eye":8,"Bottled Lightning":21,"FossilizedHelix":21},{"Regal Pillow":0,"Lantern":71,"Vajra":104,"Mango":0,"Bag of Preparation":27,"Whetstone":55,"Burning Blood":0,"Old Coin":118,"Sozu":90,"Blood Vial":126,"Centennial Puzzle":49,"HornCleat":20,"Pantograph":20,"Tiny Chest":67,"Red Skull":159,"Paper Frog":0,"Happy Flower":60,"Dead Branch":60,"War Paint":27,"Calling Bell":0,"Peace Pipe":31,"Anchor":118,"Shuriken":168,"Snecko Eye":42,"Bottled Lightning":109,"FossilizedHelix":109}]},"card_choices":[{"not_picked":["Rage","Wild Strike"],"picked":"Disarm","floor":1},{"not_picked":["Perfected Strike","Warcry"],"picked":"Uppercut","floor":4},{"not_picked":["Iron Wave","Disarm"],"picked":"Immolate","floor":7},{"not_picked":["Sword Boomerang","Spot Weakness","Inflame"],"picked":"SKIP","floor":10},{"not_picked":["Sever Soul","Pommel Strike","Sword Boomerang"],"picked":"SKIP","floor":12},{"not_picked":["Intimidate","True Grit"],"picked":"Flame Barrier","floor":14},{"not_picked":["Limit Break","Corruption"],"picked":"Feed","floor":16},{"not_picked":["Whirlwind","Cleave","Wild Strike"],"picked":"SKIP","floor":18},{"not_picked":["Heavy Blade","Shrug It Off"],"picked":"Burning Pact","floor":21},{"not_picked":["Sword Boomerang","Perfected Strike","Cleave"],"picked":"SKIP","floor":23},{"not_picked":["Dropkick","Brutality","Wild Strike"],"picked":"SKIP","floor":25},{"not_picked":["Iron Wave","Warcry"],"picked":"Shrug It Off","floor":27},{"not_picked":["Rage+1","Uppercut","Flex"],"picked":"SKIP","floor":28},{"not_picked":["Blood for Blood","Offering","Inflame"],"picked":"SKIP","floor":30},{"not_picked":["Burning Pact","Flex","Headbutt"],"picked":"SKIP","floor":31},{"not_picked":["Juggernaut","Reaper"],"picked":"Exhume","floor":33},{"not_picked":["Body Slam","Spot Weakness","Thunderclap+1"],"picked":"SKIP","floor":35},{"not_picked":["Dual Wield","Blood for Blood+1"],"picked":"Shockwave","floor":39},{"not_picked":["True Grit","Disarm","Perfected Strike"],"picked":"SKIP","floor":40},{"not_picked":["Body Slam+1","Spot Weakness"],"picked":"Impervious","floor":42},{"not_picked":["Exhume","Headbutt"],"picked":"Entrench","floor":46},{"not_picked":["Offering","Pommel Strike","Fire Breathing+1"],"picked":"SKIP","floor":48},{"not_picked":["Headbutt","Power Through+1"],"picked":"Juggernaut","floor":55}],"player_experience":1316905,"relics_obtained":[{"floor":0,"key":"Regal Pillow"},{"floor":0,"key":"Paper Frog"},{"floor":0,"key":"Mango"},{"floor":7,"key":"HornCleat"},{"floor":9,"key":"Pantograph"},{"floor":12,"key":"Bag of Preparation"},{"floor":13,"key":"War Paint"},{"floor":14,"key":"Peace Pipe"},{"floor":23,"key":"Whetstone"},{"floor":25,"key":"Happy Flower"},{"floor":26,"key":"Dead Branch"},{"floor":28,"key":"Tiny Chest"},{"floor":30,"key":"Lantern"},{"floor":40,"key":"Vajra"},{"floor":42,"key":"Bottled Lightning"},{"floor":43,"key":"FossilizedHelix"},{"floor":46,"key":"Old Coin"},{"floor":47,"key":"Anchor"},{"floor":48,"key":"Blood Vial"},{"floor":55,"key":"Shuriken"}],"event_choices":[{"damage_healed":0,"gold_gain":75,"player_choice":"Gather Gold","damage_taken":11,"max_hp_gain":0,"max_hp_loss":0,"event_name":"World of Goop","floor":2,"gold_loss":0},{"damage_healed":0,"gold_gain":0,"player_choice":"Upgraded","damage_taken":0,"max_hp_gain":0,"max_hp_loss":0,"event_name":"Upgrade Shrine","floor":3,"gold_loss":0,"cards_upgraded":["Bash"]},{"damage_healed":0,"gold_gain":0,"player_choice":"Read","damage_taken":0,"max_hp_gain":0,"max_hp_loss":0,"event_name":"The Library","floor":19,"gold_loss":0,"cards_obtained":["Power Through"]},{"damage_healed":0,"gold_gain":0,"player_choice":"Max HP","damage_taken":0,"max_hp_gain":0,"max_hp_loss":6,"event_name":"Winding Halls","floor":36,"gold_loss":0},{"cards_removed":["Strike_R"],"damage_healed":0,"gold_gain":0,"player_choice":"Purged","damage_taken":0,"max_hp_gain":0,"max_hp_loss":0,"event_name":"Purifier","floor":37,"gold_loss":0}],"is_beta":false,"boss_relics":[{"not_picked":["Ectoplasm","Tiny House"],"picked":"Snecko Eye"},{"not_picked":["Busted Crown","Philosopher\u0027s Stone"],"picked":"Sozu"}],"items_purged_floors":[22,38,54],"is_endless":false,"potions_floor_spawned":[1,5,10,12,21,23,28,31,42],"ascension_level":20}}