{"host":"5yoj846f700ld8qy","time":1612380087,"event":{"mods":["AchievementEnabler","Aspiration","BaseMod","Better Altar","Better Match","Better Note","Better Sensory Stone","Better Skull","Better Third Choice","Colored Map","Colored Powertips","Minty Spire (QoL Compilation)","StSLib","UnlockEverythingMod"],"gold_per_floor":[119,119,130,150,162,194,22,22,22],"floor_reached":8,"language":"ENG","playtime":295,"items_purged":[],"score":116,"play_id":"e9a80979-b997-4bf3-a46f-ae45a1c4a6af","local_time":"20210203212127","is_ascension_mode":true,"campfire_choices":[],"circlet_count":0,"master_deck":["AscendersBane","Strike_B","Strike_B","Strike_B","Strike_B","Defend_B","Defend_B","Defend_B","Defend_B","Zap","Dualcast","Beam Cell","Impatience","Sweeping Beam","Ball Lightning","Force Field","Self Repair","Machine Learning"],"relics":["Cracked Core","aspiration:DSix","Omamori"],"acts_visited":["Exordium"],"potions_floor_usage":[5],"damage_taken":[{"damage":6,"enemies":"Cultist","floor":1,"turns":3},{"damage":2,"enemies":"2 Louse","floor":3,"turns":2},{"damage":7,"enemies":"Jaw Worm","floor":4,"turns":3},{"damage":14,"enemies":"Gremlin Gang","floor":5,"turns":3},{"damage":8,"enemies":"Gremlin Nob","floor":6,"turns":3},{"damage":30,"enemies":"3 Sentries","floor":8,"turns":4}],"seed_played":"1000657676833628882","potions_obtained":[{"floor":4,"key":"BlessingOfTheForge"}],"is_trial":false,"path_per_floor":["M","?","M","M","M","E","$","E"],"character_chosen":"DEFECT","items_purchased":["Machine Learning"],"campfire_rested":0,"item_purchase_floors":[7],"current_hp_per_floor":[58,58,56,49,35,27,27,0,0],"gold":22,"neow_bonus":"DSIX","is_daily":false,"chose_seed":false,"campfire_upgraded":0,"win_rate":0.0,"timestamp":1612380087,"path_taken":["M","?","M","M","?","E","?","E"],"items_purchased_type":["Card"],"build_version":"2020-12-22","purchased_purges":0,"victory":false,"max_hp_per_floor":[71,71,71,71,71,71,71,71,71],"card_choices":[{"not_picked":["Sunder","Double Energy"],"picked":"Beam Cell","floor":1},{"not_picked":["Deep Breath","Blind"],"picked":"Impatience","floor":2},{"not_picked":["Hologram","Rebound"],"picked":"Sweeping Beam","floor":3},{"not_picked":["Beam Cell","Barrage"],"picked":"Ball Lightning","floor":4},{"not_picked":["Turbo","Gash"],"picked":"Force Field","floor":5},{"not_picked":["Darkness","Sweeping Beam"],"picked":"Self Repair","floor":6}],"player_experience":427687,"relics_obtained":[{"floor":6,"key":"Omamori"}],"event_choices":[{"damage_healed":0,"gold_gain":1,"player_choice":"1","damage_taken":0,"max_hp_gain":0,"max_hp_loss":0,"event_name":"betterStone:BetterStone","floor":2,"gold_loss":0}],"is_beta":false,"boss_relics":[],"items_purged_floors":[],"is_endless":false,"potions_floor_spawned":[4],"killed_by":"3 Sentries","ascension_level":20}}