{"host":"vdpaduzlq0qlaikq","time":1612320239,"event":{"mods":["AchievementEnabler","BaseMod","Better Third Choice","BetterRewards","Colored Map","Downfall","Gold Saver","Hermit","Jorbs\u0027s Wanderer Trilogy","Minty Spire (QoL Compilation)","Relic Filter","Spicy Shops","StSLib","The Necromancer"],"gold_per_floor":[759,773,773,787,801,801,474,505,529,557,557,511,527,559,559,662,662,673,673,121,156,255,288,298,328,328,343,343,355,130,150,150,245,245,259,109,122,134,146,173,173,188,188,219,234,259,310,32,32,32,32,32,32,61,61],"floor_reached":56,"language":"ENG","playtime":2891,"items_purged":["Tools of the Trade"],"score":2463,"play_id":"1bf67b4c-9d4d-406b-bbcc-5b00fbb79cdb","local_time":"20210203004359","is_ascension_mode":true,"campfire_choices":[{"data":"Infinite Blades","floor":6,"key":"SMITH"},{"data":"Cloak And Dagger","floor":11,"key":"SMITH"},{"data":"Footwork","floor":15,"key":"SMITH"},{"floor":28,"key":"RECALL"},{"data":"Adrenaline","floor":32,"key":"SMITH"},{"data":"Footwork","floor":41,"key":"SMITH"},{"data":"Accuracy","floor":49,"key":"SMITH"},{"data":"Infinite Blades","floor":52,"key":"SMITH"}],"circlet_count":0,"master_deck":["AscendersBane","Strike_G","Strike_G","Strike_G","Strike_G","Strike_G","Defend_G","Defend_G","Defend_G","Defend_G","Defend_G","Survivor","Neutralize","Footwork+1","Footwork+1","Infinite Blades+1","Blade Dance","Dagger Spray","Cloak And Dagger+1","Escape Plan","Adrenaline+1","PiercingWail+1","Backflip+1","Blade Dance","Footwork+1","Blade Dance","Backstab","Infinite Blades+1","Blade Dance+1","Backstab+1","Terror+1","Accuracy+1","Infinite Blades+1","Riddle With Holes+1"],"relics":["Ring of the Serpent","Ninja Scroll","Matryoshka","TwistedFunnel","White Beast Statue","MealTicket","Anchor","Shuriken","Bottled Tornado","Sling","Potion Belt","Eternal Feather","Nunchaku","Strawberry","Omamori","Bronze Scales","betterThird:SlimedRelic","Paper Crane","Pantograph","Toy Ornithopter","HandDrill","Red Mask","Kunai","Art of War","Guardian:PocketSentry","Oddly Smooth Stone","DollysMirror","Philosopher\u0027s Stone","Pen Nib","Bag of Preparation","Pear","TungstenRod","Orichalcum","Incense Burner","Orrery","Snake Skull"],"acts_visited":["Exordium","TheCity","TheBeyond","TheEnding"],"potions_floor_usage":[16,21,55,55,55,55],"damage_taken":[{"damage":0,"enemies":"Jaw Worm","floor":1,"turns":4},{"damage":0,"enemies":"2 Louse","floor":2,"turns":3},{"damage":0,"enemies":"Small Slimes","floor":4,"turns":2},{"damage":0,"enemies":"3 Louse","floor":5,"turns":2},{"damage":15,"enemies":"Lagavulin","floor":8,"turns":4},{"damage":10,"enemies":"3 Sentries","floor":10,"turns":4},{"damage":3,"enemies":"Large Slime","floor":13,"turns":3},{"damage":2,"enemies":"Lagavulin","floor":14,"turns":3},{"damage":9,"enemies":"The Guardian","floor":16,"turns":7},{"damage":0,"enemies":"3 Byrds","floor":18,"turns":3},{"damage":1,"enemies":"Masked Bandits","floor":21,"turns":3},{"damage":4,"enemies":"Book of Stabbing","floor":23,"turns":4},{"damage":2,"enemies":"2 Thieves","floor":24,"turns":3},{"damage":0,"enemies":"Gremlin Leader","floor":25,"turns":4},{"damage":0,"enemies":"Centurion and Healer","floor":27,"turns":3},{"damage":0,"enemies":"Cultist and Chosen","floor":29,"turns":4},{"damage":0,"enemies":"Snecko","floor":31,"turns":4},{"damage":19,"enemies":"Collector","floor":33,"turns":6},{"damage":0,"enemies":"3 Shapes","floor":35,"turns":3},{"damage":0,"enemies":"Orb Walker","floor":37,"turns":2},{"damage":0,"enemies":"Maw","floor":38,"turns":6},{"damage":0,"enemies":"Jaw Worm Horde","floor":39,"turns":2},{"damage":2,"enemies":"Reptomancer","floor":40,"turns":3},{"damage":4,"enemies":"Sphere and 2 Shapes","floor":42,"turns":2},{"damage":0,"enemies":"Giant Head","floor":44,"turns":4},{"damage":0,"enemies":"Transient","floor":45,"turns":5},{"damage":0,"enemies":"Reptomancer","floor":46,"turns":3},{"damage":0,"enemies":"2 Orb Walkers","floor":47,"turns":3},{"damage":40,"enemies":"Time Eater","floor":50,"turns":5},{"damage":0,"enemies":"Shield and Spear","floor":54,"turns":2},{"damage":32,"enemies":"The Heart","floor":55,"turns":5}],"seed_played":"-5108464060073642659","potions_obtained":[{"floor":1,"key":"DistilledChaos"},{"floor":2,"key":"SpeedPotion"},{"floor":5,"key":"Explosive Potion"},{"floor":8,"key":"AttackPotion"},{"floor":10,"key":"Fire Potion"},{"floor":13,"key":"Guardian:BlockOnCardUsePotion"},{"floor":18,"key":"Fire Potion"},{"floor":21,"key":"Guardian:BlockOnCardUsePotion"},{"floor":35,"key":"PowerPotion"},{"floor":42,"key":"CunningPotion"}],"is_trial":false,"path_per_floor":["M","M","?","M","M","R","$","E","T","E","R","?","M","E","R","B",null,"M","?","$","?","?","E","M","E","T","M","R","M","$","M","R","B",null,"M","$","M","M","M","E","R","M","T","E","M","E","?","$","R","B",null,"R","$","E","B",null],"character_chosen":"THE_SILENT","items_purchased":["Ninja Scroll","Matryoshka","TwistedFunnel","Footwork","White Beast Statue","MealTicket","Anchor","Footwork","Shuriken","Bottled Tornado","Infinite Blades","Sling","Dagger Spray","Potion Belt","Eternal Feather","Pantograph","Toy Ornithopter","HandDrill","Oddly Smooth Stone","DollysMirror","Pen Nib","Accuracy","Orrery"],"campfire_rested":0,"item_purchase_floors":[0,0,0,0,0,0,0,0,0,0,0,0,7,7,7,20,20,20,30,30,36,48,48],"current_hp_per_floor":[63,63,63,63,63,63,70,55,62,52,64,53,50,48,60,51,71,71,71,77,76,76,72,70,70,70,70,77,77,77,77,77,58,72,72,77,77,77,77,75,77,73,83,83,83,83,83,87,87,47,77,87,87,87,65],"gold":61,"neow_bonus":"","is_daily":false,"chose_seed":false,"campfire_upgraded":7,"win_rate":0.0,"timestamp":1612320239,"path_taken":["M","M","?","M","M","R","$","E","T","E","R","?","M","E","R","BOSS","M","?","$","?","?","E","M","E","T","M","R","M","$","M","R","BOSS","M","$","M","M","M","E","R","M","T","E","M","E","?","$","R","BOSS","R","$","E","BOSS"],"items_purchased_type":["Relic","Relic","Relic","Card","Relic","Relic","Relic","Card","Relic","Relic","Card","Relic","Card","Relic","Relic","Relic","Relic","Relic","Relic","Relic","Relic","Card","Relic"],"build_version":"2020-12-22","purchased_purges":1,"victory":true,"max_hp_per_floor":[70,70,70,70,70,70,70,70,77,77,77,77,77,77,77,77,77,77,77,77,77,77,77,77,77,77,77,77,77,77,77,77,77,77,77,77,77,77,77,77,77,77,87,87,87,87,87,87,87,87,87,87,87,87,87],"card_choices":[{"not_picked":["Quick Slash","Skewer","Noxious Fumes"],"picked":"SKIP","floor":1},{"not_picked":["Escape Plan","Expertise","Backflip"],"picked":"SKIP","floor":2},{"not_picked":["Quick Slash","Outmaneuver"],"picked":"Blade Dance","floor":4},{"not_picked":["Well Laid Plans","Bane","Dagger Throw"],"picked":"SKIP","floor":5},{"not_picked":["Sucker Punch","Footwork"],"picked":"Tools of the Trade","floor":8},{"not_picked":["Underhanded Strike","PiercingWail"],"picked":"Cloak And Dagger","floor":10},{"not_picked":["Deflect","Acrobatics","Outmaneuver"],"picked":"SKIP","floor":13},{"not_picked":["Bane","Distraction"],"picked":"Escape Plan","floor":14},{"not_picked":["Glass Knife","Corpse Explosion"],"picked":"Adrenaline","floor":16},{"not_picked":["Deflect","Quick Slash"],"picked":"PiercingWail+1","floor":18},{"not_picked":["Bane","Deadly Poison"],"picked":"Backflip+1","floor":21},{"not_picked":["PiercingWail","Poisoned Stab"],"picked":"Blade Dance","floor":23},{"not_picked":["Bane+1","Dash"],"picked":"Footwork","floor":24},{"not_picked":["Finisher+1","Slice"],"picked":"Blade Dance","floor":25},{"not_picked":["Tactician+1","Glass Knife","Acrobatics+1"],"picked":"SKIP","floor":27},{"not_picked":["Distraction","Poisoned Stab"],"picked":"Backstab","floor":29},{"not_picked":["Outmaneuver+1","Blade Dance","Poisoned Stab"],"picked":"SKIP","floor":31},{"not_picked":["Poisoned Stab+1","Blade Dance","PiercingWail"],"picked":"SKIP","floor":35},{"not_picked":["Deflect+1","Dagger Throw+1","Sucker Punch+1"],"picked":"SKIP","floor":37},{"not_picked":["Noxious Fumes","Dagger Spray","Slice"],"picked":"SKIP","floor":38},{"not_picked":["Dagger Throw","Choke+1"],"picked":"Blade Dance+1","floor":39},{"not_picked":["Acrobatics+1","Quick Slash+1","Prepared"],"picked":"SKIP","floor":40},{"not_picked":["Die Die Die","Flying Knee+1","Bane"],"picked":"SKIP","floor":42},{"not_picked":["Burst","Cloak And Dagger+1","Blur"],"picked":"SKIP","floor":44},{"not_picked":["Poisoned Stab+1","Backflip+1"],"picked":"Backstab+1","floor":45},{"not_picked":["Underhanded Strike+1","PiercingWail"],"picked":"Terror+1","floor":46},{"not_picked":["Deadly Poison","Well Laid Plans+1"],"picked":"Infinite Blades","floor":48},{"not_picked":["Poisoned Stab","Bane"],"picked":"Riddle With Holes+1","floor":48},{"not_picked":["Poisoned Stab+1","Skewer+1","Crippling Poison"],"picked":"SKIP","floor":54}],"player_experience":712605,"relics_obtained":[{"floor":8,"key":"Nunchaku"},{"floor":9,"key":"Strawberry"},{"floor":9,"key":"Omamori"},{"floor":10,"key":"Bronze Scales"},{"floor":14,"key":"Paper Crane"},{"floor":21,"key":"Red Mask"},{"floor":23,"key":"Kunai"},{"floor":25,"key":"Art of War"},{"floor":26,"key":"Guardian:PocketSentry"},{"floor":40,"key":"Bag of Preparation"},{"floor":43,"key":"Pear"},{"floor":44,"key":"TungstenRod"},{"floor":46,"key":"Orichalcum"},{"floor":47,"key":"Incense Burner"},{"floor":54,"key":"Snake Skull"}],"event_choices":[{"damage_healed":0,"gold_gain":0,"player_choice":"Grow","damage_taken":0,"max_hp_gain":0,"max_hp_loss":0,"event_name":"Living Wall","floor":3,"gold_loss":0,"cards_upgraded":["Footwork"]},{"damage_healed":0,"gold_gain":0,"player_choice":"Slimed","damage_taken":11,"max_hp_gain":0,"max_hp_loss":0,"event_name":"betterThird:BetterGoop","floor":12,"gold_loss":46},{"damage_healed":0,"gold_gain":0,"player_choice":"Fought Bandits","damage_taken":0,"max_hp_gain":0,"max_hp_loss":0,"event_name":"Masked Bandits","floor":21,"gold_loss":0},{"damage_healed":0,"gold_gain":99,"player_choice":"Steal","damage_taken":0,"max_hp_gain":0,"max_hp_loss":0,"event_name":"betterThird:BetterNest","floor":22,"gold_loss":0},{"damage_healed":0,"gold_gain":0,"player_choice":"Fight","damage_taken":0,"max_hp_gain":0,"max_hp_loss":0,"event_name":"Mysterious Sphere","floor":47,"gold_loss":0}],"is_beta":false,"boss_relics":[{"not_picked":["Pandora\u0027s Box","Velvet Choker"],"picked":"Ring of the Serpent"},{"not_picked":["Runic Pyramid","Runic Dome"],"picked":"Philosopher\u0027s Stone"}],"items_purged_floors":[48],"is_endless":false,"potions_floor_spawned":[1,2,4,5,8,10,13,14,16,18,21,23,24,25,27,29,31,33,35,37,38,39,40,42,44,45,46,47,54],"ascension_level":11}}