{"host":"7z347kdhnquy3q4q","time":1612319142,"event":{"mods":["Act Like it!","Aspiration","BaseMod","Downfall","Hubris","Minty Spire (QoL Compilation)","MostiFishMod","Permanent Neow","Potionbrewer","Robot Space Explorer","Spicy Shops","StSLib","The Marked","Wandering Minibosses"],"gold_per_floor":[118,118,128,143,157,157,182,182,259,259,271,283,283,316,316,419,419,429,429],"floor_reached":18,"language":"ENG","playtime":1061,"items_purged":[],"score":384,"play_id":"bfcb5b86-d82d-4181-8105-4191e96539f0","local_time":"20210202202542","is_ascension_mode":true,"campfire_choices":[{"data":"theMarked:ComboAttacks","floor":6.0,"key":"SMITH"},{"data":"theMarked:BindingBlade","floor":8.0,"key":"SMITH"},{"data":"theMarked:Improvise","floor":10.0,"key":"SMITH"},{"floor":15.0,"key":"DIG"}],"circlet_count":1,"master_deck":["theMarked:Strike","theMarked:Strike","theMarked:Strike","theMarked:Strike","theMarked:Strike","theMarked:Defend","theMarked:Defend","theMarked:Defend","theMarked:Defend","theMarked:SoldierOfQuellstein","theMarked:Improvise+1","theMarked:SelfDefenseTraining","theMarked:ComboAttacks+1","theMarked:BindingBlade+1","theMarked:MagusForm","theMarked:ElectricStrings","theMarked:Abjuration","Madness","Madness","theMarked:WardOff","theMarked:DispelDoubt"],"relics":["DaveBox","PatriotShield","Circlet","SynthV:TestCard","hubris:Icosahedron","Happy Flower","potionbrewer:MortarAndPestle","hubris:FunFungus","GuanYuAspect","wanderingMiniBosses:Blackblade"],"acts_visited":["Exordium","TheCity"],"potions_floor_usage":[],"damage_taken":[{"damage":0.0,"enemies":"Small Slimes","floor":1.0,"turns":1.0},{"damage":0.0,"enemies":"2 Louse","floor":3.0,"turns":1.0},{"damage":0.0,"enemies":"Jaw Worm","floor":4.0,"turns":1.0},{"damage":0.0,"enemies":"Looter","floor":5.0,"turns":1.0},{"damage":0.0,"enemies":"Gremlin Nob","floor":7.0,"turns":2.0},{"damage":0.0,"enemies":"Large Slime","floor":11.0,"turns":1.0},{"damage":0.0,"enemies":"Exordium Wildlife","floor":12.0,"turns":2.0},{"damage":0.0,"enemies":"Lagavulin","floor":14.0,"turns":3.0},{"damage":0.0,"enemies":"Fading Forest","floor":16.0,"turns":8.0},{"damage":10.0,"enemies":"3 Byrds","floor":18.0,"turns":4.0}],"seed_played":"-468593866617035508","potions_obtained":[{"floor":3.0,"key":"BlessingOfTheForge"},{"floor":4.0,"key":"EntropicBrew"},{"floor":5.0,"key":"PowerPotion"},{"floor":12.0,"key":"Swift Potion"},{"floor":16.0,"key":"LiquidBronze"},{"floor":18,"key":"SkillPotion"}],"is_trial":false,"path_per_floor":["?","?","?","?","?","T","E","T","T","T","?","?","?","E","T","B",null,"?"],"character_chosen":"THE_DEFAULT","items_purchased":[],"campfire_rested":0,"item_purchase_floors":[],"current_hp_per_floor":[63,63,63,63,63,63,63,63,63,63,63,68,71,71,71,73,37,37,37],"gold":429,"neow_bonus":"BOSS_RELIC","is_daily":false,"chose_seed":false,"campfire_upgraded":3,"win_rate":0.0,"timestamp":1612319142,"path_taken":["?","?","?","?","?","T","E","T","T","T","?","?","?","E","T","BOSS","?"],"items_purchased_type":[],"build_version":"2020-12-22","purchased_purges":0,"victory":false,"max_hp_per_floor":[70,70,70,70,70,70,70,70,70,70,70,70,73,73,73,73,37,37,37],"card_choices":[{"not_picked":["theMarked:ElectricStrings","theMarked:ResourceFulStrike"],"picked":"theMarked:Improvise","floor":1.0},{"not_picked":["theMarked:Seal","theMarked:Aftermath","theMarked:Memento","theMarked:ContemptForTheProud"],"picked":"theMarked:SelfDefenseTraining","floor":3.0},{"not_picked":["theMarked:TakeCover","theMarked:Aftermath","theMarked:WardOff","theMarked:Improvise"],"picked":"theMarked:ComboAttacks","floor":4.0},{"not_picked":["theMarked:BanishingWave","theMarked:ChainLightning","theMarked:EmpowerWeapon","theMarked:Frustration"],"picked":"theMarked:BindingBlade","floor":5.0},{"not_picked":["theMarked:StartUp","theMarked:ComboAttacks","theMarked:SwordAndMagic","theMarked:SelfDefenseTraining"],"picked":"theMarked:MagusForm","floor":7.0},{"not_picked":["theMarked:HeightenedSenses","theMarked:SwordAndMagic","theMarked:ChainLightning","theMarked:TakeCover"],"picked":"theMarked:ElectricStrings","floor":11.0},{"not_picked":["theMarked:OneWithTheBlade","theMarked:Panic","theMarked:TwofoldDefense","theMarked:Parkour"],"picked":"theMarked:Abjuration","floor":12.0},{"not_picked":["theMarked:Electrify","theMarked:RepellingDischarge","theMarked:KeepCalmAndFight","theMarked:ParalyzingBlade"],"picked":"theMarked:WardOff","floor":14.0},{"not_picked":["theMarked:Levitate","theMarked:Challenge","theMarked:UnarmedFury","theMarked:MagusForm"],"picked":"theMarked:DispelDoubt","floor":16.0}],"player_experience":2037993,"relics_obtained":[{"floor":1.0,"key":"SynthV:TestCard"},{"floor":7.0,"key":"Happy Flower"},{"floor":9.0,"key":"potionbrewer:MortarAndPestle"},{"floor":14.0,"key":"Grinning Jar"},{"floor":15.0,"key":"hubris:FunFungus"},{"floor":18,"key":"wanderingMiniBosses:Blackblade"}],"event_choices":[],"is_beta":false,"boss_relics":[{"not_picked":["GreenFoldingFan","TimeKeys"],"picked":"GuanYuAspect"}],"items_purged_floors":[],"is_endless":false,"potions_floor_spawned":[3,4,5,12,16,18],"killed_by":"3 Byrds","ascension_level":8}}