{"host":"jo2hy1cuyjtes46m","time":1612325181,"event":{"mods":["BaseMod","Challenge The Spire","Downfall","Minty Spire (QoL Compilation)","Quick Restart","StSLib"],"gold_per_floor":[99,110,110,126,143,143,143,159,259,293,293,193,203,220,231,231,231,231],"floor_reached":16,"language":"ENG","playtime":976,"items_purged":[],"score":109,"play_id":"e720bc44-ab33-46ce-9dba-cc107df16811","local_time":"20210203040621","is_ascension_mode":true,"campfire_choices":[{"data":"champ:MurderStrike","floor":1,"key":"SMITH"},{"data":"champ:Taunt","floor":6,"key":"SMITH"},{"floor":12,"key":"REST"}],"circlet_count":0,"master_deck":["champ:Strike","champ:Strike","champ:Strike","champ:Strike","champ:Defend","champ:Defend","champ:Defend","champ:Defend","champ:Execute","champ:Taunt+1","champ:MurderStrike+1","champ:PerfectedStrike","champ:FanOfKnives","champ:Circumvent","champ:FlashCut"],"relics":["champ:ChampionCrown","Calipers","CloakClasp","Kunai","downfall:BrokenWingStatue","downfall:HeartBlessingBlue"],"acts_visited":["Exordium"],"potions_floor_usage":[5,16,16,16],"damage_taken":[{"damage":17,"enemies":"Cultist","floor":2,"turns":5},{"damage":10,"enemies":"Small Slimes","floor":4,"turns":3},{"damage":11,"enemies":"Jaw Worm","floor":5,"turns":3},{"damage":13,"enemies":"2 Fungi Beasts","floor":8,"turns":3},{"damage":60,"enemies":"2 Fungi Beasts","floor":9,"turns":8},{"damage":24,"enemies":"3 Sentries","floor":10,"turns":6},{"damage":2,"enemies":"3 Louse","floor":13,"turns":3},{"damage":32,"enemies":"Exordium Thugs","floor":14,"turns":5},{"damage":0,"enemies":"Blue Slaver","floor":15,"turns":3},{"damage":35,"enemies":"WA_ARCHETYPE_RETAIN","floor":16,"turns":7}],"seed_played":"3429807268114380867","potions_obtained":[{"floor":2,"key":"Fire Potion"},{"floor":10,"key":"hexamod:SoulburnPotion"},{"floor":14,"key":"ColorlessPotion"},{"floor":15,"key":"Block Potion"}],"is_trial":false,"path_per_floor":["R","M","?","M","M","R","T","M","?","E","?","R","M","M","M","B"],"character_chosen":"THE_CHAMP","items_purchased":[],"campfire_rested":1,"item_purchase_floors":[],"current_hp_per_floor":[90,83,58,58,57,57,57,54,26,12,12,49,47,35,35,0,0,0],"gold":231,"neow_bonus":"ONE_RANDOM_RARE_CARD","is_daily":false,"chose_seed":false,"campfire_upgraded":2,"win_rate":0.0,"timestamp":1612325181,"path_taken":["R","M","?","M","M","R","T","M","?","E","?","R","M","M","M","BOSS"],"items_purchased_type":[],"build_version":"2020-12-22","purchased_purges":0,"victory":false,"max_hp_per_floor":[90,90,90,90,90,90,90,90,90,90,90,100,100,100,100,100,100,100],"card_choices":[{"not_picked":["champ:ShieldSlam","champ:TornadoPunch","champ:CrownThrow"],"picked":"SKIP","floor":2},{"not_picked":["champ:GladiatorStyle","champ:BerserkerStyle","champ:PreciseThrust"],"picked":"SKIP","floor":4},{"not_picked":["champ:HeartStrike","champ:FanOfKnives"],"picked":"champ:PerfectedStrike","floor":5},{"not_picked":["champ:Shatter","champ:BladeFlurry","champ:FanOfKnives"],"picked":"SKIP","floor":8},{"not_picked":["champ:Shatter","champ:BladeFlurry"],"picked":"champ:FanOfKnives","floor":8},{"not_picked":["champ:Shatter","champ:CrookedStrike"],"picked":"champ:Circumvent","floor":9},{"not_picked":["champ:BerserkerStyle","champ:RecklessLeap","champ:EndlessRage"],"picked":"SKIP","floor":10},{"not_picked":["champ:DefensiveStyle","champ:Parry","champ:Circumvent"],"picked":"SKIP","floor":13},{"not_picked":["champ:CrookedStrike","champ:CrownThrow"],"picked":"champ:FlashCut","floor":14},{"not_picked":["champ:IronFortress","champ:FanOfKnives","champ:Backstep"],"picked":"SKIP","floor":15}],"player_experience":301539,"relics_obtained":[{"floor":9,"key":"CloakClasp"},{"floor":10,"key":"Kunai"}],"event_choices":[{"damage_healed":0,"gold_gain":0,"player_choice":"Success","damage_taken":25,"relics_obtained":["Calipers"],"max_hp_gain":0,"max_hp_loss":0,"event_name":"Scrap Ooze","floor":3,"gold_loss":0}],"is_beta":false,"boss_relics":[],"items_purged_floors":[],"is_endless":false,"potions_floor_spawned":[2,10,14,15],"killed_by":"WA_ARCHETYPE_RETAIN","ascension_level":1}}