{"host":"q9sqrn60n8lvmavn","time":1612329880,"event":{"mods":["AchievementEnabler","AlwaysNeverKeys","BaseMod","Better Third Choice","Better Vampires","Block Reminder","Colored Powertips","Curses Come First","DNKmod","Friendly Minions","Minty Spire (QoL Compilation)","Permanent Neow","Relic Filter Mod","StSLib","Weighted Paths"],"gold_per_floor":[1010,685,703,703,714,714,714,789,816,836,836,836,557,587,587,683,683,701,800,603,613,624,659,235,235,235],"floor_reached":25,"language":"ENG","playtime":902,"items_purged":["Zap","Strike_B","Strike_B","Strike_B"],"score":357,"play_id":"e5b0a771-fc82-4e68-b4fa-15496da86bbc","local_time":"20210202212440","is_ascension_mode":true,"campfire_choices":[{"data":"Storm","floor":6,"key":"SMITH"},{"data":"Hologram","floor":12,"key":"SMITH"},{"data":"Seek","floor":15,"key":"SMITH"}],"circlet_count":0,"master_deck":["Defend_B","Defend_B","Defend_B","Defend_B","Ball Lightning","Hologram+1","FTL","Storm+1","Storm","Heatsinks","Seek+1","Amplify","Seek+1","Capacitor","BootSequence","Storm"],"relics":["Cracked Core","StrikeDummy","Question Card","Meat on the Bone","Mango","Blue Candle","Smiling Mask","Oddly Smooth Stone","Pantograph","Empty Cage","DollysMirror","Tiny Chest","Bottled Tornado"],"acts_visited":["Exordium","TheCity"],"potions_floor_usage":[22,23,25],"damage_taken":[{"damage":0,"enemies":"Cultist","floor":1,"turns":2},{"damage":2,"enemies":"2 Louse","floor":3,"turns":2},{"damage":0,"enemies":"Small Slimes","floor":5,"turns":1},{"damage":2,"enemies":"2 Fungi Beasts","floor":10,"turns":2},{"damage":14,"enemies":"Gremlin Nob","floor":14,"turns":3},{"damage":16,"enemies":"The Guardian","floor":16,"turns":8},{"damage":0,"enemies":"Spheric Guardian","floor":18,"turns":3},{"damage":20,"enemies":"2 Thieves","floor":21,"turns":4},{"damage":30,"enemies":"Snecko","floor":22,"turns":4},{"damage":49,"enemies":"Book of Stabbing","floor":23,"turns":5},{"damage":36,"enemies":"Gremlin Leader","floor":25,"turns":5}],"seed_played":"7887027657453088827","potions_obtained":[{"floor":14,"key":"Dexterity Potion"},{"floor":16,"key":"SpeedPotion"},{"floor":21,"key":"AttackPotion"},{"floor":23,"key":"Explosive Potion"}],"is_trial":false,"path_per_floor":["M","$","M","?","M","R","?","?","T","M","?","R","$","E","R","B",null,"M","?","$","M","M","E","$","E"],"character_chosen":"DEFECT","items_purchased":["Blue Candle","Oddly Smooth Stone","Heatsinks","DollysMirror","BootSequence","Storm","Bottled Tornado"],"campfire_rested":0,"item_purchase_floors":[2,13,13,20,24,24,24],"current_hp_per_floor":[104,104,102,102,102,102,102,91,91,89,94,94,94,80,80,89,104,104,104,104,84,66,29,29,0,0],"gold":235,"neow_bonus":"ONE_RARE_RELIC","is_daily":false,"chose_seed":false,"campfire_upgraded":3,"win_rate":0.0,"timestamp":1612329880,"path_taken":["M","$","M","?","?","R","?","?","T","M","?","R","$","E","R","BOSS","M","?","$","M","M","E","$","E"],"items_purchased_type":["Relic","Relic","Card","Relic","Card","Card","Relic"],"build_version":"2020-12-22","purchased_purges":4,"victory":false,"max_hp_per_floor":[104,104,104,104,104,104,104,104,104,104,109,109,109,109,109,109,109,109,109,109,109,109,109,109,109,109],"card_choices":[{"not_picked":["Barrage","Beam Cell","Genetic Algorithm","Go for the Eyes"],"picked":"SKIP","floor":1},{"not_picked":["Self Repair","Sunder","Beam Cell"],"picked":"Ball Lightning","floor":3},{"not_picked":["Cold Snap","Reprogram","Conserve Battery"],"picked":"Storm","floor":5},{"not_picked":["Coolheaded","Ball Lightning","Go for the Eyes"],"picked":"Storm","floor":10},{"not_picked":["Undo","Steam Power","Genetic Algorithm"],"picked":"Seek","floor":14},{"not_picked":["Machine Learning","Rainbow","Electrodynamics"],"picked":"Amplify","floor":16},{"not_picked":["Chill","Reprogram","Genetic Algorithm","Hologram"],"picked":"SKIP","floor":18},{"not_picked":["Reinforced Body","Blizzard","Barrage+1","Conserve Battery"],"picked":"SKIP","floor":21},{"not_picked":["Stack","Conserve Battery+1","Static Discharge"],"picked":"Capacitor","floor":22},{"not_picked":["Chill","Sweeping Beam+1","Compile Driver","Fission"],"picked":"SKIP","floor":23}],"player_experience":208062,"relics_obtained":[{"floor":9,"key":"Smiling Mask"},{"floor":14,"key":"Pantograph"},{"floor":23,"key":"Tiny Chest"}],"event_choices":[{"damage_healed":0,"gold_gain":0,"player_choice":"2 cards matched","damage_taken":0,"max_hp_gain":0,"max_hp_loss":0,"event_name":"Match and Keep!","floor":4,"gold_loss":0,"cards_obtained":["Hologram","FTL"]},{"damage_healed":0,"gold_gain":0,"player_choice":"Ignored","damage_taken":714,"max_hp_gain":0,"max_hp_loss":0,"event_name":"betterThird:BetterSerpent","floor":7,"gold_loss":0},{"damage_healed":0,"gold_gain":75,"player_choice":"Gold","damage_taken":11,"max_hp_gain":0,"max_hp_loss":0,"event_name":"betterThird:BetterGoop","floor":8,"gold_loss":0},{"damage_healed":0,"gold_gain":0,"player_choice":"Donut","damage_taken":0,"max_hp_gain":5,"max_hp_loss":0,"event_name":"Big Fish","floor":11,"gold_loss":0},{"damage_healed":0,"gold_gain":99,"player_choice":"Steal","damage_taken":0,"max_hp_gain":0,"max_hp_loss":0,"event_name":"betterThird:BetterNest","floor":19,"gold_loss":0}],"is_beta":false,"boss_relics":[{"not_picked":["Fusion Hammer","Ectoplasm"],"picked":"Empty Cage"}],"items_purged_floors":[2,13,20,24],"is_endless":false,"potions_floor_spawned":[14,16,21,23],"killed_by":"Gremlin Leader","ascension_level":8}}