{"host":"ln38befi3ugo1bsw","time":1612378480,"event":{"mods":["BaseMod","BetterRewards","Colored Map","Colored Powertips","Downfall","Hermit","Jorbs\u0027s Wanderer Trilogy","Lobotomy","Minty Spire (QoL Compilation)","StSLib","SuperFastMode"],"gold_per_floor":[99,30,44,58,73,102,102,102,129,145,223,239,239,253,267,368,368,68,84,104,10,21,21,76,26,26,39,39,69,69,82,95,95,95],"floor_reached":33,"language":"ENG","playtime":1742,"items_purged":[],"score":320,"play_id":"78d0b1dc-ed27-4a26-9901-f25a839be8ec","local_time":"20210203135440","is_ascension_mode":true,"campfire_choices":[{"data":"Zap","floor":1,"key":"SMITH"},{"floor":8,"key":"REST"},{"floor":13,"key":"RECALL"},{"data":"Rainbow","floor":18,"key":"SMITH"},{"floor":26,"key":"REST"},{"floor":30,"key":"REST"}],"circlet_count":0,"master_deck":["Strike_B","Strike_B","Strike_B","Strike_B","Defend_B","Defend_B","Defend_B","Defend_B","Zap+1","Dualcast","Gash","Leap","Redo","Beam Cell","Conserve Battery","Doom and Gloom","Rainbow+1","Conserve Battery","Sweeping Beam","Hologram","Cold Snap","Creative AI","Hologram","Genetic Algorithm+1","Rebound","Self Repair","Barrage","Conserve Battery","Ball Lightning","Hello World","Defragment","Hello World"],"relics":["Cracked Core","Regal Pillow","Letter Opener","Bag of Marbles","The Courier","Black Star","downfall:HeartBlessingGreen","downfall:HeartBlessingBlue","downfall:HeartBlessingRed","MutagenicStrength","Happy Flower","Smiling Mask","WingedGreaves","Bag of Preparation"],"acts_visited":["Exordium","TheCity"],"potions_floor_usage":[6],"damage_taken":[{"damage":0,"enemies":"downfall:FleeingMerchant","floor":2,"turns":4},{"damage":1,"enemies":"Cultist","floor":3,"turns":4},{"damage":0,"enemies":"Small Slimes","floor":4,"turns":2},{"damage":1,"enemies":"Jaw Worm","floor":5,"turns":3},{"damage":19,"enemies":"3 Sentries","floor":6,"turns":8},{"damage":16,"enemies":"Lagavulin","floor":9,"turns":6},{"damage":5,"enemies":"3 Louse","floor":10,"turns":4},{"damage":0,"enemies":"Blue Slaver","floor":12,"turns":2},{"damage":3,"enemies":"Red Slaver","floor":14,"turns":2},{"damage":3,"enemies":"Exordium Thugs","floor":15,"turns":3},{"damage":31,"enemies":"Hexaghost","floor":16,"turns":8},{"damage":4,"enemies":"Shell Parasite","floor":19,"turns":6},{"damage":2,"enemies":"Chosen","floor":20,"turns":4},{"damage":0,"enemies":"downfall:FleeingMerchant","floor":21,"turns":4},{"damage":80,"enemies":"3 Cultists","floor":22,"turns":7},{"damage":27,"enemies":"Snake Plant","floor":27,"turns":5},{"damage":21,"enemies":"Book of Stabbing","floor":29,"turns":6},{"damage":20,"enemies":"Centurion and Healer","floor":31,"turns":7},{"damage":3,"enemies":"3 Cultists","floor":32,"turns":5},{"damage":79,"enemies":"SI_MIRROR_ARCHETYPE","floor":33,"turns":10}],"seed_played":"7377331884942668245","potions_obtained":[{"floor":3,"key":"Guardian:BlockOnCardUsePotion"},{"floor":4,"key":"Fruit Juice"},{"floor":6,"key":"bronze:BurnAndBuffPotion"},{"floor":9,"key":"Dexterity Potion"}],"is_trial":false,"path_per_floor":["R","$","M","M","M","E","T","R","E","M","T","M","R","M","M","B",null,"R","M","M","$","M","?","T","?","R","M","?","E","R","M","M","B"],"character_chosen":"DEFECT","items_purchased":["Leap","Self Repair","Barrage"],"campfire_rested":3,"item_purchase_floors":[2,21,21],"current_hp_per_floor":[75,75,74,74,73,59,59,80,64,59,59,59,59,56,53,22,80,90,86,84,84,11,11,11,44,86,66,66,52,90,77,74,0,0],"gold":95,"neow_bonus":"RANDOM_COMMON_RELIC","is_daily":false,"chose_seed":false,"campfire_upgraded":2,"win_rate":0.0,"timestamp":1612378480,"path_taken":["R","$","M","M","M","E","T","R","E","M","?","M","R","M","M","BOSS","R","M","M","$","M","?","T","?","R","M","?","E","R","M","M","BOSS"],"items_purchased_type":["Card","Card","Card"],"build_version":"2020-12-22","purchased_purges":0,"victory":false,"max_hp_per_floor":[75,75,75,75,75,80,80,80,80,80,80,80,80,80,80,80,80,90,90,90,90,90,90,90,90,90,90,90,90,90,90,90,90,90],"card_choices":[{"not_picked":["Recycle","Steam"],"picked":"Gash","floor":2},{"not_picked":["Barrage","Heatsinks"],"picked":"Redo","floor":3},{"not_picked":["Biased Cognition","Fusion"],"picked":"Beam Cell","floor":4},{"not_picked":["Streamline","Gash"],"picked":"Conserve Battery","floor":5},{"not_picked":["Recycle","Stack"],"picked":"Doom and Gloom","floor":6},{"not_picked":["Storm","Sweeping Beam"],"picked":"Rainbow","floor":9},{"not_picked":["Steam","Hologram"],"picked":"Conserve Battery","floor":10},{"not_picked":["Self Repair","Stack"],"picked":"Sweeping Beam","floor":12},{"not_picked":["Streamline","Doom and Gloom"],"picked":"Hologram","floor":14},{"not_picked":["Chill","Ball Lightning"],"picked":"Cold Snap","floor":15},{"not_picked":["Amplify","All For One"],"picked":"Creative AI","floor":16},{"not_picked":["Aggregate+1","Turbo"],"picked":"Hologram","floor":19},{"not_picked":["Steam","Auto Shields"],"picked":"Genetic Algorithm+1","floor":20},{"not_picked":["Storm","Scrape"],"picked":"Rebound","floor":21},{"not_picked":["Redo+1","Go for the Eyes"],"picked":"Conserve Battery","floor":22},{"not_picked":["Doom and Gloom","Sunder+1"],"picked":"Ball Lightning","floor":27},{"not_picked":["Redo","Coolheaded"],"picked":"Hello World","floor":29},{"not_picked":["Compile Driver","Ball Lightning"],"picked":"Defragment","floor":31},{"not_picked":["Streamline","Darkness+1"],"picked":"Hello World","floor":32}],"player_experience":79241,"relics_obtained":[{"floor":6,"key":"Letter Opener"},{"floor":7,"key":"Bag of Marbles"},{"floor":9,"key":"The Courier"},{"floor":24,"key":"Happy Flower"},{"floor":29,"key":"WingedGreaves"},{"floor":29,"key":"Bag of Preparation"}],"event_choices":[{"damage_healed":0,"gold_gain":0,"player_choice":"Inject Mutagens","damage_taken":0,"relics_obtained":["MutagenicStrength"],"max_hp_gain":0,"max_hp_loss":0,"event_name":"Drug Dealer","floor":23,"gold_loss":0}],"is_beta":false,"boss_relics":[{"not_picked":["Coffee Dripper","Snecko Eye"],"picked":"Black Star"}],"items_purged_floors":[],"is_endless":false,"potions_floor_spawned":[3,4,6,9,10,22,29,31],"killed_by":"SI_MIRROR_ARCHETYPE","ascension_level":1}}