{"host":"spoxbmo2txwgdxt2","time":1612337856,"event":{"mods":["AchievementEnabler","Act Like it!","BaseMod","Colored Powertips","Lobotomy","LobotomyExtend","Minty Spire (QoL Compilation)","Quick Restart","Shop Mod","StSLib"],"gold_per_floor":[115,115,115,138,153,153,193,193,239,257,257,277,293,326,326,451,451,376,376],"floor_reached":18,"language":"ZHS","playtime":1683,"items_purged":[],"score":172,"play_id":"804c0e12-bffd-42cd-8615-032baa60defc","local_time":"20210203153736","is_ascension_mode":false,"campfire_choices":[],"circlet_count":0,"master_deck":["SpecialBullet","SpecialBullet","SpecialBullet","SpecialBullet","SpecialBullet","SpecialBullet","SpecialBullet","SpecialBullet","SecurityCode","InformationCode","CentralCode","BloodyDesire+1","UniverseFragment","Penitence+1","Mercenary","Christmas","DisciplinaryCode","BeautyBeast","CherryBlossom","GreedKing","CherryBlossoms","FeatherOfHonor","VoidDream","Regret_ego+1","ControlCode","TheSmile"],"relics":["CogitoBucket","LetterFromLob","Golden Idol","Moonlight_r","MealTicket","Bag of Preparation","BackwardClock","Frozen Egg 2","Black Star"],"acts_visited":["Exordium","TheCity"],"potions_floor_usage":[12],"damage_taken":[{"damage":5.0,"enemies":"2 Louse","floor":1.0,"turns":2.0},{"damage":0.0,"enemies":"Small Slimes","floor":4.0,"turns":3.0},{"damage":0.0,"enemies":"Jaw Worm","floor":5.0,"turns":3.0},{"damage":10,"enemies":"Gremlin Nob","floor":7,"turns":3},{"damage":2,"enemies":"Large Slime","floor":10,"turns":4},{"damage":0,"enemies":"Looter","floor":12,"turns":1},{"damage":0,"enemies":"3 Louse","floor":13,"turns":3},{"damage":22,"enemies":"3 Sentries","floor":14,"turns":6},{"damage":34,"enemies":"Hexaghost","floor":16,"turns":9},{"damage":22,"enemies":"2 Thieves","floor":18,"turns":4}],"seed_played":"-8399079511903574451","potions_obtained":[{"floor":4.0,"key":"Strength Potion"},{"floor":5.0,"key":"AttackPotion"},{"floor":7,"key":"SteroidPotion"}],"is_trial":false,"path_per_floor":["M","?","?","M","M","R","E","R","T","M","R","M","M","E","R","B",null,"M"],"character_chosen":"Angela","items_purchased":[],"campfire_rested":0,"item_purchase_floors":[],"current_hp_per_floor":[70,53,42,50,58,58,48,48,48,54,54,62,70,56,56,33,70,48,48],"gold":376,"neow_bonus":"THREE_CARDS","is_daily":false,"chose_seed":false,"campfire_upgraded":0,"win_rate":0.0,"timestamp":1612337856,"path_taken":["M","?","?","M","M","R","E","R","T","M","R","M","M","E","R","BOSS","M"],"items_purchased_type":[],"build_version":"2020-12-22","purchased_purges":0,"victory":false,"max_hp_per_floor":[70,70,70,70,70,70,70,70,70,70,70,70,70,70,70,70,70,70,70],"card_choices":[{"not_picked":["Soda","BlackSwan_ego"],"picked":"BloodyDesire","floor":0.0},{"not_picked":["CrumblingArmor","WallGazer"],"picked":"UniverseFragment","floor":1.0},{"not_picked":["RedEyes"],"picked":"Penitence","floor":1.0},{"not_picked":["SnowQueen","PunishingBird"],"picked":"Mercenary","floor":4.0},{"not_picked":["CUTE","WristCuter"],"picked":"SKIP","floor":4.0},{"not_picked":["SomewhereSpear"],"picked":"Christmas","floor":5.0},{"not_picked":["RedShoes","FairyFestival"],"picked":"BeautyBeast","floor":7},{"not_picked":["Gaze"],"picked":"CherryBlossom","floor":7},{"not_picked":["Penitence","Regret_ego"],"picked":"SKIP","floor":10},{"not_picked":["PunishingBird","LittlePrince"],"picked":"GreedKing","floor":12},{"not_picked":["CUTE","Discord"],"picked":"SKIP","floor":12},{"not_picked":["FairyFestival","OldLady"],"picked":"CherryBlossoms","floor":13},{"not_picked":["FourthMatchFlame"],"picked":"FeatherOfHonor","floor":13},{"not_picked":["Murderer","Wellcheers"],"picked":"VoidDream","floor":14},{"not_picked":["Penitence"],"picked":"Regret_ego+1","floor":14},{"not_picked":["DaCapo"],"picked":"TheSmile","floor":16}],"player_experience":315605,"relics_obtained":[{"floor":1.0,"key":"LetterFromLob"},{"floor":7,"key":"MealTicket"},{"floor":9,"key":"Bag of Preparation"},{"floor":14,"key":"Frozen Egg 2"}],"event_choices":[{"damage_healed":0.0,"max_hp_gain":0.0,"max_hp_loss":0.0,"gold_gain":0.0,"event_name":"Golden Idol","player_choice":"Take Damage","floor":2.0,"gold_loss":0.0,"damage_taken":17.0,"relics_obtained":["Golden Idol"]}],"is_beta":false,"boss_relics":[{"not_picked":["Empty Cage","Philosopher\u0027s Stone"],"picked":"Black Star"}],"items_purged_floors":[],"is_endless":false,"potions_floor_spawned":[4,5,7],"killed_by":"2 Thieves","ascension_level":0}}