{"host":"56xwnffi6e9z5l58","time":1612372611,"event":{"mods":["Aspiration","BaseMod","Better Match","Better Note","Better Sensory Stone","BetterRewards","Colored Map","Colored Powertips","Conspire","Downfall","GifTheSpireLib","Hermit","Highlight Path","Hubris","Infinite Spire","Key Reminder","Minty Spire (QoL Compilation)","Permanent Neow","Quick Restart","Rare Cards Sparkle","Replay The Spire","StSLib","Stuff the Spire","SuperFastMode","Unceasing Turn Reminder"],"gold_per_floor":[0,12,23,23,158,366,390,390,126,126,157,175,175,190,205,304,304,304,323,341,341,341,341],"floor_reached":21,"language":"ENG","playtime":880,"items_purged":["Parasite"],"score":224,"play_id":"301fc596-cdeb-420c-badb-07fea6c9a379","local_time":"20210204011651","is_ascension_mode":true,"campfire_choices":[{"data":"Slimebound:LevelUp","floor":8,"key":"SMITH"},{"data":"expansioncontent:DashGenerateEvil","floor":10,"key":"SMITH"},{"data":"Slimebound:OozeBath","floor":13,"key":"SMITH"},{"data":"Slimebound:DuplicatedForm","floor":18,"key":"SMITH"}],"circlet_count":0,"master_deck":["Slimebound:Strike_Slimebound","Slimebound:Strike_Slimebound","Slimebound:Tackle","Slimebound:Defend_Slimebound","Slimebound:Defend_Slimebound","Slimebound:Defend_Slimebound","Slimebound:Defend_Slimebound","Slimebound:Split","Slimebound:CorrosiveSpit","Slimebound:PrepareCrush","Slimebound:ForwardTackle","Slimebound:ProtectTheBoss","Slimebound:OozeBath+1","Slimebound:LevelUp+1","Slimebound:GrowthPunch","expansioncontent:DashGenerateEvil+1","Slimebound:SplitLeeching","Slimebound:AcidTongue","Slimebound:Recycling","Slimebound:LeechingTouch","Slimebound:DuplicatedForm+1","Slimebound:HauntingLick+1","Slimebound:FormOfPuddle"],"relics":["Slimebound:AbsorbEndCombat","infinitespire:Lychee Nut","aspiration:BabyByrd","ReplayTheSpireMod:CursedCoin","Oddly Smooth Stone","aspiration:DSix","Black Star"],"acts_visited":["Exordium","TheCity"],"potions_floor_usage":[11],"damage_taken":[{"damage":6,"enemies":"Cultist","floor":2,"turns":3},{"damage":20,"enemies":"Small Slimes","floor":3,"turns":4},{"damage":11,"enemies":"downfall:FleeingMerchant","floor":5,"turns":4},{"damage":15,"enemies":"downfall:FleeingMerchant","floor":9,"turns":4},{"damage":0,"enemies":"Replay:BlueRogue","floor":11,"turns":4},{"damage":4,"enemies":"2 Louse","floor":12,"turns":3},{"damage":6,"enemies":"Exordium Wildlife","floor":14,"turns":3},{"damage":33,"enemies":"Exordium Thugs","floor":15,"turns":6},{"damage":23,"enemies":"IC_STATUS_ARCHETYPE","floor":16,"turns":9},{"damage":37,"enemies":"Shell Parasite","floor":19,"turns":3},{"damage":29,"enemies":"conspire:FuzzyDice","floor":20,"turns":6},{"damage":27,"enemies":"Cultist and Chosen","floor":21,"turns":5}],"seed_played":"-367968090983864183","potions_obtained":[{"floor":2,"key":"Strength Potion"},{"floor":11,"key":"Block Potion"},{"floor":14,"key":"Cursed Concoction"},{"floor":16,"key":"GamblersBrew"},{"floor":19,"key":"Block Potion"}],"is_trial":false,"path_per_floor":["R_BF","M","M","?","$","?","T","R","$","R","E","M","R","M","M","B",null,"R","M","M","M"],"character_chosen":"SLIMEBOUND","items_purchased":["ReplayTheSpireMod:CursedCoin","expansioncontent:DashGenerateEvil"],"campfire_rested":0,"item_purchase_floors":[5,9],"current_hp_per_floor":[48,44,33,33,34,22,22,22,19,19,43,44,44,41,18,9,45,45,27,12,0,0,0],"gold":341,"neow_bonus":"ONE_RARE_RELIC","is_daily":false,"chose_seed":false,"campfire_upgraded":4,"win_rate":0.0,"timestamp":1612372611,"path_taken":["R_BF","M","M","?","$","?","T","R","?","R","E","M","R","M","M","BOSS","R","M","M","M"],"items_purchased_type":["Relic","Card"],"build_version":"2020-12-22","purchased_purges":1,"victory":false,"max_hp_per_floor":[48,48,48,48,48,48,48,48,45,45,45,45,45,45,45,45,45,45,45,45,45,45,45],"card_choices":[{"not_picked":["Slimebound:FinishingTackle","Slimebound:ServeAndProtect"],"picked":"Slimebound:ForwardTackle","floor":2},{"not_picked":["Slimebound:ItLooksTasty","Slimebound:SplitBruiser"],"picked":"Slimebound:ProtectTheBoss","floor":3},{"not_picked":["Slimebound:GoopSpray","Slimebound:SamplingLick"],"picked":"Slimebound:OozeBath","floor":5},{"not_picked":["Slimebound:FlameTackle","Slimebound:Prepare"],"picked":"Slimebound:LevelUp","floor":6},{"not_picked":["Slimebound:FlameTackle","Slimebound:HauntingLick"],"picked":"Slimebound:GrowthPunch","floor":9},{"not_picked":["Slimebound:GrowthPunch","Slimebound:GoopTackle"],"picked":"Slimebound:SplitLeeching","floor":11},{"not_picked":["Slimebound:SlimeSpikes","Slimebound:GoopTackle"],"picked":"Slimebound:AcidTongue","floor":12},{"not_picked":["Slimebound:SlimeSpikes","Slimebound:FinishingTackle"],"picked":"Slimebound:Recycling","floor":14},{"not_picked":["Slimebound:Chomp","Slimebound:LivingWall"],"picked":"Slimebound:LeechingTouch","floor":15},{"not_picked":["Slimebound:SelfFormingGoo","Slimebound:MassRepurpose"],"picked":"Slimebound:DuplicatedForm","floor":16},{"not_picked":["Slimebound:LeechingTouch","Slimebound:LeechEnergy+1"],"picked":"Slimebound:HauntingLick+1","floor":19},{"not_picked":["Slimebound:RainOfGoop","Slimebound:GrowthPunch"],"picked":"Slimebound:FormOfPuddle","floor":20}],"player_experience":1001403,"relics_obtained":[{"floor":7,"key":"Oddly Smooth Stone"},{"floor":11,"key":"aspiration:DSix"}],"event_choices":[],"is_beta":false,"boss_relics":[{"not_picked":["aspiration:DefectSkillbook","StuffTheSpire:RunicConfusion"],"picked":"Black Star"}],"items_purged_floors":[9],"is_endless":false,"potions_floor_spawned":[2,11,14,16,19],"killed_by":"Cultist and Chosen","ascension_level":2}}