{"host":"l2kmo5ss1fnqnmvo","time":1612331409,"event":{"mods":["BaseMod","Colored Powertips","Decade(王小明)","Lobotomy","Minty Spire (QoL Compilation)","Reimu（博丽灵梦）","WarShipGirlsR/战舰少女R mod"],"gold_per_floor":[109,109,123,143,162,187,187,220,220,220,220,231,231,241,241,343,343,345,345,345,361,361,361,394,394,394,405,436,470,484,484,484,586,586,586,605,605,605,605,639,639,668,668,694,694,674,684,684,684,684,684],"floor_reached":50,"language":"ZHS","playtime":3730,"items_purged":[],"score":664,"play_id":"74a4c961-26cb-4091-a107-104efc7534a8","local_time":"20210203145009","is_ascension_mode":true,"campfire_choices":[{"data":"1","floor":7.0,"key":"LIFT"},{"floor":11.0,"key":"REST"},{"data":"2","floor":13.0,"key":"LIFT"},{"data":"3","floor":15.0,"key":"LIFT"},{"floor":23.0,"key":"RECALL"},{"data":"DecadeViolentEmotion","floor":25.0,"key":"SMITH"},{"data":"Blade_Mach","floor":32.0,"key":"SMITH"},{"data":"Blade_Mach","floor":41.0,"key":"SMITH"},{"data":"Kabuto_ClockUp","floor":49.0,"key":"SMITH"}],"circlet_count":0,"master_deck":["Decade_Attack","Decade_Attack","Decade_Attack","KamenRide","Decade_SpecialSkill","Decade_Defend","Decade_Defend","Decade_Defend","Decade_Defend","QueenOfHatred","KamenRideBlade","KamenRideAgito","RideBooker_Skill_1","UnarmedAttack3","DecadeViolentEmotion+1","Kuuga_GouramAttack","Scorched","FormRideFlame+9","PrometheusPower","NMDAZYYGL","Scarecrow","AttackRide","FormRideAxel","GreedKing","KamenRideKuuga+1","Necronomicurse","Hibiki_Attack2","Decay","Decade_Illusion","Dragreder+1","LaLuna","Blade_Mach+1","Kabuto_ClockUp+1","Blade_Metal+1","Hibiki_Attack2+1","RideBooker","FormRideTitan+1","DreamingCurrent","Blade_Mach+1","AutoVajin","Kabuto_ClockUp","Poor:ReiMu","Decade_Defend2+1","FormRideAxel+1","Decade_Dash1+1","TimeVent+1","KamenRideKuuga+1","Madness+1","Madness+1"],"relics":["Decadriver","TOEIDeficitBill","CogitoBucket","Potion Belt","Girya","Pantograph","Cursed Key","Necronomicon","Pen Nib","Meat on the Bone","Red Mask","MealTicket","AtMidnight","SacredBark","Bronze Scales","Toxic Egg 2","White Beast Statue","Anchor"],"acts_visited":["Exordium","TheCity","TheBeyond"],"potions_floor_usage":[50],"damage_taken":[{"damage":0.0,"enemies":"Cultist","floor":1.0,"turns":2.0},{"damage":8.0,"enemies":"Small Slimes","floor":3.0,"turns":4.0},{"damage":7.0,"enemies":"Jaw Worm","floor":4.0,"turns":4.0},{"damage":12.0,"enemies":"3 Louse","floor":5.0,"turns":3.0},{"damage":9.0,"enemies":"3 Sentries","floor":6.0,"turns":2.0},{"damage":68.0,"enemies":"Lagavulin","floor":8.0,"turns":7.0},{"damage":1.0,"enemies":"Gremlin Nob","floor":10.0,"turns":2.0},{"damage":25.0,"enemies":"Exordium Thugs","floor":12.0,"turns":3.0},{"damage":0.0,"enemies":"Lots of Slimes","floor":14.0,"turns":1.0},{"damage":45.0,"enemies":"The Guardian","floor":16.0,"turns":7.0},{"damage":22.0,"enemies":"2 Thieves","floor":18.0,"turns":3.0},{"damage":12.0,"enemies":"Chosen","floor":19.0,"turns":3.0},{"damage":58.0,"enemies":"Centurion and Healer","floor":21.0,"turns":6.0},{"damage":14.0,"enemies":"Book of Stabbing","floor":24.0,"turns":4.0},{"damage":10.0,"enemies":"Cultist and Chosen","floor":27.0,"turns":5.0},{"damage":41.0,"enemies":"Masked Bandits","floor":28.0,"turns":4.0},{"damage":13.0,"enemies":"Slavers","floor":29.0,"turns":3.0},{"damage":0.0,"enemies":"3 Cultists","floor":30.0,"turns":3.0},{"damage":0.0,"enemies":"Snecko","floor":31.0,"turns":2.0},{"damage":19.0,"enemies":"Champ","floor":33.0,"turns":7.0},{"damage":0.0,"enemies":"Orb Walker","floor":35.0,"turns":3.0},{"damage":0.0,"enemies":"3 Darklings","floor":36.0,"turns":3.0},{"damage":15.0,"enemies":"Maw","floor":37.0,"turns":8.0},{"damage":21.0,"enemies":"Reptomancer","floor":40.0,"turns":4.0},{"damage":37.0,"enemies":"Nemesis","floor":42.0,"turns":4.0},{"damage":6.0,"enemies":"Giant Head","floor":44.0,"turns":4.0},{"damage":0.0,"enemies":"Transient","floor":45.0,"turns":1.0},{"damage":0.0,"enemies":"3 Darklings","floor":47.0,"turns":1.0},{"damage":96,"enemies":"Donu and Deca","floor":50,"turns":4}],"seed_played":"-8315203665056148135","potions_obtained":[{"floor":1.0,"key":"AttackPotion"},{"floor":4.0,"key":"SmokeBomb"},{"floor":14.0,"key":"BlessingOfTheForge"},{"floor":16.0,"key":"LiquidMemories"},{"floor":21.0,"key":"PowerPotion"},{"floor":28.0,"key":"LiquidMemories"},{"floor":30.0,"key":"MagicPotion:ReiMu"},{"floor":33.0,"key":"Explosive Potion"},{"floor":36.0,"key":"Energy Potion"},{"floor":44.0,"key":"Block Potion"},{"floor":45.0,"key":"Energy Potion"},{"floor":47.0,"key":"Swift Potion"}],"is_trial":false,"path_per_floor":["M","?","M","M","M","E","R","E","T","E","R","M","R","M","R","B",null,"M","M","?","M","?","R","E","R","T","M","?","E","M","M","R","B",null,"M","M","M","?","?","E","R","E","T","E","M","?","M","?","R","B"],"character_chosen":"Decade","items_purchased":[],"campfire_rested":1,"item_purchase_floors":[],"current_hp_per_floor":[70,70,68,67,61,52,52,11,11,10,31,24,24,48,48,43,70,59,67,70,58,42,42,51,51,51,64,39,43,69,70,70,70,70,70,70,70,70,70,70,70,47,47,64,64,64,70,61,61,0,0],"gold":684,"neow_bonus":"","is_daily":false,"chose_seed":false,"campfire_upgraded":4,"win_rate":0.0,"timestamp":1612331409,"path_taken":["M","?","M","M","M","E","R","E","T","E","R","?","R","M","R","BOSS","M","M","?","M","?","R","E","R","T","M","?","E","M","M","R","BOSS","M","M","M","?","?","E","R","E","T","E","?","?","M","?","R","BOSS"],"items_purchased_type":[],"build_version":"2020-12-22","purchased_purges":0,"victory":false,"max_hp_per_floor":[70,70,70,70,70,70,70,70,70,70,70,70,70,70,70,70,70,70,70,70,70,70,70,70,70,70,70,70,70,70,70,70,70,70,70,70,70,70,70,70,70,70,70,70,70,70,70,70,70,70,70],"card_choices":[{"not_picked":["Scorched","OSAHOGD","BeautyBeast"],"picked":"Singing Bowl","floor":1.0},{"not_picked":["PunishingBird","OSAHOGD"],"picked":"QueenOfHatred","floor":1.0},{"not_picked":["KamenRideKabuto","UnarmedAttack7"],"picked":"KamenRideBlade","floor":1.0},{"not_picked":["FormRideTitan","FormRideBasshaa"],"picked":"KamenRideAgito","floor":1.0},{"not_picked":["Bloodbath","FairyFestival","Wellcheers"],"picked":"Singing Bowl","floor":3.0},{"not_picked":["FormRideGaruru","KamenRideDenO"],"picked":"RideBooker_Skill_1","floor":3.0},{"not_picked":["UnarmedAttack9","KamenRideBlade"],"picked":"UnarmedAttack3","floor":3.0},{"not_picked":["Scorched","Murderer","Wellcheers"],"picked":"Singing Bowl","floor":4.0},{"not_picked":["FormRideTitan","UnarmedAttack5","DenO_Sword"],"picked":"SKIP","floor":4.0},{"not_picked":["Hibiki_Attack1","UnarmedAttack3"],"picked":"DecadeViolentEmotion","floor":5.0},{"not_picked":["DenO_Ax","PhotonAcceleration"],"picked":"Kuuga_GouramAttack","floor":5.0},{"not_picked":["MeatLantern","FieryBird"],"picked":"Scorched","floor":5.0},{"not_picked":["Murderer","OldLady","NakedNest"],"picked":"Singing Bowl","floor":6.0},{"not_picked":["MeatLantern","GalaxyChild"],"picked":"Woodsman","floor":6.0},{"not_picked":["FormRideGaruru","AttackRide"],"picked":"FormRideFlame","floor":6.0},{"not_picked":["MHz","Variant","Wellcheers"],"picked":"Singing Bowl","floor":8.0},{"not_picked":["KamenRideRyuki","Hibiki_Attack3"],"picked":"PrometheusPower","floor":8.0},{"not_picked":["Hibiki_Attack2","KamenRideBlade"],"picked":"NMDAZYYGL","floor":8.0},{"not_picked":["WallGazer","VoidDream"],"picked":"Scarecrow","floor":12.0},{"not_picked":["UnarmedAttack1","FormRideStorm"],"picked":"AttackRide","floor":12.0},{"not_picked":["Mercenary","FairyFestival","Funeral"],"picked":"Singing Bowl","floor":14.0},{"not_picked":["FormRideGaruru","UnarmedAttack1","RideBooker_Skill_3"],"picked":"SKIP","floor":14.0},{"not_picked":["LittlePrince","CherryBlossoms","FairyFestival"],"picked":"Singing Bowl","floor":16.0},{"not_picked":["Kabuto_ClockUp","UnarmedAttack9"],"picked":"FormRideAxel","floor":16.0},{"not_picked":["SpiderBud","Variant"],"picked":"GreedKing","floor":18.0},{"not_picked":["AutoVajin","Decade_Dash1"],"picked":"KamenRideKuuga+1","floor":18.0},{"not_picked":["KamenRideRyuki","UnarmedAttack5","FormRideBasshaa"],"picked":"SKIP","floor":19.0},{"not_picked":["FormRideBasshaa","FormRideDogga","Kuuga_GouramAttack"],"picked":"SKIP","floor":21.0},{"not_picked":["FormRideDogga+1","KamenRideKabuto"],"picked":"Hibiki_Attack2","floor":24.0},{"not_picked":["KamenRideKiva","Decade_Defend2+1"],"picked":"Decade_Illusion","floor":27.0},{"not_picked":["RedShoes","CrumblingArmor","UniverseFragment"],"picked":"Singing Bowl","floor":27.0},{"not_picked":["Decade_Defend2","DenO_Gun"],"picked":"Dragreder+1","floor":27.0},{"not_picked":["BigBird","BigBadWolf"],"picked":"LaLuna","floor":29.0},{"not_picked":["UnarmedAttack4","NMDAZYYGL","Dragreder+1"],"picked":"SKIP","floor":29.0},{"not_picked":["FormRideBasshaa","Decade_Illusion","Decade_Dash1+1"],"picked":"SKIP","floor":29.0},{"not_picked":["NMDAZYYGL","PhotonAcceleration"],"picked":"Blade_Mach","floor":30.0},{"not_picked":["MirrorWorld","PhotonAcceleration","Blade_Beat"],"picked":"SKIP","floor":31.0},{"not_picked":["FairyFestival","CrumblingArmor","Porccubus"],"picked":"Singing Bowl","floor":33.0},{"not_picked":["DenO_Climax","Hibiki_FEVER"],"picked":"Kabuto_ClockUp","floor":33.0},{"not_picked":["FormRide","Dragreder"],"picked":"Blade_Metal+1","floor":35.0},{"not_picked":["PrometheusPower+1","DenO_Sword+1"],"picked":"Hibiki_Attack2+1","floor":35.0},{"not_picked":["GalaxyChild","SpiderBud","DreamingCurrent"],"picked":"Singing Bowl","floor":35.0},{"not_picked":["NMDAZYYGL","UnarmedAttack5+1"],"picked":"RideBooker","floor":36.0},{"not_picked":["FormRideDogga","UnarmedAttack1+1"],"picked":"FormRideTitan+1","floor":36.0},{"not_picked":["BodiesMountain","BigBird"],"picked":"DreamingCurrent","floor":36.0},{"not_picked":["KamenRideDecade","DenO_Sword+1"],"picked":"Blade_Mach","floor":37.0},{"not_picked":["RideBooker+1","Blade_Slash+1"],"picked":"AutoVajin","floor":37.0},{"not_picked":["Blade_Kick","RideBooker_Skill_2+1"],"picked":"Kabuto_ClockUp","floor":40.0},{"not_picked":["DenO_Rod+1","FormRideFlame+1","FormRideGaruru+1"],"picked":"SKIP","floor":42.0},{"not_picked":["Kiva_Swallow","KamenRideKiva"],"picked":"Decade_Defend2+1","floor":44.0},{"not_picked":["Kuuga_GouramAttack","Decade_Dash2+1"],"picked":"FormRideAxel+1","floor":45.0},{"not_picked":["RideBooker_Skill_1+1","UnarmedAttack7+1","Blade_Slash+1"],"picked":"SKIP","floor":45.0},{"not_picked":[],"picked":"Decade_Dash1","floor":46.0},{"not_picked":[],"picked":"TimeVent","floor":46.0},{"not_picked":["KamenRideFaiz","UnarmedAttack7+1"],"picked":"KamenRideKuuga+1","floor":47.0}],"player_experience":598694,"relics_obtained":[{"floor":2.0,"key":"Potion Belt"},{"floor":6.0,"key":"Girya"},{"floor":8.0,"key":"Pantograph"},{"floor":22.0,"key":"Necronomicon"},{"floor":24.0,"key":"Pen Nib"},{"floor":26.0,"key":"Meat on the Bone"},{"floor":28.0,"key":"Red Mask"},{"floor":29.0,"key":"MealTicket"},{"floor":30.0,"key":"AtMidnight"},{"floor":40.0,"key":"Bronze Scales"},{"floor":42.0,"key":"Toxic Egg 2"},{"floor":43.0,"key":"White Beast Statue"},{"floor":44.0,"key":"Anchor"}],"event_choices":[{"damage_healed":0.0,"max_hp_gain":0.0,"max_hp_loss":0.0,"gold_gain":0.0,"event_name":"Wheel of Change","player_choice":"Relic","floor":2.0,"gold_loss":0.0,"damage_taken":0.0},{"cards_removed":["Woodsman"],"damage_healed":5.0,"max_hp_gain":0.0,"max_hp_loss":0.0,"gold_gain":0.0,"event_name":"Bonfire Elementals","player_choice":"Offered Special","floor":20.0,"gold_loss":0.0,"damage_taken":0.0},{"damage_healed":0.0,"max_hp_gain":0.0,"max_hp_loss":0.0,"gold_gain":0.0,"event_name":"Cursed Tome","player_choice":"Obtained Book","floor":22.0,"gold_loss":0.0,"damage_taken":16.0},{"damage_healed":0.0,"max_hp_gain":0.0,"max_hp_loss":0.0,"gold_gain":0.0,"event_name":"Masked Bandits","player_choice":"Fought Bandits","floor":28.0,"gold_loss":0.0,"damage_taken":0.0},{"cards_removed":["Decade_Attack"],"damage_healed":0.0,"max_hp_gain":0.0,"max_hp_loss":0.0,"gold_gain":0.0,"event_name":"Falling","player_choice":"Removed Attack","floor":38.0,"gold_loss":0.0,"damage_taken":0.0},{"damage_healed":0.0,"max_hp_gain":0.0,"max_hp_loss":0.0,"gold_gain":0.0,"event_name":"SecretPortal","player_choice":"Ignored","floor":39.0,"gold_loss":0.0,"damage_taken":0.0},{"damage_healed":0.0,"max_hp_gain":0.0,"max_hp_loss":0.0,"gold_gain":0.0,"event_name":"Winding Halls","player_choice":"Embrace Madness","floor":48.0,"gold_loss":0.0,"damage_taken":9.0,"cards_obtained":["Madness","Madness"]}],"is_beta":false,"boss_relics":[{"not_picked":["Runic Dome","Busted Crown"],"picked":"Cursed Key"},{"not_picked":["Snecko Eye","Pandora\u0027s Box"],"picked":"SacredBark"}],"items_purged_floors":[],"is_endless":false,"potions_floor_spawned":[1,4,14,16,21,28,30,33,36,44,45,47],"killed_by":"Donu and Deca","ascension_level":1}}