{"host":"6rz02yiipefhcw4r","time":1612386658,"event":{"mods":["2.2 Compatiblity","Arknights","BaseMod","Better Match","Better Third Choice","Better Vampires","BetterRewards","Block Reminder","Colored Map","Curses Come First","DeckTracker","Googly Eyes","Hubris","Minty Spire (QoL Compilation)","Quick Restart","Rare Cards Sparkle","Reliquary","Shade Mod","Spicy Shops","StSLib","The Bladedancer","The Cursed","The Marked","The Necromancer","The Runesmith"],"gold_per_floor":[111,111,13,30,5,35,35,51,51,76,91,91,91,126,126,126,126],"floor_reached":16,"language":"ENG","playtime":485,"items_purged":[],"score":286,"play_id":"13e1dcba-6f2c-437a-8e14-0bfd0fc443d1","local_time":"20210203191058","is_ascension_mode":true,"campfire_choices":[{"data":"Metallicize","floor":7,"key":"SMITH"},{"data":"Bash","floor":15,"key":"SMITH"}],"circlet_count":0,"master_deck":["AscendersBane","Strike_R","Strike_R","Strike_R","Strike_R","Strike_R","Defend_R","Defend_R","Defend_R","Defend_R","Bash+1","Carnage+1","Combust","Shrug It Off","Headbutt","Shrug It Off","Metallicize+1"],"relics":["Burning Blood","NeowsBlessing","PreservedInsect","hubris:DeckOfHolding","InkBottle","reliquary:QuartzCube","Runesmith:Locket"],"acts_visited":["Exordium"],"potions_floor_usage":[16,16],"damage_taken":[{"damage":0,"enemies":"Cultist","floor":1,"turns":1},{"damage":0,"enemies":"Small Slimes","floor":4,"turns":1},{"damage":0,"enemies":"Lagavulin","floor":6,"turns":1},{"damage":0,"enemies":"Jaw Worm","floor":8,"turns":4},{"damage":14,"enemies":"3 Sentries","floor":10,"turns":7},{"damage":24,"enemies":"Exordium Wildlife","floor":11,"turns":4},{"damage":10,"enemies":"Gremlin Nob","floor":14,"turns":3},{"damage":35,"enemies":"The Guardian","floor":16,"turns":13}],"seed_played":"6677439983843898753","potions_obtained":[{"floor":4,"key":"LiquidBronze"},{"floor":8,"key":"AttackPotion"},{"floor":11,"key":"Regen Potion"}],"is_trial":false,"path_per_floor":["M","?","$","M","$","E","R","M","T","E","M","?","?","E","R","B"],"character_chosen":"IRONCLAD","items_purchased":["Combust","Shrug It Off","Shrug It Off"],"campfire_rested":0,"item_purchase_floors":[3,3,5],"current_hp_per_floor":[74,74,74,75,75,75,75,75,75,67,49,49,49,45,45,25,25],"gold":126,"neow_bonus":"THREE_ENEMY_KILL","is_daily":false,"chose_seed":false,"campfire_upgraded":2,"win_rate":0.0,"timestamp":1612386658,"path_taken":["M","?","$","M","$","E","R","M","T","E","M","?","?","E","R","BOSS"],"items_purchased_type":["Card","Card","Card"],"build_version":"2020-12-22","purchased_purges":0,"victory":false,"max_hp_per_floor":[75,75,75,75,75,75,75,75,75,75,75,75,75,75,75,75,75],"card_choices":[{"not_picked":["Iron Wave","Intimidate"],"picked":"Carnage","floor":1},{"not_picked":["Perfected Strike","Clothesline"],"picked":"Headbutt","floor":4},{"not_picked":["Entrench","Combust"],"picked":"Metallicize","floor":6},{"not_picked":["Clash","Clothesline","hubris:SharpeningStone"],"picked":"SKIP","floor":8},{"not_picked":["Armaments","Rampage","Heavy Blade"],"picked":"SKIP","floor":10},{"not_picked":["Searing Blow","Fire Breathing","Thunderclap"],"picked":"SKIP","floor":11},{"not_picked":["Heavy Blade","Exhume","Perfected Strike"],"picked":"SKIP","floor":14}],"player_experience":794497,"relics_obtained":[{"floor":6,"key":"PreservedInsect"},{"floor":9,"key":"hubris:DeckOfHolding"},{"floor":10,"key":"InkBottle"},{"floor":14,"key":"Runesmith:Locket"}],"event_choices":[{"damage_healed":0,"gold_gain":0,"player_choice":"Searched \u00272\u0027 times","damage_taken":0,"relics_obtained":["reliquary:QuartzCube"],"max_hp_gain":0,"max_hp_loss":0,"event_name":"Dead Adventurer","floor":12,"gold_loss":0},{"damage_healed":49,"gold_gain":0,"player_choice":"Leave","damage_taken":0,"max_hp_gain":0,"max_hp_loss":75,"event_name":"betterThird:BetterShining","floor":13,"gold_loss":0}],"is_beta":false,"boss_relics":[],"items_purged_floors":[],"is_endless":false,"potions_floor_spawned":[4,8,11],"killed_by":"The Guardian","ascension_level":20}}