{"host":"mmz2kvn5kzkhi5zs","time":1612330620,"event":{"mods":["Act Like it!","BaseMod","Downfall","Hallownest","Marisa????????","Minty Spire (QoL Compilation)","Replay The Spire","StSLib","The Bug Knight","The Cursed","The Jungle"],"gold_per_floor":[99,99,99,99,114,114,147,94,148,148,177,80,80,80,80,185,185,204,204,204,204,218,218,253,296,296,308,340,181,181,239,337,455,455,489,520,370,13,69,139,201,23,23,66,119,184,213,236,248,260],"floor_reached":51,"language":"ENG","playtime":4573,"items_purged":["SprinkleStarSeal"],"score":1049,"play_id":"cd83c37b-95f4-40fe-ada7-92146d449a1d","local_time":"20210202233700","daily_mods":["Draft","Chimera","Shiny","Vintage","Red Cards","Green Cards","Blue Cards","Colorless Cards","Heirloom","Time Dilation","Flight","Cursed Run"],"is_ascension_mode":false,"campfire_choices":[{"floor":49,"key":"DIG"}],"circlet_count":0,"master_deck":["Demon Form","Wraith Form v2","Echo Form","DevaForm","bronze:Verify","Guardian:ConstructionForm","Slimebound:DuplicatedForm","sneckomod:SerpentMind","hexamod:HexaLevel","champ:GladiatorForm","champ:Endure","Slimebound:GoopTackle","Guardian:ShieldCharger","Blade Dance","bronze:Backtrace","IllusionStar","Shockwave","sneckomod:UnknownDraw","DragonMeteor","Rip and Tear+1","bronze:DelayedSlice","sneckomod:WideSting","bronze:DigitalCarnage","Stack","Body Slam","TheCursedMod:ReleasedKnowledge","Guardian:PrimingBeam","GravityBeat","Pommel Strike","Slice","TheCursedMod:StingEye","hexamod:HeatMetal+1","Poisoned Stab","champ:Parry","Slimebound:Schlurp","champ:EnGarde","bronze:Shell","champ:Duel","hexamod:Hexaguard+1","Thinking Ahead+1","Self Repair","WitchOfGreed","Slimebound:Repurpose+1","TheCursedMod:SpitefulPray","Slimebound:SplitMire","WitchOfGreed","Amnesia","Panache","TheCursedMod:SpitefulStrike","Slimebound:SplitSpecialist","MilkyWay","Spreading Infection","Doppelganger+1","Mirror Shield+1","hexamod:RainOfEmbers+1","WitchOfGreed+1","bronze:WhirlingStrike+1","GravityBeat","TheCursedMod:Stigma+1","Magnetism+1","bronze:BuggyMess+1","Reckless Charge+1","downfall:Malfunctioning"],"relics":["Unceasing Top","replay:Trail_Library","Gambling Chip","Replay:Multitool","Regal Pillow","NeowsBlessing","Charon\u0027s Ashes","bronze:BronzeIdol","Lantern","NeowsBlessing","Chameleon Ring","Mark of Pain","HornCleat","NeowsBlessing","NeowsBlessing","Bag of Preparation","NeowsBlessing","bronze:DecasWashers","Pear","Pantograph","Blue Doll","Smiling Mask","NeowsBlessing","Golden Egg","Black Star","Whetstone","Prayer Wheel","Mango","Happy Flower","Membership Card","Incense Burner","Art of War","Juzu Bracelet","ReplayTheSpireMod:TigerMarble","Magic Flower","Bronze Scales","Chemical X","Meat on the Bone","Bottled Lightning","War Paint","ReplayTheSpireMod:Spearhead","MawBank","Replay:Towering Pillar of Hats","BranchBurnRelic"],"acts_visited":["Exordium","TheCity","TheBeyond"],"potions_floor_usage":[39,40,40,40,41,41,45,46,46,46,50,50,50],"damage_taken":[{"damage":11,"enemies":"Jaw Worm","floor":5,"turns":2},{"damage":0,"enemies":"3 Sentries","floor":7,"turns":1},{"damage":0,"enemies":"HollowMod:MossKnight","floor":11,"turns":1},{"damage":0,"enemies":"Fading Forest","floor":16,"turns":1},{"damage":0,"enemies":"3 Byrds","floor":18,"turns":1},{"damage":0,"enemies":"2 Thieves","floor":22,"turns":1},{"damage":0,"enemies":"Slavers","floor":24,"turns":1},{"damage":0,"enemies":"Snecko","floor":25,"turns":1},{"damage":0,"enemies":"Snake Plant","floor":27,"turns":1},{"damage":0,"enemies":"Replay:Snechameleon","floor":28,"turns":1},{"damage":0,"enemies":"Slavers","floor":31,"turns":1},{"damage":0,"enemies":"Pondfish","floor":33,"turns":1},{"damage":0,"enemies":"3 Shapes","floor":35,"turns":1},{"damage":0,"enemies":"Orb Walker","floor":36,"turns":1},{"damage":16,"enemies":"3 Darklings","floor":39,"turns":2},{"damage":9,"enemies":"Giant Head","floor":40,"turns":5},{"damage":0,"enemies":"Reptomancer","floor":41,"turns":6},{"damage":17,"enemies":"4 Shapes","floor":44,"turns":2},{"damage":0,"enemies":"Maw","floor":45,"turns":3},{"damage":31,"enemies":"Giant Head","floor":46,"turns":6},{"damage":10,"enemies":"Writhing Mass","floor":47,"turns":4},{"damage":3,"enemies":"Sphere and 2 Shapes","floor":48,"turns":2},{"damage":11,"enemies":"Time Eater","floor":50,"turns":5}],"seed_played":"-7143849568080468069","potions_obtained":[{"floor":5,"key":"Explosive Potion"},{"floor":7,"key":"SkillPotion"},{"floor":18,"key":"Venom Potion"},{"floor":22,"key":"Slimebound:ThreeZeroPotion"},{"floor":31,"key":"Slimebound:ThreeZeroPotion"},{"floor":39,"key":"bronze:BurnAndBuffPotion"},{"floor":40,"key":"hexamod:SoulburnPotion"},{"floor":40,"key":"SkillPotion"},{"floor":41,"key":"Energy Potion"},{"floor":41,"key":"LiquidBronze"},{"floor":44,"key":"Strength Potion"},{"floor":45,"key":"SkillPotion"},{"floor":46,"key":"Elixir"},{"floor":46,"key":"Dexterity Potion"},{"floor":46,"key":"BloodPotion"},{"floor":47,"key":"SkillPotion"}],"is_trial":true,"path_per_floor":["WH","WH","?","WH","M","WH","E","$","T","WH","E","$","WH","WH","R","B",null,"M","WH","WH","$","M","WH","E","M","T","M","E","$","WH","E","R","B",null,"M","M","$","$","M","E","E","$","T","M","M","E","M","M","R","B",null],"character_chosen":"IRONCLAD","items_purchased":["WitchOfGreed","Slimebound:SplitMire","WitchOfGreed","ReplayTheSpireMod:Fabricate Wheel+1","Happy Flower","Membership Card","Incense Burner","hexamod:RainOfEmbers","WitchOfGreed","bronze:WhirlingStrike+1","Chemical X","Magnetism","bronze:BuggyMess"],"campfire_rested":0,"item_purchase_floors":[8,12,12,29,37,38,38,38,38,38,42,42,42],"current_hp_per_floor":[80,88,88,96,85,85,85,85,85,94,94,94,104,104,92,92,115,115,115,115,115,115,115,115,125,125,125,125,125,125,125,125,125,125,125,139,139,139,130,128,135,135,135,118,129,139,129,126,126,139],"gold":272,"neow_bonus":"THREE_ENEMY_KILL","is_daily":false,"chose_seed":false,"campfire_upgraded":0,"win_rate":0.0,"timestamp":1612330620,"path_taken":["WH","WH","?","WH","M","WH","E","$","T","WH","E","$","WH","WH","R","BOSS","M","WH","WH","$","M","WH","E","M","T","M","E","$","WH","E","R","BOSS","M","M","$","$","?","E","E","$","T","M","M","E","M","M","R","BOSS"],"items_purchased_type":["Card","Card","Card","Card","Relic","Relic","Relic","Card","Card","Card","Relic","Card","Card"],"build_version":"2020-12-22","purchased_purges":1,"victory":true,"max_hp_per_floor":[80,88,88,96,96,96,96,96,96,105,105,105,115,115,115,115,115,115,115,115,115,115,115,115,125,125,125,125,125,125,125,125,125,125,125,139,139,139,139,139,139,139,139,139,139,139,139,139,139,139],"card_choices":[{"not_picked":["Guardian:Emergency","Guardian:Reroute"],"picked":"champ:Endure","floor":0},{"not_picked":["sneckomod:SnekBeam","Slimebound:ProtectTheBoss"],"picked":"Slimebound:GoopTackle","floor":0},{"not_picked":["sneckomod:UnknownClassTHE_CHAMP_GRAY","Underhanded Strike"],"picked":"Guardian:ShieldCharger","floor":0},{"not_picked":["Swift Strike","bronze:Deprecate"],"picked":"Blade Dance","floor":0},{"not_picked":["GalacticHalo","IllusionStar"],"picked":"bronze:Backtrace","floor":0},{"not_picked":["Defy Death","bronze:Shield"],"picked":"IllusionStar","floor":0},{"not_picked":["sneckomod:UnknownClassPURPLE","ReplayTheSpireMod:System Scan"],"picked":"Shockwave","floor":0},{"not_picked":["Guardian:Harden","Guardian:CrystalBeam"],"picked":"sneckomod:UnknownDraw","floor":0},{"not_picked":["Guardian:PrimingBeam","Guardian:PrismaticBeam"],"picked":"DragonMeteor","floor":0},{"not_picked":["Acceleration","champ:AdrenalArmor"],"picked":"Rip and Tear","floor":0},{"not_picked":["hexamod:EmpoweredFlame","Slimebound:LeechEnergy"],"picked":"bronze:DelayedSlice","floor":0},{"not_picked":["Slimebound:ServeAndProtect","Auto Shields"],"picked":"sneckomod:WideSting","floor":0},{"not_picked":["hexamod:FlamesFromBeyond","champ:FanOfKnives"],"picked":"bronze:DigitalCarnage","floor":0},{"not_picked":["Dark Shackles","Disarm"],"picked":"Stack","floor":0},{"not_picked":["hexamod:HauntingEcho","Guardian:Gem_Cyan"],"picked":"Body Slam","floor":0},{"not_picked":["sneckomod:UnknownClassTHE_CHAMP_GRAY","Panic Button"],"picked":"TheCursedMod:ReleasedKnowledge","floor":1},{"not_picked":["hexamod:AdvancingGuard","sneckomod:UnknownUncommonAttack"],"picked":"Guardian:PrimingBeam","floor":1},{"not_picked":["TheCursedMod:CursedShiv","champ:AdrenalArmor"],"picked":"Pommel Strike","floor":1},{"not_picked":["Underhanded Strike","PanicButton"],"picked":"GravityBeat","floor":1},{"not_picked":["bronze:WildBeam","Quick Slash"],"picked":"Pommel Strike","floor":1},{"not_picked":["sneckomod:SoulRoll","Guardian:TemporalStrike"],"picked":"Slice","floor":1},{"not_picked":["Slimebound:ComboTackle","Guardian:Suspension"],"picked":"TheCursedMod:StingEye","floor":1},{"not_picked":["bronze:Iterate","StarBarrage"],"picked":"hexamod:HeatMetal","floor":1},{"not_picked":["Quick Slash","Slimebound:Dissolve"],"picked":"Poisoned Stab","floor":1},{"not_picked":["ReplayTheSpireMod:Tripwire","Force Field"],"picked":"champ:Parry","floor":1},{"not_picked":["TheCursedMod:TacticalStrike","bronze:ItsAFeature"],"picked":"Slimebound:Schlurp","floor":1},{"not_picked":["Masterful Stab","sneckomod:UnknownColorless"],"picked":"champ:EnGarde","floor":1},{"not_picked":["Armaments","sneckomod:WideSting"],"picked":"bronze:Shell","floor":1},{"not_picked":["Guardian:Gem_Lightblue","Slimebound:HauntingLick"],"picked":"champ:Duel","floor":1},{"not_picked":["champ:PerfectedStrike","Guardian:Gem_Fragmented"],"picked":"hexamod:Hexaguard","floor":1},{"not_picked":["sneckomod:UnknownClassBUGKNIGHT_GRAY_COLOR","champ:CalledShot"],"picked":"Self Repair","floor":7},{"not_picked":["True Grit","Slimebound:ServeAndProtect"],"picked":"TheCursedMod:SpitefulPray","floor":11},{"not_picked":["Machine Learning","champ:DancingMaster"],"picked":"Panache","floor":16},{"not_picked":["hexamod:SpectralSpark+1","Eviscerate"],"picked":"TheCursedMod:SpitefulStrike","floor":24},{"not_picked":["Run Through+1","Swift Strike"],"picked":"Slimebound:SplitSpecialist","floor":28},{"not_picked":["TheCursedMod:Obscuration","Guardian:Suspension"],"picked":"MilkyWay","floor":31},{"not_picked":["Guardian:ExploitGems","hexamod:Toasty"],"picked":"Doppelganger","floor":33},{"not_picked":["Guardian:Gem_Cyan","sneckomod:UnknownClassBLUE+1"],"picked":"GravityBeat","floor":40},{"not_picked":["sneckomod:SoulDraw+1","sneckomod:UnknownExhaust"],"picked":"TheCursedMod:Stigma+1","floor":41},{"not_picked":["hexamod:BurningTouch+1","Blood for Blood"],"picked":"Reckless Charge+1","floor":46}],"player_experience":74058,"relics_obtained":[{"floor":5,"key":"Regal Pillow"},{"floor":7,"key":"Charon\u0027s Ashes"},{"floor":9,"key":"bronze:BronzeIdol"},{"floor":11,"key":"Lantern"},{"floor":18,"key":"HornCleat"},{"floor":22,"key":"Bag of Preparation"},{"floor":24,"key":"bronze:DecasWashers"},{"floor":25,"key":"Pear"},{"floor":26,"key":"Pantograph"},{"floor":27,"key":"Blue Doll"},{"floor":28,"key":"Smiling Mask"},{"floor":31,"key":"Golden Egg"},{"floor":35,"key":"Whetstone"},{"floor":36,"key":"Mango"},{"floor":39,"key":"Art of War"},{"floor":40,"key":"Juzu Bracelet"},{"floor":40,"key":"ReplayTheSpireMod:TigerMarble"},{"floor":41,"key":"Magic Flower"},{"floor":41,"key":"Bronze Scales"},{"floor":43,"key":"Meat on the Bone"},{"floor":44,"key":"Bottled Lightning"},{"floor":45,"key":"War Paint"},{"floor":46,"key":"Dead Branch"},{"floor":46,"key":"ReplayTheSpireMod:Spearhead"},{"floor":47,"key":"MawBank"},{"floor":48,"key":"Replay:Towering Pillar of Hats"}],"event_choices":[{"damage_healed":0,"gold_gain":0,"player_choice":"Success","damage_taken":12,"relics_obtained":["Chameleon Ring"],"max_hp_gain":0,"max_hp_loss":0,"event_name":"Scrap Ooze","floor":15,"gold_loss":0}],"is_beta":false,"boss_relics":[{"not_picked":["Replay:Fungal Core","Snecko Heart"],"picked":"Mark of Pain"},{"not_picked":["Tiny House","Replay:Drink Me"],"picked":"Black Star"}],"items_purged_floors":[29],"is_endless":false,"potions_floor_spawned":[5,7,18,22,25,28,36,41,44,45,46],"ascension_level":0}}