{"host":"y8lj6eu4rxnc2qvr","time":1612312973,"event":{"mods":["BaseMod","Minty Spire (QoL Compilation)","StSLib"],"gold_per_floor":[361,233,246,262,282,282,293,318,389,389,389,389,389],"floor_reached":12,"language":"ENG","playtime":422,"items_purged":["Clumsy"],"score":80,"play_id":"925a0489-f820-4f46-8760-3e2b55e9af19","local_time":"20210202194253","is_ascension_mode":false,"campfire_choices":[{"data":"Zap","floor":6,"key":"SMITH"},{"floor":10,"key":"REST"}],"circlet_count":0,"master_deck":["Strike_B","Strike_B","Strike_B","Strike_B","Defend_B","Defend_B","Defend_B","Defend_B","Zap+1","Dualcast","Stack","Leap","Streamline","Sweeping Beam","Self Repair","Hologram","Capacitor"],"relics":["Cracked Core","Symbiotic Virus","Ornamental Fan"],"acts_visited":["Exordium"],"potions_floor_usage":[8],"damage_taken":[{"damage":15,"enemies":"Jaw Worm","floor":1,"turns":5},{"damage":0,"enemies":"Small Slimes","floor":3,"turns":3},{"damage":0,"enemies":"Cultist","floor":4,"turns":3},{"damage":11,"enemies":"Exordium Wildlife","floor":5,"turns":4},{"damage":10,"enemies":"2 Fungi Beasts","floor":7,"turns":3},{"damage":40,"enemies":"3 Sentries","floor":8,"turns":10},{"damage":55,"enemies":"Gremlin Nob","floor":12,"turns":5}],"seed_played":"5361938778566532711","potions_obtained":[{"floor":3,"key":"SkillPotion"},{"floor":4,"key":"PotionOfCapacity"}],"is_trial":false,"path_per_floor":["M","$","M","M","M","R","M","E","T","R","?","E"],"character_chosen":"DEFECT","items_purchased":["Leap"],"campfire_rested":1,"item_purchase_floors":[2],"current_hp_per_floor":[60,60,60,60,49,49,46,13,13,35,35,0,0],"gold":389,"neow_bonus":"TWO_FIFTY_GOLD","is_daily":false,"chose_seed":false,"campfire_upgraded":1,"win_rate":0.0,"timestamp":1612312973,"path_taken":["M","$","M","M","M","R","M","E","T","R","?","E"],"items_purchased_type":["Card"],"build_version":"2020-12-22","purchased_purges":1,"victory":false,"max_hp_per_floor":[75,75,75,75,75,75,75,75,75,75,75,75,75],"card_choices":[{"not_picked":["Compile Driver","Turbo"],"picked":"Stack","floor":1},{"not_picked":["Rebound","Go for the Eyes"],"picked":"Streamline","floor":3},{"not_picked":["Turbo","Hologram"],"picked":"Sweeping Beam","floor":4},{"not_picked":["Chaos","Hello World"],"picked":"Self Repair","floor":5},{"not_picked":["Force Field","Skim"],"picked":"Hologram","floor":7},{"not_picked":["Streamline","Barrage"],"picked":"Capacitor","floor":8}],"player_experience":46830,"relics_obtained":[{"floor":8,"key":"Symbiotic Virus"},{"floor":9,"key":"Ornamental Fan"}],"event_choices":[{"damage_healed":0,"gold_gain":0,"player_choice":"Ignored","damage_taken":0,"max_hp_gain":0,"max_hp_loss":0,"event_name":"Liars Game","floor":11,"gold_loss":0}],"is_beta":false,"boss_relics":[],"items_purged_floors":[2],"is_endless":false,"potions_floor_spawned":[3,4],"killed_by":"Gremlin Nob","ascension_level":0}}