{"host":"e3jr8cs0hrgde9ri","time":1612321039,"event":{"mods":["2.2 Compatiblity","BaseMod","Highlight Path","Minty Spire (QoL Compilation)","Permanent Neow","Quick Restart","SuperFastMode"],"gold_per_floor":[110,130,130,150,1,27,27,58,83,83,98,131,143,182,194,307,319,347,224,249,124,140,172,172,200,200,200,200,233,233,250,250,352,352,400,400,446,446,456,456,487,535,558,588,631,681,708,718,718,718],"floor_reached":51,"language":"ENG","playtime":2275,"items_purged":["Strike_P","Strike_P","Strike_P"],"score":1172,"play_id":"c9c84335-a316-494b-963e-8e18ba5f4159","local_time":"20210202185719","is_ascension_mode":true,"campfire_choices":[{"data":"Eruption","floor":7.0,"key":"SMITH"},{"data":"Wallop","floor":10.0,"key":"SMITH"},{"data":"BowlingBash","floor":13.0,"key":"SMITH"},{"data":"Tantrum","floor":15.0,"key":"SMITH"},{"data":"TalkToTheHand","floor":24.0,"key":"SMITH"},{"data":"Wish","floor":28.0,"key":"SMITH"},{"floor":30.0,"key":"DIG"},{"floor":32.0,"key":"DIG"},{"floor":40.0,"key":"DIG"},{"floor":49,"key":"DIG"}],"circlet_count":0,"master_deck":["Defend_P+1","Defend_P+1","Defend_P+1","Defend_P+1","Eruption+1","Vigilance+1","BowlingBash+1","Vengeance+1","Wallop+1","Tantrum+1","FearNoEvil+1","Protect+1","Blasphemy+1","DeceiveReality+1","Wish+1","Swivel+1","LikeWater+1","TalkToTheHand+1","MentalFortress+1","Weave+1","Omniscience","Protect+1"],"relics":["Sozu","Happy Flower","PreservedInsect","Lantern","MawBank","Pen Nib","Black Star","Red Mask","Omamori","Bottled Flame","Toy Ornithopter","Dream Catcher","Dead Branch","Shovel","Molten Egg 2","Lizard Tail","Thread and Needle","Cursed Key","Mark of the Bloom","Singing Bowl","Damaru","MealTicket","Anchor","StrikeDummy","Mango","Orichalcum","Kunai","Centennial Puzzle"],"acts_visited":["Exordium","TheCity","TheBeyond"],"potions_floor_usage":[],"damage_taken":[{"damage":0.0,"enemies":"Jaw Worm","floor":1.0,"turns":5.0},{"damage":0.0,"enemies":"Cultist","floor":2.0,"turns":3.0},{"damage":0.0,"enemies":"2 Louse","floor":4.0,"turns":2.0},{"damage":31.0,"enemies":"Lagavulin","floor":6.0,"turns":5.0},{"damage":14.0,"enemies":"Gremlin Nob","floor":8.0,"turns":3.0},{"damage":0.0,"enemies":"Large Slime","floor":11.0,"turns":3.0},{"damage":0.0,"enemies":"3 Sentries","floor":12.0,"turns":2.0},{"damage":0.0,"enemies":"Lagavulin","floor":14.0,"turns":3.0},{"damage":0.0,"enemies":"The Guardian","floor":16.0,"turns":12.0},{"damage":0.0,"enemies":"Spheric Guardian","floor":18.0,"turns":3.0},{"damage":0.0,"enemies":"Masked Bandits","floor":20.0,"turns":3.0},{"damage":0.0,"enemies":"Shell Parasite","floor":22.0,"turns":3.0},{"damage":18.0,"enemies":"Gremlin Leader","floor":23.0,"turns":4.0},{"damage":24.0,"enemies":"Slavers","floor":25.0,"turns":6.0},{"damage":7.0,"enemies":"Gremlin Leader","floor":29.0,"turns":3.0},{"damage":3.0,"enemies":"Sentry and Sphere","floor":31.0,"turns":6.0},{"damage":74.0,"enemies":"Automaton","floor":33.0,"turns":9.0},{"damage":0.0,"enemies":"3 Shapes","floor":35.0,"turns":5.0},{"damage":0.0,"enemies":"3 Darklings","floor":37.0,"turns":8.0},{"damage":0.0,"enemies":"Writhing Mass","floor":39.0,"turns":5.0},{"damage":0.0,"enemies":"Nemesis","floor":41.0,"turns":3.0},{"damage":0.0,"enemies":"Spire Growth","floor":42.0,"turns":5.0},{"damage":0.0,"enemies":"Giant Head","floor":44.0,"turns":7.0},{"damage":0.0,"enemies":"Sphere and 2 Shapes","floor":45.0,"turns":6.0},{"damage":7.0,"enemies":"Writhing Mass","floor":46.0,"turns":7.0},{"damage":4,"enemies":"Reptomancer","floor":47,"turns":4},{"damage":0,"enemies":"Spire Growth","floor":48,"turns":5},{"damage":0,"enemies":"Donu and Deca","floor":50,"turns":14}],"seed_played":"-8776635165235065361","potions_obtained":[],"is_trial":false,"path_per_floor":["M","M","?","M","$","E","R","E","T","R","M","E","R","E","R","B",null,"M","$","?","$","M","E","R","E","T","?","R","E","R","M","R","B",null,"M","?","M","?","M","R","E","M","T","E","M","M","E","M","R","B",null],"character_chosen":"WATCHER","items_purchased":["Tantrum","LikeWater"],"campfire_rested":0,"item_purchase_floors":[5,19],"current_hp_per_floor":[72,72,72,72,72,41,41,27,27,27,27,27,27,27,27,27,72,72,72,72,72,72,54,54,30,30,30,30,23,23,20,20,36,72,72,72,72,72,72,72,72,72,72,72,72,65,61,61,61,61],"gold":718,"neow_bonus":"BOSS_RELIC","is_daily":false,"chose_seed":false,"campfire_upgraded":6,"win_rate":0.0,"timestamp":1612321039,"path_taken":["M","M","?","?","$","E","R","E","T","R","M","E","R","E","R","BOSS","M","?","?","$","M","E","R","E","T","?","R","E","R","?","R","BOSS","M","?","M","?","?","R","E","M","T","E","M","M","E","M","R","BOSS"],"items_purchased_type":["Card","Card"],"build_version":"2020-12-22","purchased_purges":3,"victory":true,"max_hp_per_floor":[72,72,72,72,72,72,72,72,72,72,72,72,72,72,72,72,72,72,72,72,72,72,72,72,72,72,72,72,72,72,72,72,72,72,72,72,72,72,72,72,74,76,76,90,92,94,96,96,96,96],"card_choices":[{"not_picked":["Consecrate","BattleHymn"],"picked":"BowlingBash","floor":1.0},{"not_picked":["Crescendo","Protect"],"picked":"Vengeance","floor":2.0},{"not_picked":["PathToVictory","CutThroughFate"],"picked":"Wallop","floor":4.0},{"not_picked":["Ragnarok","Wireheading"],"picked":"FearNoEvil","floor":6.0},{"not_picked":["Alpha","JustLucky","Consecrate"],"picked":"SKIP","floor":8.0},{"not_picked":["Crescendo","SashWhip"],"picked":"Protect","floor":11.0},{"not_picked":["CrushJoints","PathToVictory"],"picked":"Blasphemy","floor":12.0},{"not_picked":["JustLucky","MentalFortress"],"picked":"DeceiveReality","floor":14.0},{"not_picked":["DeusExMachina","Ragnarok"],"picked":"Wish","floor":16.0},{"not_picked":["EmptyFist","ClearTheMind"],"picked":"Swivel","floor":18.0},{"not_picked":["Sanctity","JustLucky"],"picked":"TalkToTheHand","floor":20.0},{"not_picked":["FlyingSleeves","FlurryOfBlows","WreathOfFlame"],"picked":"SKIP","floor":22.0},{"not_picked":["PathToVictory","InnerPeace","SashWhip"],"picked":"SKIP","floor":23.0},{"not_picked":["MasterReality","Vengeance","WreathOfFlame"],"picked":"SKIP","floor":25.0},{"not_picked":["Evaluate","EmptyMind+1"],"picked":"MentalFortress","floor":29.0},{"not_picked":["CutThroughFate+1","Tantrum+1","Pray"],"picked":"SKIP","floor":31.0},{"not_picked":["Conclude+1","EmptyBody+1","FlyingSleeves+1"],"picked":"SKIP","floor":35.0},{"not_picked":["Pray+1","SashWhip+1","Collect+1"],"picked":"SKIP","floor":37.0},{"not_picked":["MentalFortress","PathToVictory+1","Sanctity"],"picked":"SKIP","floor":39.0},{"not_picked":["ClearTheMind+1","CutThroughFate+1","FollowUp+1"],"picked":"Singing Bowl","floor":41.0},{"not_picked":["Halt","JustLucky+1","ClearTheMind"],"picked":"Singing Bowl","floor":42.0},{"not_picked":["Swivel","FollowUp+1"],"picked":"Omniscience","floor":44.0},{"not_picked":["EmptyFist+1","Pray+1","ThirdEye"],"picked":"Singing Bowl","floor":45.0},{"not_picked":["Swivel+1","BowlingBash+1","CutThroughFate+1"],"picked":"Singing Bowl","floor":46.0},{"not_picked":["Indignation","JustLucky+1","Halt"],"picked":"Singing Bowl","floor":47},{"not_picked":["BowlingBash+1","Pray"],"picked":"Protect+1","floor":48}],"player_experience":1427597,"relics_obtained":[{"floor":6.0,"key":"Happy Flower"},{"floor":8.0,"key":"PreservedInsect"},{"floor":9.0,"key":"Lantern"},{"floor":12.0,"key":"MawBank"},{"floor":14.0,"key":"Pen Nib"},{"floor":20.0,"key":"Red Mask"},{"floor":23.0,"key":"Omamori"},{"floor":23.0,"key":"Bottled Flame"},{"floor":25.0,"key":"Toy Ornithopter"},{"floor":25.0,"key":"Dream Catcher"},{"floor":26.0,"key":"Dead Branch"},{"floor":29.0,"key":"Shovel"},{"floor":29.0,"key":"Molten Egg 2"},{"floor":30.0,"key":"Lizard Tail"},{"floor":32.0,"key":"Thread and Needle"},{"floor":40.0,"key":"Singing Bowl"},{"floor":41.0,"key":"Damaru"},{"floor":41.0,"key":"MealTicket"},{"floor":43.0,"key":"Anchor"},{"floor":44.0,"key":"StrikeDummy"},{"floor":44.0,"key":"Mango"},{"floor":47,"key":"Orichalcum"},{"floor":47,"key":"Kunai"},{"floor":49,"key":"Centennial Puzzle"}],"event_choices":[{"damage_healed":0.0,"max_hp_gain":0.0,"max_hp_loss":0.0,"gold_gain":0.0,"event_name":"Lab","player_choice":"Got Potions","floor":3.0,"gold_loss":0.0,"damage_taken":0.0},{"damage_healed":0.0,"max_hp_gain":0.0,"max_hp_loss":0.0,"gold_gain":0.0,"event_name":"Masked Bandits","player_choice":"Fought Bandits","floor":20.0,"gold_loss":0.0,"damage_taken":0.0},{"damage_healed":0.0,"max_hp_gain":0.0,"max_hp_loss":0.0,"gold_gain":0.0,"event_name":"The Woman in Blue","player_choice":"Bought 0 Potions","floor":27.0,"gold_loss":0.0,"damage_taken":0.0},{"damage_healed":0.0,"max_hp_gain":0.0,"max_hp_loss":0.0,"gold_gain":0.0,"event_name":"MindBloom","player_choice":"Upgrade","floor":36.0,"gold_loss":0.0,"damage_taken":0.0,"cards_upgraded":["Strike_P","Defend_P","Defend_P","Defend_P","Defend_P","Vigilance","Vengeance","FearNoEvil","Protect","Blasphemy","DeceiveReality","Swivel","LikeWater","MentalFortress"],"relics_obtained":["Mark of the Bloom"]},{"damage_healed":0.0,"max_hp_gain":0.0,"max_hp_loss":0.0,"gold_gain":0.0,"cards_transformed":["Strike_P"],"event_name":"Transmorgrifier","player_choice":"Transformed","floor":38.0,"gold_loss":0.0,"damage_taken":0.0,"cards_obtained":["Weave"]}],"is_beta":false,"boss_relics":[{"not_picked":["Runic Dome","Pandora\u0027s Box"],"picked":"Black Star"},{"not_picked":["Coffee Dripper","Runic Pyramid"],"picked":"Cursed Key"}],"items_purged_floors":[5,19,21],"is_endless":false,"potions_floor_spawned":[4,8,12,14,22,23,25,33,35,41,42,44],"ascension_level":1}}