{"host":"4gr5irrdjh39ysed","time":1612331510,"event":{"mods":["AchievementEnabler","BaseMod","Colored Map","Downfall","Hermit","Minty Spire (QoL Compilation)","Random Character Button","StSLib","The Construct","The Cursed","The Disciple","The Hierophant","The Mystic","The Necromancer","The Runesmith"],"gold_per_floor":[109,109,129,146,161,161,196,214,241,29,57,7,17,17,17,91,91,105,65,85,40,60,60,86,103,103,103,113,113,129,129,129,201,201,215,31,41,60,75,100,100,114,139,154,167,183,198,198,198,198,198,198,77,112,112],"floor_reached":56,"language":"ENG","playtime":2887,"items_purged":["Defend_B","Defend_B","Defend_B","Dualcast"],"score":1891,"play_id":"d354994b-8c33-47f0-8105-842ba2e6964a","local_time":"20210202225150","is_ascension_mode":true,"campfire_choices":[{"floor":6,"key":"RECALL"},{"data":"Blizzard","floor":15,"key":"SMITH"},{"data":"Redo","floor":23,"key":"SMITH"},{"data":"Chill","floor":27,"key":"SMITH"},{"data":"Gash","floor":29,"key":"SMITH"},{"data":"Fission","floor":32,"key":"SMITH"},{"data":"Enlightenment","floor":41,"key":"SMITH"},{"data":"Reboot","floor":49,"key":"SMITH"},{"data":"Coolheaded","floor":52,"key":"SMITH"}],"circlet_count":0,"master_deck":["AscendersBane","Strike_B","Strike_B","Strike_B","Strike_B","Zap","Gash+1","Cold Snap+1","Go for the Eyes","Blizzard+1","Chill+1","Compile Driver+1","Meteor Strike+1","Blizzard+1","Coolheaded+1","All For One+1","Redo+1","Cold Snap+1","Sweeping Beam+1","Barrage+1","Blizzard+1","FTL+1","Blizzard+1","Defragment","Fission+1","Creative AI","Rebound+1","Coolheaded","Enlightenment+1","Hologram","Gash+1","Parasite","Streamline+1","Barrage+1","Reboot+1","Turbo+1","Coolheaded","Capacitor","Sunder+1","Gash+1"],"relics":["Cracked Core","Dream Catcher","Molten Egg 2","Bronze Scales","Smiling Mask","Runic Dome","Akabeko","StrikeDummy","Black Star","HornCleat","Potion Belt","CeramicFish","Pen Nib","Boot"],"acts_visited":["Exordium","TheCity","TheBeyond","TheEnding"],"potions_floor_usage":[16,24,28,33,39,50,54,55],"damage_taken":[{"damage":6,"enemies":"Cultist","floor":1,"turns":3},{"damage":2,"enemies":"2 Louse","floor":3,"turns":3},{"damage":14,"enemies":"Small Slimes","floor":4,"turns":3},{"damage":10,"enemies":"Red Slaver","floor":5,"turns":3},{"damage":47,"enemies":"3 Sentries","floor":7,"turns":8},{"damage":17,"enemies":"Looter","floor":8,"turns":3},{"damage":33,"enemies":"Lagavulin","floor":11,"turns":5},{"damage":8,"enemies":"Gremlin Gang","floor":13,"turns":3},{"damage":979,"enemies":"Hexaghost","floor":16,"turns":9},{"damage":30,"enemies":"2 Thieves","floor":18,"turns":4},{"damage":10,"enemies":"Chosen","floor":20,"turns":4},{"damage":31,"enemies":"Snake Plant","floor":22,"turns":4},{"damage":39,"enemies":"Book of Stabbing","floor":24,"turns":4},{"damage":36,"enemies":"3 Cultists","floor":25,"turns":5},{"damage":0,"enemies":"Snecko","floor":28,"turns":4},{"damage":22,"enemies":"Snake Plant","floor":30,"turns":3},{"damage":88,"enemies":"Automaton","floor":33,"turns":9},{"damage":26,"enemies":"Orb Walker","floor":35,"turns":3},{"damage":40,"enemies":"3 Darklings","floor":37,"turns":4},{"damage":22,"enemies":"4 Shapes","floor":38,"turns":2},{"damage":33,"enemies":"Writhing Mass","floor":39,"turns":6},{"damage":93,"enemies":"Giant Head","floor":40,"turns":8},{"damage":34,"enemies":"3 Darklings","floor":42,"turns":3},{"damage":31,"enemies":"Spire Growth","floor":44,"turns":4},{"damage":111,"enemies":"Writhing Mass","floor":45,"turns":6},{"damage":7,"enemies":"3 Darklings","floor":46,"turns":3},{"damage":17,"enemies":"4 Shapes","floor":47,"turns":3},{"damage":187,"enemies":"Donu and Deca","floor":50,"turns":9},{"damage":68,"enemies":"Shield and Spear","floor":54,"turns":5},{"damage":376,"enemies":"The Heart","floor":55,"turns":12}],"seed_played":"-683642128761754875","potions_obtained":[{"floor":3,"key":"Swift Potion"},{"floor":4,"key":"ColorlessPotion"},{"floor":20,"key":"Slimebound:ThreeZeroPotion"},{"floor":24,"key":"LiquidMemories"},{"floor":30,"key":"Dexterity Potion"},{"floor":37,"key":"PotionOfCapacity"},{"floor":44,"key":"Strength Potion"},{"floor":47,"key":"EssenceOfDarkness"}],"is_trial":false,"path_per_floor":["M","?","M","M","M","R","E","M","T","$","E","$","M","?","R","B",null,"M","?","M","$","M","R","E","M","T","R","M","R","M","?","R","B",null,"M","$","M","M","M","E","R","M","T","M","M","M","M","?","R","B",null,"R","$","E","B",null],"character_chosen":"DEFECT","items_purchased":["Meteor Strike+1","Sweeping Beam+1","Coolheaded","Enlightenment","Sunder+1","Gash+1"],"campfire_rested":0,"item_purchase_floors":[10,21,36,36,53,53],"current_hp_per_floor":[2058,2058,2056,2042,2032,2032,1985,1968,1968,1968,1935,1935,1927,1927,1927,948,1790,1760,1760,1750,1750,1719,1719,1680,1644,1644,1644,1644,1644,1622,1622,1622,1534,1937,1911,1911,1871,1849,1816,1723,1723,1689,1689,1658,1547,1540,1523,1523,1523,1336,1887,1887,1887,1819,1443],"gold":112,"neow_bonus":"RANDOM_COMMON_RELIC","is_daily":false,"chose_seed":false,"campfire_upgraded":8,"win_rate":0.0,"timestamp":1612331510,"path_taken":["M","?","M","M","?","R","E","M","T","$","E","?","M","?","R","BOSS","M","?","M","$","?","R","E","M","T","R","M","R","M","?","R","BOSS","M","$","M","M","M","E","R","M","T","M","M","?","M","?","R","BOSS","R","$","E","BOSS"],"items_purchased_type":["Card","Card","Card","Card","Card","Card"],"build_version":"2020-12-22","purchased_purges":4,"victory":true,"max_hp_per_floor":[2071,2071,2071,2071,2071,2071,2071,2071,2071,2071,2071,2071,2071,2071,2071,2071,2071,2071,2071,2071,2071,2071,2071,2071,2071,2071,2071,2071,2071,2071,2071,2071,2071,2071,2071,2071,2071,2071,2071,2071,2071,2071,2071,2071,2071,2071,2071,2071,2071,2071,2071,2071,2071,2071,2071],"card_choices":[{"not_picked":["Leap","White Noise"],"picked":"Gash","floor":1},{"not_picked":["Turbo","Sweeping Beam"],"picked":"Cold Snap","floor":3},{"not_picked":["Genetic Algorithm","Tempest"],"picked":"Go for the Eyes","floor":4},{"not_picked":["Steam","Aggregate"],"picked":"Blizzard","floor":5},{"not_picked":["Redo","Ball Lightning+1"],"picked":"Chill","floor":7},{"not_picked":["Reprogram","Go for the Eyes+1"],"picked":"Compile Driver+1","floor":8},{"not_picked":["FTL+1","Streamline+1"],"picked":"Blizzard+1","floor":11},{"not_picked":["Leap","Fusion"],"picked":"Coolheaded","floor":13},{"not_picked":["Biased Cognition","Core Surge+1"],"picked":"All For One+1","floor":16},{"not_picked":["Ball Lightning+1","BootSequence"],"picked":"Redo","floor":18},{"not_picked":["Sweeping Beam+1","Compile Driver+1"],"picked":"Cold Snap+1","floor":20},{"not_picked":["Redo","Conserve Battery"],"picked":"Barrage+1","floor":22},{"not_picked":["Go for the Eyes+1","Defragment"],"picked":"Blizzard+1","floor":24},{"not_picked":["Hologram","Force Field"],"picked":"FTL+1","floor":25},{"not_picked":["Compile Driver+1","Leap"],"picked":"Blizzard+1","floor":28},{"not_picked":["Doom and Gloom+1","Buffer"],"picked":"Defragment","floor":30},{"not_picked":["Meteor Strike+1","Buffer"],"picked":"Creative AI","floor":33},{"not_picked":["Conserve Battery","Hologram"],"picked":"Rebound+1","floor":35},{"not_picked":["Stack+1","Turbo+1"],"picked":"Hologram","floor":37},{"not_picked":["Undo","Steam Power"],"picked":"Gash+1","floor":38},{"not_picked":["Defragment","Barrage+1"],"picked":"Streamline+1","floor":39},{"not_picked":["Gash+1","White Noise+1"],"picked":"Barrage+1","floor":40},{"not_picked":["Auto Shields","Redo+1"],"picked":"Reboot","floor":42},{"not_picked":["Streamline+1","Aggregate"],"picked":"Turbo+1","floor":44},{"not_picked":["Barrage+1","Compile Driver+1","Turbo+1"],"picked":"SKIP","floor":45},{"not_picked":["Hologram+1","Thunder Strike+1"],"picked":"Coolheaded","floor":46},{"not_picked":["Steam Power","Conserve Battery"],"picked":"Capacitor","floor":47},{"not_picked":["Defragment","Compile Driver+1","Sweeping Beam+1"],"picked":"SKIP","floor":54}],"player_experience":294879,"relics_obtained":[{"floor":7,"key":"Molten Egg 2"},{"floor":9,"key":"Bronze Scales"},{"floor":11,"key":"Smiling Mask"},{"floor":24,"key":"Akabeko"},{"floor":26,"key":"StrikeDummy"},{"floor":40,"key":"HornCleat"},{"floor":40,"key":"Potion Belt"},{"floor":48,"key":"CeramicFish"},{"floor":54,"key":"Pen Nib"},{"floor":54,"key":"Boot"}],"event_choices":[{"cards_removed":["Defend_B"],"damage_healed":0,"gold_gain":0,"player_choice":"Card Removal","damage_taken":0,"max_hp_gain":0,"max_hp_loss":0,"event_name":"Wheel of Change","floor":2,"gold_loss":0},{"damage_healed":0,"gold_gain":0,"player_choice":"Ignored","damage_taken":0,"max_hp_gain":0,"max_hp_loss":0,"event_name":"Liars Game","floor":14,"gold_loss":0},{"damage_healed":0,"gold_gain":0,"player_choice":"Upgrade","damage_taken":0,"max_hp_gain":0,"max_hp_loss":0,"event_name":"Designer","floor":19,"gold_loss":40,"cards_upgraded":["Cold Snap"]},{"damage_healed":0,"gold_gain":0,"player_choice":"1 cards matched","damage_taken":0,"max_hp_gain":0,"max_hp_loss":0,"event_name":"Match and Keep!","floor":31,"gold_loss":0,"cards_obtained":["Fission"]},{"damage_healed":0,"gold_gain":0,"player_choice":"Relic","damage_taken":0,"max_hp_gain":0,"max_hp_loss":0,"event_name":"Wheel of Change","floor":48,"gold_loss":0}],"is_beta":false,"boss_relics":[{"not_picked":["Fusion Hammer","Busted Crown"],"picked":"Runic Dome"},{"not_picked":["Velvet Choker","bronze:MakeshiftBattery"],"picked":"Black Star"}],"items_purged_floors":[10,12,36,53],"is_endless":false,"potions_floor_spawned":[3,4,5,7,20,24,25,30,37,38,44,47],"ascension_level":14}}