{"host":"5spr8tig1ba228ju","time":1612368517,"event":{"mods":["BaseMod","Bestiary","Colored Map","Colored Powertips","Curses Come First","Energized Spire","Highlight Path","Hubris","Minty Spire (QoL Compilation)","Quick Restart","Relic Stats","Reliquary","Replay The Spire","Shop Mod","Spicy Shops","StSLib","SuperFastMode","The Jungle","¡¾ÒÅÎï¿¨ÅÆ¡¿REMEMod"],"gold_per_floor":[118,130,130,55,92,92,127,127,127,162,162,162,162,176,16,16,16,87,87,97,112,112,34,34,63,63,75,75,93,93,93,93,103,103,180,180,190,209,52,52,64,90,108,135,135,135,135,410,410,422,468,468],"floor_reached":53,"language":"ZHS","playtime":2304,"items_purged":["Strike_R","Strike_R","Strike_R"],"score":1681,"play_id":"31dd4c6d-7c8d-4310-9007-f397d82bb592","local_time":"20210204000837","is_ascension_mode":true,"campfire_choices":[{"data":"Alpha","floor":6.0,"key":"SMITH"},{"floor":8.0,"key":"REST"},{"data":"Neutralize","floor":13.0,"key":"SMITH"},{"data":"Entrench","floor":26.0,"key":"SMITH"},{"data":"Battle Trance","floor":30.0,"key":"SMITH"},{"data":"Power Through","floor":32.0,"key":"SMITH"},{"data":"Survivor","floor":34.0,"key":"SMITH"},{"data":"Burning Pact","floor":47.0,"key":"SMITH"},{"data":"Second Wind","floor":49.0,"key":"SMITH"}],"circlet_count":0,"master_deck":["AscendersBane","Strike_R+1","Defend_R","Defend_R+1","Defend_R","Defend_R","Alpha+1","Shrug It Off+1","Battle Trance+1","Survivor+1","Neutralize+1","Power Through+1","Power Through+1","Entrench+1","Power Through+1","Metallicize+1","Flame Barrier+1","Burning Pact","Burning Pact+1","Second Wind+1","Exhume"],"relics":["Burning Blood","REME_ComplimentaryCards","Onion Ring","reliquary:IridiumChain","Pear","Red Skull","Bag of Preparation","Replay:Bronze Core","hubris:Icosahedron","theJungle:WildStrawberry","reliquary:JackalopeAntler","Replay:Bottled Steam","hubris:Towel","reliquary:RedCape","ReplayTheSpireMod:Ring of Collecting","ReplayTheSpireMod:Ring of Exchange","reliquary:Crutches","reliquary:Buckler","ReplayTheSpireMod:Ring of Challenge","White Beast Statue","hubris:NiceRug","hubris:TinFlute","Replay:Wanted Poster","Anchor","Bag of Marbles","Runic Pyramid","Replay:Kaleidoscope","hubris:GlazedTorus"],"acts_visited":["Exordium","Exordium","TheBeyond"],"potions_floor_usage":[52],"damage_taken":[{"damage":26.0,"enemies":"Small Slimes","floor":1.0,"turns":5.0},{"damage":14.0,"enemies":"2 Louse","floor":2.0,"turns":3.0},{"damage":25.0,"enemies":"Gremlin Nob","floor":7.0,"turns":3.0},{"damage":0.0,"enemies":"Lagavulin","floor":10.0,"turns":5.0},{"damage":2.0,"enemies":"Jaw Worm","floor":14.0,"turns":3.0},{"damage":28.0,"enemies":"Slime Boss","floor":18.0,"turns":5.0},{"damage":0.0,"enemies":"theJungle:GiantWrat","floor":20.0,"turns":5.0},{"damage":17.0,"enemies":"theJungle:Flameango_and_Byrd","floor":21.0,"turns":4.0},{"damage":0.0,"enemies":"theJungle:2_Phrogs","floor":25.0,"turns":5.0},{"damage":10.0,"enemies":"theJungle:Lyon","floor":27.0,"turns":4.0},{"damage":6.0,"enemies":"Snake Plant","floor":29.0,"turns":4.0},{"damage":13.0,"enemies":"theJungle:2_Flameangoes","floor":33.0,"turns":7.0},{"damage":15.0,"enemies":"theJungle:TotemBoss","floor":35.0,"turns":6.0},{"damage":0.0,"enemies":"Orb Walker","floor":37.0,"turns":4.0},{"damage":0.0,"enemies":"3 Darklings","floor":38.0,"turns":3.0},{"damage":0.0,"enemies":"Writhing Mass","floor":41.0,"turns":5.0},{"damage":0.0,"enemies":"R_Hoarder","floor":42.0,"turns":6.0},{"damage":1.0,"enemies":"Spire Growth","floor":43.0,"turns":7.0},{"damage":5.0,"enemies":"Nemesis","floor":44.0,"turns":9.0},{"damage":0.0,"enemies":"hubris:Merchant","floor":48.0,"turns":7.0},{"damage":0.0,"enemies":"Sphere and 2 Shapes","floor":50.0,"turns":5.0},{"damage":3,"enemies":"2 Orb Walkers","floor":51,"turns":6},{"damage":0,"enemies":"Time Eater","floor":52,"turns":8}],"seed_played":"6876948304168788446","potions_obtained":[{"floor":2.0,"key":"Death Potion"},{"floor":10.0,"key":"SpeedPotion"},{"floor":14.0,"key":"Languid Potion"},{"floor":37.0,"key":"PowerPotion"},{"floor":48.0,"key":"Elixir"},{"floor":48.0,"key":"Reflective Coating"}],"is_trial":false,"path_per_floor":["M","M","?","$","?","R","E","R","T","E","PTL","PTL","R","M","$","?","R_BF","B",null,"M","M","?","$","?","E","R","M","T","M","R","?","R","M","R","B",null,"M","M","$","?","M","E","M","E","T","?","R","$","R","M","R_BF","B",null],"character_chosen":"IRONCLAD","items_purchased":["Bag of Preparation","Entrench","Burning Pact"],"campfire_rested":1,"item_purchase_floors":[15,23,39],"current_hp_per_floor":[55,47,47,47,47,47,28,52,62,68,68,68,68,72,72,72,92,70,87,92,81,81,81,74,80,80,76,76,76,76,76,76,69,69,60,89,95,99,99,99,99,99,99,99,99,99,99,99,99,99,99,99],"gold":468,"neow_bonus":"TEN_PERCENT_HP_BONUS","is_daily":false,"chose_seed":false,"campfire_upgraded":8,"win_rate":0.0,"timestamp":1612368517,"path_taken":["M","M","?","$","?","R","E","R","T","E","PTL","PTL","R","M","$","?","R_BF","BOSS","M","M","?","$","?","E","R","M","T","M","R","?","R","M","R","BOSS","M","M","$","?","M","E","M","E","T","?","R","$","R","M","R_BF","BOSS"],"items_purchased_type":["Relic","Card","Card"],"build_version":"2020-12-22","purchased_purges":3,"victory":true,"max_hp_per_floor":[82,82,82,82,82,82,82,82,92,92,92,92,92,92,92,92,92,92,92,92,92,92,92,99,99,99,99,99,99,99,99,99,99,99,99,99,99,99,99,99,99,99,99,99,99,99,99,99,99,99,99,99],"relic_stats":{"counters":[23,119],"Bag of Preparation":[36],"obtain_stats":[{"ReplayTheSpireMod:Ring of Exchange":40,"Bag of Preparation":15,"reliquary:RedCape":36,"Burning Blood":0,"reliquary:FerryPass":48,"Replay:Wanted Poster":48,"hubris:Icosahedron":22,"Replay:Bronze Core":19,"reliquary:Buckler":44,"Red Skull":10,"hubris:TinFlute":48,"Replay:Bottled Steam":28,"Runic Pyramid":48,"hubris:GlazedTorus":51,"Pear":9,"Replay:Kaleidoscope":50,"hubris:Towel":31,"reliquary:IridiumChain":7,"White Beast Statue":45,"reliquary:JackalopeAntler":25,"reliquary:Crutches":42,"Anchor":48,"ReplayTheSpireMod:Ring of Collecting":40,"Onion Ring":5,"Bag of Marbles":48,"theJungle:WildStrawberry":24,"ReplayTheSpireMod:Ring of Challenge":45,"REME_ComplimentaryCards":0,"hubris:NiceRug":48},{"ReplayTheSpireMod:Ring of Exchange":15,"Bag of Preparation":5,"reliquary:RedCape":13,"Burning Blood":0,"reliquary:FerryPass":20,"Replay:Wanted Poster":20,"hubris:Icosahedron":8,"Replay:Bronze Core":6,"reliquary:Buckler":19,"Red Skull":4,"hubris:TinFlute":20,"Replay:Bottled Steam":10,"Runic Pyramid":20,"hubris:GlazedTorus":22,"Pear":3,"Replay:Kaleidoscope":21,"hubris:Towel":11,"reliquary:IridiumChain":3,"White Beast Statue":19,"reliquary:JackalopeAntler":9,"reliquary:Crutches":17,"Anchor":20,"ReplayTheSpireMod:Ring of Collecting":15,"Onion Ring":2,"Bag of Marbles":20,"theJungle:WildStrawberry":8,"ReplayTheSpireMod:Ring of Challenge":19,"REME_ComplimentaryCards":0,"hubris:NiceRug":20},{"ReplayTheSpireMod:Ring of Exchange":66,"Bag of Preparation":19,"reliquary:RedCape":59,"Burning Blood":0,"reliquary:FerryPass":100,"Replay:Wanted Poster":100,"hubris:Icosahedron":33,"Replay:Bronze Core":24,"reliquary:Buckler":93,"Red Skull":16,"hubris:TinFlute":100,"Replay:Bottled Steam":42,"Runic Pyramid":100,"hubris:GlazedTorus":111,"Pear":11,"Replay:Kaleidoscope":105,"hubris:Towel":46,"reliquary:IridiumChain":11,"White Beast Statue":93,"reliquary:JackalopeAntler":38,"reliquary:Crutches":77,"Anchor":100,"ReplayTheSpireMod:Ring of Collecting":66,"Onion Ring":8,"Bag of Marbles":100,"theJungle:WildStrawberry":33,"ReplayTheSpireMod:Ring of Challenge":93,"REME_ComplimentaryCards":0,"hubris:NiceRug":100}],"Burning Blood":96},"card_choices":[{"not_picked":["Clothesline","Twin Strike"],"picked":"Shrug It Off","floor":1.0},{"not_picked":["Seeing Red","Headbutt"],"picked":"Battle Trance","floor":2.0},{"not_picked":["hubris:SharpeningStone","Anger"],"picked":"Power Through","floor":7.0},{"not_picked":["Wild Strike","hubris:SharpeningStone","Replay:Undeath\u0027s Touch"],"picked":"SKIP","floor":10.0},{"not_picked":["Seeing Red","Combust","Body Slam"],"picked":"SKIP","floor":14.0},{"not_picked":["Run Through","Spot Weakness+1"],"picked":"Power Through+1","floor":20.0},{"not_picked":["Clothesline","Carnage","Flex"],"picked":"SKIP","floor":21.0},{"not_picked":["Warcry","Heavy Blade"],"picked":"Power Through+1","floor":25.0},{"not_picked":["Twin Strike","hubris:ReadiedAction"],"picked":"Metallicize+1","floor":27.0},{"not_picked":["REME_SingleHolding","Pommel Strike+1","Body Slam"],"picked":"SKIP","floor":29.0},{"not_picked":["REME_SingleHolding","Pommel Strike+1","Body Slam"],"picked":"SKIP","floor":29.0},{"not_picked":["Pommel Strike","Sword Boomerang","Twin Strike"],"picked":"SKIP","floor":33.0},{"not_picked":["Replay:Undeath\u0027s Touch","Pommel Strike"],"picked":"Flame Barrier+1","floor":37.0},{"not_picked":["Havoc","Flex","Clash"],"picked":"SKIP","floor":38.0},{"not_picked":["REME_SingleHolding","Thunderclap","hubris:StunningStrike"],"picked":"SKIP","floor":41.0},{"not_picked":["Sword Boomerang","Thunderclap","REME_TheLastStrike"],"picked":"SKIP","floor":42.0},{"not_picked":["Dark Embrace","Iron Wave+1","ReplayTheSpireMod:LeadingStrike"],"picked":"SKIP","floor":43.0},{"not_picked":["Pommel Strike+1","hubris:ReadiedAction+1","Clash"],"picked":"SKIP","floor":44.0},{"not_picked":[],"picked":"Second Wind","floor":48.0},{"not_picked":[],"picked":"Exhume","floor":48.0},{"not_picked":["Anger"],"picked":"SKIP","floor":48.0},{"not_picked":["Sword Boomerang"],"picked":"SKIP","floor":48.0},{"not_picked":["Fire Breathing"],"picked":"SKIP","floor":48.0},{"not_picked":["Replay:Parry"],"picked":"SKIP","floor":48.0},{"not_picked":["REME_BuildACard"],"picked":"SKIP","floor":48.0},{"not_picked":["Combust","Carnage","Defy Death"],"picked":"SKIP","floor":50.0}],"player_experience":642840,"relics_obtained":[{"floor":5.0,"key":"Onion Ring"},{"floor":7.0,"key":"reliquary:IridiumChain"},{"floor":9.0,"key":"Pear"},{"floor":10.0,"key":"Red Skull"},{"floor":25.0,"key":"reliquary:JackalopeAntler"},{"floor":28.0,"key":"Replay:Bottled Steam"},{"floor":40.0,"key":"ReplayTheSpireMod:Ring of Collecting"},{"floor":40.0,"key":"ReplayTheSpireMod:Ring of Exchange"},{"floor":42.0,"key":"reliquary:Crutches"},{"floor":44.0,"key":"reliquary:Buckler"},{"floor":45.0,"key":"ReplayTheSpireMod:Ring of Challenge"},{"floor":45.0,"key":"White Beast Statue"},{"floor":48.0,"key":"reliquary:FerryPass"},{"floor":48.0,"key":"hubris:TinFlute"},{"floor":48.0,"key":"Replay:Wanted Poster"},{"floor":48.0,"key":"Anchor"},{"floor":48.0,"key":"Bag of Marbles"},{"floor":48.0,"key":"Runic Pyramid"},{"floor":50.0,"key":"Replay:Kaleidoscope"},{"floor":51,"key":"hubris:GlazedTorus"}],"event_choices":[{"damage_healed":0.0,"max_hp_gain":0.0,"max_hp_loss":0.0,"gold_gain":0.0,"event_name":"SensoryStone","player_choice":"Memory 1","floor":46.0,"gold_loss":0.0,"damage_taken":0.0},{"damage_healed":0,"gold_gain":0,"player_choice":"Fight","damage_taken":0,"max_hp_gain":0,"max_hp_loss":0,"event_name":"Mysterious Sphere","floor":51,"gold_loss":0}],"is_beta":false,"boss_relics":[{"not_picked":["REME_DuelDisc","Replay:Drink Me"],"picked":"Replay:Bronze Core"},{"not_picked":["reliquary:RedPaperclip","Honey Jar"],"picked":"reliquary:RedCape"}],"items_purged_floors":[4,39,48],"is_endless":false,"potions_floor_spawned":[2,10,14,18,27,29,37,41,43,48,50,51],"ascension_level":17}}