{"host":"w6bv7e6dabj27l4i","time":1612322134,"event":{"mods":["Act Like it!","BaseMod","Colored Map","Custom Start","Downfall","Minty Spire (QoL Compilation)","Quick Restart","StSLib","Synergy Search","Unceasing Turn Reminder","slay the spire mod where everything is the same but ironclad has a cowboy hat"],"gold_per_floor":[99,115,133,133,153,167,167,167,167,181,195,210,220,233,251,356,401,410,419,442,464,493,777,800,825,846,871,893,902,927,950,972,1106,1118,1139,1180,1213,1253,1277,1198,1288,1353,1174,1219,1231,1272,1303,1339,1378,1390,1402,1471,745,754,754,754],"floor_reached":57,"language":"ENG","playtime":7476,"items_purged":[],"score":1598,"play_id":"4a1b59f7-d69f-499f-b919-d465e582a07d","local_time":"20210202211534","daily_mods":["Hoarder","Vintage","Time Dilation"],"is_ascension_mode":false,"campfire_choices":[{"data":"sneckomod:TailWhip","floor":1.0,"key":"SMITH"},{"data":"sneckomod:Unknown","floor":8.0,"key":"SMITH"},{"floor":35,"key":"RECALL"},{"data":"bronze:Mutator","floor":40,"key":"SMITH"},{"data":"bronze:ItsAFeature","floor":43,"key":"SMITH"},{"data":"expansioncontent:AwakenDeath","floor":54,"key":"SMITH"}],"circlet_count":0,"master_deck":["sneckomod:Strike","sneckomod:Strike+1","sneckomod:Strike","sneckomod:Defend","sneckomod:Defend","sneckomod:Defend","sneckomod:TailWhip+1","sneckomod:SnekBite+1","sneckomod:Unknown+1","sneckomod:Unknown","Slimebound:MassFeed+1","Slimebound:MassFeed+1","Slimebound:MassFeed+1","sneckomod:UnknownClassTHE_BRONZE_AUTOMATON+1","sneckomod:UnknownClassTHE_BRONZE_AUTOMATON+1","sneckomod:UnknownClassTHE_BRONZE_AUTOMATON+1","sneckomod:UnknownClassTHE_BRONZE_AUTOMATON+1","sneckomod:UnknownClassTHE_BRONZE_AUTOMATON+1","sneckomod:UnknownClassTHE_BRONZE_AUTOMATON+1","sneckomod:UnknownClassTHE_BRONZE_AUTOMATON+1","sneckomod:UnknownClassTHE_BRONZE_AUTOMATON+1","sneckomod:UnknownClassTHE_BRONZE_AUTOMATON+1","sneckomod:UnknownClassTHE_BRONZE_AUTOMATON+1","bronze:HyperBeam+1","bronze:HyperBeam+1","bronze:HyperBeam+1","bronze:Terminator+1","bronze:Terminator+1","bronze:Terminator+1","bronze:GetLatest+1","bronze:GetLatest+1","bronze:GetLatest+1","bronze:TinkerersToolbox+1","bronze:TinkerersToolbox+1","bronze:TinkerersToolbox+1","bronze:Mutator","bronze:Mutator+1","bronze:Mutator","Regret","Regret","Regret","bronze:MaxOutput","bronze:MaxOutput","bronze:MaxOutput","bronze:Overload+1","bronze:Overload+1","bronze:Overload+1","bronze:ChildClass+1","bronze:ChildClass+1","bronze:ChildClass+1","bronze:FunctionCard","bronze:FunctionCard","bronze:FunctionCard","bronze:ChosenStrike+1","bronze:ChosenStrike+1","bronze:ChosenStrike+1","bronze:ThunderWave+1","bronze:ThunderWave+1","bronze:ThunderWave+1","bronze:ChosenStrike+1","bronze:ChosenStrike+1","bronze:ClassDefault","bronze:ClassDefault","bronze:ClassDefault","sneckomod:UnknownRareSkill+1","sneckomod:UnknownRareSkill+1","bronze:InfiniteLoop+1","bronze:InfiniteLoop+1","bronze:InfiniteLoop+1","Vault+1","Vault+1","Vault+1","bronze:Constructor+1","bronze:Constructor+1","bronze:Constructor+1","bronze:InfiniteLoop+1","bronze:InfiniteLoop+1","bronze:ItsAFeature","bronze:ItsAFeature+1","bronze:ItsAFeature","bronze:Shield+1","bronze:Shield+1","bronze:Shield+1","sneckomod:WideSting+1","sneckomod:WideSting+1","sneckomod:WideSting+1","bronze:CleanCode","bronze:CleanCode","bronze:CleanCode","bronze:CleanCode+1","bronze:CleanCode+1","bronze:CleanCode+1","bronze:FunctionCard","bronze:FunctionCard","bronze:FunctionCard","bronze:GetLatest+1","bronze:GetLatest+1","bronze:GetLatest+1","bronze:AlphaBuild+1","bronze:AlphaBuild+1","bronze:AlphaBuild+1","bronze:CloningBeam+1","bronze:CloningBeam+1","bronze:CloningBeam+1","bronze:Iterate+1","bronze:Iterate+1","bronze:Iterate+1","bronze:GetLatest+1","bronze:GetLatest+1","bronze:GetLatest+1","bronze:FunctionCard","bronze:FunctionCard","bronze:FunctionCard","bronze:GetLatest+1","bronze:GetLatest+1","bronze:GetLatest+1","sneckomod:DangerNoodle+1","sneckomod:DangerNoodle+1","sneckomod:DangerNoodle+1","sneckomod:PureSnecko+1","sneckomod:PureSnecko+1","sneckomod:PureSnecko+1","expansioncontent:AwakenDeath","expansioncontent:AwakenDeath","expansioncontent:AwakenDeath+1","sneckomod:DiceCrush+1","sneckomod:DiceCrush+1","sneckomod:DiceCrush+1","bronze:Library+1","bronze:Library+1","bronze:Library+1"],"relics":["sneckomod:SuperSneckoSoul","Molten Egg 2","Torii","Lantern","Unceasing Top","sneckomod:ConfusingCodex","Toxic Egg 2","Centennial Puzzle","Ancient Tea Set","hexamod:CandleOfCauterizing","CeramicFish","Anchor","Bag of Marbles","sneckomod:SneckoBoss","Whetstone","sneckomod:LoadedDie","TungstenRod","Toy Ornithopter","Pen Nib","Slimebound:PreparedRelic","Nunchaku","Happy Flower","Guardian:PocketSentry","Pocketwatch","Vajra","MawBank","Sundial","bronze:BronzeIdol","Pantograph","bronze:DecasWashers","downfall:HeartBlessingRed","Pear","downfall:HeartBlessingGreen","downfall:HeartBlessingBlue","Ginger","Potion Belt","MealTicket","Prayer Wheel","StoneCalendar","Letter Opener","Boot","Bag of Preparation","Strange Spoon"],"acts_visited":["Exordium","TheCity","TheBeyond","TheEnding"],"potions_floor_usage":[16,16,16,25,42,50,50,55,55,55,55,56],"damage_taken":[{"damage":0.0,"enemies":"Small Slimes","floor":2.0,"turns":2.0},{"damage":0.0,"enemies":"2 Louse","floor":3.0,"turns":1.0},{"damage":7.0,"enemies":"Jaw Worm","floor":5.0,"turns":3.0},{"damage":0.0,"enemies":"Red Slaver","floor":6.0,"turns":1.0},{"damage":7.0,"enemies":"Exordium Thugs","floor":10.0,"turns":3.0},{"damage":0,"enemies":"Large Slime","floor":11,"turns":3},{"damage":13,"enemies":"Red Slaver","floor":12,"turns":4},{"damage":18,"enemies":"Blue Slaver","floor":13,"turns":3},{"damage":1,"enemies":"Gremlin Gang","floor":14,"turns":4},{"damage":7,"enemies":"Exordium Thugs","floor":15,"turns":3},{"damage":29,"enemies":"DF_ARCHETYPE_STREAMLINE","floor":16,"turns":11},{"damage":0,"enemies":"Chosen","floor":19,"turns":1},{"damage":7,"enemies":"3 Byrds","floor":20,"turns":6},{"damage":0,"enemies":"Sentry and Sphere","floor":21,"turns":1},{"damage":0,"enemies":"Snake Plant","floor":22,"turns":1},{"damage":2,"enemies":"Centurion and Healer","floor":25,"turns":3},{"damage":0,"enemies":"Sentry and Sphere","floor":26,"turns":2},{"damage":1,"enemies":"Cultist and Chosen","floor":27,"turns":3},{"damage":0,"enemies":"Snake Plant","floor":28,"turns":1},{"damage":0,"enemies":"Snecko","floor":30,"turns":1},{"damage":0,"enemies":"Cultist and Chosen","floor":31,"turns":2},{"damage":0,"enemies":"Centurion and Healer","floor":32,"turns":2},{"damage":2,"enemies":"SI_MIRROR_ARCHETYPE","floor":33,"turns":3},{"damage":1,"enemies":"Orb Walker","floor":36,"turns":2},{"damage":0,"enemies":"3 Darklings","floor":37,"turns":4},{"damage":0,"enemies":"Spire Growth","floor":38,"turns":1},{"damage":26,"enemies":"4 Shapes","floor":39,"turns":4},{"damage":1,"enemies":"Reptomancer","floor":42,"turns":4},{"damage":38,"enemies":"Maw","floor":44,"turns":8},{"damage":11,"enemies":"Spire Growth","floor":46,"turns":3},{"damage":0,"enemies":"4 Shapes","floor":47,"turns":3},{"damage":0,"enemies":"3 Darklings","floor":48,"turns":2},{"damage":0,"enemies":"Jaw Worm Horde","floor":49,"turns":2},{"damage":57,"enemies":"IC_BLOCK_ARCHETYPE","floor":50,"turns":4},{"damage":0,"enemies":"downfall:CharBossMerchant","floor":52,"turns":4},{"damage":36,"enemies":"downfall:NeowBoss","floor":55,"turns":8},{"damage":0,"enemies":"downfall:NeowBossFinal","floor":56,"turns":5}],"seed_played":"-7635988592183313897","potions_obtained":[{"floor":5.0,"key":"ColorlessPotion"},{"floor":6.0,"key":"SneckoOil"},{"floor":10.0,"key":"EntropicBrew"},{"floor":16,"key":"Block Potion"},{"floor":25,"key":"GamblersBrew"},{"floor":42,"key":"FearPotion"},{"floor":44,"key":"hexamod:SoulburnPotion"},{"floor":48,"key":"BlessingOfTheForge"},{"floor":49,"key":"sneckomod:CheatPotion"}],"is_trial":true,"path_per_floor":["R","M","M","?","M","M","T","R","?","M","M","M","M","M","M","B",null,"R","M","M","M","M","?","T","M","M","M","M","R","M","M","M","B",null,"R","M","M","M","M","R","T","E","R","M","?","M","M","M","M","B",null,"E","$","R","B","B",null],"character_chosen":"THE_SNECKO","items_purchased":["sneckomod:PureSnecko+1","expansioncontent:AwakenDeath","Boot","sneckomod:DiceCrush+1","Bag of Preparation","Strange Spoon","ColorlessPotion","Strength Potion"],"campfire_rested":0,"item_purchase_floors":[53,53,53,53,53,53,53,53],"current_hp_per_floor":[90,90,90,78,71,71,71,71,71,64,64,51,33,32,25,27,90,90,90,83,83,83,83,83,90,90,89,89,89,89,93,93,91,94,94,93,94,94,68,68,68,82,92,54,54,43,43,43,43,21,114,114,114,114,88,114],"gold":754,"neow_bonus":"","is_daily":false,"chose_seed":false,"campfire_upgraded":5,"win_rate":0.0,"timestamp":1612322134,"path_taken":["R","M","M","?","M","M","T","R","?","M","M","?","M","M","M","BOSS","R","M","M","M","M","?","T","M","M","M","?","R","M","M","M","BOSS","R","M","M","M","M","R","T","E","R","M","?","?","M","M","M","BOSS","E","$","R","BOSS","BOSS"],"items_purchased_type":["Card","Card","Relic","Card","Relic","Relic","Potion","Potion"],"build_version":"2020-12-22","purchased_purges":0,"victory":true,"max_hp_per_floor":[90,90,90,90,90,90,90,90,90,90,90,90,90,90,90,90,90,90,90,90,90,90,90,90,90,90,90,90,90,90,94,94,94,94,94,94,94,94,94,94,94,104,114,114,114,114,114,114,114,114,114,114,114,114,114,114],"card_choices":[{"not_picked":["sneckomod:UnknownRareAttack+1","Slimebound:Overexert"],"picked":"Slimebound:MassFeed+1","floor":16},{"not_picked":["bronze:NullPointer","bronze:ForceShield"],"picked":"bronze:Terminator","floor":19},{"not_picked":["bronze:Constructor","bronze:TinkerersToolbox"],"picked":"bronze:GetLatest","floor":20},{"not_picked":["bronze:MaxOutput","bronze:BronzeOrb"],"picked":"bronze:TinkerersToolbox","floor":21},{"not_picked":["bronze:Fortify","bronze:BronzeOrb"],"picked":"bronze:Mutator","floor":22},{"not_picked":["bronze:ForceShield","bronze:Refactor"],"picked":"bronze:MaxOutput","floor":25},{"not_picked":["bronze:WhirlingStrike","bronze:Virus"],"picked":"bronze:Overload","floor":26},{"not_picked":["bronze:DarkDash","bronze:Safeguard"],"picked":"bronze:ChildClass","floor":27},{"not_picked":["bronze:DelayedSlice","bronze:Break"],"picked":"bronze:FunctionCard","floor":28},{"not_picked":["bronze:BitShift","bronze:Backtrace"],"picked":"bronze:ThunderWave","floor":30},{"not_picked":["bronze:ChildClass","bronze:Branch"],"picked":"bronze:ChosenStrike","floor":31},{"not_picked":["bronze:HardenedForm","bronze:MaxOutput"],"picked":"bronze:ClassDefault","floor":32},{"not_picked":["Slimebound:FirmFortitude+1","sneckomod:Cheat+1"],"picked":"sneckomod:UnknownRareSkill+1","floor":33},{"not_picked":["bronze:Constructor","bronze:Replicate"],"picked":"bronze:InfiniteLoop","floor":33},{"not_picked":["bronze:CleanCode","bronze:BitShift"],"picked":"bronze:Constructor","floor":36},{"not_picked":["bronze:Safeguard","bronze:Backtrace"],"picked":"bronze:InfiniteLoop","floor":37},{"not_picked":["bronze:BitShift","bronze:Branch"],"picked":"bronze:ItsAFeature","floor":38},{"not_picked":["sneckomod:DefensiveFlair+1","sneckomod:DiceCrush+1"],"picked":"sneckomod:WideSting+1","floor":42},{"not_picked":["bronze:CutThrough","bronze:Separator"],"picked":"bronze:CleanCode","floor":42},{"not_picked":["bronze:Branch","bronze:Strike"],"picked":"bronze:GetLatest","floor":44},{"not_picked":["bronze:InfiniteBeams","bronze:Constructor"],"picked":"bronze:AlphaBuild","floor":46},{"not_picked":["bronze:Allocate","bronze:ChildClass"],"picked":"bronze:CloningBeam","floor":47},{"not_picked":["bronze:Fortify","bronze:DarkDash"],"picked":"bronze:Iterate","floor":48},{"not_picked":["bronze:Strike","bronze:Optimize"],"picked":"bronze:GetLatest","floor":49},{"not_picked":["bronze:CleanCode","bronze:FunctionCard"],"picked":"bronze:GetLatest","floor":52},{"not_picked":["Slimebound:Gluttony","Slimebound:ViciousTackle+1"],"picked":"sneckomod:DangerNoodle+1","floor":52}],"player_experience":495907,"relics_obtained":[{"floor":2.0,"key":"Molten Egg 2"},{"floor":3.0,"key":"Torii"},{"floor":5.0,"key":"Unceasing Top"},{"floor":6.0,"key":"sneckomod:ConfusingCodex"},{"floor":7.0,"key":"Toxic Egg 2"},{"floor":10.0,"key":"Centennial Puzzle"},{"floor":11,"key":"Ancient Tea Set"},{"floor":12,"key":"hexamod:CandleOfCauterizing"},{"floor":13,"key":"CeramicFish"},{"floor":14,"key":"Anchor"},{"floor":15,"key":"Bag of Marbles"},{"floor":19,"key":"Whetstone"},{"floor":20,"key":"sneckomod:LoadedDie"},{"floor":21,"key":"TungstenRod"},{"floor":22,"key":"Toy Ornithopter"},{"floor":24,"key":"Pen Nib"},{"floor":25,"key":"Slimebound:PreparedRelic"},{"floor":26,"key":"Nunchaku"},{"floor":27,"key":"Happy Flower"},{"floor":28,"key":"Guardian:PocketSentry"},{"floor":30,"key":"Pocketwatch"},{"floor":31,"key":"Vajra"},{"floor":32,"key":"MawBank"},{"floor":36,"key":"Sundial"},{"floor":37,"key":"bronze:BronzeIdol"},{"floor":38,"key":"Pantograph"},{"floor":39,"key":"bronze:DecasWashers"},{"floor":42,"key":"Pear"},{"floor":44,"key":"Ginger"},{"floor":46,"key":"Potion Belt"},{"floor":47,"key":"MealTicket"},{"floor":48,"key":"Prayer Wheel"},{"floor":49,"key":"StoneCalendar"},{"floor":52,"key":"Letter Opener"}],"event_choices":[{"damage_healed":0.0,"max_hp_gain":0.0,"max_hp_loss":0.0,"gold_gain":0.0,"event_name":"Scrap Ooze","player_choice":"Success","floor":4.0,"gold_loss":0.0,"damage_taken":12.0,"relics_obtained":["Lantern"]}],"is_beta":false,"boss_relics":[{"not_picked":["Runic Pyramid","Calling Bell"],"picked":"sneckomod:SneckoBoss"},{"not_picked":["expansioncontent:StudyCardRelic","Astrolabe"],"picked":"sneckomod:SuperSneckoSoul"}],"items_purged_floors":[],"is_endless":false,"potions_floor_spawned":[5,6,10,12,15,16,21,25,28,30,31,37,38,42,44,48,49],"ascension_level":0}}