{"host":"nsc6ozq3atyrdr3m","time":1612387054,"event":{"mods":["BaseMod","Colored Map","Minty Spire (QoL Compilation)"],"gold_per_floor":[109,127,127,141,141,141,158,158,226,226,301,245,245,264,264,264,264],"floor_reached":16,"language":"FRA","playtime":194,"items_purged":[],"score":184,"play_id":"042bb86f-256f-43a3-af8c-b83033bbf677","local_time":"20210203221734","is_ascension_mode":true,"campfire_choices":[{"data":"Bash","floor":6,"key":"SMITH"},{"data":"Feed","floor":8,"key":"SMITH"},{"data":"Cleave","floor":10,"key":"SMITH"},{"floor":13,"key":"REST"},{"floor":15,"key":"REST"}],"circlet_count":0,"master_deck":["AscendersBane","Strike_R","Strike_R","Strike_R","Strike_R","Strike_R","Defend_R","Defend_R","Defend_R","Defend_R","Bash+1","Thunderclap","Cleave+1","Feed+1"],"relics":["Burning Blood","NeowsBlessing","White Beast Statue"],"acts_visited":["Exordium"],"potions_floor_usage":[5,16,16],"damage_taken":[{"damage":0,"enemies":"Cultist","floor":1,"turns":1},{"damage":0,"enemies":"Jaw Worm","floor":2,"turns":1},{"damage":0,"enemies":"2 Louse","floor":4,"turns":1},{"damage":4,"enemies":"Red Slaver","floor":5,"turns":3},{"damage":32,"enemies":"Lots of Slimes","floor":7,"turns":3},{"damage":20,"enemies":"Gremlin Gang","floor":14,"turns":3},{"damage":75,"enemies":"The Guardian","floor":16,"turns":6}],"seed_played":"1995923994649137473","potions_obtained":[{"floor":2,"key":"SmokeBomb"},{"floor":7,"key":"PowerPotion"}],"is_trial":false,"path_per_floor":["M","M","$","M","M","R","M","R","T","R","?","$","R","M","R","B"],"character_chosen":"IRONCLAD","items_purchased":["Strength Potion"],"campfire_rested":2,"item_purchase_floors":[12],"current_hp_per_floor":[74,75,75,75,75,75,49,49,49,49,38,38,60,50,73,0,0],"gold":264,"neow_bonus":"THREE_ENEMY_KILL","is_daily":false,"chose_seed":false,"campfire_upgraded":3,"win_rate":0.0,"timestamp":1612387054,"path_taken":["M","M","$","M","?","R","M","R","T","R","?","$","R","M","R","BOSS"],"items_purchased_type":["Potion"],"build_version":"2020-12-22","purchased_purges":0,"victory":false,"max_hp_per_floor":[75,75,75,75,75,75,75,75,75,75,75,75,75,79,79,79,79],"card_choices":[{"not_picked":["Clash","Anger"],"picked":"Thunderclap","floor":1},{"not_picked":["Anger","Shrug It Off","Armaments"],"picked":"SKIP","floor":2},{"not_picked":["Shrug It Off","Twin Strike"],"picked":"Cleave","floor":4},{"not_picked":["Sword Boomerang","Seeing Red"],"picked":"Feed","floor":7},{"not_picked":["Dual Wield","Anger","Headbutt"],"picked":"SKIP","floor":14}],"player_experience":374101,"relics_obtained":[{"floor":9,"key":"White Beast Statue"}],"event_choices":[{"damage_healed":0,"gold_gain":75,"player_choice":"Gather Gold","damage_taken":11,"max_hp_gain":0,"max_hp_loss":0,"event_name":"World of Goop","floor":11,"gold_loss":0}],"is_beta":false,"boss_relics":[],"items_purged_floors":[],"is_endless":false,"potions_floor_spawned":[2,5,7,14],"killed_by":"The Guardian","ascension_level":20}}