{"host":"zsnmfqgcm92hlreo","time":1612395338,"event":{"mods":["AchievementEnabler","Act Like it!","BaseMod","Bestiary","Block Reminder","Colored Map","Colored Powertips","Hermit","Jorbs\u0027s Wanderer Trilogy","Minty Spire (QoL Compilation)","Permanent Neow","Quick Restart","Relic Stats","StSLib","Weighted Paths"],"gold_per_floor":[40,79,115,167,222,222,275,275,275],"floor_reached":8,"language":"ENG","playtime":346,"items_purged":[],"score":104,"play_id":"71a6b7fb-db67-4fc1-9ea2-369564189af3","local_time":"20210203173538","is_ascension_mode":true,"campfire_choices":[{"floor":6,"key":"REST"}],"circlet_count":0,"master_deck":["AscendersBane","Strike_G","Strike_G","Strike_G","Strike_G","Strike_G","Defend_G","Defend_G","Defend_G","Defend_G","Defend_G","Survivor","Neutralize","HandOfGreed","Cloak And Dagger","Dodge and Roll","Cloak And Dagger","Blur","Choke"],"relics":["Ring of the Snake"],"acts_visited":["Exordium"],"potions_floor_usage":[],"damage_taken":[{"damage":1,"enemies":"Cultist","floor":1,"turns":4},{"damage":0,"enemies":"2 Louse","floor":2,"turns":2},{"damage":3,"enemies":"Jaw Worm","floor":3,"turns":3},{"damage":6,"enemies":"2 Fungi Beasts","floor":4,"turns":4},{"damage":23,"enemies":"Large Slime","floor":5,"turns":8},{"damage":1,"enemies":"3 Louse","floor":7,"turns":5},{"damage":48,"enemies":"Gremlin Nob","floor":8,"turns":4}],"seed_played":"-4318975694874160813","potions_obtained":[{"floor":5,"key":"CultistPotion"},{"floor":7,"key":"BlessingOfTheForge"}],"is_trial":false,"path_per_floor":["M","M","M","M","M","R","M","E"],"character_chosen":"THE_SILENT","items_purchased":[],"campfire_rested":1,"item_purchase_floors":[],"current_hp_per_floor":[58,58,55,49,26,45,44,0,0],"gold":275,"neow_bonus":"RANDOM_COLORLESS_2","is_daily":false,"chose_seed":false,"campfire_upgraded":0,"win_rate":0.0,"timestamp":1612395338,"path_taken":["M","M","?","M","M","R","M","E"],"items_purchased_type":[],"build_version":"2020-12-22","purchased_purges":0,"victory":false,"max_hp_per_floor":[66,66,66,66,66,66,66,66,66],"relic_stats":{"counters":[7,30],"obtain_stats":[{"Ring of the Snake":0},{"Ring of the Snake":0},{"Ring of the Snake":0}],"Ring of the Snake":[14]},"card_choices":[{"not_picked":["Metamorphosis","Thinking Ahead"],"picked":"HandOfGreed","floor":0},{"not_picked":["Underhanded Strike","Accuracy"],"picked":"Cloak And Dagger","floor":1},{"not_picked":["Masterful Stab","Deadly Poison","Acrobatics"],"picked":"SKIP","floor":2},{"not_picked":["Underhanded Strike","Bane"],"picked":"Dodge and Roll","floor":3},{"not_picked":["Deflect","PiercingWail"],"picked":"Cloak And Dagger","floor":4},{"not_picked":["Deflect","Finisher"],"picked":"Blur","floor":5},{"not_picked":["Catalyst","Acrobatics"],"picked":"Choke","floor":7}],"player_experience":1011778,"relics_obtained":[],"event_choices":[],"is_beta":false,"boss_relics":[],"items_purged_floors":[],"is_endless":false,"potions_floor_spawned":[5,7],"killed_by":"Gremlin Nob","ascension_level":20}}