{"host":"mmz2kvn5kzkhi5zs","time":1612346548,"event":{"mods":["Act Like it!","BaseMod","Downfall","Hallownest","Marisa????????","Minty Spire (QoL Compilation)","Replay The Spire","StSLib","The Bug Knight","The Cursed","The Jungle"],"gold_per_floor":[218,232,232,247,264,264,264,215,215,246,274,1,59,24,24,151,151,201,246,56,56,56,56,56,56,56,87,87,136,136,236,236,353,353,366,716,716,772,794,794,840,840,840,840,874,874,784,809,809,725,725],"floor_reached":50,"language":"ENG","playtime":15530,"items_purged":[],"score":594,"play_id":"6ab132d9-4984-416f-82c2-de39253e5561","local_time":"20210203040228","is_ascension_mode":false,"campfire_choices":[{"floor":6,"key":"REST"},{"data":"PropBag","floor":15,"key":"SMITH"},{"floor":23,"key":"REST"},{"floor":25,"key":"REST"},{"floor":32,"key":"REST"},{"floor":40,"key":"REST"},{"floor":42,"key":"REST"},{"floor":44,"key":"REST"},{"data":"DC","floor":46,"key":"SMITH"},{"floor":49,"key":"DIG"}],"circlet_count":0,"master_deck":["Strike_G","Strike_G","Strike_G","Defend_G","Defend_G","Defend_G","Survivor","Neutralize","Dash+1","bronze:Branch","Guardian:FloatingOrbs","PropBag+1","WitchOfGreed","bronze:Turbo","Bouncing Flask","Violence","DC+1","WitchOfGreed","TheCursedMod:Hemoplague+1","sneckomod:UnknownBoss","TheCursedMod:UltimatePain+1","ReplayTheSpireMod:Shiv Toss+1","champ:StrikeOfGenius+1","TheCursedMod:WearCloak+1","DragonMeteor","Slimebound:LivingWall","downfall:Bewildered","Writhe","AlicesGift","Dagger Throw","downfall:Haunted","Looming Evil","Atom Bomb","Looming Evil","Hallownest:curseDreamersLament","hexamod:VolcanoVisage","sneckomod:UnknownDraw","Regret","Normality","Sadistic Nature","Transmutation","Blind","bronze:ChildClass+1","TheCursedMod:Obscuration+1","Slimebound:LivingWall+1","Parasite","champ:PerfectedStrike+1","Blade Dance"],"relics":["Ring of the Serpent","Matryoshka","Snack Pack","Astrolabe","Ancient Tea Set","sneckomod:BabySnecko","HollowMod:StagPassRelic","HollowMod:LifeEnderRelic","ReplayTheSpireMod:Lightbulb","Du-Vu Doll","Ring of Panic","Ring of Greed","Old Coin","Replay:Bandana","Boot","Pantograph","Ginger","Shuriken"],"acts_visited":["Exordium","TheCity","TheBeyond"],"potions_floor_usage":[13,13,13,16,18,18,27,30,33,35,39,39,41,50,50,50],"damage_taken":[{"damage":2,"enemies":"Small Slimes","floor":1,"turns":4},{"damage":0,"enemies":"Jaw Worm","floor":2,"turns":5},{"damage":0,"enemies":"Cultist","floor":4,"turns":3},{"damage":5,"enemies":"2 Fungi Beasts","floor":5,"turns":4},{"damage":0,"enemies":"Blue Slaver","floor":10,"turns":4},{"damage":9,"enemies":"3 Louse","floor":11,"turns":3},{"damage":13,"enemies":"Lagavulin","floor":13,"turns":5},{"damage":50,"enemies":"The Guardian","floor":16,"turns":9},{"damage":25,"enemies":"Chosen","floor":18,"turns":6},{"damage":20,"enemies":"Spheric Guardian","floor":19,"turns":4},{"damage":16,"enemies":"Cultist and Chosen","floor":27,"turns":6},{"damage":28,"enemies":"Centurion and Healer","floor":29,"turns":9},{"damage":17,"enemies":"Chosen and Byrds","floor":30,"turns":6},{"damage":60,"enemies":"Automaton","floor":33,"turns":9},{"damage":24,"enemies":"3 Darklings","floor":35,"turns":5},{"damage":7,"enemies":"3 Shapes","floor":38,"turns":3},{"damage":36,"enemies":"Maw","floor":39,"turns":5},{"damage":0,"enemies":"Transient","floor":41,"turns":5},{"damage":3,"enemies":"Writhing Mass","floor":45,"turns":4},{"damage":7,"enemies":"Jaw Worm Horde","floor":48,"turns":3},{"damage":87,"enemies":"Awakened One","floor":50,"turns":6}],"seed_played":"-7842582411693038901","potions_obtained":[{"floor":1,"key":"Strength Potion"},{"floor":4,"key":"Ancient Potion"},{"floor":5,"key":"FearPotion"},{"floor":11,"key":"bronze:BurnAndBuffPotion"},{"floor":13,"key":"Cursed Concoction"},{"floor":16,"key":"SneckoOil"},{"floor":16,"key":"SmokeBomb"},{"floor":16,"key":"Weak Potion"},{"floor":18,"key":"SteroidPotion"},{"floor":27,"key":"GamblersBrew"},{"floor":33,"key":"FearPotion"},{"floor":33,"key":"Weak Potion"},{"floor":38,"key":"champ:CounterPotion"},{"floor":38,"key":"Languid Potion"},{"floor":39,"key":"Ancient Potion"},{"floor":41,"key":"hexamod:SoulburnPotion"},{"floor":45,"key":"Swift Potion"}],"is_trial":false,"path_per_floor":["M","M","?","M","M","R","?","$","T","M","M","$","E","?","R","B",null,"M","M","$","?","?","R","?","R","T","M","$","M","M","?","R","B",null,"M","?","?","M","M","R","M","R","T","R","M","R","?","M","R","B"],"character_chosen":"THE_SILENT","items_purchased":["WitchOfGreed","Violence","DC","WitchOfGreed","Ancient Tea Set","Slimebound:LivingWall"],"campfire_rested":7,"item_purchase_floors":[8,12,12,12,20,20],"current_hp_per_floor":[68,68,54,54,49,70,70,70,70,70,61,61,48,65,65,19,70,47,27,27,14,14,36,36,58,58,42,42,18,5,10,34,21,80,60,60,50,43,9,33,39,63,63,80,77,77,77,70,70,0,0],"gold":725,"neow_bonus":"HUNDRED_GOLD","is_daily":false,"chose_seed":false,"campfire_upgraded":2,"win_rate":0.0,"timestamp":1612346548,"path_taken":["M","M","?","M","M","R","?","$","T","?","M","$","E","?","R","BOSS","M","M","$","?","?","R","?","R","T","M","$","M","?","?","R","BOSS","M","?","?","M","M","R","M","R","T","R","M","R","?","?","R","BOSS"],"items_purchased_type":["Card","Card","Card","Card","Relic","Card"],"build_version":"2020-12-22","purchased_purges":0,"victory":false,"max_hp_per_floor":[70,70,70,70,70,70,70,70,70,70,70,70,70,70,70,70,70,70,70,70,75,75,75,75,75,75,75,75,75,75,80,80,80,80,80,80,80,80,80,80,80,80,80,80,80,80,80,80,80,80,80],"card_choices":[{"not_picked":["champ:RapidStrikes","bronze:Frontload"],"picked":"Dash","floor":1},{"not_picked":["TheCursedMod:ManaBullet","hexamod:GhostOfSpirePast"],"picked":"bronze:Branch","floor":2},{"not_picked":["Slimebound:Prepare","Poisoned Stab"],"picked":"Guardian:FloatingOrbs","floor":4},{"not_picked":["Guardian:Recover","bronze:FollowUp"],"picked":"PropBag","floor":5},{"not_picked":["bronze:OilSpill","Slimebound:RejuvenatingLick"],"picked":"bronze:Turbo","floor":10},{"not_picked":["Guardian:Gem_Yellow","bronze:BitShift"],"picked":"Bouncing Flask","floor":11},{"not_picked":["sneckomod:Unknown1Cost","TheCursedMod:FuryStrike"],"picked":"TheCursedMod:Hemoplague","floor":13},{"not_picked":["hexamod:ForkedFlame","champ:HeavySlash"],"picked":"sneckomod:UnknownBoss","floor":16},{"not_picked":["sneckomod:IronFang+1","AsteroidBelt+1"],"picked":"TheCursedMod:WearCloak+1","floor":18},{"not_picked":["AsteroidBelt","EscapeVelocity"],"picked":"DragonMeteor","floor":19},{"not_picked":["sneckomod:UnknownCommonAttack+1","champ:CrownThrow"],"picked":"AlicesGift","floor":27},{"not_picked":["champ:FanOfKnives","Slimebound:ServeAndProtect"],"picked":"Dagger Throw","floor":29},{"not_picked":["champ:CheapShot","hexamod:UnleashSpirits"],"picked":"hexamod:VolcanoVisage","floor":33},{"not_picked":["champ:FlashCut+1","sneckomod:SnekBeam+1"],"picked":"sneckomod:UnknownDraw","floor":35},{"not_picked":["Swift Strike","Master of Strategy"],"picked":"Sadistic Nature","floor":37},{"not_picked":["Swift Strike","Enlightenment"],"picked":"Transmutation","floor":37},{"not_picked":["Secret Technique","ReplayTheSpireMod:Private Reserves"],"picked":"Blind","floor":37},{"not_picked":["Slimebound:GrowthPunch","Slimebound:RollThrough"],"picked":"bronze:ChildClass+1","floor":38},{"not_picked":["sneckomod:DefensiveFlair","hexamod:Again+1"],"picked":"TheCursedMod:Obscuration+1","floor":39},{"not_picked":["sneckomod:SoulDraw","Deadly Poison+1"],"picked":"Slimebound:LivingWall+1","floor":41},{"not_picked":["Slimebound:LeechEnergy","sneckomod:RainOfDice"],"picked":"champ:PerfectedStrike+1","floor":45},{"not_picked":["PropBag+1","Slimebound:LeechEnergy"],"picked":"Blade Dance","floor":48}],"player_experience":78631,"relics_obtained":[{"floor":9,"key":"Matryoshka"},{"floor":13,"key":"Snack Pack"},{"floor":26,"key":"HollowMod:LifeEnderRelic"},{"floor":26,"key":"ReplayTheSpireMod:Lightbulb"},{"floor":36,"key":"Ring of Panic"},{"floor":36,"key":"Ring of Greed"},{"floor":36,"key":"Old Coin"},{"floor":36,"key":"Replay:Bandana"},{"floor":43,"key":"Boot"},{"floor":43,"key":"Pantograph"},{"floor":49,"key":"Ginger"}],"event_choices":[{"damage_healed":0,"gold_gain":0,"player_choice":"Entered Light","damage_taken":14,"max_hp_gain":0,"max_hp_loss":0,"event_name":"Shining Light","floor":3,"gold_loss":0,"cards_upgraded":["Dash","Defend_G"]},{"cards_removed":["Strike_G"],"damage_healed":0,"gold_gain":0,"player_choice":"Card Removal","damage_taken":0,"max_hp_gain":0,"max_hp_loss":0,"event_name":"Wheel of Change","floor":7,"gold_loss":0},{"damage_healed":17,"gold_gain":0,"player_choice":"Healed","damage_taken":0,"max_hp_gain":0,"max_hp_loss":0,"event_name":"The Cleric","floor":14,"gold_loss":35},{"damage_healed":0,"gold_gain":0,"player_choice":"Shed Blood","damage_taken":18,"max_hp_gain":5,"max_hp_loss":0,"event_name":"Forgotten Altar","floor":21,"gold_loss":0},{"damage_healed":0,"gold_gain":0,"player_choice":"Opened","damage_taken":0,"relics_obtained":["HollowMod:StagPassRelic"],"max_hp_gain":0,"max_hp_loss":0,"event_name":"The Mausoleum","floor":24,"gold_loss":0,"cards_obtained":["Writhe"]},{"damage_healed":0,"gold_gain":0,"player_choice":"Memory 3","damage_taken":10,"max_hp_gain":0,"max_hp_loss":0,"event_name":"SensoryStone","floor":37,"gold_loss":0},{"cards_removed":["downfall:Haunted"],"damage_healed":0,"gold_gain":0,"player_choice":"Upgrade and Remove","damage_taken":0,"max_hp_gain":0,"max_hp_loss":0,"event_name":"Designer","floor":47,"gold_loss":90,"cards_upgraded":["TheCursedMod:Hemoplague"]}],"is_beta":false,"boss_relics":[{"not_picked":["Runic Dome","Empty Cage"],"picked":"Astrolabe"},{"not_picked":["ReplayTheSpireMod:DimensionalGlitch","SacredBark"],"picked":"Ring of the Serpent"}],"items_purged_floors":[],"is_endless":false,"potions_floor_spawned":[1,4,5,10,16,30,33,38,39,45],"killed_by":"Awakened One","ascension_level":0}}