{"host":"1mv6gj0zv8k9e9tz","time":1612364614,"event":{"mods":["AchievementEnabler","BaseMod","Better Third Choice","Colored Map","DeckTracker","Highlight Path","KOR Keyword Fix","Keyboard Shortcuts","Minty Spire (QoL Compilation)","Permanent Neow","Quick Restart","Rare Cards Sparkle","StSLib","SuperFastMode","everything is the same but u backflip on backflip"],"gold_per_floor":[116,133,148,148,148,148,174,189,263,263,280,280,280],"floor_reached":12,"language":"KOR","playtime":359,"items_purged":[],"score":140,"play_id":"116c2cdd-c5db-45f3-bf6e-1c0e4774c2f4","local_time":"20210204000334","is_ascension_mode":true,"campfire_choices":[{"data":"Genetic Algorithm","floor":6,"key":"SMITH"},{"floor":10,"key":"REST"}],"circlet_count":0,"master_deck":["AscendersBane","Strike_B","Strike_B","Strike_B","Strike_B","Defend_B","Defend_B","Defend_B","Defend_B","Zap","Dualcast","Gash","Coolheaded","Hologram","Genetic Algorithm+1","Go for the Eyes","Double Energy","Sunder"],"relics":["Cracked Core","Lizard Tail","Shuriken"],"acts_visited":["Exordium"],"potions_floor_usage":[7],"damage_taken":[{"damage":2.0,"enemies":"Jaw Worm","floor":1.0,"turns":3.0},{"damage":3.0,"enemies":"2 Louse","floor":2.0,"turns":3.0},{"damage":1.0,"enemies":"Cultist","floor":3.0,"turns":4.0},{"damage":24,"enemies":"Gremlin Nob","floor":7,"turns":4},{"damage":27,"enemies":"Gremlin Gang","floor":8,"turns":6},{"damage":25,"enemies":"3 Louse","floor":11,"turns":3},{"damage":0,"enemies":"3 Sentries","floor":12,"turns":1}],"seed_played":"7495411166717612577","potions_obtained":[{"floor":3.0,"key":"SneckoOil"}],"is_trial":false,"path_per_floor":["M","M","M","?","?","R","E","M","T","R","M","E"],"character_chosen":"DEFECT","items_purchased":[],"campfire_rested":1,"item_purchase_floors":[],"current_hp_per_floor":[62,59,58,58,58,58,34,7,7,28,3,3,3],"gold":280,"neow_bonus":"THREE_CARDS","is_daily":false,"chose_seed":false,"campfire_upgraded":1,"win_rate":0.0,"timestamp":1612364614,"path_taken":["M","M","M","?","?","R","E","?","T","R","M","E"],"items_purchased_type":[],"build_version":"2020-12-22","purchased_purges":0,"victory":false,"max_hp_per_floor":[71,71,71,71,71,71,71,71,71,71,71,71,71],"card_choices":[{"not_picked":["Blizzard","Recycle"],"picked":"Gash","floor":0.0},{"not_picked":["Leap","Go for the Eyes"],"picked":"Coolheaded","floor":1.0},{"not_picked":["Streamline","Compile Driver"],"picked":"Hologram","floor":2.0},{"not_picked":["Steam Power","Recycle","Barrage"],"picked":"SKIP","floor":3.0},{"not_picked":["Reinforced Body","Cold Snap","Chaos"],"picked":"SKIP","floor":7},{"not_picked":["Leap","Compile Driver"],"picked":"Double Energy","floor":8},{"not_picked":["Gash","Machine Learning"],"picked":"Sunder","floor":11}],"player_experience":616951,"relics_obtained":[{"floor":7,"key":"Lizard Tail"},{"floor":9,"key":"Shuriken"}],"event_choices":[{"damage_healed":0.0,"max_hp_gain":0.0,"max_hp_loss":0.0,"gold_gain":0.0,"event_name":"betterThird:BetterSerpent","player_choice":"Ignored","floor":4.0,"gold_loss":0.0,"damage_taken":148.0},{"damage_healed":0,"gold_gain":0,"player_choice":"2 cards matched","damage_taken":0,"max_hp_gain":0,"max_hp_loss":0,"event_name":"Match and Keep!","floor":5,"gold_loss":0,"cards_obtained":["Genetic Algorithm","Go for the Eyes"]}],"is_beta":false,"boss_relics":[],"items_purged_floors":[],"is_endless":false,"potions_floor_spawned":[3],"killed_by":"3 Sentries","ascension_level":15}}