{"host":"820xk69ekh5gtclf","time":1612396314,"event":{"mods":["Ascension Unlocker","BaseMod","Challenge The Spire","Curses Come First","Custom Start","Downfall","Minty Spire (QoL Compilation)","Relic Stats","StSLib"],"gold_per_floor":[109,121,140,159,9,9,39,39,39,69,88,121,138,167,167,239,239,239],"floor_reached":16,"language":"ENG","playtime":1066,"items_purged":["bronze:Strike"],"score":450,"play_id":"f8eafe9a-da50-46b3-9fdc-ea6b42f2d8e8","local_time":"20210203185154","is_ascension_mode":true,"campfire_choices":[{"data":"bronze:Break","floor":6,"key":"SMITH"},{"floor":8,"key":"REST"},{"data":"bronze:DigitalCarnage","floor":15,"key":"SMITH"}],"circlet_count":0,"master_deck":["AscendersBane","bronze:Strike","bronze:Strike","bronze:Defend","bronze:Defend","bronze:Defend","bronze:Defend","bronze:Replicate","bronze:Goto","bronze:Break+1","bronze:Refactor","bronze:Invalidate","bronze:Safeguard","bronze:CutThrough","bronze:Terminator","bronze:Optimize","bronze:Constructor","bronze:DigitalCarnage+1","bronze:Break"],"relics":["bronze:BronzeCore","Calipers","Mango","CaptainsWheel","Mercury Hourglass","Tiny Chest"],"acts_visited":["Exordium"],"potions_floor_usage":[4],"damage_taken":[{"damage":0,"enemies":"Cultist","floor":1,"turns":2},{"damage":0,"enemies":"Small Slimes","floor":2,"turns":3},{"damage":0,"enemies":"2 Louse","floor":3,"turns":1},{"damage":11,"enemies":"Lots of Slimes","floor":4,"turns":2},{"damage":21,"enemies":"3 Sentries","floor":7,"turns":8},{"damage":23,"enemies":"Lagavulin","floor":10,"turns":5},{"damage":2,"enemies":"3 Louse","floor":11,"turns":2},{"damage":3,"enemies":"Gremlin Nob","floor":12,"turns":4},{"damage":0,"enemies":"Looter","floor":13,"turns":1},{"damage":0,"enemies":"Lagavulin","floor":14,"turns":4},{"damage":0,"enemies":"Slime Boss","floor":16,"turns":5}],"seed_played":"855783141175962661","potions_obtained":[{"floor":1,"key":"AttackPotion"},{"floor":2,"key":"SpeedPotion"},{"floor":10,"key":"LiquidMemories"},{"floor":11,"key":"LiquidBronze"},{"floor":12,"key":"SkillPotion"}],"is_trial":false,"path_per_floor":["M","M","M","M","$","R","E","R","T","E","M","E","M","E","R","B"],"character_chosen":"THE_AUTOMATON","items_purchased":["bronze:Terminator"],"campfire_rested":1,"item_purchase_floors":[5],"current_hp_per_floor":[57,57,57,46,46,46,25,43,57,34,32,29,29,29,29,29,29,29],"gold":239,"neow_bonus":"TRANSFORM_CARD","is_daily":false,"chose_seed":false,"campfire_upgraded":2,"win_rate":0.0,"timestamp":1612396314,"path_taken":["M","M","M","M","?","R","E","R","T","E","M","E","M","E","R","BOSS"],"items_purchased_type":["Card"],"build_version":"2020-12-22","purchased_purges":1,"victory":false,"max_hp_per_floor":[63,63,63,63,63,63,63,63,77,77,77,77,77,77,77,77,77,77],"relic_stats":{"counters":[11,37],"Tiny Chest":0,"obtain_stats":[{"CaptainsWheel":10,"bronze:BronzeCore":0,"Calipers":7,"Mango":9,"Tiny Chest":14,"Mercury Hourglass":12},{"CaptainsWheel":6,"bronze:BronzeCore":0,"Calipers":5,"Mango":5,"Tiny Chest":10,"Mercury Hourglass":8},{"CaptainsWheel":21,"bronze:BronzeCore":0,"Calipers":16,"Mango":16,"Tiny Chest":32,"Mercury Hourglass":27}],"Mercury Hourglass":[27]},"card_choices":[{"not_picked":["bronze:GetLatest","bronze:Frontload"],"picked":"bronze:Refactor","floor":1},{"not_picked":["bronze:BuggyMess","bronze:Flail"],"picked":"bronze:Invalidate","floor":2},{"not_picked":["bronze:Invalidate","bronze:Shield"],"picked":"bronze:Safeguard","floor":3},{"not_picked":["bronze:Fortify","bronze:WildBeam"],"picked":"bronze:CutThrough","floor":4},{"not_picked":["bronze:Philosophize","bronze:Format"],"picked":"bronze:Optimize","floor":7},{"not_picked":["bronze:DelayedSlice","bronze:BronzeOrb","bronze:Branch"],"picked":"SKIP","floor":10},{"not_picked":["bronze:Refactor","bronze:NullPointer"],"picked":"bronze:Constructor","floor":11},{"not_picked":["bronze:DelayedSlice","bronze:Return"],"picked":"bronze:DigitalCarnage","floor":12},{"not_picked":["bronze:BugBarrage","bronze:MaxOutput","bronze:ChildClass"],"picked":"SKIP","floor":13},{"not_picked":["bronze:Shell","bronze:Separator"],"picked":"bronze:Break","floor":14}],"player_experience":2329377,"relics_obtained":[{"floor":7,"key":"Calipers"},{"floor":9,"key":"Mango"},{"floor":10,"key":"CaptainsWheel"},{"floor":12,"key":"Mercury Hourglass"},{"floor":14,"key":"Tiny Chest"}],"event_choices":[],"is_beta":false,"boss_relics":[],"items_purged_floors":[5],"is_endless":false,"potions_floor_spawned":[1,2,10,11,12],"killed_by":"Slime Boss","ascension_level":15}}