{"host":"vl29iwkwnyytuw8q","time":1612366655,"event":{"mods":["BaseMod","Minty Spire (QoL Compilation)","Permanent Neow","Relic Stats","StSLib"],"gold_per_floor":[18,29,42,58,70,70,102,102,147,182,182,198,228,244,244,244,244],"floor_reached":16,"language":"ENG","playtime":503,"items_purged":[],"score":248,"play_id":"56ef70cb-9e8d-49c2-96ea-8b2e28ff8536","local_time":"20210203163735","is_ascension_mode":true,"campfire_choices":[{"data":"Neutralize","floor":6.0,"key":"SMITH"},{"floor":11.0,"key":"REST"},{"floor":15.0,"key":"REST"}],"circlet_count":0,"master_deck":["AscendersBane","Strike_G","Strike_G","Strike_G","Strike_G","Strike_G","Defend_G","Defend_G","Defend_G","Defend_G","Defend_G","Survivor","Neutralize+1","Flying Knee","Blade Dance","Quick Slash","Poisoned Stab","PiercingWail","Backflip","Tactician+1","Blade Dance+1","Escape Plan+1","Calculated Gamble+1"],"relics":["Ring of the Snake","Tough Bandages","Singing Bowl","Centennial Puzzle","Toxic Egg 2","Juzu Bracelet"],"acts_visited":["Exordium"],"potions_floor_usage":[16],"damage_taken":[{"damage":16.0,"enemies":"Cultist","floor":1.0,"turns":7.0},{"damage":7.0,"enemies":"Jaw Worm","floor":2.0,"turns":4.0},{"damage":0.0,"enemies":"Small Slimes","floor":3.0,"turns":3.0},{"damage":0.0,"enemies":"Looter","floor":4.0,"turns":3.0},{"damage":5.0,"enemies":"Gremlin Gang","floor":5.0,"turns":6.0},{"damage":6.0,"enemies":"Gremlin Nob","floor":7.0,"turns":3.0},{"damage":18.0,"enemies":"3 Sentries","floor":10.0,"turns":10.0},{"damage":3.0,"enemies":"Red Slaver","floor":12.0,"turns":3.0},{"damage":9.0,"enemies":"Gremlin Nob","floor":13.0,"turns":3.0},{"damage":0.0,"enemies":"Looter","floor":14.0,"turns":2.0},{"damage":36,"enemies":"Hexaghost","floor":16,"turns":11}],"seed_played":"6738027624041260351","potions_obtained":[{"floor":4.0,"key":"Fire Potion"},{"floor":7.0,"key":"EntropicBrew"},{"floor":12.0,"key":"DuplicationPotion"},{"floor":13.0,"key":"SkillPotion"}],"is_trial":false,"path_per_floor":["M","M","M","M","M","R","E","?","T","E","R","M","E","M","R","B"],"character_chosen":"THE_SILENT","items_purchased":[],"campfire_rested":2,"item_purchase_floors":[],"current_hp_per_floor":[43,36,36,36,31,31,25,25,25,7,26,23,14,14,33,0,0],"gold":244,"neow_bonus":"ONE_RARE_RELIC","is_daily":false,"chose_seed":false,"campfire_upgraded":1,"win_rate":0.0,"timestamp":1612366655,"path_taken":["M","M","M","?","M","R","E","?","T","E","R","M","E","M","R","BOSS"],"items_purchased_type":[],"build_version":"2020-12-22","purchased_purges":0,"victory":false,"max_hp_per_floor":[66,66,66,66,66,66,66,66,66,66,66,66,66,66,66,66,66],"relic_stats":{"Tough Bandages":[54],"Centennial Puzzle":[12],"Singing Bowl":0,"counters":[11,55],"Juzu Bracelet":0,"obtain_stats":[{"Tough Bandages":0,"Centennial Puzzle":9,"Singing Bowl":7,"Juzu Bracelet":13,"Toxic Egg 2":10,"Ring of the Snake":0},{"Tough Bandages":0,"Centennial Puzzle":6,"Singing Bowl":6,"Juzu Bracelet":9,"Toxic Egg 2":7,"Ring of the Snake":0},{"Tough Bandages":0,"Centennial Puzzle":26,"Singing Bowl":26,"Juzu Bracelet":42,"Toxic Egg 2":36,"Ring of the Snake":0}],"Ring of the Snake":[22]},"card_choices":[{"not_picked":["Dodge and Roll","Deflect"],"picked":"Flying Knee","floor":1.0},{"not_picked":["Bane","Quick Slash"],"picked":"Blade Dance","floor":2.0},{"not_picked":["Deflect","Bane"],"picked":"Quick Slash","floor":3.0},{"not_picked":["Distraction","Masterful Stab"],"picked":"Poisoned Stab","floor":4.0},{"not_picked":["Noxious Fumes","Quick Slash"],"picked":"PiercingWail","floor":5.0},{"not_picked":["Distraction","Deflect"],"picked":"Backflip","floor":7.0},{"not_picked":["Wraith Form v2","Underhanded Strike"],"picked":"Tactician+1","floor":10.0},{"not_picked":["Choke","Dagger Spray"],"picked":"Blade Dance+1","floor":12.0},{"not_picked":["Die Die Die","Poisoned Stab"],"picked":"Escape Plan+1","floor":13.0},{"not_picked":["Dash","Prepared+1"],"picked":"Calculated Gamble+1","floor":14.0}],"player_experience":661171,"relics_obtained":[{"floor":7.0,"key":"Singing Bowl"},{"floor":9.0,"key":"Centennial Puzzle"},{"floor":10.0,"key":"Toxic Egg 2"},{"floor":13.0,"key":"Juzu Bracelet"}],"event_choices":[{"damage_healed":0.0,"max_hp_gain":0.0,"max_hp_loss":0.0,"gold_gain":0.0,"event_name":"Liars Game","player_choice":"Ignored","floor":8.0,"gold_loss":0.0,"damage_taken":0.0}],"is_beta":false,"boss_relics":[],"items_purged_floors":[],"is_endless":false,"potions_floor_spawned":[4,7,12,13,14],"killed_by":"Hexaghost","ascension_level":20}}