{"host":"ko40t1o51xotjt2v","time":1612392859,"event":{"mods":["2.2 Compatiblity","AchievementEnabler","Aspiration","BaseMod","Better Match","Better Third Choice","Better Vampires","Conspire","Downfall","Energized Spire","GifTheSpireLib","Halation","Hubris","Jedi Mod","Minty Spire (QoL Compilation)","MostiFishMod","Spicy Shops","Spikes Relics","StSLib","Stuff the Spire","TestMod","??????REMEMod"],"gold_per_floor":[119,119,39,58,22,22,52,171,197,224,224,224,238,253,253,274,274],"floor_reached":16,"language":"SPA","playtime":574,"items_purged":[],"score":247,"play_id":"2f13b60d-48d6-41f3-9f8a-efa1a0ec50f9","local_time":"20210203235419","is_ascension_mode":true,"campfire_choices":[{"data":"MostiFishMod:DarkDeal","floor":6.0,"key":"SMITH"},{"data":"Perfected Strike","floor":11.0,"key":"SMITH"},{"data":"jedi:strikingstrike","floor":15,"key":"SMITH"}],"circlet_count":0,"master_deck":["AscendersBane","Strike_R","Strike_R","Strike_R","Strike_R","Strike_R","Defend_R","Defend_R","Defend_R","Defend_R","Bash","MostiFishMod:DarkDeal+1","Perfected Strike+1","jedi:collectorstrike","Regret","jedi:strikingstrike+1"],"relics":["Burning Blood","DaveBox","testmod-TestBox","REME_ComplimentaryCards","NeowsBlessing","hubris:Icosahedron","halation:AfternoonTea","Lantern","Tiny Chest","halation:IllGainedPizza","StuffTheSpire:RedRose"],"acts_visited":["Exordium"],"potions_floor_usage":[],"damage_taken":[{"damage":0.0,"enemies":"Jaw Worm","floor":1.0,"turns":1.0},{"damage":0.0,"enemies":"Small Slimes","floor":4.0,"turns":1.0},{"damage":0.0,"enemies":"Cultist","floor":5.0,"turns":1.0},{"damage":0.0,"enemies":"Gremlin Nob","floor":7.0,"turns":2.0},{"damage":9.0,"enemies":"3 Louse","floor":8.0,"turns":3.0},{"damage":40.0,"enemies":"Lagavulin","floor":10.0,"turns":4.0},{"damage":11.0,"enemies":"Looter","floor":13.0,"turns":2.0},{"damage":7,"enemies":"Large Slime","floor":14,"turns":3},{"damage":62,"enemies":"The Guardian","floor":16,"turns":8}],"seed_played":"9165407867791108597","potions_obtained":[{"floor":4.0,"key":"SkillPotion"},{"floor":5.0,"key":"BlessingOfTheForge"},{"floor":7.0,"key":"Regen Potion"},{"floor":10.0,"key":"ColorlessPotion"},{"floor":14,"key":"jedi:mysterypotion"}],"is_trial":false,"path_per_floor":["M","?","?","M","M","R","E","M","T","E","R","?","M","M","R","B"],"character_chosen":"IRONCLAD","items_purchased":[],"campfire_rested":0,"item_purchase_floors":[],"current_hp_per_floor":[74,74,74,75,75,75,75,72,72,45,45,45,40,74,74,12,12],"gold":274,"neow_bonus":"THREE_ENEMY_KILL","is_daily":false,"chose_seed":false,"campfire_upgraded":3,"win_rate":0.0,"timestamp":1612392859,"path_taken":["M","?","?","M","?","R","E","M","T","E","R","?","M","M","R","BOSS"],"items_purchased_type":[],"build_version":"2020-12-22","purchased_purges":0,"victory":false,"max_hp_per_floor":[75,75,75,75,75,75,75,75,75,75,75,75,75,75,75,75,75],"card_choices":[{"not_picked":["Heavy Blade","Iron Wave","Headbutt"],"picked":"SKIP","floor":1.0},{"not_picked":["StuffTheSpire:Slingshot","Anger"],"picked":"MostiFishMod:DarkDeal","floor":4.0},{"not_picked":["Flex","Clothesline","Flame Barrier"],"picked":"SKIP","floor":5.0},{"not_picked":["StuffTheSpire:Slingshot","Metallicize","Flex"],"picked":"SKIP","floor":7.0},{"not_picked":["Clothesline","Clash"],"picked":"Perfected Strike","floor":8.0},{"not_picked":["Havoc","jedi:fear"],"picked":"jedi:collectorstrike","floor":10.0},{"not_picked":["Evolve","Sever Soul","True Grit"],"picked":"SKIP","floor":13.0},{"not_picked":["StuffTheSpire:RockThrow","Dropkick"],"picked":"jedi:strikingstrike","floor":14}],"player_experience":469211,"relics_obtained":[{"floor":7.0,"key":"Lantern"},{"floor":9.0,"key":"Tiny Chest"},{"floor":10.0,"key":"halation:IllGainedPizza"}],"event_choices":[{"damage_healed":0.0,"max_hp_gain":0.0,"max_hp_loss":0.0,"gold_gain":0.0,"event_name":"WeMeetAgain","player_choice":"Paid Gold","floor":3.0,"gold_loss":80.0,"damage_taken":0.0,"relics_obtained":["halation:AfternoonTea"]}],"is_beta":false,"boss_relics":[],"items_purged_floors":[],"is_endless":false,"potions_floor_spawned":[4,5,7,10,14],"killed_by":"The Guardian","ascension_level":16}}