{"host":"zxkjcgzis4pm3za5","time":1612325075,"event":{"mods":["AchievementEnabler","Act Like it!","BaseMod","Colored Map","Colored Powertips","Friendly Minions","GifTheSpireLib","Minty Spire (QoL Compilation)","Quick Restart","Random Character Button","Relic Sorter","Relic Stats","StSLib"],"gold_per_floor":[114,114,132,132,145,173,173,200,254,283,283,208,208,223,223,301,301,313,332,345,345,245,245,279,279,279,279,291,291,325,342,342,342,342],"floor_reached":33,"language":"ENG","playtime":1555,"items_purged":["Strike_B","Strike_B"],"score":576,"play_id":"3f63049d-24bb-4c5d-af01-705563df6cef","local_time":"20210203093435","is_ascension_mode":true,"campfire_choices":[{"floor":7,"key":"REST"},{"floor":11,"key":"REST"},{"floor":15,"key":"RECALL"},{"floor":23,"key":"REST"},{"floor":27,"key":"REST"},{"data":"Defend_B","floor":29,"key":"PURGE"},{"floor":32,"key":"REST"}],"circlet_count":0,"master_deck":["AscendersBane","Defend_B","Defend_B+1","Defend_B","Zap","Dualcast+1","Ball Lightning","Glacier","Rebound","Sweeping Beam","Ball Lightning","Leap","Rainbow","Conserve Battery+1","Cold Snap+1","Reinforced Body","Ball Lightning","Buffer"],"relics":["Fusion Hammer","Bottled Flame","Tiny Chest","Oddly Smooth Stone","Velvet Choker","Peace Pipe","Eternal Feather","Omamori"],"acts_visited":["TheCity"],"potions_floor_usage":[6,18,20,24,30],"damage_taken":[{"damage":8,"enemies":"2 Louse","floor":1,"turns":3},{"damage":7,"enemies":"Jaw Worm","floor":3,"turns":3},{"damage":0,"enemies":"Small Slimes","floor":5,"turns":3},{"damage":10,"enemies":"3 Sentries","floor":6,"turns":7},{"damage":11,"enemies":"Lagavulin","floor":8,"turns":5},{"damage":5,"enemies":"3 Sentries","floor":10,"turns":8},{"damage":0,"enemies":"3 Louse","floor":14,"turns":3},{"damage":10,"enemies":"The Guardian","floor":16,"turns":12},{"damage":2,"enemies":"2 Thieves","floor":18,"turns":4},{"damage":5,"enemies":"Shell Parasite","floor":19,"turns":4},{"damage":8,"enemies":"Snecko","floor":20,"turns":7},{"damage":71,"enemies":"Gremlin Leader","floor":24,"turns":10},{"damage":7,"enemies":"Snake Plant","floor":28,"turns":4},{"damage":30,"enemies":"Book of Stabbing","floor":30,"turns":6},{"damage":4,"enemies":"Chosen and Byrds","floor":31,"turns":5},{"damage":49,"enemies":"Automaton","floor":33,"turns":14}],"seed_played":"2211961832650064149","potions_obtained":[{"floor":1,"key":"Block Potion"},{"floor":8,"key":"ColorlessPotion"},{"floor":10,"key":"Swift Potion"},{"floor":16,"key":"Block Potion"},{"floor":19,"key":"LiquidMemories"},{"floor":24,"key":"Regen Potion"},{"floor":28,"key":"Fire Potion"}],"is_trial":false,"path_per_floor":["M","?","M","?","M","E","R","E","T","E","R","$","?","M","R","B",null,"M","M","M","?","$","R","E","?","T","R","M","R","E","M","R","B"],"character_chosen":"DEFECT","items_purchased":[],"campfire_rested":5,"item_purchase_floors":[],"current_hp_per_floor":[56,49,42,21,21,11,32,21,21,16,37,37,42,42,42,32,65,63,58,50,50,50,72,1,1,1,32,25,34,19,15,46,0,0],"gold":342,"neow_bonus":"BOSS_RELIC","is_daily":false,"chose_seed":false,"campfire_upgraded":0,"win_rate":0.0,"timestamp":1612325075,"path_taken":["M","?","M","?","M","E","R","E","T","E","R","$","?","M","R","BOSS","M","M","M","?","$","R","E","?","T","R","M","R","E","M","R","BOSS"],"items_purchased_type":[],"build_version":"2020-12-22","purchased_purges":2,"victory":false,"max_hp_per_floor":[71,71,71,71,71,71,71,71,71,71,71,71,76,76,76,76,76,76,76,76,76,76,76,76,76,76,76,76,76,76,76,76,76,76],"relic_stats":{"Peace Pipe":1,"counters":[16,98],"Tiny Chest":0,"Eternal Feather":27,"obtain_stats":[{"Peace Pipe":24,"Bottled Flame":6,"Oddly Smooth Stone":10,"Velvet Choker":17,"Tiny Chest":8,"Eternal Feather":26,"Fusion Hammer":0,"Omamori":30,"Cracked Core":0},{"Peace Pipe":12,"Bottled Flame":4,"Oddly Smooth Stone":6,"Velvet Choker":8,"Tiny Chest":5,"Eternal Feather":12,"Fusion Hammer":0,"Omamori":14,"Cracked Core":0},{"Peace Pipe":69,"Bottled Flame":16,"Oddly Smooth Stone":29,"Velvet Choker":44,"Tiny Chest":21,"Eternal Feather":69,"Fusion Hammer":0,"Omamori":79,"Cracked Core":0}]},"card_choices":[{"not_picked":["Turbo","Coolheaded"],"picked":"Ball Lightning","floor":1},{"not_picked":["Fusion","Recycle"],"picked":"Glacier","floor":3},{"not_picked":["Sunder","Consume"],"picked":"Rebound","floor":5},{"not_picked":["Darkness","Consume"],"picked":"Sweeping Beam","floor":6},{"not_picked":["Gash","Multi-Cast","Sunder"],"picked":"SKIP","floor":8},{"not_picked":["Turbo","Hologram"],"picked":"Ball Lightning","floor":10},{"not_picked":["Undo","Cold Snap"],"picked":"Leap","floor":14},{"not_picked":["Amplify","Creative AI"],"picked":"Rainbow","floor":16},{"not_picked":["Streamline","Consume"],"picked":"Conserve Battery+1","floor":18},{"not_picked":["Gash","Steam","Rebound"],"picked":"SKIP","floor":19},{"not_picked":["Conserve Battery","Redo+1"],"picked":"Cold Snap+1","floor":20},{"not_picked":["Gash","Storm"],"picked":"Ball Lightning","floor":24},{"not_picked":["FTL+1","Recycle"],"picked":"Buffer","floor":28},{"not_picked":["Darkness","Chill","Compile Driver"],"picked":"SKIP","floor":30},{"not_picked":["Cold Snap","Turbo","Go for the Eyes"],"picked":"SKIP","floor":31}],"player_experience":309578,"relics_obtained":[{"floor":6,"key":"Bottled Flame"},{"floor":8,"key":"Tiny Chest"},{"floor":10,"key":"Oddly Smooth Stone"},{"floor":24,"key":"Peace Pipe"},{"floor":26,"key":"Eternal Feather"},{"floor":30,"key":"Omamori"}],"event_choices":[{"cards_removed":["Strike_B"],"damage_healed":0,"gold_gain":0,"player_choice":"Card Removal","damage_taken":7,"max_hp_gain":0,"max_hp_loss":0,"event_name":"Golden Wing","floor":2,"gold_loss":0},{"damage_healed":0,"gold_gain":0,"player_choice":"Entered Light","damage_taken":21,"max_hp_gain":0,"max_hp_loss":0,"event_name":"Shining Light","floor":4,"gold_loss":0,"cards_upgraded":["Dualcast","Defend_B"]},{"damage_healed":0,"gold_gain":0,"player_choice":"Donut","damage_taken":0,"max_hp_gain":5,"max_hp_loss":0,"event_name":"Big Fish","floor":13,"gold_loss":0},{"damage_healed":0,"gold_gain":0,"player_choice":"Read","damage_taken":0,"max_hp_gain":0,"max_hp_loss":0,"event_name":"The Library","floor":21,"gold_loss":0,"cards_obtained":["Reinforced Body"]},{"cards_removed":["Strike_B"],"damage_healed":0,"gold_gain":0,"player_choice":"Purged","damage_taken":0,"max_hp_gain":0,"max_hp_loss":0,"event_name":"Purifier","floor":25,"gold_loss":0}],"is_beta":false,"boss_relics":[{"not_picked":["Black Star","Pandora\u0027s Box"],"picked":"Velvet Choker"}],"items_purged_floors":[12,22],"is_endless":false,"potions_floor_spawned":[1,8,10,16,19,24,28],"killed_by":"Automaton","ascension_level":18}}