{"host":"19tvufa8xx4wr4o1","time":1612320268,"event":{"mods":["AchievementEnabler","BaseMod","Better Sensory Stone","Better Third Choice","Highlight Path","Minty Spire (QoL Compilation)","Relic Stats","StSLib"],"gold_per_floor":[117,117,129,129,129,163,182,182,182,257,276,310,54,74,74,147,147,147,147,163,163,0,0,26,37,83,95,95,95,95,26,26,100,100,119,144,124,140,154,154,174,207,261,261,280,310,36,36,36,36],"floor_reached":51,"language":"ENG","playtime":2316,"items_purged":["Writhe"],"score":1394,"play_id":"d0faccc9-369c-4f53-8a93-cb9a94d2acb0","local_time":"20210202204428","is_ascension_mode":true,"campfire_choices":[{"floor":8.0,"key":"REST"},{"floor":15.0,"key":"REST"},{"data":"Ragnarok","floor":23.0,"key":"SMITH"},{"floor":28.0,"key":"REST"},{"floor":32.0,"key":"REST"},{"data":"Wraith Form v2","floor":40,"key":"SMITH"},{"data":"MentalFortress","floor":44,"key":"SMITH"},{"floor":49,"key":"REST"}],"circlet_count":0,"master_deck":["AscendersBane","Vigilance","Wireheading","Wraith Form v2+1","EmptyFist","Conclude","Wallop","FearNoEvil","Ragnarok+1","MentalFortress+1","WheelKick","Indignation+1","EmptyMind+1","Tantrum","TalkToTheHand","Vault","JustLucky+1","DevaForm+1","Metamorphosis+1","Wallop","Meditate+1","Fasting2+1","Swivel+1"],"relics":["PureWater","NeowsBlessing","The Courier","Pear","Mercury Hourglass","TungstenRod","Blood Vial","Sozu","Art of War","Incense Burner","PreservedInsect","Astrolabe","Thread and Needle","Vajra","Lantern","Gremlin Horn","GoldenEye"],"acts_visited":["Exordium","TheCity","TheBeyond"],"potions_floor_usage":[],"damage_taken":[{"damage":0.0,"enemies":"Cultist","floor":1.0,"turns":1.0},{"damage":0.0,"enemies":"Jaw Worm","floor":3.0,"turns":1.0},{"damage":0.0,"enemies":"3 Sentries","floor":6.0,"turns":1.0},{"damage":0.0,"enemies":"Small Slimes","floor":7.0,"turns":2.0},{"damage":0.0,"enemies":"Exordium Wildlife","floor":11.0,"turns":2.0},{"damage":23.0,"enemies":"Lagavulin","floor":12.0,"turns":7.0},{"damage":11.0,"enemies":"Large Slime","floor":14.0,"turns":5.0},{"damage":17.0,"enemies":"The Guardian","floor":16.0,"turns":14.0},{"damage":0.0,"enemies":"Spheric Guardian","floor":18.0,"turns":2.0},{"damage":0.0,"enemies":"3 Byrds","floor":20.0,"turns":3.0},{"damage":35.0,"enemies":"Gremlin Leader","floor":24.0,"turns":5.0},{"damage":17.0,"enemies":"Snake Plant","floor":25.0,"turns":5.0},{"damage":10.0,"enemies":"Sentry and Sphere","floor":27.0,"turns":3.0},{"damage":14.0,"enemies":"Automaton","floor":33.0,"turns":8.0},{"damage":0.0,"enemies":"3 Shapes","floor":35.0,"turns":4.0},{"damage":0,"enemies":"Mind Bloom Boss Battle","floor":36,"turns":4},{"damage":11,"enemies":"3 Darklings","floor":38,"turns":5},{"damage":0,"enemies":"Transient","floor":39,"turns":5},{"damage":17,"enemies":"Spire Growth","floor":41,"turns":4},{"damage":4,"enemies":"Nemesis","floor":42,"turns":3},{"damage":23,"enemies":"Maw","floor":45,"turns":5},{"damage":0,"enemies":"Giant Head","floor":46,"turns":6},{"damage":24,"enemies":"Awakened One","floor":50,"turns":9}],"seed_played":"-341943490596126304","potions_obtained":[{"floor":3.0,"key":"Block Potion"},{"floor":12.0,"key":"Fruit Juice"},{"floor":16.0,"key":"SmokeBomb"}],"is_trial":false,"path_per_floor":["M","?","M","?","?","E","M","R","T","?","M","E","$","M","R","B",null,"M","?","M","?","$","R","E","M","T","M","R","?","?","$","R","B",null,"M","?","?","M","M","R","M","E","T","R","M","E","$","?","R","B",null],"character_chosen":"WATCHER","items_purchased":["Wallop","Blood Vial","FearNoEvil","MentalFortress","WheelKick","TalkToTheHand","GoldenEye"],"campfire_rested":5,"item_purchase_floors":[13,13,13,22,22,31,47],"current_hp_per_floor":[61,61,61,54,18,28,28,51,51,40,40,22,22,13,37,22,68,70,70,72,72,72,72,39,24,24,16,40,40,40,40,64,52,75,77,79,79,70,72,72,57,55,55,55,34,36,36,36,60,38],"gold":36,"neow_bonus":"THREE_ENEMY_KILL","is_daily":false,"chose_seed":false,"campfire_upgraded":3,"win_rate":0.0,"timestamp":1612320268,"path_taken":["M","?","?","?","?","E","?","R","T","?","M","E","$","M","R","BOSS","M","?","M","?","$","R","E","M","T","M","R","?","?","?","R","BOSS","M","?","?","?","M","R","?","E","T","R","M","E","?","?","R","BOSS"],"items_purchased_type":["Card","Relic","Card","Card","Card","Card","Relic"],"build_version":"2020-12-22","purchased_purges":1,"victory":true,"max_hp_per_floor":[68,68,68,68,68,78,78,78,78,78,78,83,83,83,83,83,83,83,83,83,83,83,83,83,83,83,83,83,83,83,83,83,83,83,83,83,83,83,83,83,83,83,83,83,83,83,83,83,83,83],"relic_stats":{"Blood Vial":34,"Sozu":6,"Gremlin Horn":[3,3],"counters":[23,102],"Astrolabe":["JustLucky","DevaForm","Metamorphosis"],"PreservedInsect":180,"Art of War":[2],"GoldenEye":[2],"obtain_stats":[{"Lantern":43,"Pear":6,"NeowsBlessing":0,"Gremlin Horn":46,"Astrolabe":34,"Vajra":42,"Thread and Needle":36,"The Courier":5,"PreservedInsect":26,"Incense Burner":24,"GoldenEye":47,"Mercury Hourglass":9,"Blood Vial":13,"Sozu":17,"Art of War":19,"PureWater":0,"TungstenRod":12},{"Lantern":20,"Pear":3,"NeowsBlessing":0,"Gremlin Horn":22,"Astrolabe":14,"Vajra":20,"Thread and Needle":16,"The Courier":2,"PreservedInsect":12,"Incense Burner":11,"GoldenEye":22,"Mercury Hourglass":4,"Blood Vial":6,"Sozu":8,"Art of War":9,"PureWater":0,"TungstenRod":6},{"Lantern":82,"Pear":3,"NeowsBlessing":0,"Gremlin Horn":93,"Astrolabe":57,"Vajra":82,"Thread and Needle":65,"The Courier":2,"PreservedInsect":46,"Incense Burner":42,"GoldenEye":93,"Mercury Hourglass":5,"Blood Vial":14,"Sozu":32,"Art of War":34,"PureWater":0,"TungstenRod":14}],"TungstenRod":36,"Mercury Hourglass":[377]},"card_choices":[{"not_picked":["Crescendo","Fasting2"],"picked":"FlurryOfBlows","floor":1.0},{"not_picked":["Dramatic Entrance","Impatience"],"picked":"Flash of Steel","floor":2.0},{"not_picked":["Fasting2","Prostrate"],"picked":"Wireheading","floor":3.0},{"not_picked":["Halt","ThirdEye","FlurryOfBlows"],"picked":"SKIP","floor":6.0},{"not_picked":["Collect","Fasting2","JustLucky"],"picked":"SKIP","floor":7.0},{"not_picked":["DeceiveReality","CutThroughFate"],"picked":"EmptyFist","floor":11.0},{"not_picked":["JustLucky","DevaForm"],"picked":"Conclude","floor":12.0},{"not_picked":["Consecrate","ForeignInfluence"],"picked":"TalkToTheHand","floor":14.0},{"not_picked":["Establishment","DeusExMachina"],"picked":"Ragnarok","floor":16.0},{"not_picked":["FlyingSleeves","EmptyBody","CrushJoints"],"picked":"SKIP","floor":20.0},{"not_picked":["Evaluate","Devotion"],"picked":"Indignation+1","floor":24.0},{"not_picked":["CutThroughFate","Nirvana"],"picked":"EmptyMind+1","floor":25.0},{"not_picked":["BowlingBash","JustLucky","CrushJoints+1"],"picked":"SKIP","floor":27.0},{"not_picked":["DevaForm","Blasphemy"],"picked":"Vault","floor":33.0},{"not_picked":["FlyingSleeves","BowlingBash","EmptyBody"],"picked":"SKIP","floor":35.0},{"not_picked":["SashWhip+1","ThirdEye"],"picked":"Wallop","floor":36},{"not_picked":["Prostrate","Tantrum","EmptyBody"],"picked":"SKIP","floor":38},{"not_picked":["Prostrate","Tantrum","EmptyBody"],"picked":"SKIP","floor":38},{"not_picked":["Perseverance","ReachHeaven","BattleHymn"],"picked":"SKIP","floor":39},{"not_picked":["FlurryOfBlows","EmptyFist","Indignation"],"picked":"SKIP","floor":41},{"not_picked":["WreathOfFlame","EmptyBody+1"],"picked":"Meditate+1","floor":42},{"not_picked":["Alpha","BowlingBash"],"picked":"Fasting2+1","floor":45},{"not_picked":["WreathOfFlame","EmptyBody"],"picked":"Swivel+1","floor":46}],"player_experience":609693,"relics_obtained":[{"floor":6.0,"key":"Pear"},{"floor":9.0,"key":"Mercury Hourglass"},{"floor":12.0,"key":"TungstenRod"},{"floor":24.0,"key":"Incense Burner"},{"floor":26.0,"key":"PreservedInsect"},{"floor":36,"key":"Thread and Needle"},{"floor":42,"key":"Vajra"},{"floor":43,"key":"Lantern"},{"floor":46,"key":"Gremlin Horn"}],"event_choices":[{"damage_healed":0.0,"max_hp_gain":0.0,"max_hp_loss":0.0,"gold_gain":1.0,"event_name":"betterStone:BetterStone","player_choice":"1","floor":2.0,"gold_loss":0.0,"damage_taken":0.0},{"cards_removed":["Strike_P"],"damage_healed":0.0,"max_hp_gain":0.0,"max_hp_loss":0.0,"gold_gain":0.0,"event_name":"Golden Wing","player_choice":"Card Removal","floor":4.0,"gold_loss":0.0,"damage_taken":7.0},{"damage_healed":0.0,"max_hp_gain":0.0,"max_hp_loss":0.0,"gold_gain":75.0,"event_name":"betterThird:BetterGoop","player_choice":"Gold","floor":10.0,"gold_loss":0.0,"damage_taken":11.0},{"damage_healed":0.0,"max_hp_gain":0.0,"max_hp_loss":0.0,"gold_gain":0.0,"event_name":"The Mausoleum","player_choice":"Opened","floor":19.0,"gold_loss":0.0,"damage_taken":0.0,"relics_obtained":["Art of War"],"cards_obtained":["Writhe"]},{"damage_healed":0.0,"max_hp_gain":0.0,"max_hp_loss":0.0,"gold_gain":0.0,"event_name":"Ghosts","player_choice":"Ignored","floor":21.0,"gold_loss":0.0,"damage_taken":0.0},{"damage_healed":0.0,"max_hp_gain":0.0,"max_hp_loss":7.0,"gold_gain":0.0,"event_name":"betterThird:BetterWriting","player_choice":"Materialism","floor":29.0,"gold_loss":0.0,"damage_taken":0.0},{"damage_healed":0.0,"max_hp_gain":0.0,"max_hp_loss":0.0,"gold_gain":0.0,"event_name":"The Library","player_choice":"Read","floor":30.0,"gold_loss":0.0,"damage_taken":0.0,"cards_obtained":["Tantrum"]},{"damage_healed":0,"gold_gain":0,"player_choice":"Fight","damage_taken":0,"max_hp_gain":0,"max_hp_loss":0,"event_name":"MindBloom","floor":36,"gold_loss":0},{"damage_healed":0,"gold_gain":0,"player_choice":"Bought 1 Potion","damage_taken":0,"max_hp_gain":0,"max_hp_loss":0,"event_name":"The Woman in Blue","floor":37,"gold_loss":0},{"cards_removed":["TalkToTheHand"],"damage_healed":0,"gold_gain":0,"player_choice":"Removed Attack","damage_taken":0,"max_hp_gain":0,"max_hp_loss":0,"event_name":"Falling","floor":48,"gold_loss":0}],"is_beta":false,"boss_relics":[{"not_picked":["Velvet Choker","Busted Crown"],"picked":"Sozu"},{"not_picked":["Black Star","Tiny House"],"picked":"Astrolabe"}],"items_purged_floors":[22],"is_endless":false,"potions_floor_spawned":[3,12,16,18,25,33,36,38,42],"ascension_level":16}}