{"host":"3j2m8n0ywf988fwb","time":1612329821,"event":{"mods":["2.2 Compatiblity","AchievementEnabler","Act Like it!","Aspiration","Astrologer","BaseMod","Better Altar","Better Match","Better Note","Better Sensory Stone","Better Skull","Better Third Choice","CCEM2","ChefMod","Colored Map","Colored Powertips","Conspire","Dark Map","Energized Spire","GifTheSpireLib","Halation","Hallownest","Highlight Path","Hubris","Infinite Spire","Jedi Mod","Marisa????????","Marked Mod","Mimic Mod","Minty Spire (QoL Compilation)","Monster B Gone","Random Character Button","Relic Filter Mod","Relic Stats","Reliquary","Replay The Spire","Robot Space Explorer","Shade Mod","Shop Mod","Somnambulant","StS++","StSLib","Stuff the Spire","The Bug Knight","The Elementalist","The Hierophant","The Runesmith","TheBandit","TheFirefly","TheSurvivalist","Unceasing Turn Reminder","Weighted Paths","everything is the same but u backflip on backflip"],"gold_per_floor":[115,65,78,78,3,3,15,15,68,68,80,80,91,121,121,121,121],"floor_reached":16,"language":"ENG","playtime":787,"items_purged":["Strike_G"],"score":150,"play_id":"baa0a19d-6145-4b01-916c-e67732f0c572","local_time":"20210202232341","is_ascension_mode":true,"campfire_choices":[{"data":"conspire:DoublingDagger","floor":6,"key":"SMITH"},{"data":"Neutralize","floor":10,"key":"SMITH"}],"circlet_count":0,"master_deck":["AscendersBane","Strike_G","Defend_G","Defend_G","Defend_G","Defend_G","Defend_G","Survivor","Neutralize+1","Footwork","conspire:DoublingDagger+1","StSpp:Lure","StSpp:TimeParadox","jedi:studyshivs"],"relics":["HollowMod:PaleOreRelic","StSpp:BrokenTotem","hubris:Teleporter","Sizzling Blood"],"acts_visited":["Exordium"],"potions_floor_usage":[16],"damage_taken":[{"damage":0,"enemies":"2 Louse","floor":1,"turns":5},{"damage":0,"enemies":"Jaw Worm","floor":3,"turns":8},{"damage":0,"enemies":"Cultist","floor":7,"turns":5},{"damage":5,"enemies":"3 Louse","floor":11,"turns":5},{"damage":2,"enemies":"Exordium Wildlife","floor":13,"turns":5},{"damage":26,"enemies":"3 Sentries","floor":14,"turns":10},{"damage":35,"enemies":"Slime Boss","floor":16,"turns":6}],"seed_played":"-3072402883645707959","potions_obtained":[{"floor":1,"key":"DistilledChaos"},{"floor":13,"key":"SteroidPotion"}],"is_trial":false,"path_per_floor":["M","?","M","T","$","R","M","?","T","R","M","?","M","E","R_BF","B"],"character_chosen":"THE_SILENT","items_purchased":[],"campfire_rested":0,"item_purchase_floors":[],"current_hp_per_floor":[63,63,63,63,63,63,63,63,63,63,58,46,44,18,22,0,0],"gold":121,"neow_bonus":"RANDOM_EVENT","is_daily":false,"chose_seed":false,"campfire_upgraded":2,"win_rate":0.0,"timestamp":1612329821,"path_taken":["M","?","M","?","?","R","?","?","T","R","?","?","M","E","R_BF","BOSS"],"items_purchased_type":[],"build_version":"2020-12-22","purchased_purges":1,"victory":false,"max_hp_per_floor":[70,70,70,70,70,70,70,70,70,70,70,70,70,70,74,74,74],"relic_stats":{"counters":[7,44],"obtain_stats":[{"hubris:Teleporter":14,"StSpp:BrokenTotem":12,"Sizzling Blood":15,"HollowMod:PaleOreRelic":9,"Ring of the Snake":0},{"hubris:Teleporter":6,"StSpp:BrokenTotem":4,"Sizzling Blood":6,"HollowMod:PaleOreRelic":3,"Ring of the Snake":0},{"hubris:Teleporter":38,"StSpp:BrokenTotem":23,"Sizzling Blood":38,"HollowMod:PaleOreRelic":18,"Ring of the Snake":0}]},"card_choices":[{"not_picked":["hubris:TrickCloak","Reflex"],"picked":"Footwork","floor":1},{"not_picked":["StuffTheSpire:Injection","Sucker Punch"],"picked":"conspire:DoublingDagger","floor":3},{"not_picked":["Bouncing Flask","StuffTheSpire:ClusterCrunch","Sucker Punch"],"picked":"SKIP","floor":7},{"not_picked":["Backflip","jedi:pocketpoison"],"picked":"StSpp:TimeParadox","floor":11},{"not_picked":["Backstab","jedi:poisonivy"],"picked":"jedi:studyshivs","floor":13},{"not_picked":["StuffTheSpire:Incantation","StSpp:Anticipation","Unload"],"picked":"SKIP","floor":14}],"player_experience":1060370,"relics_obtained":[{"floor":9,"key":"HollowMod:PaleOreRelic"},{"floor":14,"key":"hubris:Teleporter"}],"event_choices":[{"cards_removed":["Strike_G"],"damage_healed":0,"gold_gain":0,"player_choice":"Card Removal","damage_taken":0,"max_hp_gain":0,"max_hp_loss":0,"event_name":"The Cleric","floor":2,"gold_loss":50},{"damage_healed":0,"gold_gain":0,"cards_transformed":["Strike_G"],"player_choice":"Transformed","damage_taken":0,"max_hp_gain":0,"max_hp_loss":0,"event_name":"Transmorgrifier","floor":8,"gold_loss":0,"cards_obtained":["StSpp:Lure"]},{"damage_healed":0,"gold_gain":0,"player_choice":"Relic ","damage_taken":12,"max_hp_gain":0,"max_hp_loss":0,"event_name":"betterThird:BetterScrap","floor":12,"gold_loss":0,"cards_obtained":["StSpp:Chanting"]}],"is_beta":false,"boss_relics":[],"items_purged_floors":[5],"is_endless":false,"potions_floor_spawned":[1,13],"killed_by":"Slime Boss","ascension_level":10}}