{"host":"vdpaduzlq0qlaikq","time":1612313899,"event":{"mods":["AchievementEnabler","BaseMod","Better Third Choice","BetterRewards","Colored Map","Downfall","Gold Saver","Hermit","Jorbs\u0027s Wanderer Trilogy","Minty Spire (QoL Compilation)","Relic Filter","Spicy Shops","StSLib","The Necromancer"],"gold_per_floor":[111,123,103,178,193,193,225,243,243,243,310,310,336,351,351,448,448,462,476,34,46,8,35,35,61,131,150,150,150,175,187,187,284,284,300,300,300,125,140,140,140,173,173,82,82,82,107,135,147,159,171,183,58,89,89],"floor_reached":56,"language":"ENG","playtime":3434,"items_purged":["Defend_R","Defend_R"],"score":2204,"play_id":"a820a6cd-f54c-41f6-86cb-e27e5686efa4","local_time":"20210202225819","is_ascension_mode":true,"campfire_choices":[{"data":"Rage","floor":6,"key":"SMITH"},{"data":"Armaments","floor":12,"key":"SMITH"},{"floor":15,"key":"REST"},{"data":"Rage","floor":24,"key":"SMITH"},{"floor":29,"key":"RECALL"},{"data":"Defend_R","floor":32,"key":"PURGE"},{"data":"Strike_R","floor":40,"key":"PURGE"},{"data":"Limit Break","floor":45,"key":"SMITH"},{"floor":49,"key":"REST"},{"data":"Battle Trance","floor":52,"key":"SMITH"}],"circlet_count":0,"master_deck":["Strike_R","Strike_R","Defend_R","Bash","Heavy Blade","Shrug It Off","Rage+1","Rage+1","Armaments+1","Disarm","Shrug It Off","Flex","Pommel Strike","Cleave","Impervious","Body Slam+1","Clash+1","Heavy Blade+1","Disarm","Headbutt","Whirlwind+1","Metallicize","Limit Break+1","Secret Technique","Inflame","Battle Trance+1","Disarm+1","Metallicize"],"relics":["Burning Blood","Lizard Tail","MealTicket","Sling","Shuriken","Lantern","betterThird:SlimedRelic","Mercury Hourglass","HornCleat","Omamori","Torii","SlaversCollar","Anchor","StoneCalendar","Du-Vu Doll","Peace Pipe","Pen Nib","Black Star","Blue Candle","Pocketwatch","FossilizedHelix","Question Card","Incense Burner","MawBank","Nunchaku","Thread and Needle","Ornamental Fan"],"acts_visited":["Exordium","TheCity","TheBeyond","TheEnding"],"potions_floor_usage":[13,16,16,21,30,31,33,42,47,55],"damage_taken":[{"damage":4,"enemies":"Small Slimes","floor":1,"turns":4},{"damage":1,"enemies":"Jaw Worm","floor":2,"turns":3},{"damage":1,"enemies":"Cultist","floor":5,"turns":4},{"damage":26,"enemies":"Gremlin Nob","floor":7,"turns":6},{"damage":2,"enemies":"Looter","floor":8,"turns":3},{"damage":22,"enemies":"Lagavulin","floor":13,"turns":7},{"damage":0,"enemies":"2 Fungi Beasts","floor":14,"turns":3},{"damage":41,"enemies":"Slime Boss","floor":16,"turns":11},{"damage":10,"enemies":"Spheric Guardian","floor":18,"turns":4},{"damage":3,"enemies":"3 Byrds","floor":19,"turns":5},{"damage":2,"enemies":"Centurion and Healer","floor":21,"turns":5},{"damage":0,"enemies":"Slavers","floor":23,"turns":5},{"damage":12,"enemies":"Book of Stabbing","floor":25,"turns":6},{"damage":7,"enemies":"Shelled Parasite and Fungi","floor":27,"turns":6},{"damage":0,"enemies":"Gremlin Leader","floor":30,"turns":3},{"damage":13,"enemies":"Snecko","floor":31,"turns":7},{"damage":42,"enemies":"Automaton","floor":33,"turns":7},{"damage":23,"enemies":"3 Darklings","floor":35,"turns":7},{"damage":5,"enemies":"3 Shapes","floor":39,"turns":6},{"damage":23,"enemies":"Giant Head","floor":42,"turns":7},{"damage":0,"enemies":"Nemesis","floor":47,"turns":5},{"damage":34,"enemies":"Transient","floor":48,"turns":5},{"damage":15,"enemies":"Time Eater","floor":50,"turns":9},{"damage":17,"enemies":"Shield and Spear","floor":54,"turns":7},{"damage":103,"enemies":"The Heart","floor":55,"turns":10}],"seed_played":"6639037995950014522","potions_obtained":[{"floor":7,"key":"Ancient Potion"},{"floor":13,"key":"Slimebound:ThreeZeroPotion"},{"floor":14,"key":"Strength Potion"},{"floor":16,"key":"Block Potion"},{"floor":19,"key":"AttackPotion"},{"floor":23,"key":"FairyPotion"},{"floor":25,"key":"SkillPotion"},{"floor":30,"key":"Weak Potion"},{"floor":31,"key":"SkillPotion"},{"floor":35,"key":"AttackPotion"}],"is_trial":false,"path_per_floor":["M","M","?","?","M","R","E","M","T","?","?","R","E","M","R","B",null,"M","M","$","M","$","E","R","E","T","M","?","R","E","M","R","B",null,"M","?","?","$","M","R","?","E","T","$","R","?","E","M","R","B",null,"R","$","E","B",null],"character_chosen":"IRONCLAD","items_purchased":["Lizard Tail","Heavy Blade","Shrug It Off","MealTicket","Sling","Shuriken","Lantern","Rage","Anchor","StoneCalendar","Disarm","Incense Burner","CultistPotion","Metallicize"],"campfire_rested":2,"item_purchase_floors":[0,0,0,0,0,0,0,0,20,20,22,44,53,53],"current_hp_per_floor":[74,79,68,60,65,65,45,49,49,37,37,37,21,27,51,16,64,60,63,78,80,80,80,80,74,74,73,73,73,79,72,72,36,69,52,52,52,67,68,68,63,46,46,61,61,61,67,39,63,54,74,74,80,69,45],"gold":89,"neow_bonus":"","is_daily":false,"chose_seed":false,"campfire_upgraded":5,"win_rate":0.0,"timestamp":1612313899,"path_taken":["M","M","?","?","?","R","E","M","T","?","?","R","E","M","R","BOSS","M","M","$","M","$","E","R","E","T","M","?","R","E","M","R","BOSS","M","?","?","$","M","R","?","E","T","?","R","?","E","M","R","BOSS","R","$","E","BOSS"],"items_purchased_type":["Relic","Card","Card","Relic","Relic","Relic","Relic","Card","Relic","Relic","Card","Relic","Potion","Card"],"build_version":"2020-12-22","purchased_purges":2,"victory":true,"max_hp_per_floor":[80,80,80,80,80,80,80,80,80,80,80,80,80,80,80,80,80,80,80,80,80,80,80,80,80,80,80,80,80,80,80,80,80,80,80,80,80,80,80,80,80,80,80,80,80,80,80,80,80,80,80,80,80,80,80],"card_choices":[{"not_picked":["Spot Weakness","Shrug It Off"],"picked":"Armaments","floor":1},{"not_picked":["Body Slam","Rupture"],"picked":"Disarm","floor":2},{"not_picked":["True Grit","Flame Barrier"],"picked":"Shrug It Off","floor":5},{"not_picked":["Iron Wave","Double Tap"],"picked":"Flex","floor":7},{"not_picked":["Warcry","Sever Soul","True Grit"],"picked":"SKIP","floor":8},{"not_picked":["Armaments","Anger"],"picked":"Pommel Strike","floor":13},{"not_picked":["Feed","Perfected Strike"],"picked":"Cleave","floor":14},{"not_picked":["Double Tap","Bludgeon"],"picked":"Impervious","floor":16},{"not_picked":["Havoc+1","Fire Breathing"],"picked":"Body Slam+1","floor":18},{"not_picked":["Dropkick","Blood for Blood"],"picked":"Clash+1","floor":19},{"not_picked":["Shrug It Off","Cleave"],"picked":"Heavy Blade+1","floor":21},{"not_picked":["Bloodletting","Heavy Blade","Impervious"],"picked":"SKIP","floor":23},{"not_picked":["Havoc","Heavy Blade"],"picked":"Headbutt","floor":25},{"not_picked":["Clothesline","Searing Blow"],"picked":"Whirlwind+1","floor":27},{"not_picked":["Evolve+1","Rage"],"picked":"Metallicize","floor":30},{"not_picked":["Wild Strike","Clash+1","Havoc"],"picked":"SKIP","floor":31},{"not_picked":["Exhume","Offering"],"picked":"Limit Break","floor":33},{"not_picked":["Twin Strike","Perfected Strike","Cleave"],"picked":"SKIP","floor":35},{"not_picked":["Trip","Good Instincts"],"picked":"Secret Technique","floor":37},{"not_picked":["Intimidate+1","Thunderclap"],"picked":"Inflame","floor":39},{"not_picked":["Perfected Strike","Rampage+1","Headbutt"],"picked":"SKIP","floor":42},{"not_picked":["Wild Strike+1","Hemokinesis","Body Slam+1"],"picked":"Battle Trance","floor":47},{"not_picked":["Iron Wave","Immolate","Havoc+1"],"picked":"Disarm+1","floor":48},{"not_picked":["Shockwave","Power Through+1","Warcry+1","Twin Strike"],"picked":"SKIP","floor":54}],"player_experience":707101,"relics_obtained":[{"floor":7,"key":"Mercury Hourglass"},{"floor":9,"key":"HornCleat"},{"floor":13,"key":"Torii"},{"floor":23,"key":"Du-Vu Doll"},{"floor":25,"key":"Peace Pipe"},{"floor":30,"key":"Pen Nib"},{"floor":42,"key":"Pocketwatch"},{"floor":42,"key":"FossilizedHelix"},{"floor":43,"key":"Question Card"},{"floor":47,"key":"MawBank"},{"floor":47,"key":"Nunchaku"},{"floor":54,"key":"Thread and Needle"},{"floor":54,"key":"Ornamental Fan"}],"event_choices":[{"damage_healed":0,"gold_gain":0,"player_choice":"Slimed","damage_taken":11,"max_hp_gain":0,"max_hp_loss":0,"event_name":"betterThird:BetterGoop","floor":3,"gold_loss":20},{"damage_healed":0,"gold_gain":75,"player_choice":"Touch","damage_taken":8,"max_hp_gain":0,"max_hp_loss":0,"event_name":"FaceTrader","floor":4,"gold_loss":0},{"damage_healed":0,"gold_gain":0,"player_choice":"Relic ","damage_taken":12,"max_hp_gain":0,"max_hp_loss":0,"event_name":"betterThird:BetterScrap","floor":10,"gold_loss":0,"cards_obtained":["Doppelganger"]},{"damage_healed":0,"gold_gain":67,"player_choice":"Gained Gold","damage_taken":0,"max_hp_gain":0,"max_hp_loss":0,"event_name":"Golden Wing","floor":11,"gold_loss":0},{"damage_healed":0,"gold_gain":0,"player_choice":"Ignored","damage_taken":0,"max_hp_gain":0,"max_hp_loss":0,"event_name":"Ghosts","floor":28,"gold_loss":0},{"damage_healed":0,"gold_gain":0,"player_choice":"Ignored","damage_taken":0,"max_hp_gain":0,"max_hp_loss":0,"event_name":"Tomb of Lord Red Mask","floor":36,"gold_loss":0},{"damage_healed":0,"gold_gain":0,"player_choice":"Memory 1","damage_taken":0,"max_hp_gain":0,"max_hp_loss":0,"event_name":"SensoryStone","floor":37,"gold_loss":0},{"cards_removed":["Strike_R"],"damage_healed":0,"gold_gain":0,"player_choice":"Removed Attack","damage_taken":0,"max_hp_gain":0,"max_hp_loss":0,"event_name":"Falling","floor":46,"gold_loss":0}],"is_beta":false,"boss_relics":[{"not_picked":["Ectoplasm","Snecko Eye"],"picked":"SlaversCollar"},{"not_picked":["Cursed Key","Pandora\u0027s Box"],"picked":"Black Star"}],"items_purged_floors":[38,38],"is_endless":false,"potions_floor_spawned":[7,13,14,16,19,23,25,30,31,35,39],"ascension_level":9}}