{"host":"78hrz0ylpj9lzvi8","time":1612367223,"event":{"mods":["BaseMod","Bestiary","Block Reminder","Curses Come First","Dark Map","Minty Spire (QoL Compilation)","Quick Restart","Random Character Button","Relic Stats","StSLib"],"gold_per_floor":[111,127,127,140,140,165,177,189,189],"floor_reached":8,"language":"ENG","playtime":274,"items_purged":[],"score":112,"play_id":"95270c8a-7801-4940-a612-4d6b12f95fe0","local_time":"20210203124703","is_ascension_mode":true,"campfire_choices":[{"floor":7,"key":"REST"}],"circlet_count":0,"master_deck":["AscendersBane","Strike_P","Strike_P","Strike_P","Strike_P","Defend_P","Defend_P","Defend_P","Defend_P","Eruption","Vigilance","BowlingBash","Crescendo","FlyingSleeves"],"relics":["PureWater","Anchor","MawBank"],"acts_visited":["Exordium"],"potions_floor_usage":[6,6],"damage_taken":[{"damage":0,"enemies":"2 Louse","floor":1,"turns":2},{"damage":4,"enemies":"Small Slimes","floor":2,"turns":4},{"damage":0,"enemies":"Cultist","floor":4,"turns":3},{"damage":55,"enemies":"Lagavulin","floor":6,"turns":6},{"damage":25,"enemies":"3 Sentries","floor":8,"turns":4}],"seed_played":"-6340223168633308121","potions_obtained":[{"floor":1,"key":"PowerPotion"},{"floor":2,"key":"GamblersBrew"},{"floor":5,"key":"LiquidMemories"}],"is_trial":false,"path_per_floor":["M","M","?","M","?","E","R","E"],"character_chosen":"WATCHER","items_purchased":[],"campfire_rested":1,"item_purchase_floors":[],"current_hp_per_floor":[61,57,57,57,57,2,22,0,0],"gold":189,"neow_bonus":"RANDOM_COMMON_RELIC","is_daily":false,"chose_seed":false,"campfire_upgraded":0,"win_rate":0.0,"timestamp":1612367223,"path_taken":["M","M","?","M","?","E","R","E"],"items_purchased_type":[],"build_version":"2020-12-22","purchased_purges":0,"victory":false,"max_hp_per_floor":[68,68,68,68,68,68,68,68,68],"relic_stats":{"counters":[5,19],"MawBank":24,"obtain_stats":[{"Anchor":0,"PureWater":0,"MawBank":6},{"Anchor":0,"PureWater":0,"MawBank":4},{"Anchor":0,"PureWater":0,"MawBank":15}]},"card_choices":[{"not_picked":["EmptyMind","Weave","Crescendo"],"picked":"SKIP","floor":1},{"not_picked":["ForeignInfluence","DeceiveReality"],"picked":"BowlingBash","floor":2},{"not_picked":["Evaluate","ClearTheMind"],"picked":"Crescendo","floor":4},{"not_picked":["DeceiveReality","Halt"],"picked":"FlyingSleeves","floor":6}],"player_experience":960599,"relics_obtained":[{"floor":6,"key":"MawBank"}],"event_choices":[{"damage_healed":0,"gold_gain":0,"player_choice":"Ignored","damage_taken":0,"max_hp_gain":0,"max_hp_loss":0,"event_name":"Liars Game","floor":3,"gold_loss":0},{"damage_healed":0,"gold_gain":0,"player_choice":"Got Potions","damage_taken":0,"max_hp_gain":0,"max_hp_loss":0,"event_name":"Lab","floor":5,"gold_loss":0}],"is_beta":false,"boss_relics":[],"items_purged_floors":[],"is_endless":false,"potions_floor_spawned":[1,2,4],"killed_by":"3 Sentries","ascension_level":20}}