{"host":"8xi53560pl5zaoq2","time":1612335896,"event":{"mods":["BaseMod","Bestiary","Colored Map","Highlight Path","Minty Spire (QoL Compilation)","StSLib","Synergy Search"],"gold_per_floor":[19,31,50,62,337,337,351,276,276,291,291,305,305,357,357,431,431,371,371,371,371,371,371,371],"floor_reached":23,"language":"ENG","playtime":776,"items_purged":["Regret"],"score":329,"play_id":"071ca253-c25a-4142-a7c4-c3274a220762","local_time":"20210203000456","is_ascension_mode":true,"campfire_choices":[{"floor":6,"key":"REST"},{"data":"Chaos","floor":11,"key":"SMITH"},{"floor":13,"key":"REST"},{"floor":15,"key":"REST"}],"circlet_count":0,"master_deck":["AscendersBane","Strike_B","Strike_B","Defend_B","Defend_B","Defend_B","Defend_B","Zap","Dualcast","Apotheosis","Loop","Doom and Gloom","White Noise","Leap","Hologram","Chaos+1","Echo Form","All For One","Meteor Strike"],"relics":["Cracked Core","Unceasing Top","Ectoplasm"],"acts_visited":["Exordium","TheCity"],"potions_floor_usage":[12,16,23],"damage_taken":[{"damage":7,"enemies":"Jaw Worm","floor":1,"turns":3},{"damage":0,"enemies":"Cultist","floor":2,"turns":3},{"damage":16,"enemies":"2 Louse","floor":3,"turns":3},{"damage":19,"enemies":"2 Fungi Beasts","floor":4,"turns":3},{"damage":5,"enemies":"3 Louse","floor":7,"turns":4},{"damage":4,"enemies":"Blue Slaver","floor":10,"turns":4},{"damage":23,"enemies":"Gremlin Gang","floor":12,"turns":4},{"damage":19,"enemies":"Slime Boss","floor":16,"turns":8},{"damage":21,"enemies":"2 Thieves","floor":18,"turns":3},{"damage":3,"enemies":"Chosen","floor":22,"turns":7},{"damage":40,"enemies":"Gremlin Leader","floor":23,"turns":3}],"seed_played":"3877078347757452716","potions_obtained":[{"floor":3,"key":"Energy Potion"},{"floor":7,"key":"SneckoOil"},{"floor":12,"key":"Energy Potion"},{"floor":16,"key":"SmokeBomb"}],"is_trial":false,"path_per_floor":["M","M","M","M","?","R","M","$","T","M","R","M","R","?","R","B",null,"M","?","?","?","M","E"],"character_chosen":"DEFECT","items_purchased":[],"campfire_rested":3,"item_purchase_floors":[],"current_hp_per_floor":[57,57,41,22,22,43,38,38,38,34,34,11,32,32,53,34,62,41,55,55,55,52,12,12],"gold":371,"neow_bonus":"RANDOM_COLORLESS_2","is_daily":false,"chose_seed":false,"campfire_upgraded":1,"win_rate":0.0,"timestamp":1612335896,"path_taken":["M","M","M","M","?","R","?","$","T","M","R","M","R","?","R","BOSS","M","?","?","?","M","E"],"items_purchased_type":[],"build_version":"2020-12-22","purchased_purges":1,"victory":false,"max_hp_per_floor":[71,71,71,71,71,71,71,71,71,71,71,71,71,71,71,71,71,71,71,71,71,71,71,71],"card_choices":[{"not_picked":["Chrysalis","Panache"],"picked":"Apotheosis","floor":0},{"not_picked":["Beam Cell","Compile Driver"],"picked":"Loop","floor":1},{"not_picked":["Aggregate","Gash"],"picked":"Doom and Gloom","floor":2},{"not_picked":["Redo","Gash"],"picked":"White Noise","floor":3},{"not_picked":["Blizzard","Sweeping Beam"],"picked":"Leap","floor":4},{"not_picked":["Skim","Rebound"],"picked":"Hologram","floor":7},{"not_picked":["Stack","Auto Shields"],"picked":"Chaos","floor":10},{"not_picked":["Aggregate","Melter","Gash"],"picked":"SKIP","floor":12},{"not_picked":["Fission","All For One"],"picked":"Echo Form","floor":16},{"not_picked":["Sunder","Recycle","Turbo"],"picked":"SKIP","floor":18},{"not_picked":["Rebound+1","Hologram","Leap"],"picked":"SKIP","floor":22}],"player_experience":1319320,"relics_obtained":[{"floor":9,"key":"Unceasing Top"}],"event_choices":[{"damage_healed":0,"gold_gain":275,"player_choice":"Desecrate","damage_taken":0,"max_hp_gain":0,"max_hp_loss":0,"event_name":"Golden Shrine","floor":5,"gold_loss":0,"cards_obtained":["Regret"]},{"damage_healed":0,"gold_gain":52,"player_choice":"Gained Gold","damage_taken":0,"max_hp_gain":0,"max_hp_loss":0,"event_name":"Golden Wing","floor":14,"gold_loss":0},{"damage_healed":14,"gold_gain":0,"player_choice":"Heal","damage_taken":0,"max_hp_gain":0,"max_hp_loss":0,"event_name":"The Library","floor":19,"gold_loss":0},{"damage_healed":0,"gold_gain":50,"player_choice":"Stole From Cult","damage_taken":0,"max_hp_gain":0,"max_hp_loss":0,"event_name":"Nest","floor":20,"gold_loss":0},{"damage_healed":0,"gold_gain":0,"cards_transformed":["Strike_B","Strike_B"],"player_choice":"Became Test Subject","damage_taken":0,"max_hp_gain":0,"max_hp_loss":0,"event_name":"Drug Dealer","floor":21,"gold_loss":0,"cards_obtained":["All For One","Meteor Strike"]}],"is_beta":false,"boss_relics":[{"not_picked":["Velvet Choker","Busted Crown"],"picked":"Ectoplasm"}],"items_purged_floors":[8],"is_endless":false,"potions_floor_spawned":[3,7,12,16,18],"killed_by":"Gremlin Leader","ascension_level":16}}