{"host":"mo324zvkdr1xwprd","time":1612394973,"event":{"mods":["BaseMod","Better Note","BetterRewards","Hermit","Highlight Path","Hubris","Minty Spire (QoL Compilation)","Quick Restart","Rare Cards Sparkle","Shop Mod","StSLib","The Cursed","The Hierophant"],"gold_per_floor":[115,115,126,137,215,243,243,273,273,306,320,320,334,359,359,456,456,472,489,509,533,544,569,589,620,620,620,637,203,203,51,51,152,152,162,162,178,178,178,207,222,222,248,68,88,118,134,167,167,167,167,167,25,58,58],"floor_reached":56,"language":"ENG","playtime":5857,"items_purged":[],"score":2509,"play_id":"38257d4c-6040-4627-bdee-7860ea82e351","local_time":"20210203232933","is_ascension_mode":true,"campfire_choices":[{"floor":7.0,"key":"REST"},{"floor":12.0,"key":"REST"},{"floor":15.0,"key":"RECALL"},{"data":"Violence","floor":32.0,"key":"SMITH"},{"data":"hubris:DuctTapeCard","floor":49.0,"key":"SMITH"},{"data":"TheCursedMod:CursedRelics","floor":52.0,"key":"SMITH"}],"circlet_count":0,"master_deck":["TheCursedMod:CursedWand","TheCursedMod:CleanUpWorkshop","TheCursedMod:Dregs","TheCursedMod:Hemoplague","Violence+1","TheCursedMod:Hemoplague","TheCursedMod:WearCloak","TheCursedMod:DemonSword+1","Mayhem","TheCursedMod:CircleOfCorruption","TheCursedMod:SmokeScreen","TheCursedMod:Grudge","TheCursedMod:TacticalStrike","TheCursedMod:CursedBoomerang","TheCursedMod:SpitefulStrike","TheCursedMod:TroublousMinions","TheCursedMod:CursedShiv","TheCursedMod:CursedAmulet","TheCursedMod:SurpriseAttack+1","TheCursedMod:CircleOfAbyss","TheCursedMod:HellsGateOpen","TheCursedMod:Stigma","TheCursedMod:CursedRelics+1","TheCursedMod:Stretching","TheCursedMod:OutForBlood","TheCursedMod:OutForBlood","TheCursedMod:LuckyCharm","TheCursedMod:TroublousMinions","TheCursedMod:SmokeScreen","TheCursedMod:CursedAmulet","TheCursedMod:CursedBlade+1","TheCursedMod:TroublousMinions","TheCursedMod:WearCloak+1","TheCursedMod:SoulReap","TheCursedMod:CollectTribute","CurseOfTheBell","TheCursedMod:TroublousMinions","TheCursedMod:RapidMovement+1","Madness","Madness","TheCursedMod:Obscuration+1","TheCursedMod:CircleOfCorruption+1","TheCursedMod:RapidMovement","TheCursedMod:TroublousMinions+1","TheCursedMod:SurpriseAttack+1","TheCursedMod:CursedSpellbook","TheCursedMod:Stigma+1","Mind Blast","TheCursedMod:CursedShiv","TheCursedMod:ReleasedStrength+1","hubris:DuctTapeCard","hubris:Greed"],"relics":["TheCursedMod:BlackMagic101","Bird Faced Urn","Ice Cream","Tiny Chest","Incense Burner","hubris:MedicalManual","MealTicket","Bottled Lightning","TheCursedMod:Tack","Regal Pillow","Pandora\u0027s Box","Nunchaku","hubris:DeckOfHolding","Whetstone","hubris:Icosahedron","Letter Opener","Pen Nib","Potion Belt","Calling Bell","Darkstone Periapt","Centennial Puzzle","Gambling Chip","Question Card","hubris:DuctTape","Vajra","Art of War","Bronze Scales","hubris:TenFootPole","Strawberry","hubris:SlimyHat"],"acts_visited":["Exordium","TheCity","TheBeyond","TheEnding"],"potions_floor_usage":[55,55,55,55,55,55,55],"damage_taken":[{"damage":0.0,"enemies":"2 Louse","floor":1.0,"turns":3.0},{"damage":1.0,"enemies":"Small Slimes","floor":3.0,"turns":4.0},{"damage":2.0,"enemies":"Jaw Worm","floor":4.0,"turns":4.0},{"damage":37.0,"enemies":"Gremlin Nob","floor":6.0,"turns":5.0},{"damage":19.0,"enemies":"3 Sentries","floor":10.0,"turns":8.0},{"damage":1.0,"enemies":"Red Slaver","floor":11.0,"turns":3.0},{"damage":0.0,"enemies":"Large Slime","floor":13.0,"turns":5.0},{"damage":2.0,"enemies":"Lagavulin","floor":14.0,"turns":6.0},{"damage":0.0,"enemies":"The Guardian","floor":16.0,"turns":7.0},{"damage":2.0,"enemies":"Chosen","floor":18.0,"turns":3.0},{"damage":0.0,"enemies":"Shell Parasite","floor":19.0,"turns":2.0},{"damage":24.0,"enemies":"Shelled Parasite and Fungi","floor":20.0,"turns":5.0},{"damage":10.0,"enemies":"Snecko","floor":22.0,"turns":4.0},{"damage":3.0,"enemies":"Slavers","floor":23.0,"turns":5.0},{"damage":0.0,"enemies":"Chosen and Byrds","floor":24.0,"turns":6.0},{"damage":0.0,"enemies":"Gremlin Leader","floor":25.0,"turns":4.0},{"damage":0.0,"enemies":"Cultist and Chosen","floor":28.0,"turns":4.0},{"damage":18.0,"enemies":"hubris:MusketHawk","floor":33.0,"turns":6.0},{"damage":13.0,"enemies":"3 Darklings","floor":35.0,"turns":2.0},{"damage":0.0,"enemies":"3 Shapes","floor":37.0,"turns":2.0},{"damage":0.0,"enemies":"Nemesis","floor":40.0,"turns":5.0},{"damage":0.0,"enemies":"Maw","floor":41.0,"turns":7.0},{"damage":0.0,"enemies":"Spire Growth","floor":45.0,"turns":3.0},{"damage":0.0,"enemies":"Reptomancer","floor":46.0,"turns":2.0},{"damage":0.0,"enemies":"Sphere and 2 Shapes","floor":47.0,"turns":1.0},{"damage":0.0,"enemies":"Nemesis","floor":48.0,"turns":1.0},{"damage":54.0,"enemies":"Awakened One","floor":50.0,"turns":10.0},{"damage":0.0,"enemies":"Shield and Spear","floor":54.0,"turns":3.0},{"damage":30,"enemies":"The Heart","floor":55,"turns":5}],"seed_played":"8743008034208529333","potions_obtained":[{"floor":1.0,"key":"SmokeBomb"},{"floor":4.0,"key":"Swift Potion"},{"floor":10.0,"key":"Fire Potion"},{"floor":11.0,"key":"Block Potion"},{"floor":18.0,"key":"PowerPotion"},{"floor":23.0,"key":"SmokeBomb"},{"floor":24.0,"key":"PowerPotion"},{"floor":28.0,"key":"Explosive Potion"},{"floor":33.0,"key":"PowerPotion"},{"floor":41.0,"key":"EntropicBrew"},{"floor":45.0,"key":"FearPotion"},{"floor":47.0,"key":"PowerPotion"},{"floor":54.0,"key":"SpeedPotion"}],"is_trial":false,"path_per_floor":["M","?","M","M","?","E","R","?","T","E","M","R","M","E","R","B",null,"M","M","M","T","M","E","M","E","T","?","M","$","?","$","R","B",null,"M","T","M","?","?","E","M","T","T","$","M","E","M","E","R","B",null,"R","$","E","B",null],"character_chosen":"THE_CURSED","items_purchased":["Lantern","TheCursedMod:Hemoplague","TheCursedMod:WearCloak","TheCursedMod:DemonSword","Mayhem","TheCursedMod:CircleOfCorruption","TheCursedMod:SoulReap","Letter Opener","Pen Nib","Potion Belt","Bronze Scales","TheCursedMod:RapidMovement","Mind Blast","TheCursedMod:CursedShiv"],"campfire_rested":2,"item_purchase_floors":[0,0,0,0,0,0,29,29,29,31,44,44,53,53],"current_hp_per_floor":[44,44,47,51,51,18,40,40,40,27,28,50,52,50,50,56,70,72,75,59,59,51,52,62,74,74,74,75,75,75,75,75,75,75,68,68,75,75,66,75,75,75,75,75,75,75,75,82,82,36,71,71,82,82,79],"gold":58,"neow_bonus":"","is_daily":false,"chose_seed":false,"campfire_upgraded":3,"win_rate":0.0,"timestamp":1612394973,"path_taken":["M","?","M","M","?","E","R","?","T","E","M","R","M","E","R","BOSS","M","M","M","?","M","E","?","E","T","?","M","$","?","$","R","BOSS","M","?","?","?","?","E","M","?","T","$","M","E","M","E","R","BOSS","R","$","E","BOSS"],"items_purchased_type":["Relic","Card","Card","Card","Card","Card","Card","Relic","Relic","Relic","Relic","Card","Card","Card"],"build_version":"2020-12-22","purchased_purges":0,"victory":true,"max_hp_per_floor":[75,75,75,75,75,75,75,75,75,75,75,75,75,75,75,75,75,75,75,75,75,75,75,75,75,75,75,75,75,75,75,75,75,75,75,75,75,75,75,75,75,75,75,75,75,75,75,82,82,82,82,82,82,82,88],"card_choices":[{"not_picked":["TheCursedMod:Stretching","TheCursedMod:FleshFromBone"],"picked":"TheCursedMod:SmokeScreen","floor":1.0},{"not_picked":["TheCursedMod:SpreadPlague","TheCursedMod:VitalStrike"],"picked":"TheCursedMod:TacticalStrike","floor":3.0},{"not_picked":["TheCursedMod:SpitefulStrike","TheCursedMod:WearCloak"],"picked":"TheCursedMod:CursedBoomerang","floor":4.0},{"not_picked":["TheCursedMod:ShockAndAwe","TheCursedMod:AshesToAshes"],"picked":"TheCursedMod:SpitefulStrike","floor":6.0},{"not_picked":["TheCursedMod:ReleasedKnowledge","TheCursedMod:CursedBoomerang"],"picked":"TheCursedMod:TroublousMinions","floor":10.0},{"not_picked":["TheCursedMod:SaltUponWound","TheCursedMod:DoubleShield"],"picked":"TheCursedMod:CursedShiv","floor":11.0},{"not_picked":["TheCursedMod:WearCloak","TheCursedMod:Stigma"],"picked":"TheCursedMod:CursedAmulet","floor":13.0},{"not_picked":["TheCursedMod:SpitefulStrike","TheCursedMod:Torture"],"picked":"TheCursedMod:SurpriseAttack","floor":14.0},{"not_picked":["TheCursedMod:Neurasthenia","TheCursedMod:CursedRelics"],"picked":"TheCursedMod:NeowsMight","floor":16.0},{"not_picked":["TheCursedMod:ReleasedStrength+1","TheCursedMod:CursedBlade"],"picked":"TheCursedMod:SurpriseAttack+1","floor":18.0},{"not_picked":["TheCursedMod:ReleasedKnowledge","TheCursedMod:VitalStrike+1"],"picked":"TheCursedMod:LuckyCharm","floor":19.0},{"not_picked":["TheCursedMod:Evocation","TheCursedMod:CursedMace"],"picked":"TheCursedMod:TroublousMinions","floor":20.0},{"not_picked":["TheCursedMod:AbyssShockwave+1","TheCursedMod:TacticalStrike"],"picked":"TheCursedMod:SmokeScreen","floor":22.0},{"not_picked":["TheCursedMod:Stretching","TheCursedMod:Hemoplague"],"picked":"TheCursedMod:CursedAmulet","floor":23.0},{"not_picked":["TheCursedMod:ManaBullet","TheCursedMod:Hemoplague+1"],"picked":"TheCursedMod:CursedBlade+1","floor":24.0},{"not_picked":["TheCursedMod:Stretching","TheCursedMod:WearCloak"],"picked":"TheCursedMod:TroublousMinions","floor":25.0},{"not_picked":["TheCursedMod:CursedAmulet+1","TheCursedMod:SpitefulStrike"],"picked":"TheCursedMod:WearCloak+1","floor":28.0},{"not_picked":["TheCursedMod:ParallelWorld","TheCursedMod:OutForBlood"],"picked":"TheCursedMod:CollectTribute","floor":33.0},{"not_picked":["TheCursedMod:SoulReap","TheCursedMod:Torture"],"picked":"TheCursedMod:TroublousMinions","floor":35.0},{"not_picked":["TheCursedMod:CursedShiv+1","TheCursedMod:BloodBarrier","TheCursedMod:TroublousMinions+1"],"picked":"TheCursedMod:RapidMovement+1","floor":37.0},{"not_picked":["TheCursedMod:StingEye","TheCursedMod:VitalStrike","TheCursedMod:CircleOfAmplification+1"],"picked":"TheCursedMod:Obscuration+1","floor":40.0},{"not_picked":["TheCursedMod:AshesToAshes","TheCursedMod:BlessingInDisguise","TheCursedMod:Stretching+1"],"picked":"TheCursedMod:CircleOfCorruption+1","floor":41.0},{"not_picked":["TheCursedMod:CursedMace","TheCursedMod:Obscuration","TheCursedMod:FleshFromBone"],"picked":"TheCursedMod:TroublousMinions+1","floor":45.0},{"not_picked":["TheCursedMod:FleshFromBone","TheCursedMod:EmpowerCircles","TheCursedMod:Stigma+1"],"picked":"TheCursedMod:SurpriseAttack+1","floor":46.0},{"not_picked":["TheCursedMod:FuryStrike","TheCursedMod:SpreadPlague","TheCursedMod:DemonSword"],"picked":"TheCursedMod:CursedSpellbook","floor":47.0},{"not_picked":["TheCursedMod:PrepareRite","TheCursedMod:Torture+1","TheCursedMod:RavingStaff"],"picked":"TheCursedMod:Stigma+1","floor":48.0},{"not_picked":["TheCursedMod:CursedBlade","TheCursedMod:CursedAmulet","TheCursedMod:Obscuration+1"],"picked":"TheCursedMod:ReleasedStrength+1","floor":54.0}],"player_experience":461768,"relics_obtained":[{"floor":6.0,"key":"hubris:MedicalManual"},{"floor":9.0,"key":"Bottled Lightning"},{"floor":10.0,"key":"TheCursedMod:Tack"},{"floor":14.0,"key":"Regal Pillow"},{"floor":21.0,"key":"Nunchaku"},{"floor":23.0,"key":"hubris:DeckOfHolding"},{"floor":25.0,"key":"Whetstone"},{"floor":34.0,"key":"Darkstone Periapt"},{"floor":34.0,"key":"Centennial Puzzle"},{"floor":34.0,"key":"Gambling Chip"},{"floor":36.0,"key":"Question Card"},{"floor":40.0,"key":"hubris:DuctTape"},{"floor":42.0,"key":"Vajra"},{"floor":43.0,"key":"Art of War"},{"floor":46.0,"key":"hubris:TenFootPole"},{"floor":48.0,"key":"Strawberry"},{"floor":54.0,"key":"hubris:SlimyHat"}],"event_choices":[{"damage_healed":0.0,"max_hp_gain":0.0,"max_hp_loss":0.0,"gold_gain":0.0,"cards_transformed":["TheCursedMod:Strike_TheCursed"],"event_name":"Living Wall","player_choice":"Change","floor":2.0,"gold_loss":0.0,"damage_taken":0.0,"cards_obtained":["TheCursedMod:Grudge"]},{"damage_healed":0.0,"max_hp_gain":0.0,"max_hp_loss":0.0,"gold_gain":78.0,"event_name":"Golden Wing","player_choice":"Gained Gold","floor":5.0,"gold_loss":0.0,"damage_taken":0.0},{"damage_healed":0.0,"max_hp_gain":0.0,"max_hp_loss":0.0,"gold_gain":30.0,"event_name":"Dead Adventurer","player_choice":"Searched \u00273\u0027 times","floor":8.0,"gold_loss":0.0,"damage_taken":0.0,"relics_obtained":["MealTicket"]},{"damage_healed":0.0,"max_hp_gain":0.0,"max_hp_loss":0.0,"gold_gain":0.0,"event_name":"Beggar","player_choice":"Ignored","floor":30.0,"gold_loss":0.0,"damage_taken":0.0},{"damage_healed":0.0,"max_hp_gain":0.0,"max_hp_loss":0.0,"gold_gain":0.0,"event_name":"Tomb of Lord Red Mask","player_choice":"Ignored","floor":38.0,"gold_loss":0.0,"damage_taken":0.0},{"damage_healed":0.0,"max_hp_gain":0.0,"max_hp_loss":0.0,"gold_gain":0.0,"event_name":"Winding Halls","player_choice":"Embrace Madness","floor":39.0,"gold_loss":0.0,"damage_taken":9.0,"cards_obtained":["Madness","Madness"]}],"is_beta":false,"boss_relics":[{"not_picked":["Tiny House","hubris:Stopwatch"],"picked":"Pandora\u0027s Box"},{"not_picked":["hubris:RunicObelisk","Black Star"],"picked":"Calling Bell"}],"items_purged_floors":[],"is_endless":false,"potions_floor_spawned":[1,4,10,11,18,23,24,28,33,41,45,47,54],"ascension_level":9}}