{"host":"3wy7pdgb9v64ezms","time":1612318598,"event":{"mods":["100% Spire Juice","2.2 Compatiblity","AchievementEnabler","Act Like it!","Aspiration","BaseMod","Better Altar","Better Match","Better Note","Better Third Choice","BetterRewards","Colored Map","Curses Come First","Dark Map","DeckTracker","Downfall","Halation","Highlight Path","Hubris","Infinite Spire","Minty Spire (QoL Compilation)","Permanent Neow","Prisma Mod","Quick Restart","Rare Cards Sparkle","Relic Filter","Relic Stats","Replay The Spire","Shop Mod","Small Relic Pack","Spicy Shops","StSLib","SuperFastMode","The Alterego","UnlockEverythingMod","WarShipGirlsR/????R mod","Yakumo Yukari mod"],"gold_per_floor":[100,115,135,120,133,133,158,183,216,216,230,230],"floor_reached":11,"language":"ENG","playtime":377,"items_purged":[],"score":68,"play_id":"9958288e-e68f-427f-a5ad-2e8e332e4d26","local_time":"20210203031638","is_ascension_mode":true,"campfire_choices":[],"circlet_count":0,"master_deck":["alterego_mod:Strike","alterego_mod:Strike","alterego_mod:Strike","alterego_mod:Strike","alterego_mod:Defend","alterego_mod:Defend","alterego_mod:Defend","alterego_mod:Defend","alterego_mod:Impale","alterego_mod:BigMeatyClaws","alterego_mod:BrynhildrsRune","alterego_mod:PerceptionDisorder","alterego_mod:Rip","alterego_mod:Mirror","alterego_mod:PerceptionDisorder","alterego_mod:Mirror","alterego_mod:Birthday"],"relics":["alterego_mod:MasochisticConstitution","halation:PromiseList","halation:StarCompass","Replay:Bandana","PreservedInsect"],"acts_visited":["Exordium"],"potions_floor_usage":[11],"damage_taken":[{"damage":8,"enemies":"2 Louse","floor":2,"turns":4},{"damage":10,"enemies":"Cultist","floor":3,"turns":4},{"damage":10,"enemies":"downfall:FleeingMerchant","floor":4,"turns":4},{"damage":6,"enemies":"Jaw Worm","floor":5,"turns":3},{"damage":13,"enemies":"2 Fungi Beasts","floor":8,"turns":4},{"damage":14,"enemies":"Blue Slaver","floor":9,"turns":3},{"damage":10,"enemies":"Lagavulin","floor":11,"turns":2}],"seed_played":"6542708126393777633","potions_obtained":[{"floor":3,"key":"Languid Potion"},{"floor":8,"key":"Weak Potion"},{"floor":9,"key":"Elixir"}],"is_trial":false,"path_per_floor":["R_BF","M","M","$","M","?","T","M","M","?","E"],"character_chosen":"The_Alterego","items_purchased":[],"campfire_rested":0,"item_purchase_floors":[],"current_hp_per_floor":[70,63,54,45,40,40,40,28,17,5,0,0],"gold":230,"neow_bonus":"RANDOM_COMMON_RELIC","is_daily":false,"chose_seed":false,"campfire_upgraded":0,"win_rate":0.0,"timestamp":1612318598,"path_taken":["R_BF","M","M","$","M","?","T","M","M","?","E"],"items_purchased_type":[],"build_version":"2020-12-22","purchased_purges":0,"victory":false,"max_hp_per_floor":[70,71,72,73,74,74,74,75,76,76,76,76],"relic_stats":{"counters":[7,24],"PreservedInsect":28,"obtain_stats":[{"alterego_mod:MasochisticConstitution":0,"Replay:Bandana":7,"PreservedInsect":10,"halation:PromiseList":0,"halation:StarCompass":1},{"alterego_mod:MasochisticConstitution":0,"Replay:Bandana":4,"PreservedInsect":6,"halation:PromiseList":0,"halation:StarCompass":0},{"alterego_mod:MasochisticConstitution":0,"Replay:Bandana":15,"PreservedInsect":22,"halation:PromiseList":0,"halation:StarCompass":0}]},"card_choices":[{"not_picked":["alterego_mod:Birthday","alterego_mod:Pet"],"picked":"alterego_mod:PerceptionDisorder","floor":2},{"not_picked":["alterego_mod:Pet","alterego_mod:SakuraLabyrinth"],"picked":"alterego_mod:Rip","floor":3},{"not_picked":["alterego_mod:HighServant","alterego_mod:PurpleHair"],"picked":"alterego_mod:Mirror","floor":4},{"not_picked":["alterego_mod:GoddessCore","alterego_mod:BreastValley"],"picked":"alterego_mod:PerceptionDisorder","floor":5},{"not_picked":["alterego_mod:Maid","alterego_mod:Bounce"],"picked":"alterego_mod:Birthday","floor":8},{"not_picked":["alterego_mod:Table","alterego_mod:Antipathy","alterego_mod:Punishment"],"picked":"SKIP","floor":9}],"player_experience":104833,"relics_obtained":[{"floor":7,"key":"Replay:Bandana"}],"event_choices":[{"damage_healed":0,"gold_gain":0,"player_choice":"Relic ","damage_taken":12,"max_hp_gain":0,"max_hp_loss":0,"event_name":"betterThird:BetterScrap","floor":10,"gold_loss":0,"cards_obtained":["hubris:Sniper"]}],"is_beta":false,"boss_relics":[],"items_purged_floors":[],"is_endless":false,"potions_floor_spawned":[3,8,9],"killed_by":"Lagavulin","ascension_level":1}}