{"host":"nia1zwr35jsu5y7h","time":1612329486,"event":{"mods":["2.2 Compatiblity","Abigail Mod","Bard","BaseMod","Colored Map","Conspire","Downfall","Friendly Minions","Hermit","Highlight Path","Hubris","Infinite Spire","Kiyohime????","Koishi","Marisa????????","Minty Spire (QoL Compilation)","Quick Restart","Replay The Spire","Shade Mod","Shop Mod","StSLib","The Administrix","The Animator","The Construct","The Cursed","The Disciple","The Mystic","The Necromancer","The Servant 0.9.4"],"gold_per_floor":[109,36,53,99,57,57,57,57],"floor_reached":7,"language":"ENG","playtime":255,"items_purged":[],"score":78,"play_id":"f22e0bda-2e9c-4151-ba69-110ebc736c22","local_time":"20210202211806","is_ascension_mode":true,"campfire_choices":[{"data":"Exchange","floor":6,"key":"SMITH"}],"circlet_count":0,"master_deck":["AscendersBane","Strike_S","Strike_S","Strike_S","Defend_S","Defend_S","Defend_S","KidneyShot","Exchange+1","DualDimension","ShatteredReality","MoonPhase","MoonPhase"],"relics":["Uniform","infinitespire:Joker Card"],"acts_visited":["Exordium"],"potions_floor_usage":[],"damage_taken":[{"damage":8,"enemies":"Cultist","floor":1,"turns":4},{"damage":3,"enemies":"conspire:RoseBush","floor":3,"turns":8},{"damage":18,"enemies":"conspire:MimicChest","floor":4,"turns":8},{"damage":0,"enemies":"Lagavulin","floor":7,"turns":4}],"seed_played":"2384512110605683344","potions_obtained":[{"floor":4,"key":"LiquidMemories"}],"is_trial":false,"path_per_floor":["M","?","M","?","$","R","E"],"character_chosen":"THE_SERVANT","items_purchased":["MoonPhase"],"campfire_rested":0,"item_purchase_floors":[5],"current_hp_per_floor":[46,46,43,25,25,25,25,25],"gold":57,"neow_bonus":"REMOVE_TWO","is_daily":false,"chose_seed":false,"campfire_upgraded":1,"win_rate":0.0,"timestamp":1612329486,"path_taken":["M","?","?","?","$","R","E"],"items_purchased_type":["Card"],"build_version":"2020-12-22","purchased_purges":0,"victory":false,"max_hp_per_floor":[54,54,54,54,54,54,54,54],"card_choices":[{"not_picked":["ShatteredReality","Ricochet"],"picked":"DualDimension","floor":1},{"not_picked":["Revamp","Unruled"],"picked":"ShatteredReality","floor":3},{"not_picked":["DoubleEdge","Revamp"],"picked":"MoonPhase","floor":4}],"player_experience":2313963,"relics_obtained":[],"event_choices":[{"damage_healed":0,"gold_gain":0,"player_choice":"Paid Gold","damage_taken":0,"relics_obtained":["infinitespire:Joker Card"],"max_hp_gain":0,"max_hp_loss":0,"event_name":"WeMeetAgain","floor":2,"gold_loss":73}],"is_beta":false,"boss_relics":[],"items_purged_floors":[],"is_endless":false,"potions_floor_spawned":[4],"killed_by":"Lagavulin","ascension_level":20}}