{"host":"rkd2egloqduv8drx","time":1612351660,"event":{"mods":["ATMod(°¢èªMod)","Act Like it!","Arknights","BaseMod","CapriCore","Gensokyo","GungeonMod","Hermit","Jedi Mod","Koishi","Minty Spire (QoL Compilation)","Permanent Neow","Prisma Mod","Quick Restart","Rare Cards Sparkle","Robot Space Explorer","Spicy Shops","StSLib","The Administrix","The Bug Knight","The Immortal","WarShipGirlsR/Õ½½¢ÉÙÅ®R mod"],"gold_per_floor":[116,116,133,148,158,158,172,22,22,22,22,51,51,66,66,170,170,188,2,2,18,33,33,132,132,132,132,132,0,15,27,27,27,27],"floor_reached":33,"language":"ZHS","playtime":1928,"items_purged":["hermit:Strike_Hermit","hermit:Strike_Hermit"],"score":247,"play_id":"f8cf686b-267c-47b5-af4f-16f859906b81","local_time":"20210203192740","is_ascension_mode":false,"campfire_choices":[{"data":"hermit:Glare","floor":6.0,"key":"SMITH"},{"data":"hermit:FinalCanter","floor":10.0,"key":"SMITH"},{"data":"hermit:Manifest","floor":13.0,"key":"SMITH"},{"floor":15.0,"key":"REST"},{"data":"hermit:Dissolve","floor":23.0,"key":"SMITH"},{"data":"hermit:Covet","floor":25.0,"key":"SMITH"},{"data":"hermit:Reprieve","floor":27.0,"key":"SMITH"},{"data":"hermit:FatalDesire","floor":32,"key":"SMITH"}],"circlet_count":0,"master_deck":["hermit:Strike_Hermit+1","hermit:Strike_Hermit","hermit:Defend_Hermit","hermit:Defend_Hermit","hermit:Defend_Hermit","hermit:Snapshot","hermit:Covet+1","hermit:Virtue","Regret","hermit:Glare+1","hermit:Misfire+1","hermit:FinalCanter+1","hermit:Manifest+1","hermit:Dissolve+1","hermit:Reprieve+1","hermit:FatalDesire+1","hermit:Spite"],"relics":["hermit:Momento","AT_ATBox","hermit:CharredGlove","Blue Candle","AT_EbonyIvory","DemoMod:Metronome","Coffee Dripper","Membership Card","DemoMod:DecoyRelic","hermit:PetGhost"],"acts_visited":["Exordium","TheCity"],"potions_floor_usage":[],"damage_taken":[{"damage":1.0,"enemies":"Jaw Worm","floor":1.0,"turns":4.0},{"damage":3.0,"enemies":"2 Louse","floor":3.0,"turns":2.0},{"damage":6.0,"enemies":"Small Slimes","floor":4.0,"turns":3.0},{"damage":1.0,"enemies":"2 Fungi Beasts","floor":5.0,"turns":3.0},{"damage":6.0,"enemies":"Blue Slaver","floor":7.0,"turns":2.0},{"damage":18.0,"enemies":"HollowMod:MossKnight","floor":12.0,"turns":9.0},{"damage":11.0,"enemies":"Gremlin Gang","floor":14.0,"turns":3.0},{"damage":16.0,"enemies":"The Guardian","floor":16.0,"turns":11.0},{"damage":12.0,"enemies":"2 Thieves","floor":18.0,"turns":4.0},{"damage":7.0,"enemies":"Shell Parasite","floor":21.0,"turns":5.0},{"damage":12.0,"enemies":"3 Cultists","floor":22.0,"turns":6.0},{"damage":1,"enemies":"Centurion and Healer","floor":30,"turns":6},{"damage":5,"enemies":"Snake Plant","floor":31,"turns":2},{"damage":100038,"enemies":"Collector","floor":33,"turns":4}],"seed_played":"3072234126117003656","potions_obtained":[{"floor":3.0,"key":"Explosive Potion"},{"floor":4.0,"key":"GamblersBrew"},{"floor":5.0,"key":"Swift Potion"},{"floor":16.0,"key":"jedi:tentaclejuice"},{"floor":22.0,"key":"Strength Potion"}],"is_trial":false,"path_per_floor":["M","?","M","M","M","R","M","$","T","R","?","E","R","M","R","B",null,"M","$","?","M","M","R","?","R","T","R","?","$","M","M","R","B"],"character_chosen":"HERMIT","items_purchased":["hermit:FinalCanter","Membership Card","hermit:FatalDesire","hermit:Spite","hermit:PetGhost"],"campfire_rested":1,"item_purchase_floors":[8,19,29,29,29],"current_hp_per_floor":[67,67,64,58,57,57,51,51,51,51,37,19,19,8,28,12,68,56,56,56,49,45,45,45,45,45,45,45,45,44,39,39,0,0],"gold":27,"neow_bonus":"ONE_RARE_RELIC","is_daily":false,"chose_seed":false,"campfire_upgraded":7,"win_rate":0.0,"timestamp":1612351660,"path_taken":["M","?","M","M","M","R","M","$","T","R","?","E","R","M","R","BOSS","M","$","?","M","?","R","?","R","T","R","?","$","?","M","R","BOSS"],"items_purchased_type":["Card","Relic","Card","Card","Relic"],"build_version":"2020-12-22","purchased_purges":2,"victory":false,"max_hp_per_floor":[68,68,68,68,68,68,68,68,68,68,68,68,68,68,68,68,68,68,68,68,68,68,68,68,68,68,68,68,68,68,68,68,68,68],"card_choices":[{"not_picked":["hermit:Feint","hermit:Dive"],"picked":"hermit:Virtue","floor":1.0},{"not_picked":["hermit:WideOpen","hermit:BodyArmor"],"picked":"hermit:Glare","floor":3.0},{"not_picked":["hermit:Ricochet","hermit:Headshot"],"picked":"hermit:Misfire","floor":4.0},{"not_picked":["hermit:Quickdraw","hermit:GoldenBullet","hermit:Purgatory"],"picked":"SKIP","floor":5.0},{"not_picked":["hermit:Vantage","hermit:HoleUp","hermit:ItchyTrigger"],"picked":"SKIP","floor":7.0},{"not_picked":["hermit:Coalescence","hermit:Gambit"],"picked":"hermit:Manifest","floor":12.0},{"not_picked":["hermit:Coalescence","hermit:Combo","hermit:HoleUp"],"picked":"SKIP","floor":14.0},{"not_picked":["hermit:EternalForm","hermit:HeroicBravado"],"picked":"hermit:Dissolve","floor":16.0},{"not_picked":["hermit:Misfire+1","hermit:Ricochet","hermit:HoleUp"],"picked":"SKIP","floor":18.0},{"not_picked":["hermit:Headshot","hermit:ShadowCloak+1","hermit:Snipe"],"picked":"SKIP","floor":21.0},{"not_picked":["hermit:Scavenge","hermit:FullyLoaded","hermit:Glare"],"picked":"SKIP","floor":22.0},{"not_picked":["hermit:PistolWhip","hermit:Virtue+1","hermit:CalledShot"],"picked":"SKIP","floor":30},{"not_picked":["hermit:Headshot+1","hermit:LoneWolf","hermit:HoleUp"],"picked":"SKIP","floor":31}],"player_experience":333900,"relics_obtained":[{"floor":9.0,"key":"AT_EbonyIvory"},{"floor":12.0,"key":"DemoMod:Metronome"},{"floor":26.0,"key":"DemoMod:DecoyRelic"}],"event_choices":[{"damage_healed":0.0,"max_hp_gain":0.0,"max_hp_loss":0.0,"gold_gain":0.0,"event_name":"Big Fish","player_choice":"Box","floor":2.0,"gold_loss":0.0,"damage_taken":0.0,"relics_obtained":["Blue Candle"],"cards_obtained":["Regret"]},{"damage_healed":0.0,"max_hp_gain":0.0,"max_hp_loss":0.0,"gold_gain":0.0,"event_name":"Shining Light","player_choice":"Entered Light","floor":11.0,"gold_loss":0.0,"damage_taken":14.0,"cards_upgraded":["hermit:Misfire","hermit:Strike_Hermit"]},{"damage_healed":0.0,"max_hp_gain":0.0,"max_hp_loss":0.0,"gold_gain":0.0,"cards_transformed":["hermit:Defend_Hermit"],"event_name":"Transmorgrifier","player_choice":"Transformed","floor":20.0,"gold_loss":0.0,"damage_taken":0.0,"cards_obtained":["hermit:Reprieve"]},{"damage_healed":0.0,"max_hp_gain":0.0,"max_hp_loss":0.0,"gold_gain":99.0,"event_name":"Nest","player_choice":"Stole From Cult","floor":24.0,"gold_loss":0.0,"damage_taken":0.0},{"damage_healed":0,"gold_gain":0,"player_choice":"Ignored","damage_taken":0,"max_hp_gain":0,"max_hp_loss":0,"event_name":"Ghosts","floor":28,"gold_loss":0}],"is_beta":false,"boss_relics":[{"not_picked":["Tiny House","Busted Crown"],"picked":"Coffee Dripper"}],"items_purged_floors":[19,29],"is_endless":false,"potions_floor_spawned":[3,4,5,16,22,30],"killed_by":"Collector","ascension_level":0}}