{"host":"oehe2dxjvdgux73m","time":1612361789,"event":{"mods":["AchievementEnabler","BaseMod","Colored Map","Colored Powertips","DeckTracker","Keyboard Shortcuts","Minty Spire (QoL Compilation)","Permanent Neow","Quick Restart","StSLib","SuperFastMode"],"gold_per_floor":[116,133,208,219,239,239,255,255,255,209,228,66,82,94,94,172,172,182,192,27,27,27],"floor_reached":21,"language":"KOR","playtime":610,"items_purged":["Strike_G"],"score":354,"play_id":"5dbabac5-3320-4d70-85cc-f26907a933ea","local_time":"20210203231629","is_ascension_mode":true,"campfire_choices":[{"data":"A Thousand Cuts","floor":6.0,"key":"SMITH"},{"floor":8.0,"key":"REST"},{"floor":15.0,"key":"REST"}],"circlet_count":0,"master_deck":["AscendersBane","Strike_G","Strike_G","Defend_G","Defend_G","Defend_G","Defend_G","Defend_G+1","Survivor","Neutralize","A Thousand Cuts+1","Blade Dance+1","Dash","Footwork","Deflect","Backflip","Blade Dance","Glass Knife","Dodge and Roll","Dagger Spray","Adrenaline","Deflect"],"relics":["Ring of the Snake","White Beast Statue","Empty Cage","War Paint"],"acts_visited":["Exordium","TheCity"],"potions_floor_usage":[16,16,18],"damage_taken":[{"damage":0.0,"enemies":"Small Slimes","floor":1.0,"turns":5.0},{"damage":7.0,"enemies":"Cultist","floor":2.0,"turns":5.0},{"damage":7.0,"enemies":"2 Louse","floor":4.0,"turns":4.0},{"damage":15.0,"enemies":"Large Slime","floor":5.0,"turns":6.0},{"damage":1.0,"enemies":"Blue Slaver","floor":7.0,"turns":7.0},{"damage":14.0,"enemies":"Exordium Thugs","floor":10.0,"turns":5.0},{"damage":8.0,"enemies":"Large Slime","floor":11.0,"turns":9.0},{"damage":9.0,"enemies":"Blue Slaver","floor":13.0,"turns":4.0},{"damage":0.0,"enemies":"2 Fungi Beasts","floor":14.0,"turns":3.0},{"damage":2,"enemies":"Slime Boss","floor":16,"turns":6},{"damage":14,"enemies":"Shell Parasite","floor":18,"turns":8},{"damage":22,"enemies":"Spheric Guardian","floor":19,"turns":8},{"damage":14,"enemies":"Snake Plant","floor":21,"turns":1}],"seed_played":"-2540685999887022450","potions_obtained":[{"floor":2.0,"key":"LiquidBronze"},{"floor":4.0,"key":"AttackPotion"},{"floor":10.0,"key":"Swift Potion"},{"floor":11.0,"key":"CultistPotion"},{"floor":13.0,"key":"GamblersBrew"},{"floor":16,"key":"Weak Potion"},{"floor":18,"key":"ColorlessPotion"},{"floor":19,"key":"Explosive Potion"}],"is_trial":false,"path_per_floor":["M","M","?","M","M","R","M","R","T","M","M","$","M","M","R","B",null,"M","M","$","M"],"character_chosen":"THE_SILENT","items_purchased":["Glass Knife","War Paint"],"campfire_rested":2,"item_purchase_floors":[12,20],"current_hp_per_floor":[59,52,41,34,19,19,18,36,36,22,14,14,5,5,23,21,50,36,14,14,0,0],"gold":27,"neow_bonus":"THREE_RARE_CARDS","is_daily":false,"chose_seed":false,"campfire_upgraded":1,"win_rate":0.0,"timestamp":1612361789,"path_taken":["M","M","?","M","M","R","M","R","T","M","M","$","M","M","R","BOSS","M","M","$","M"],"items_purchased_type":["Card","Relic"],"build_version":"2020-12-22","purchased_purges":1,"victory":false,"max_hp_per_floor":[60,60,60,60,60,60,60,60,60,60,60,60,60,60,60,60,60,60,60,60,60,60],"card_choices":[{"not_picked":["Corpse Explosion","Storm of Steel"],"picked":"A Thousand Cuts","floor":0.0},{"not_picked":["Deflect","Leg Sweep"],"picked":"Blade Dance","floor":1.0},{"not_picked":["Bouncing Flask","Quick Slash"],"picked":"Dash","floor":2.0},{"not_picked":["Flying Knee","Expertise","Poisoned Stab"],"picked":"SKIP","floor":4.0},{"not_picked":["Accuracy","Deadly Poison"],"picked":"Footwork","floor":5.0},{"not_picked":["Deadly Poison","Acrobatics"],"picked":"Deflect","floor":7.0},{"not_picked":["Deflect","Poisoned Stab"],"picked":"Backflip","floor":10.0},{"not_picked":["Dodge and Roll","Dash"],"picked":"Blade Dance","floor":11.0},{"not_picked":["Night Terror","Backstab"],"picked":"Dodge and Roll","floor":13.0},{"not_picked":["Setup","Reflex"],"picked":"Dagger Spray","floor":14.0},{"not_picked":["Night Terror","Glass Knife"],"picked":"Adrenaline","floor":16},{"not_picked":["Dodge and Roll","Cloak And Dagger","Deflect"],"picked":"SKIP","floor":18},{"not_picked":["Sucker Punch","Bouncing Flask"],"picked":"Deflect","floor":19}],"player_experience":357444,"relics_obtained":[{"floor":9.0,"key":"White Beast Statue"}],"event_choices":[{"damage_healed":0.0,"max_hp_gain":0.0,"max_hp_loss":0.0,"gold_gain":75.0,"event_name":"World of Goop","player_choice":"Gather Gold","floor":3.0,"gold_loss":0.0,"damage_taken":11.0}],"is_beta":false,"boss_relics":[{"not_picked":["Velvet Choker","Runic Pyramid"],"picked":"Empty Cage"}],"items_purged_floors":[12],"is_endless":false,"potions_floor_spawned":[2,4,10,11,13,14,16,18,19],"killed_by":"Snake Plant","ascension_level":20}}