{"host":"bg8va46pgqgvtzim","time":1612320731,"event":{"mods":["BaseMod","Minty Spire (QoL Compilation)","Quick Restart","StSLib","SuperFastMode"],"gold_per_floor":[119,119,136,136,154,172,237,249,273,318,330,342,354,366,397,409,447,491,503,527,565,577,694,706,730,327,327,341,364,383,383,414,425,439,472,472,472,503,517,529,628,628,448,458,458,458,554,554,574,587,587,462,478,494,494,196,196,229,239,239,239,312,322,322,352,365,365,391,411,411,411,411,411,411,9,35,35],"floor_reached":78,"language":"ZHS","playtime":3396,"items_purged":["Strike_B","Strike_B","Strike_B","Defend_B","Defend_B"],"score":1914,"play_id":"06850a63-0a6b-4513-9323-09f4d4a4b64d","local_time":"20210203105211","is_ascension_mode":true,"campfire_choices":[{"data":"Apotheosis","floor":8.0,"key":"SMITH"},{"data":"Dualcast","floor":11.0,"key":"SMITH"},{"data":"Zap","floor":13.0,"key":"SMITH"},{"data":"Coolheaded","floor":16.0,"key":"SMITH"},{"data":"Fission","floor":22.0,"key":"SMITH"},{"data":"Coolheaded","floor":31.0,"key":"SMITH"},{"data":"Heatsinks","floor":42.0,"key":"SMITH"},{"data":"Recycle","floor":46.0,"key":"SMITH"},{"floor":64.0,"key":"RECALL"},{"data":"Storm","floor":67.0,"key":"SMITH"},{"data":"Defragment","floor":70.0,"key":"SMITH"},{"data":"Capacitor","floor":71.0,"key":"SMITH"},{"data":"Dark Embrace","floor":74.0,"key":"SMITH"}],"circlet_count":0,"master_deck":["Defend_B","Defend_B","Zap+1","Dualcast+1","Apotheosis+1","Undo","White Noise","Chill","Coolheaded+1","Skim","Fission+1","Capacitor+1","Core Surge+1","Coolheaded+1","Heatsinks+1","White Noise+1","Glacier+1","Recycle+1","Turbo","Gash+1","Defragment+1","Echo Form","Machine Learning","Master of Strategy","Panache","Storm+1","Defragment","Heatsinks","Loop+1","Metallicize+1","Dark Embrace+1","Capacitor"],"relics":["Cracked Core","Meat on the Bone","MawBank","Shuriken","Pantograph","White Beast Statue","Odd Mushroom","StoneCalendar","Matryoshka","Runic Dome","Gambling Chip","Enchiridion","Mummified Hand","Lantern","Eternal Feather","Bottled Tornado","Juzu Bracelet","StrikeDummy","Oddly Smooth Stone","Sozu","PrismaticShard","FossilizedHelix","Bottled Lightning","Centennial Puzzle","Pen Nib","Whetstone","Happy Flower"],"acts_visited":["Exordium","TheCity","TheBeyond","TheEnding"],"potions_floor_usage":[77,77,77],"damage_taken":[{"damage":8.0,"enemies":"Jaw Worm","floor":1.0,"turns":3.0},{"damage":0.0,"enemies":"2 Louse","floor":3.0,"turns":2.0},{"damage":0.0,"enemies":"Small Slimes","floor":5.0,"turns":2.0},{"damage":0.0,"enemies":"2 Fungi Beasts","floor":6.0,"turns":4.0},{"damage":17.0,"enemies":"3 Sentries","floor":7.0,"turns":7.0},{"damage":4.0,"enemies":"Exordium Wildlife","floor":9.0,"turns":4.0},{"damage":5.0,"enemies":"3 Sentries","floor":10.0,"turns":7.0},{"damage":0.0,"enemies":"3 Louse","floor":15.0,"turns":5.0},{"damage":0.0,"enemies":"The Mushroom Lair","floor":17.0,"turns":2.0},{"damage":22.0,"enemies":"Lagavulin","floor":18.0,"turns":5.0},{"damage":0.0,"enemies":"Red Slaver","floor":20.0,"turns":2.0},{"damage":8.0,"enemies":"3 Sentries","floor":21.0,"turns":5.0},{"damage":0.0,"enemies":"The Guardian","floor":23.0,"turns":12.0},{"damage":0.0,"enemies":"Spheric Guardian","floor":25.0,"turns":3.0},{"damage":4.0,"enemies":"3 Byrds","floor":28.0,"turns":4.0},{"damage":0.0,"enemies":"Sentry and Sphere","floor":30.0,"turns":2.0},{"damage":0.0,"enemies":"Book of Stabbing","floor":32.0,"turns":4.0},{"damage":0.0,"enemies":"Shelled Parasite and Fungi","floor":33.0,"turns":2.0},{"damage":0.0,"enemies":"Snake Plant","floor":34.0,"turns":2.0},{"damage":9.0,"enemies":"Slavers","floor":35.0,"turns":3.0},{"damage":2.0,"enemies":"Book of Stabbing","floor":38.0,"turns":4.0},{"damage":0.0,"enemies":"Snecko","floor":39.0,"turns":3.0},{"damage":0.0,"enemies":"Shelled Parasite and Fungi","floor":40.0,"turns":4.0},{"damage":0.0,"enemies":"Snake Plant","floor":44.0,"turns":2.0},{"damage":0.0,"enemies":"Collector","floor":47.0,"turns":2.0},{"damage":0.0,"enemies":"3 Darklings","floor":49.0,"turns":2.0},{"damage":0.0,"enemies":"Orb Walker","floor":50.0,"turns":1.0},{"damage":0.0,"enemies":"Maw","floor":53.0,"turns":2.0},{"damage":0.0,"enemies":"4 Shapes","floor":54.0,"turns":1.0},{"damage":0.0,"enemies":"Nemesis","floor":58.0,"turns":1.0},{"damage":0.0,"enemies":"Sphere and 2 Shapes","floor":59.0,"turns":1.0},{"damage":0.0,"enemies":"Writhing Mass","floor":63.0,"turns":1.0},{"damage":0.0,"enemies":"Giant Head","floor":65.0,"turns":1.0},{"damage":0.0,"enemies":"Spire Growth","floor":66.0,"turns":1.0},{"damage":0.0,"enemies":"Nemesis","floor":68.0,"turns":1.0},{"damage":0.0,"enemies":"Maw","floor":69.0,"turns":1.0},{"damage":0.0,"enemies":"Time Eater","floor":72.0,"turns":6.0},{"damage":0.0,"enemies":"Shield and Spear","floor":76.0,"turns":1.0},{"damage":0,"enemies":"The Heart","floor":77,"turns":3}],"seed_played":"5469095880278007165","potions_obtained":[{"floor":1.0,"key":"SkillPotion"},{"floor":10.0,"key":"ColorlessPotion"},{"floor":15.0,"key":"AttackPotion"},{"floor":17.0,"key":"FocusPotion"},{"floor":23.0,"key":"ColorlessPotion"},{"floor":28.0,"key":"DuplicationPotion"},{"floor":30.0,"key":"FocusPotion"},{"floor":38.0,"key":"PowerPotion"}],"is_trial":false,"path_per_floor":["M","?","M","?","M","M","?","R","M","E","R","T","R","T","M","R","?","E","?","M","E","R","B",null,"M","$","?","M","T","M","R","E","M","M","E","T","T","E","M","M","?","R","$","M","?","R","B",null,"M","M","?","$","M","M","?","$","?","E","M","?","?","T","M","R","E","M","R","E","M","R","R","B",null,"R","$","E","B",null],"character_chosen":"DEFECT","items_purchased":["Gambling Chip","Coolheaded","Defragment","PrismaticShard","Capacitor","Whetstone"],"campfire_rested":0,"item_purchase_floors":[26,26,43,56,75,75],"current_hp_per_floor":[60,65,65,40,40,40,35,35,43,38,38,38,38,38,38,38,38,28,28,40,44,44,69,73,73,73,57,53,53,53,53,53,53,53,44,44,44,42,42,42,42,57,57,57,57,72,73,73,73,73,63,63,63,63,63,63,68,68,68,68,68,68,68,73,73,73,73,73,73,73,73,73,73,73,73,73,73],"gold":35,"neow_bonus":"RANDOM_COLORLESS_2","is_daily":false,"chose_seed":false,"campfire_upgraded":12,"win_rate":0.0,"timestamp":1612320731,"path_taken":["M","?","M","?","M","M","?","R","M","E","R","T","R","?","M","R","?","E","?","?","E","R","BOSS","M","$","?","M","?","?","R","E","M","M","E","T","T","E","M","M","?","R","?","M","?","R","BOSS","M","M","?","$","M","M","?","$","?","E","M","?","?","T","M","R","E","M","R","E","M","R","R","BOSS","R","$","E","BOSS"],"items_purchased_type":["Relic","Card","Card","Relic","Card","Relic"],"build_version":"2020-12-22","purchased_purges":5,"victory":true,"max_hp_per_floor":[68,73,73,73,73,73,73,73,73,73,73,73,73,73,73,73,73,73,73,73,73,73,73,73,73,73,73,73,73,73,73,73,73,73,73,73,73,73,73,73,73,73,73,73,73,73,73,73,73,73,73,73,73,73,73,73,73,73,73,73,73,73,73,73,73,73,73,73,73,73,73,73,73,73,73,73,73],"card_choices":[{"not_picked":["The Bomb","Thinking Ahead"],"picked":"Apotheosis","floor":0.0},{"not_picked":["Compile Driver","Leap"],"picked":"Undo","floor":1.0},{"not_picked":["Go for the Eyes","Recycle"],"picked":"Ball Lightning","floor":3.0},{"not_picked":["Leap","Barrage","Blizzard"],"picked":"SKIP","floor":5.0},{"not_picked":["Barrage","Fusion","Gash"],"picked":"SKIP","floor":6.0},{"not_picked":["Go for the Eyes","Rip and Tear"],"picked":"White Noise","floor":7.0},{"not_picked":["Chaos","Leap"],"picked":"Chill","floor":9.0},{"not_picked":["Sunder","Redo","Reprogram"],"picked":"SKIP","floor":10.0},{"not_picked":["Barrage","Lockon"],"picked":"Coolheaded","floor":15.0},{"not_picked":["Redo","Hologram"],"picked":"Skim","floor":17.0},{"not_picked":["Auto Shields","Rebound"],"picked":"Fission","floor":18.0},{"not_picked":["Cold Snap","Steam Power","Gash"],"picked":"SKIP","floor":20.0},{"not_picked":["Steam","Capacitor","Double Energy"],"picked":"SKIP","floor":21.0},{"not_picked":["Steam","Double Energy"],"picked":"Capacitor","floor":21.0},{"not_picked":["Rainbow","Hyperbeam"],"picked":"Core Surge","floor":23.0},{"not_picked":["Streamline+1","Darkness","Rebound"],"picked":"SKIP","floor":25.0},{"not_picked":["Beam Cell","Go for the Eyes"],"picked":"Heatsinks","floor":28.0},{"not_picked":["Hello World+1","Reinforced Body+1"],"picked":"White Noise+1","floor":30.0},{"not_picked":["Streamline+1","Auto Shields","Thunder Strike"],"picked":"SKIP","floor":32.0},{"not_picked":["Ball Lightning","Streamline"],"picked":"Glacier+1","floor":33.0},{"not_picked":["Steam","Cold Snap"],"picked":"Recycle","floor":34.0},{"not_picked":["Steam","White Noise"],"picked":"Turbo","floor":35.0},{"not_picked":["Reinforced Body","Go for the Eyes","Doom and Gloom"],"picked":"SKIP","floor":38.0},{"not_picked":["Redo","Steam"],"picked":"Gash+1","floor":39.0},{"not_picked":["Undo","Ball Lightning","Glacier"],"picked":"SKIP","floor":40.0},{"not_picked":["Barrage","Ball Lightning"],"picked":"Echo Form","floor":44.0},{"not_picked":["Reboot","All For One"],"picked":"Machine Learning","floor":47.0},{"not_picked":["Storm","Darkness+1","Coolheaded"],"picked":"SKIP","floor":49.0},{"not_picked":["Lockon","Leap+1","Rip and Tear"],"picked":"SKIP","floor":50.0},{"not_picked":["Swift Strike","Chrysalis"],"picked":"Master of Strategy","floor":51.0},{"not_picked":["Purity","PanicButton"],"picked":"Panache","floor":51.0},{"not_picked":["Streamline+1","Glacier","Storm"],"picked":"SKIP","floor":53.0},{"not_picked":["Streamline+1","Glacier"],"picked":"Storm","floor":53.0},{"not_picked":["Rebound+1","Skim+1"],"picked":"Defragment","floor":54.0},{"not_picked":["Steam","PathToVictory+1"],"picked":"Heatsinks","floor":58.0},{"not_picked":["Havoc","FollowUp+1","Swivel+1"],"picked":"SKIP","floor":59.0},{"not_picked":["Riddle With Holes+1","Flying Knee","Crescendo+1"],"picked":"SKIP","floor":63.0},{"not_picked":["Flex","Whirlwind+1"],"picked":"Loop+1","floor":65.0},{"not_picked":["Entrench","Heavy Blade"],"picked":"Metallicize+1","floor":66.0},{"not_picked":["Conserve Battery","Armaments+1","Rampage"],"picked":"SKIP","floor":68.0},{"not_picked":["BowlingBash+1","Anger+1"],"picked":"Dark Embrace","floor":69.0},{"not_picked":["Malaise","Clothesline+1","Amplify"],"picked":"SKIP","floor":76.0}],"player_experience":2371019,"relics_obtained":[{"floor":7.0,"key":"MawBank"},{"floor":10.0,"key":"Shuriken"},{"floor":12.0,"key":"Pantograph"},{"floor":14.0,"key":"White Beast Statue"},{"floor":17.0,"key":"Odd Mushroom"},{"floor":18.0,"key":"StoneCalendar"},{"floor":21.0,"key":"Matryoshka"},{"floor":27.0,"key":"Enchiridion"},{"floor":29.0,"key":"Mummified Hand"},{"floor":29.0,"key":"Lantern"},{"floor":32.0,"key":"Eternal Feather"},{"floor":35.0,"key":"Bottled Tornado"},{"floor":36.0,"key":"Juzu Bracelet"},{"floor":37.0,"key":"StrikeDummy"},{"floor":38.0,"key":"Oddly Smooth Stone"},{"floor":58.0,"key":"FossilizedHelix"},{"floor":62.0,"key":"Bottled Lightning"},{"floor":65.0,"key":"Centennial Puzzle"},{"floor":68.0,"key":"Pen Nib"},{"floor":76.0,"key":"Happy Flower"}],"event_choices":[{"damage_healed":0.0,"max_hp_gain":5.0,"max_hp_loss":0.0,"gold_gain":0.0,"event_name":"Big Fish","player_choice":"Donut","floor":2.0,"gold_loss":0.0,"damage_taken":0.0},{"damage_healed":0.0,"max_hp_gain":0.0,"max_hp_loss":0.0,"gold_gain":0.0,"event_name":"Scrap Ooze","player_choice":"Success","floor":4.0,"gold_loss":0.0,"damage_taken":25.0,"relics_obtained":["Meat on the Bone"]},{"damage_healed":0.0,"max_hp_gain":0.0,"max_hp_loss":0.0,"gold_gain":0.0,"event_name":"Dead Adventurer","player_choice":"Searched \u00271\u0027 times","floor":7.0,"gold_loss":0.0,"damage_taken":0.0},{"damage_healed":0.0,"max_hp_gain":0.0,"max_hp_loss":0.0,"gold_gain":0.0,"event_name":"Mushrooms","player_choice":"Fought Mushrooms","floor":17.0,"gold_loss":0.0,"damage_taken":0.0},{"damage_healed":0.0,"max_hp_gain":0.0,"max_hp_loss":0.0,"gold_gain":0.0,"event_name":"Shining Light","player_choice":"Ignored","floor":19.0,"gold_loss":0.0,"damage_taken":0.0},{"damage_healed":0.0,"max_hp_gain":0.0,"max_hp_loss":0.0,"gold_gain":0.0,"event_name":"Cursed Tome","player_choice":"Obtained Book","floor":27.0,"gold_loss":0.0,"damage_taken":16.0},{"damage_healed":0.0,"max_hp_gain":0.0,"max_hp_loss":0.0,"gold_gain":99.0,"event_name":"Nest","player_choice":"Stole From Cult","floor":41.0,"gold_loss":0.0,"damage_taken":0.0},{"damage_healed":0.0,"max_hp_gain":0.0,"max_hp_loss":0.0,"gold_gain":0.0,"event_name":"Match and Keep!","player_choice":"0 cards matched","floor":45.0,"gold_loss":0.0,"damage_taken":0.0,"cards_obtained":[]},{"damage_healed":0.0,"max_hp_gain":0.0,"max_hp_loss":0.0,"gold_gain":0.0,"event_name":"SensoryStone","player_choice":"Memory 3","floor":51.0,"gold_loss":0.0,"damage_taken":10.0},{"cards_removed":["Strike_B"],"damage_healed":0.0,"max_hp_gain":0.0,"max_hp_loss":0.0,"gold_gain":0.0,"event_name":"Falling","player_choice":"Removed Attack","floor":55.0,"gold_loss":0.0,"damage_taken":0.0},{"cards_removed":["Ball Lightning"],"damage_healed":5.0,"max_hp_gain":0.0,"max_hp_loss":0.0,"gold_gain":0.0,"event_name":"Bonfire Elementals","player_choice":"Offered Common","floor":57.0,"gold_loss":0.0,"damage_taken":0.0},{"cards_removed":["Ball Lightning"],"damage_healed":5.0,"max_hp_gain":0.0,"max_hp_loss":0.0,"gold_gain":0.0,"event_name":"Bonfire Elementals","player_choice":"Offered Special","floor":57.0,"gold_loss":0.0,"damage_taken":0.0},{"damage_healed":0.0,"max_hp_gain":0.0,"max_hp_loss":0.0,"gold_gain":0.0,"event_name":"Tomb of Lord Red Mask","player_choice":"Ignored","floor":60.0,"gold_loss":0.0,"damage_taken":0.0},{"damage_healed":0.0,"max_hp_gain":0.0,"max_hp_loss":0.0,"gold_gain":0.0,"event_name":"Lab","player_choice":"Got Potions","floor":61.0,"gold_loss":0.0,"damage_taken":0.0}],"is_beta":false,"boss_relics":[{"not_picked":["Snecko Eye","FrozenCore"],"picked":"Runic Dome"},{"not_picked":["SlaversCollar","Busted Crown"],"picked":"Sozu"}],"items_purged_floors":[26,43,52,56,75],"is_endless":false,"potions_floor_spawned":[1,10,15,17,18,20,21,23,25,28,30,32,33,34,35,38,39,40,44,47,49,50,53,54,58,59,63,65,66,68,69,76],"ascension_level":1}}