{"host":"watonwak","time":1612330332,"event":{"mods":["AchievementEnabler","BaseMod","Bestiary","Colored Map","Minty Spire (QoL Compilation)","Relic Stats","StSLib"],"gold_per_floor":[118,137,152,152,170,170,182,182,254,265,275,307,23,56,56,56,56],"floor_reached":16,"language":"ENG","playtime":1000,"items_purged":["Strike_B"],"score":222,"play_id":"022ad629-17d3-4f67-bc5a-36129d16547b","local_time":"20210203053212","is_ascension_mode":true,"campfire_choices":[{"floor":6,"key":"DIG"},{"data":"Defragment","floor":15,"key":"SMITH"}],"circlet_count":0,"master_deck":["AscendersBane","Strike_B","Strike_B","Strike_B","Defend_B","Defend_B","Defend_B","Defend_B","Zap","Dualcast","Conserve Battery","Hello World","Undo","Conserve Battery","Sweeping Beam","Echo Form","Tempest","Defragment+1"],"relics":["Busted Crown","Shovel","Blood Vial","Dream Catcher","Ornamental Fan","Girya","Chemical X","Art of War"],"acts_visited":["Exordium"],"potions_floor_usage":[12,16],"damage_taken":[{"damage":2,"enemies":"Jaw Worm","floor":1,"turns":5},{"damage":0,"enemies":"Cultist","floor":2,"turns":4},{"damage":5,"enemies":"2 Louse","floor":3,"turns":4},{"damage":11,"enemies":"Large Slime","floor":5,"turns":9},{"damage":6,"enemies":"Looter","floor":7,"turns":3},{"damage":4,"enemies":"Exordium Wildlife","floor":10,"turns":6},{"damage":3,"enemies":"Lots of Slimes","floor":11,"turns":5},{"damage":11,"enemies":"Lagavulin","floor":12,"turns":7},{"damage":3,"enemies":"3 Sentries","floor":14,"turns":6},{"damage":38,"enemies":"Slime Boss","floor":16,"turns":5}],"seed_played":"1929559615592256835","potions_obtained":[{"floor":2,"key":"Strength Potion"},{"floor":7,"key":"FocusPotion"},{"floor":10,"key":"Strength Potion"},{"floor":14,"key":"Explosive Potion"}],"is_trial":false,"path_per_floor":["M","M","M","?","M","R","M","?","T","M","M","E","$","E","R","B"],"character_chosen":"DEFECT","items_purchased":["Chemical X","Tempest"],"campfire_rested":0,"item_purchase_floors":[13,13],"current_hp_per_floor":[62,62,57,57,46,46,42,42,42,40,39,30,30,29,29,0,0],"gold":56,"neow_bonus":"BOSS_RELIC","is_daily":false,"chose_seed":false,"campfire_upgraded":1,"win_rate":0.0,"timestamp":1612330332,"path_taken":["M","M","M","?","?","R","M","?","T","M","M","E","$","E","R","BOSS"],"items_purchased_type":["Relic","Card"],"build_version":"2020-12-18","purchased_purges":1,"victory":false,"max_hp_per_floor":[71,71,71,71,71,71,71,71,71,71,71,71,71,71,71,71,71],"relic_stats":{"Blood Vial":12,"Dream Catcher":0,"Busted Crown":18,"Shovel":1,"counters":[10,54],"Ornamental Fan":[12],"Art of War":[1],"Chemical X":[3],"obtain_stats":[{"Blood Vial":6,"Girya":12,"Dream Catcher":8,"Busted Crown":0,"Shovel":4,"Ornamental Fan":9,"Art of War":14,"Chemical X":13,"Cracked Core":0},{"Blood Vial":4,"Girya":8,"Dream Catcher":5,"Busted Crown":0,"Shovel":3,"Ornamental Fan":5,"Art of War":9,"Chemical X":8,"Cracked Core":0},{"Blood Vial":22,"Girya":43,"Dream Catcher":25,"Busted Crown":0,"Shovel":13,"Ornamental Fan":25,"Art of War":49,"Chemical X":43,"Cracked Core":0}]},"card_choices":[{"not_picked":[],"picked":"Conserve Battery","floor":1},{"not_picked":[],"picked":"Hello World","floor":2},{"not_picked":[],"picked":"Undo","floor":3},{"not_picked":[],"picked":"Conserve Battery","floor":5},{"not_picked":["Turbo"],"picked":"SKIP","floor":7},{"not_picked":[],"picked":"Sweeping Beam","floor":10},{"not_picked":["Redo"],"picked":"SKIP","floor":11},{"not_picked":[],"picked":"Echo Form","floor":12},{"not_picked":[],"picked":"Defragment","floor":14}],"player_experience":1213320,"relics_obtained":[{"floor":6,"key":"Blood Vial"},{"floor":9,"key":"Ornamental Fan"},{"floor":12,"key":"Girya"},{"floor":14,"key":"Art of War"}],"event_choices":[{"damage_healed":0,"gold_gain":0,"player_choice":"Gave Potion","damage_taken":0,"relics_obtained":["Shovel"],"max_hp_gain":0,"max_hp_loss":0,"event_name":"WeMeetAgain","floor":4,"gold_loss":0},{"damage_healed":0,"gold_gain":0,"player_choice":"Searched \u00271\u0027 times","damage_taken":0,"relics_obtained":["Dream Catcher"],"max_hp_gain":0,"max_hp_loss":0,"event_name":"Dead Adventurer","floor":8,"gold_loss":0}],"is_beta":true,"boss_relics":[],"items_purged_floors":[13],"is_endless":false,"potions_floor_spawned":[2,7,10,14],"killed_by":"Slime Boss","ascension_level":19}}