{"host":"mw3dmj42qtkbha4b","time":1612340312,"event":{"mods":["BaseMod","Colored Map","Colored Powertips","DeckTracker","Minty Spire (QoL Compilation)","StSLib","SuperFastMode"],"gold_per_floor":[110,110,185,205,48,80,91,122,122,397,397,397],"floor_reached":11,"language":"KOR","playtime":190,"items_purged":[],"score":212,"play_id":"b6d2ab7f-6b0b-4f54-9e14-71ea8f736f04","local_time":"20210203171832","is_ascension_mode":true,"campfire_choices":[],"circlet_count":0,"master_deck":["AscendersBane","Strike_P","Strike_P","Strike_P","Strike_P","Defend_P","Defend_P","Defend_P","Defend_P","Eruption","Vigilance","Regret"],"relics":["PureWater","NeowsBlessing","HandDrill","Torii","FossilizedHelix","CloakClasp"],"acts_visited":["Exordium"],"potions_floor_usage":[],"damage_taken":[{"damage":0.0,"enemies":"Jaw Worm","floor":1.0,"turns":1.0},{"damage":0.0,"enemies":"Cultist","floor":4.0,"turns":1.0},{"damage":0.0,"enemies":"Gremlin Nob","floor":6.0,"turns":1.0},{"damage":0.0,"enemies":"Small Slimes","floor":7.0,"turns":2.0},{"damage":37.0,"enemies":"Lagavulin","floor":8.0,"turns":6.0},{"damage":16,"enemies":"3 Sentries","floor":11,"turns":1}],"seed_played":"-1724776551072792650","potions_obtained":[{"floor":4.0,"key":"SkillPotion"}],"is_trial":false,"path_per_floor":["M","$","?","M","$","E","M","E","T","?","E"],"character_chosen":"WATCHER","items_purchased":["HandDrill"],"campfire_rested":0,"item_purchase_floors":[5],"current_hp_per_floor":[61,61,50,50,50,50,50,13,13,13,0,0],"gold":397,"neow_bonus":"THREE_ENEMY_KILL","is_daily":false,"chose_seed":false,"campfire_upgraded":0,"win_rate":0.0,"timestamp":1612340312,"path_taken":["M","$","?","M","$","E","M","E","T","?","E"],"items_purchased_type":["Relic"],"build_version":"2020-12-22","purchased_purges":0,"victory":false,"max_hp_per_floor":[68,68,68,68,68,68,68,68,68,68,68,68],"card_choices":[{"not_picked":["FlyingSleeves","Evaluate","Collect"],"picked":"SKIP","floor":1.0},{"not_picked":["Perseverance","Collect","FlurryOfBlows"],"picked":"SKIP","floor":4.0},{"not_picked":["Perseverance","PathToVictory","EmptyMind"],"picked":"SKIP","floor":6.0},{"not_picked":["FlyingSleeves","Tantrum","EmptyFist"],"picked":"SKIP","floor":7.0},{"not_picked":["Perseverance","ThirdEye","Fasting2"],"picked":"SKIP","floor":8.0}],"player_experience":1792349,"relics_obtained":[{"floor":6.0,"key":"Torii"},{"floor":8.0,"key":"FossilizedHelix"},{"floor":9.0,"key":"CloakClasp"}],"event_choices":[{"damage_healed":0.0,"max_hp_gain":0.0,"max_hp_loss":0.0,"gold_gain":75.0,"event_name":"World of Goop","player_choice":"Gather Gold","floor":3.0,"gold_loss":0.0,"damage_taken":11.0},{"damage_healed":0,"gold_gain":275,"player_choice":"Desecrate","damage_taken":0,"max_hp_gain":0,"max_hp_loss":0,"event_name":"Golden Shrine","floor":10,"gold_loss":0,"cards_obtained":["Regret"]}],"is_beta":false,"boss_relics":[],"items_purged_floors":[],"is_endless":false,"potions_floor_spawned":[4],"killed_by":"3 Sentries","ascension_level":20}}