{"host":"f0gpob8hq9vgebej","time":1612333117,"event":{"mods":["AchievementEnabler","BaseMod","Minty Spire (QoL Compilation)","Quick Restart","SuperFastMode"],"gold_per_floor":[116,116,127,127,127,154,154,171,240,251,294,294,219,255,255,341,341,368,130,159,176,199,199,242,251,299,315,315,185,185,209,209,291,291,317,317,192,202,16,16,77,77,102,111,111,145,145,145,145,145],"floor_reached":51,"language":"KOR","playtime":1518,"items_purged":["Strike_G","Strike_G","Defend_G","Defend_G"],"score":1326,"play_id":"8a1ad292-7644-4606-9b6d-73e9b8687071","local_time":"20210203151837","is_ascension_mode":true,"campfire_choices":[{"data":"Blade Dance","floor":7.0,"key":"SMITH"},{"data":"Envenom","floor":12.0,"key":"SMITH"},{"floor":15.0,"key":"REST"},{"data":"Tactician","floor":23,"key":"SMITH"},{"data":"Accuracy","floor":28,"key":"SMITH"},{"data":"Acrobatics","floor":30,"key":"SMITH"},{"floor":32,"key":"REST"},{"data":"Envenom","floor":40,"key":"SMITH"},{"data":"Prepared","floor":45,"key":"SMITH"},{"data":"Tactician","floor":47,"key":"SMITH"},{"data":"Backflip","floor":49,"key":"SMITH"}],"circlet_count":0,"master_deck":["AscendersBane","Defend_G","Defend_G","Defend_G","Survivor","Neutralize+1","Acrobatics+1","Blade Dance+1","Blade Dance","Tactician+1","Envenom+1","Cloak And Dagger","Adrenaline","Accuracy+1","Reflex","Backflip+1","PiercingWail","Neutralize","Footwork","Well Laid Plans+1","Envenom+1","Blade Dance+1","Escape Plan","Prepared+1","Finesse","Tactician+1"],"relics":["Ring of the Serpent","NeowsBlessing","Lantern","White Beast Statue","CeramicFish","Whetstone","OrangePellets","Vajra","Bronze Scales","Sozu","Incense Burner","Snake Skull","Pantograph"],"acts_visited":["Exordium","TheCity","TheBeyond"],"potions_floor_usage":[24,33,50],"damage_taken":[{"damage":0.0,"enemies":"2 Louse","floor":1.0,"turns":1.0},{"damage":0.0,"enemies":"Jaw Worm","floor":3.0,"turns":1.0},{"damage":0.0,"enemies":"3 Sentries","floor":6.0,"turns":1.0},{"damage":2.0,"enemies":"Small Slimes","floor":8.0,"turns":6.0},{"damage":2.0,"enemies":"Exordium Wildlife","floor":10.0,"turns":3.0},{"damage":7.0,"enemies":"Gremlin Nob","floor":11.0,"turns":3.0},{"damage":37.0,"enemies":"Lagavulin","floor":14.0,"turns":6.0},{"damage":4.0,"enemies":"The Guardian","floor":16.0,"turns":11.0},{"damage":8.0,"enemies":"3 Byrds","floor":18.0,"turns":5.0},{"damage":0.0,"enemies":"Chosen","floor":20.0,"turns":3.0},{"damage":5.0,"enemies":"Snecko","floor":21.0,"turns":4.0},{"damage":25.0,"enemies":"Sentry and Sphere","floor":22.0,"turns":6.0},{"damage":10,"enemies":"Gremlin Leader","floor":24,"turns":8},{"damage":7,"enemies":"Centurion and Healer","floor":27,"turns":4},{"damage":0,"enemies":"Chosen and Byrds","floor":31,"turns":3},{"damage":3,"enemies":"Champ","floor":33,"turns":10},{"damage":2,"enemies":"3 Shapes","floor":35,"turns":5},{"damage":3,"enemies":"Orb Walker","floor":38,"turns":2},{"damage":27,"enemies":"2 Orb Walkers","floor":41,"turns":4},{"damage":10,"enemies":"Nemesis","floor":46,"turns":3},{"damage":23,"enemies":"Awakened One","floor":50,"turns":7}],"seed_played":"-4821938639069428680","potions_obtained":[{"floor":1.0,"key":"DuplicationPotion"},{"floor":3.0,"key":"Ancient Potion"},{"floor":8.0,"key":"Strength Potion"},{"floor":10.0,"key":"ColorlessPotion"},{"floor":11.0,"key":"Ancient Potion"},{"floor":14.0,"key":"Fire Potion"},{"floor":16.0,"key":"FearPotion"},{"floor":18.0,"key":"LiquidMemories"},{"floor":21.0,"key":"DuplicationPotion"},{"floor":22.0,"key":"GhostInAJar"},{"floor":24,"key":"Regen Potion"},{"floor":27,"key":"FairyPotion"},{"floor":33,"key":"Dexterity Potion"}],"is_trial":false,"path_per_floor":["M","?","M","?","?","E","R","M","T","M","E","R","?","E","R","B",null,"M","$","M","M","M","R","E","?","T","M","R","$","R","M","R","B",null,"M","?","$","M","$","R","?","?","T","?","R","E","R","$","R","B",null],"character_chosen":"THE_SILENT","items_purchased":["OrangePellets","Footwork","Escape Plan"],"campfire_rested":2,"item_purchase_floors":[19,29,39],"current_hp_per_floor":[59,59,59,59,64,64,64,62,62,60,53,53,53,16,37,33,62,54,54,54,49,24,24,14,14,14,7,7,7,7,7,28,40,63,61,61,61,58,58,58,31,31,31,31,31,21,21,21,21,23],"gold":145,"neow_bonus":"THREE_ENEMY_KILL","is_daily":false,"chose_seed":false,"campfire_upgraded":9,"win_rate":0.0,"timestamp":1612333117,"path_taken":["M","?","M","?","?","E","R","M","T","M","E","R","?","E","R","BOSS","M","$","M","M","M","R","E","?","T","?","R","$","R","?","R","BOSS","M","?","$","M","$","R","?","?","T","?","R","E","R","?","R","BOSS"],"items_purchased_type":["Relic","Card","Card"],"build_version":"2020-12-22","purchased_purges":4,"victory":true,"max_hp_per_floor":[66,66,66,66,71,71,71,71,71,71,71,71,71,71,71,71,71,71,71,71,71,71,71,71,71,71,71,71,71,71,71,71,71,71,71,71,71,71,71,71,71,71,71,71,71,71,71,71,71,71],"card_choices":[{"not_picked":["Leg Sweep","Blur","Deflect"],"picked":"SKIP","floor":1.0},{"not_picked":["Cloak And Dagger","Prepared"],"picked":"Acrobatics","floor":3.0},{"not_picked":["Deadly Poison","Leg Sweep"],"picked":"Blade Dance","floor":6.0},{"not_picked":["Cloak And Dagger","Riddle With Holes"],"picked":"Blade Dance","floor":8.0},{"not_picked":["Backflip","Dagger Spray"],"picked":"Tactician","floor":10.0},{"not_picked":["Flying Knee","Deadly Poison"],"picked":"Envenom","floor":11.0},{"not_picked":["Deadly Poison","Poisoned Stab"],"picked":"Cloak And Dagger","floor":14.0},{"not_picked":["Glass Knife","Unload"],"picked":"Adrenaline","floor":16.0},{"not_picked":["Footwork","Outmaneuver"],"picked":"Accuracy","floor":18.0},{"not_picked":["Dodge and Roll","Sucker Punch"],"picked":"Reflex","floor":20.0},{"not_picked":["Dagger Throw+1","Sucker Punch","Backstab"],"picked":"SKIP","floor":21.0},{"not_picked":["Sucker Punch","Night Terror"],"picked":"Backflip","floor":22.0},{"not_picked":["Dagger Throw","Backflip"],"picked":"PiercingWail","floor":24},{"not_picked":["Slice","Blade Dance","Crippling Poison"],"picked":"SKIP","floor":27},{"not_picked":["Outmaneuver","Accuracy+1"],"picked":"Well Laid Plans+1","floor":31},{"not_picked":["Storm of Steel","Grand Finale"],"picked":"Envenom","floor":33},{"not_picked":["Well Laid Plans+1","Flying Knee"],"picked":"Blade Dance+1","floor":35},{"not_picked":["Deadly Poison","Caltrops","Outmaneuver"],"picked":"SKIP","floor":38},{"not_picked":["Cloak And Dagger","Riddle With Holes"],"picked":"Prepared","floor":41},{"not_picked":["Enlightenment","HandOfGreed"],"picked":"Finesse","floor":44},{"not_picked":["Infinite Blades","PiercingWail"],"picked":"Tactician","floor":46}],"player_experience":367299,"relics_obtained":[{"floor":6.0,"key":"Lantern"},{"floor":9.0,"key":"White Beast Statue"},{"floor":11.0,"key":"CeramicFish"},{"floor":14.0,"key":"Whetstone"},{"floor":24,"key":"Vajra"},{"floor":26,"key":"Bronze Scales"},{"floor":41,"key":"Incense Burner"},{"floor":43,"key":"Snake Skull"},{"floor":46,"key":"Pantograph"}],"event_choices":[{"cards_removed":["Strike_G"],"damage_healed":0.0,"max_hp_gain":0.0,"max_hp_loss":0.0,"gold_gain":0.0,"event_name":"Living Wall","player_choice":"Forget","floor":2.0,"gold_loss":0.0,"damage_taken":0.0},{"damage_healed":0.0,"max_hp_gain":0.0,"max_hp_loss":0.0,"gold_gain":0.0,"event_name":"Golden Idol","player_choice":"Ignored","floor":4.0,"gold_loss":0.0,"damage_taken":0.0},{"damage_healed":0.0,"max_hp_gain":5.0,"max_hp_loss":0.0,"gold_gain":0.0,"event_name":"Big Fish","player_choice":"Donut","floor":5.0,"gold_loss":0.0,"damage_taken":0.0},{"cards_removed":["Strike_G"],"damage_healed":0.0,"max_hp_gain":0.0,"max_hp_loss":0.0,"gold_gain":0.0,"event_name":"The Cleric","player_choice":"Card Removal","floor":13.0,"gold_loss":75.0,"damage_taken":0.0},{"damage_healed":0,"gold_gain":0,"player_choice":"1 cards matched","damage_taken":0,"max_hp_gain":0,"max_hp_loss":0,"event_name":"Match and Keep!","floor":25,"gold_loss":0,"cards_obtained":["Neutralize"]},{"cards_removed":["Strike_G"],"damage_healed":0,"gold_gain":0,"player_choice":"Removed Attack","damage_taken":0,"max_hp_gain":0,"max_hp_loss":0,"event_name":"Falling","floor":36,"gold_loss":0},{"damage_healed":0,"gold_gain":0,"player_choice":"Fight","damage_taken":0,"max_hp_gain":0,"max_hp_loss":0,"event_name":"Mysterious Sphere","floor":41,"gold_loss":0},{"damage_healed":0,"gold_gain":0,"player_choice":"Ignored","damage_taken":0,"max_hp_gain":0,"max_hp_loss":0,"event_name":"The Moai Head","floor":42,"gold_loss":0},{"damage_healed":0,"gold_gain":0,"player_choice":"Memory 1","damage_taken":0,"max_hp_gain":0,"max_hp_loss":0,"event_name":"SensoryStone","floor":44,"gold_loss":0}],"is_beta":false,"boss_relics":[{"not_picked":["Velvet Choker","Runic Dome"],"picked":"Ring of the Serpent"},{"not_picked":["Fusion Hammer","Cursed Key"],"picked":"Sozu"}],"items_purged_floors":[19,29,37,39],"is_endless":false,"potions_floor_spawned":[1,3,8,10,11,14,16,18,20,21,22,24,27,31,33,35,38,41,46],"ascension_level":16}}