{"host":"g2yp6paluzgljz05","time":1612343317,"event":{"mods":["BaseMod","Bestiary","Colored Powertips","DeckTracker","Highlight Path","Minty Spire (QoL Compilation)","Quick Restart"],"gold_per_floor":[366,441,131,131,141,141,166,182,208,208,108,108,127,127,127,231,231,245,245,262,66,165,165,165],"floor_reached":23,"language":"ENG","playtime":937,"items_purged":["Strike_B","Strike_B"],"score":215,"play_id":"3ab3a856-b77c-4778-8834-275b12cea589","local_time":"20210203200837","is_ascension_mode":true,"campfire_choices":[{"data":"Zap","floor":6,"key":"SMITH"},{"data":"Dualcast","floor":10,"key":"SMITH"},{"floor":15,"key":"REST"}],"circlet_count":0,"master_deck":["Defend_B","Zap+1","Dualcast+1","FTL","All For One","Gash","Defragment","Machine Learning","Coolheaded+1","Aggregate","Storm","Gash"],"relics":["Cracked Core","Lantern","Centennial Puzzle","Vajra","Boot","Empty Cage","Pen Nib"],"acts_visited":["Exordium","TheCity"],"potions_floor_usage":[23,23],"damage_taken":[{"damage":12,"enemies":"Small Slimes","floor":1,"turns":4},{"damage":2,"enemies":"Jaw Worm","floor":5,"turns":2},{"damage":20,"enemies":"3 Sentries","floor":7,"turns":5},{"damage":0,"enemies":"2 Louse","floor":8,"turns":2},{"damage":0,"enemies":"Large Slime","floor":13,"turns":3},{"damage":37,"enemies":"The Guardian","floor":16,"turns":7},{"damage":17,"enemies":"2 Thieves","floor":18,"turns":2},{"damage":0,"enemies":"Spheric Guardian","floor":20,"turns":2},{"damage":66,"enemies":"Gremlin Leader","floor":23,"turns":3}],"seed_played":"-3775723711503032667","potions_obtained":[{"floor":5,"key":"Fire Potion"},{"floor":7,"key":"AttackPotion"},{"floor":18,"key":"AttackPotion"},{"floor":20,"key":"PowerPotion"}],"is_trial":false,"path_per_floor":["M","?","$","?","M","R","E","M","T","R","$","?","M","?","R","B",null,"M","?","M","$","?","E"],"character_chosen":"DEFECT","items_purchased":["Lantern","All For One","Gash","Pen Nib"],"campfire_rested":1,"item_purchase_floors":[3,3,21,21],"current_hp_per_floor":[42,31,31,56,54,54,34,34,34,34,34,27,27,20,42,5,75,58,58,58,58,58,0,0],"gold":165,"neow_bonus":"TWO_FIFTY_GOLD","is_daily":false,"chose_seed":false,"campfire_upgraded":2,"win_rate":0.0,"timestamp":1612343317,"path_taken":["M","?","$","?","?","R","E","M","T","R","$","?","M","?","R","BOSS","M","?","M","$","?","E"],"items_purchased_type":["Relic","Card","Card","Relic"],"build_version":"2020-12-22","purchased_purges":2,"victory":false,"max_hp_per_floor":[75,75,75,75,75,75,75,75,75,75,75,75,75,75,75,75,75,75,75,75,75,75,75,75],"card_choices":[{"not_picked":["Turbo","Conserve Battery"],"picked":"FTL","floor":1},{"not_picked":["Melter","Redo"],"picked":"Gash","floor":5},{"not_picked":["Aggregate","Steam","Compile Driver"],"picked":"SKIP","floor":7},{"not_picked":["Barrage","Double Energy","Redo"],"picked":"SKIP","floor":8},{"not_picked":["Force Field","Conserve Battery"],"picked":"Defragment","floor":13},{"not_picked":["Thunder Strike","Meteor Strike"],"picked":"Machine Learning","floor":16},{"not_picked":["Streamline","Compile Driver"],"picked":"Coolheaded+1","floor":18},{"not_picked":["Cold Snap","Heatsinks+1","Compile Driver"],"picked":"SKIP","floor":20}],"player_experience":311350,"relics_obtained":[{"floor":7,"key":"Centennial Puzzle"},{"floor":9,"key":"Vajra"}],"event_choices":[{"damage_healed":0,"gold_gain":75,"player_choice":"Gather Gold","damage_taken":11,"max_hp_gain":0,"max_hp_loss":0,"event_name":"World of Goop","floor":2,"gold_loss":0},{"damage_healed":25,"gold_gain":0,"player_choice":"Banana","damage_taken":0,"max_hp_gain":0,"max_hp_loss":0,"event_name":"Big Fish","floor":4,"gold_loss":0},{"cards_removed":["Strike_B"],"damage_healed":0,"gold_gain":0,"player_choice":"Card Removal","damage_taken":7,"max_hp_gain":0,"max_hp_loss":0,"event_name":"Golden Wing","floor":12,"gold_loss":0},{"damage_healed":0,"gold_gain":0,"player_choice":"Success","damage_taken":7,"relics_obtained":["Boot"],"max_hp_gain":0,"max_hp_loss":0,"event_name":"Scrap Ooze","floor":14,"gold_loss":0},{"damage_healed":0,"gold_gain":0,"cards_transformed":["Defend_B","Defend_B"],"player_choice":"Became Test Subject","damage_taken":0,"max_hp_gain":0,"max_hp_loss":0,"event_name":"Drug Dealer","floor":19,"gold_loss":0,"cards_obtained":["Aggregate","Storm"]},{"damage_healed":0,"gold_gain":99,"player_choice":"Stole From Cult","damage_taken":0,"max_hp_gain":0,"max_hp_loss":0,"event_name":"Nest","floor":22,"gold_loss":0}],"is_beta":false,"boss_relics":[{"not_picked":["Coffee Dripper","Cursed Key"],"picked":"Empty Cage"}],"items_purged_floors":[3,11],"is_endless":false,"potions_floor_spawned":[5,7,18,20],"killed_by":"Gremlin Leader","ascension_level":3}}