{"host":"irzto8mbmvyhawyg","time":1612370294,"event":{"mods":["AchievementEnabler","Act Like it!","Aspiration","BaseMod","BetterRewards","Colored Map","Colored Powertips","Conspire","Friendly Minions","Gensokyo","Gold Saver","Hubris","Infinite Spire","Minty Spire (QoL Compilation)","Replay The Spire","StSLib","SuperFastMode","The Jungle"],"gold_per_floor":[242,258,258,258,258,293,293,293,293,312,326,326,354,367,367,462,462,475,0,0,0,11,43,43,53,80,99,109,3,3,3,3,3,3],"floor_reached":33,"language":"ENG","playtime":1515,"items_purged":["Strike_B"],"score":415,"play_id":"71e7d0e8-8dee-465c-b092-7aac8e71bbda","local_time":"20210203103814","is_ascension_mode":true,"campfire_choices":[{"data":"Barrage","floor":7,"key":"SMITH"},{"floor":12,"key":"REST"},{"floor":15,"key":"REST"},{"floor":24,"key":"REST"},{"floor":30,"key":"REST"},{"floor":32,"key":"DIG"}],"circlet_count":0,"master_deck":["AscendersBane","Strike_B+1","Strike_B","Strike_B","Defend_B+1","Defend_B+1","Defend_B","Defend_B","Zap","Panic Button","Barrage+1","Ball Lightning","hubris:Ukulele+1","aspiration:Polymerization+1","Multi-Cast","Conserve Battery","Barrage","Leap","Turbo+1","Chill+1","Capacitor","infinitespire:Execution","Redo","Conserve Battery+1","Leap","Cold Snap+1","Conserve Battery","Coolheaded","Fusion","Gensokyo:TarnishedGold","Gensokyo:BlemishedSteel"],"relics":["Cracked Core","aspiration:Nostalgia","PureWater","Pocketwatch","Bronze Scales","Centennial Puzzle","Replay:Fungal Core","Prayer Wheel","hubris:Backtick","Frozen Egg 2","Ice Cream","Replay:Baseball","aspiration:EnhancedActuators"],"acts_visited":["Exordium","Exordium"],"potions_floor_usage":[6,16,18,27],"damage_taken":[{"damage":9.0,"enemies":"2 Louse","floor":1.0,"turns":2.0},{"damage":1.0,"enemies":"conspire:RoseBush","floor":2.0,"turns":5.0},{"damage":20,"enemies":"3 Sentries","floor":6,"turns":6},{"damage":0,"enemies":"Cultist","floor":10,"turns":2},{"damage":5,"enemies":"Gremlin Gang","floor":11,"turns":4},{"damage":25,"enemies":"Replay:BlueRogue","floor":13,"turns":7},{"damage":6,"enemies":"Looter","floor":14,"turns":2},{"damage":43,"enemies":"Fading Forest","floor":16,"turns":11},{"damage":18,"enemies":"Gensokyo:2_Gloops","floor":18,"turns":5},{"damage":19,"enemies":"Gensokyo:AngelMirror","floor":22,"turns":3},{"damage":9,"enemies":"Gensokyo:Koishi","floor":23,"turns":5},{"damage":15,"enemies":"Gensokyo:Monolith_and_Dog","floor":25,"turns":5},{"damage":15,"enemies":"Gensokyo:Slime_Group","floor":27,"turns":5},{"damage":0,"enemies":"Gensokyo:Wraith","floor":28,"turns":4},{"damage":36,"enemies":"Gensokyo:Eternal_Rivals","floor":33,"turns":11}],"seed_played":"-2622841773172684253","potions_obtained":[{"floor":1.0,"key":"Strength Potion"},{"floor":10,"key":"Doom Potion"},{"floor":13,"key":"Fire Potion"},{"floor":16,"key":"SkillPotion"},{"floor":18,"key":"Elixir"},{"floor":25,"key":"PowerPotion"}],"is_trial":false,"path_per_floor":["M","M","?","?","?","E","R","?","T","M","M","R","E","M","R","B",null,"M","?","AVR","?","M","E","R","M","T","M","M","COS","R","$","R_BF","B"],"character_chosen":"DEFECT","items_purchased":[],"campfire_rested":4,"item_purchase_floors":[],"current_hp_per_floor":[59,58,58,58,58,38,38,38,38,38,33,55,30,24,46,11,59,41,41,41,49,30,21,43,28,28,13,13,13,35,35,35,0,0],"gold":3,"neow_bonus":"NOSTALGIA","is_daily":false,"chose_seed":false,"campfire_upgraded":1,"win_rate":0.0,"timestamp":1612370294,"path_taken":["M","M","?","?","?","E","R","?","T","?","?","R","E","M","R","BOSS","M","?","AVR","?","M","E","R","M","T","?","M","COS","R","?","R_BF","BOSS"],"items_purchased_type":[],"build_version":"2020-12-22","purchased_purges":1,"victory":false,"max_hp_per_floor":[75,75,75,75,75,75,75,75,75,75,75,75,75,75,75,75,75,75,75,75,75,75,75,75,75,75,75,75,75,75,75,75,75,75],"card_choices":[{"not_picked":["Steam","BasicCrystalCard"],"picked":"Panic Button","floor":1.0},{"not_picked":["Rebound","Recycle"],"picked":"Barrage","floor":2.0},{"not_picked":["Mirror Shield","ReplaySort"],"picked":"aspiration:Polymerization","floor":6},{"not_picked":["Lockon","BasicCrystalCard"],"picked":"Conserve Battery","floor":10},{"not_picked":["Steam Power","Hologram"],"picked":"Barrage","floor":11},{"not_picked":["Steam Power","Streamline"],"picked":"Leap","floor":13},{"not_picked":["Crystallizer","ReplayTheSpireMod:GoodbyeWorld"],"picked":"Turbo","floor":14},{"not_picked":["Biased Cognition","Amplify"],"picked":"ReplayTheSpireMod:Fabricate Wheel","floor":16},{"not_picked":["Heatsinks+1","Steam"],"picked":"Chill+1","floor":18},{"not_picked":["Leap","Recycle"],"picked":"Capacitor","floor":18},{"not_picked":["BasicCrystalCard","Lockon"],"picked":"Redo","floor":22},{"not_picked":["Beam Cell","conspire:Rain","Stack"],"picked":"SKIP","floor":22},{"not_picked":["Force Field+1","Gash"],"picked":"Conserve Battery+1","floor":23},{"not_picked":["Steam","Beam Cell+1"],"picked":"Leap","floor":25},{"not_picked":["Undo+1","Conserve Battery"],"picked":"Cold Snap+1","floor":25},{"not_picked":["Steam","hubris:Ukulele+1"],"picked":"Conserve Battery","floor":27},{"not_picked":["Barrage","Rip and Tear+1"],"picked":"Coolheaded","floor":27},{"not_picked":["Rebound","ReplaySort"],"picked":"Fusion","floor":28},{"not_picked":["ReplaySort","Panic Button","Auto Shields"],"picked":"SKIP","floor":28}],"player_experience":423656,"relics_obtained":[{"floor":6,"key":"Pocketwatch"},{"floor":9,"key":"Bronze Scales"},{"floor":13,"key":"Centennial Puzzle"},{"floor":23,"key":"Ice Cream"},{"floor":26,"key":"Replay:Baseball"},{"floor":32,"key":"aspiration:EnhancedActuators"}],"event_choices":[{"damage_healed":0,"gold_gain":0,"player_choice":"1 cards matched","damage_taken":0,"max_hp_gain":0,"max_hp_loss":0,"event_name":"Match and Keep!","floor":8,"gold_loss":0,"cards_obtained":["Multi-Cast"]}],"is_beta":false,"boss_relics":[{"not_picked":["ReplayTheSpireMod:SealedPack","Honey Jar"],"picked":"Replay:Fungal Core"}],"items_purged_floors":[20],"is_endless":false,"potions_floor_spawned":[1,10,13,16,18,25],"killed_by":"Gensokyo:Eternal_Rivals","ascension_level":11}}