{"host":"xhm1ik3sxl6w66st","time":1612328080,"event":{"mods":["BaseMod","Colored Powertips","Downfall","Hermit","Minty Spire (QoL Compilation)","READ ME - Guardian Mod","Replay The Spire","StSLib","The Bug Knight","The Cursed","The Disciple","The Jungle","The Servant 0.9.4"],"gold_per_floor":[117,134,154,174,190,190,1,1,48,68,127,227,227,238,238,245,245],"floor_reached":16,"language":"ENG","playtime":1020,"items_purged":[],"score":94,"play_id":"6252d3f7-a8bd-4f3b-8fbc-9ed1b9ecfb55","local_time":"20210202215440","is_ascension_mode":false,"campfire_choices":[{"data":"hermit:Scavenge","floor":6,"key":"SMITH"},{"floor":8,"key":"REST"},{"floor":13,"key":"REST"},{"floor":15,"key":"REST"}],"circlet_count":0,"master_deck":["hermit:Strike_Hermit","hermit:Strike_Hermit","hermit:Strike_Hermit","hermit:Strike_Hermit","hermit:Defend_Hermit","hermit:Defend_Hermit","hermit:Defend_Hermit","hermit:Defend_Hermit","hermit:Snapshot","hermit:Covet","hermit:Shortfuse","hermit:HighCaliber","hermit:Misfire","hermit:Scavenge+1","hermit:Brawl","hermit:Vantage","hermit:Combo","hermit:PistolWhip","hermit:Showdown","hermit:WideOpen","hermit:CalledShot","hermit:Determination"],"relics":["hermit:Momento","NeowsBlessing","Dream Catcher","Lantern","Kunai"],"acts_visited":["Exordium"],"potions_floor_usage":[],"damage_taken":[{"damage":0,"enemies":"Small Slimes","floor":1,"turns":1},{"damage":0,"enemies":"Cultist","floor":2,"turns":1},{"damage":0,"enemies":"Jaw Worm","floor":3,"turns":1},{"damage":13,"enemies":"Red Slaver","floor":4,"turns":5},{"damage":2,"enemies":"3 Louse","floor":5,"turns":2},{"damage":0,"enemies":"Lots of Slimes","floor":10,"turns":3},{"damage":35,"enemies":"Lagavulin Event","floor":11,"turns":6},{"damage":12,"enemies":"Blue Slaver","floor":14,"turns":3},{"damage":79,"enemies":"Slime Boss","floor":16,"turns":12}],"seed_played":"-1228555146764178066","potions_obtained":[{"floor":1,"key":"hexamod:SoulburnPotion"},{"floor":4,"key":"Swift Potion"},{"floor":14,"key":"FearPotion"}],"is_trial":false,"path_per_floor":["M","M","M","M","M","R","$","R","T","M","?","?","R","M","R","B"],"character_chosen":"HERMIT","items_purchased":["Dream Catcher","hermit:Vantage"],"campfire_rested":3,"item_purchase_floors":[7,7],"current_hp_per_floor":[75,75,75,62,60,60,60,75,75,75,40,40,62,50,72,0,0],"gold":245,"neow_bonus":"THREE_ENEMY_KILL","is_daily":false,"chose_seed":false,"campfire_upgraded":1,"win_rate":0.0,"timestamp":1612328080,"path_taken":["M","M","M","M","M","R","$","R","T","M","?","?","R","M","R","BOSS"],"items_purchased_type":["Relic","Card"],"build_version":"2020-12-22","purchased_purges":0,"victory":false,"max_hp_per_floor":[75,75,75,75,75,75,75,75,75,75,75,75,75,75,75,75,75],"card_choices":[{"not_picked":["hermit:EyeOfTheStorm","hermit:Desperado"],"picked":"hermit:Shortfuse","floor":1},{"not_picked":["hermit:EyeOfTheStorm","hermit:LuckOfTheDraw"],"picked":"hermit:HighCaliber","floor":2},{"not_picked":["hermit:Combo","hermit:Feint"],"picked":"hermit:Misfire","floor":3},{"not_picked":["hermit:CursedWeapon","hermit:PistolWhip"],"picked":"hermit:Scavenge","floor":4},{"not_picked":["hermit:CalledShot","hermit:Desperado"],"picked":"hermit:Brawl","floor":5},{"not_picked":["hermit:BodyArmor","hermit:LowProfile"],"picked":"hermit:Combo","floor":8},{"not_picked":["hermit:CalledShot","hermit:Vantage"],"picked":"hermit:PistolWhip","floor":10},{"not_picked":["hermit:Feint","hermit:Grudge"],"picked":"hermit:Showdown","floor":11},{"not_picked":["hermit:TrackingShot","hermit:GhostlyPresence"],"picked":"hermit:WideOpen","floor":13},{"not_picked":["hermit:PistolWhip","hermit:Glare"],"picked":"hermit:CalledShot","floor":14},{"not_picked":["hermit:BigShot","hermit:Virtue"],"picked":"hermit:Determination","floor":15}],"player_experience":161577,"relics_obtained":[{"floor":9,"key":"Lantern"},{"floor":11,"key":"Kunai"}],"event_choices":[{"damage_healed":0,"gold_gain":30,"player_choice":"Searched \u00272\u0027 times","damage_taken":0,"max_hp_gain":0,"max_hp_loss":0,"event_name":"Dead Adventurer","floor":11,"gold_loss":0},{"damage_healed":0,"gold_gain":100,"player_choice":"Pray","damage_taken":0,"max_hp_gain":0,"max_hp_loss":0,"event_name":"Golden Shrine","floor":12,"gold_loss":0}],"is_beta":false,"boss_relics":[],"items_purged_floors":[],"is_endless":false,"potions_floor_spawned":[1,4,14],"killed_by":"Slime Boss","ascension_level":0}}