{"host":"3i0tc1zs9k2bo7un","time":1612366235,"event":{"mods":["Act Like it!","Aspiration","BaseMod","Gensokyo","Minty Spire (QoL Compilation)","MostiFishMod","Quick Restart","Reliquary","Replay The Spire","StSLib","TestMod","Wide Potions","[IsaacMod]ÒÔÈö¼âËþ","¡¾ÒÅÎï¿¨ÅÆ¡¿REMEMod"],"gold_per_floor":[111,144,160,22,22,52,52,52,52,52,79,79,109,109,109,180,180,195,208,208,222,232,232,257,257,257,284,372,372,392,410,410,485,485,485],"floor_reached":34,"language":"ZHS","playtime":1132,"items_purged":["Strike_G","Strike_G","Strike_G","Strike_G","Strike_G","Defend_G"],"score":1468,"play_id":"62647484-5caf-4497-8097-4bf25aae7799","local_time":"20210203233035","is_ascension_mode":true,"campfire_choices":[{"data":"MostiFishMod:ShivMaster","floor":7.0,"key":"SMITH"},{"data":"Cloak And Dagger","floor":15.0,"key":"SMITH"},{"data":"Adrenaline","floor":23.0,"key":"SMITH"},{"data":"Blade Dance","floor":25.0,"key":"SMITH"},{"data":"REME_CopyPotion","floor":32.0,"key":"SMITH"}],"circlet_count":0,"master_deck":["AscendersBane","Defend_G","Defend_G","Defend_G","Defend_G","MostiFishMod:ShivMaster+1","Hidden Blade","Cloak And Dagger+1","Blade Dance+1","Adrenaline+1","Cloak And Dagger+1","Acrobatics","REME_CopyPotion+1","MostiFishMod:FullyArmed","Concentrate","After Image"],"relics":["Ring of the Snake","HushsDoor","Void","ShadowXiaoBlade","testmod-ArcanaOfDestiny","SynthV:TestCard","Nunchaku","DiscerningMonocle","Gensokyo:Justice","Gambling Chip","Quantum Egg","Eternal Feather","Bag of Marbles","Prayer Wheel","Medical Kit","Chameleon Ring","reliquary:Stiletto","reliquary:Bookmark","REME_HourglassOfDeath","RhineFirstAidKit","Sundial","Chemical X","reliquary:FeatherDuster","REME_HandOfSuture","reliquary:SharkskinSheath","TheAbacus","Coffee Dripper","GuppysPaw","DeathBook"],"acts_visited":["Gensokyo:Gensokyo","Gensokyo:Gensokyoer","Gensokyo:Gensokyoest"],"potions_floor_usage":[],"damage_taken":[{"damage":0.0,"enemies":"Gensokyo:Python","floor":1.0,"turns":1.0},{"damage":0.0,"enemies":"Gensokyo:Mamizou","floor":2.0,"turns":1.0},{"damage":0.0,"enemies":"Gensokyo:Gryphon","floor":3.0,"turns":1.0},{"damage":12.0,"enemies":"Gensokyo:Aya","floor":6.0,"turns":4.0},{"damage":5.0,"enemies":"Gensokyo:Cirno","floor":11.0,"turns":5.0},{"damage":10.0,"enemies":"Gensokyo:Mamizou","floor":13.0,"turns":6.0},{"damage":2.0,"enemies":"Gensokyo:Kokoro","floor":16.0,"turns":4.0},{"damage":0.0,"enemies":"Gensokyo:Chomper","floor":18.0,"turns":1.0},{"damage":0.0,"enemies":"Gensokyo:3_Dogs","floor":19.0,"turns":2.0},{"damage":0.0,"enemies":"Gensokyo:3_Gloops","floor":21.0,"turns":2.0},{"damage":0.0,"enemies":"Gensokyo:Chomper_and_Gloop","floor":22.0,"turns":2.0},{"damage":0.0,"enemies":"Gensokyo:Reisen","floor":24.0,"turns":2.0},{"damage":0.0,"enemies":"Gensokyo:Tenshi","floor":27.0,"turns":1.0},{"damage":0.0,"enemies":"Gensokyo:Wraith","floor":30.0,"turns":1.0},{"damage":0.0,"enemies":"Gensokyo:3_Gloops","floor":31.0,"turns":1.0},{"damage":12.0,"enemies":"Gensokyo:Kaguya","floor":33.0,"turns":2.0}],"seed_played":"-4470508799124327136","potions_obtained":[{"floor":3.0,"key":"Adrenaline Potion"},{"floor":11.0,"key":"LifebloodPotion"},{"floor":13.0,"key":"Languid Potion"},{"floor":16.0,"key":"Energy Potion"},{"floor":31.0,"key":"FearPotion"}],"is_trial":false,"path_per_floor":["M","?","M","COS","?","E","R","?","T","?","E","$","E","$","R","B",null,"M","M","$","M","M","R","E","R","T","E","?","$","M","M","R","B",null],"character_chosen":"THE_SILENT","items_purchased":["Bag of Marbles","Prayer Wheel","Medical Kit","Cloak And Dagger","reliquary:Stiletto","reliquary:Bookmark","REME_HourglassOfDeath","Blade Dance","Sundial","reliquary:SilkGlove","Chemical X","reliquary:SharkskinSheath","TheAbacus","Replay:Bottled Snecko","Concentrate","After Image","GuppysPaw","DeathBook"],"campfire_rested":0,"item_purchase_floors":[12,12,12,12,14,14,14,14,20,20,20,29,29,29,34,34,34,34],"current_hp_per_floor":[59,59,59,59,59,47,47,31,31,31,26,26,16,16,25,23,52,52,52,52,52,52,61,61,61,61,61,46,46,46,46,52,40,25,25],"gold":485,"neow_bonus":"THREE_ENEMY_KILL","is_daily":false,"chose_seed":false,"campfire_upgraded":5,"win_rate":0.0,"timestamp":1612366235,"path_taken":["M","?","M","COS","?","E","R","?","T","?","E","$","E","?","R","BOSS","M","M","$","M","M","R","E","R","T","E","?","$","M","M","R","BOSS"],"items_purchased_type":["Relic","Relic","Relic","Card","Relic","Relic","Relic","Card","Relic","Relic","Relic","Relic","Relic","Relic","Card","Card","Relic","Relic"],"build_version":"2020-12-22","purchased_purges":6,"victory":false,"max_hp_per_floor":[66,66,66,66,66,66,66,66,66,66,66,66,66,66,66,66,61,61,61,61,61,61,61,61,61,61,61,61,61,61,61,61,61,25,25],"card_choices":[{"not_picked":["Bane","Endless Agony"],"picked":"MostiFishMod:ShivMaster","floor":1.0},{"not_picked":["Prepared","Dodge and Roll","Quick Slash","Skewer"],"picked":"Hidden Blade","floor":2.0},{"not_picked":["Masterful Stab","Deadly Poison","Backstab","Slice","Hidden Blade"],"picked":"SKIP","floor":3.0},{"not_picked":["PiercingWail","Footwork","Flying Knee","Prepared","Underhanded Strike"],"picked":"SKIP","floor":6.0},{"not_picked":["Masterful Stab","Outmaneuver","Heel Hook","Leg Sweep"],"picked":"Die Die Die","floor":11.0},{"not_picked":["Expertise","Deadly Poison","Poisoned Stab","Slice","Backstab"],"picked":"SKIP","floor":13.0},{"not_picked":["Envenom","MostiFishMod:Listen","MostiFishMod:Wind","REME_SpectralBlade"],"picked":"Adrenaline","floor":16.0},{"not_picked":["Terror","Backflip","Fluid Movement","Deflect"],"picked":"Cloak And Dagger","floor":18.0},{"not_picked":["All Out Attack","Flying Knee","Dodge and Roll","Backflip","Dagger Spray"],"picked":"SKIP","floor":18.0},{"not_picked":["Prepared","Blur","Outmaneuver","PiercingWail"],"picked":"Cloak And Dagger","floor":19.0},{"not_picked":["PiercingWail","Dagger Throw","Backflip+1","Slice","Dodge and Roll"],"picked":"SKIP","floor":19.0},{"not_picked":["Outmaneuver","ReplayTheSpireMod:Scrap Shanks","Backflip","Backstab","Slice+1"],"picked":"SKIP","floor":21.0},{"not_picked":["Masterful Stab","Accuracy","MostiFishMod:Confrontation","Dodge and Roll","Crippling Poison"],"picked":"SKIP","floor":21.0},{"not_picked":["Cloak And Dagger","Backflip","MostiFishMod:PreservedThorns+1","Prepared","Quick Slash"],"picked":"SKIP","floor":22.0},{"not_picked":["Setup","Poisoned Stab","Dash","Toxin Wave","Dagger Throw"],"picked":"SKIP","floor":22.0},{"not_picked":["ReplayTheSpireMod:Necrosis","ReplayTheSpireMod:Tripwire","Toxin Wave","Dagger Spray+1","Deflect"],"picked":"SKIP","floor":24.0},{"not_picked":["Backflip","Blade Dance","Footwork","Blur","Cloak And Dagger"],"picked":"SKIP","floor":27.0},{"not_picked":["PiercingWail","Expertise","Prepared","Backflip"],"picked":"Cloak And Dagger+1","floor":30.0},{"not_picked":["Backflip+1","Cloak And Dagger","Deadly Poison+1","Poisoned Stab"],"picked":"Acrobatics","floor":30.0},{"not_picked":["Bane","Outmaneuver","Cloak And Dagger","Slice"],"picked":"REME_CopyPotion","floor":31.0},{"not_picked":["Riddle With Holes","ReplayTheSpireMod:The Works","Leg Sweep","Distraction+1","Dodge and Roll+1"],"picked":"SKIP","floor":31.0},{"not_picked":["Grand Finale","ReplayTheSpireMod:From All Sides","Tools of the Trade","REME_GrazeFinale"],"picked":"MostiFishMod:FullyArmed","floor":33.0}],"player_experience":699170,"relics_obtained":[{"floor":1.0,"key":"SynthV:TestCard"},{"floor":2.0,"key":"Nunchaku"},{"floor":6.0,"key":"StrikeDummy"},{"floor":9.0,"key":"Quantum Egg"},{"floor":11.0,"key":"Eternal Feather"},{"floor":13.0,"key":"Chameleon Ring"},{"floor":24.0,"key":"reliquary:FeatherDuster"},{"floor":27.0,"key":"REME_HandOfSuture"}],"event_choices":[],"is_beta":false,"boss_relics":[{"not_picked":["reliquary:Craggleroot","Honey Jar"],"picked":"RhineFirstAidKit"},{"not_picked":[]},{"not_picked":["testmod-CardMagician","testmod-GoldenSoul"],"picked":"Coffee Dripper"},{"not_picked":[]}],"items_purged_floors":[12,14,17,20,29,34],"is_endless":false,"potions_floor_spawned":[3,11,13,16,18,19,21,27,31,33],"ascension_level":19}}