{"host":"1q02rw1wpi0nrsss","time":1612365447,"event":{"mods":["AchievementEnabler","BaseMod","Better Note","Custom Start","Dark Map","DeckTracker","Disable Question Mark Monsters","Hermit","Minty Spire (QoL Compilation)","Permanent Neow","Quick Restart","Rare Cards Sparkle","Relic Stats","StSLib"],"gold_per_floor":[115,134,149,149,149,149,177,177,177,177,191,211,211,161,161,258,258,272,272,284,359,373,373,387,387,441,109,120,131,145,161,161,266,266,277,295,345,365,121,121,136,136,136,11,11,11,11,11,11,11,11,11,11,45,45,45],"floor_reached":55,"language":"ENG","playtime":2258,"items_purged":["Decay","Strike_G","Decay"],"score":669,"play_id":"d1d75669-e0df-45d6-aef8-116d1d6bf906","local_time":"20210203071727","is_ascension_mode":false,"campfire_choices":[{"data":"Envenom","floor":6,"key":"SMITH"},{"data":"Neutralize","floor":10,"key":"SMITH"},{"floor":13,"key":"REST"},{"data":"Survivor","floor":15,"key":"SMITH"},{"floor":23,"key":"REST"},{"data":"Quick Slash","floor":25,"key":"SMITH"},{"data":"Defend_G","floor":32,"key":"SMITH"},{"data":"After Image","floor":40,"key":"SMITH"},{"data":"Defend_G","floor":42,"key":"SMITH"},{"floor":46,"key":"RECALL"},{"data":"Defend_G","floor":49,"key":"SMITH"},{"data":"Defend_G","floor":52,"key":"SMITH"}],"circlet_count":0,"master_deck":["Strike_G+1","Strike_G","Strike_G","Defend_G+1","Defend_G+1","Defend_G+1","Defend_G+1","Defend_G+1","Survivor+1","Neutralize+1","Envenom+1","Quick Slash+1","Bane+1","Dagger Spray+1","Venomology+1","PiercingWail+1","Terror+1","Backflip+1","Flechettes+1","Acrobatics+1","Blade Dance+1","After Image+1","Crippling Poison+1","Pain"],"relics":["Ring of the Serpent","Molten Egg 2","Toxic Egg 2","Mercury Hourglass","Ornamental Fan","Cursed Key","Bag of Preparation","Paper Crane","Ice Cream","OrangePellets","Pantograph","Toy Ornithopter"],"acts_visited":["Exordium","TheCity","TheBeyond","TheEnding"],"potions_floor_usage":[7,12,20,22,24,28,29,30,30,31,33,33,33,33,33,36,37,37,38,41,50,50,54,54,55,55],"damage_taken":[{"damage":0,"enemies":"Cultist","floor":1,"turns":4},{"damage":2,"enemies":"Small Slimes","floor":2,"turns":3},{"damage":0,"enemies":"Jaw Worm","floor":3,"turns":4},{"damage":13,"enemies":"Lagavulin","floor":7,"turns":7},{"damage":5,"enemies":"3 Louse","floor":11,"turns":2},{"damage":4,"enemies":"Exordium Thugs","floor":12,"turns":3},{"damage":5,"enemies":"Hexaghost","floor":16,"turns":8},{"damage":8,"enemies":"Spheric Guardian","floor":18,"turns":4},{"damage":0,"enemies":"Chosen","floor":20,"turns":6},{"damage":0,"enemies":"Snecko","floor":22,"turns":4},{"damage":1,"enemies":"3 Cultists","floor":24,"turns":4},{"damage":9,"enemies":"Snake Plant","floor":28,"turns":4},{"damage":2,"enemies":"Cultist and Chosen","floor":29,"turns":3},{"damage":3,"enemies":"Centurion and Healer","floor":30,"turns":4},{"damage":0,"enemies":"3 Cultists","floor":31,"turns":2},{"damage":0,"enemies":"Collector","floor":33,"turns":5},{"damage":0,"enemies":"3 Shapes","floor":35,"turns":3},{"damage":0,"enemies":"Orb Walker","floor":36,"turns":2},{"damage":0,"enemies":"Mind Bloom Boss Battle","floor":37,"turns":6},{"damage":0,"enemies":"Jaw Worm Horde","floor":38,"turns":4},{"damage":0,"enemies":"Sphere and 2 Shapes","floor":41,"turns":5},{"damage":11,"enemies":"Awakened One","floor":50,"turns":13},{"damage":37,"enemies":"Shield and Spear","floor":54,"turns":7},{"damage":66,"enemies":"The Heart","floor":55,"turns":8}],"seed_played":"-8925815529883707586","potions_obtained":[{"floor":3,"key":"EssenceOfSteel"},{"floor":11,"key":"LiquidMemories"},{"floor":16,"key":"EssenceOfSteel"},{"floor":18,"key":"Weak Potion"},{"floor":22,"key":"DistilledChaos"},{"floor":29,"key":"LiquidMemories"},{"floor":30,"key":"SkillPotion"},{"floor":37,"key":"Dexterity Potion"},{"floor":38,"key":"DistilledChaos"},{"floor":41,"key":"DuplicationPotion"}],"is_trial":false,"path_per_floor":["M","M","M","T","?","R","E","T","T","R","M","M","R","?","R","B",null,"M","?","M","?","M","R","M","R","T","$","M","M","M","M","R","B",null,"M","M","?","M","$","R","M","R","T","$","?","R","T","$","R","B",null,"R","$","E","B"],"character_chosen":"THE_SILENT","items_purchased":["Paper Crane","OrangePellets"],"campfire_rested":2,"item_purchase_floors":[27,39],"current_hp_per_floor":[63,61,61,61,48,48,35,35,35,35,30,26,44,44,44,39,63,55,55,55,49,49,63,62,62,62,62,58,56,53,53,53,53,63,63,63,63,63,63,63,63,63,63,63,63,63,63,63,63,52,63,63,63,37,0,0],"gold":45,"neow_bonus":"THREE_RARE_CARDS","is_daily":false,"chose_seed":false,"campfire_upgraded":9,"win_rate":0.0,"timestamp":1612365447,"path_taken":["M","M","?","?","?","R","E","?","T","R","M","M","R","?","R","BOSS","M","?","?","?","M","R","M","R","T","$","?","M","M","M","R","BOSS","M","M","?","M","$","R","M","R","T","$","?","R","?","$","R","BOSS","R","$","E","BOSS"],"items_purchased_type":["Relic","Relic"],"build_version":"2020-12-22","purchased_purges":3,"victory":false,"max_hp_per_floor":[63,63,63,63,63,63,63,63,63,63,63,63,63,63,63,63,63,63,63,63,63,63,63,63,63,63,63,63,63,63,63,63,63,63,63,63,63,63,63,63,63,63,63,63,63,63,63,63,63,63,63,63,63,63,63,63],"relic_stats":{"OrangePellets":[3],"counters":[24,115],"Ornamental Fan":[224],"Pantograph":25,"Bag of Preparation":[26],"Cursed Key":3,"obtain_stats":[{"Ice Cream":37,"Bag of Preparation":26,"Paper Crane":27,"Cursed Key":17,"Mercury Hourglass":8,"OrangePellets":39,"Ornamental Fan":9,"Pantograph":43,"Molten Egg 2":4,"Toxic Egg 2":7,"Ring of the Serpent":34,"Toy Ornithopter":54,"Ring of the Snake":0},{"Ice Cream":19,"Bag of Preparation":11,"Paper Crane":11,"Cursed Key":7,"Mercury Hourglass":4,"OrangePellets":20,"Ornamental Fan":4,"Pantograph":21,"Molten Egg 2":3,"Toxic Egg 2":4,"Ring of the Serpent":16,"Toy Ornithopter":23,"Ring of the Snake":0},{"Ice Cream":78,"Bag of Preparation":49,"Paper Crane":49,"Cursed Key":31,"Mercury Hourglass":18,"OrangePellets":82,"Ornamental Fan":18,"Pantograph":87,"Molten Egg 2":11,"Toxic Egg 2":18,"Ring of the Serpent":67,"Toy Ornithopter":107,"Ring of the Snake":0}],"Toy Ornithopter":2,"Mercury Hourglass":[357]},"card_choices":[{"not_picked":["Die Die Die","Unload"],"picked":"Envenom","floor":0},{"not_picked":["Flying Knee","Noxious Fumes"],"picked":"Quick Slash","floor":1},{"not_picked":["Quick Slash","Skewer","Flying Knee"],"picked":"SKIP","floor":2},{"not_picked":["Underhanded Strike","Sucker Punch","Choke"],"picked":"SKIP","floor":3},{"not_picked":["Prepared+1","Acrobatics+1"],"picked":"Bane+1","floor":7},{"not_picked":["Catalyst+1","Flying Knee+1"],"picked":"Deflect+1","floor":11},{"not_picked":["Flying Knee+1","Backflip+1"],"picked":"Dagger Spray+1","floor":12},{"not_picked":["Burst+1","Wraith Form v2"],"picked":"Venomology+1","floor":16},{"not_picked":["Dagger Throw+1","Outmaneuver+1"],"picked":"PiercingWail+1","floor":18},{"not_picked":["Dash+1","Tactician+1"],"picked":"Terror+1","floor":20},{"not_picked":["Underhanded Strike+1","Catalyst+1"],"picked":"Backflip+1","floor":22},{"not_picked":["Prepared+1","Eviscerate+1","Caltrops"],"picked":"SKIP","floor":24},{"not_picked":["PiercingWail+1","Heel Hook+1"],"picked":"Flechettes+1","floor":28},{"not_picked":["Tactician+1","Finisher+1"],"picked":"Acrobatics+1","floor":29},{"not_picked":["All Out Attack+1","Well Laid Plans"],"picked":"Blade Dance+1","floor":30},{"not_picked":["Outmaneuver+1","Deadly Poison+1","Prepared+1"],"picked":"SKIP","floor":31},{"not_picked":["Wraith Form v2","Corpse Explosion+1"],"picked":"After Image","floor":33},{"not_picked":["Setup+1","Distraction+1","Flying Knee+1"],"picked":"SKIP","floor":35},{"not_picked":["Underhanded Strike+1","Prepared+1","Heel Hook+1"],"picked":"SKIP","floor":36},{"not_picked":["Slice+1","Quick Slash+1","Distraction+1"],"picked":"SKIP","floor":38},{"not_picked":["Slice+1","Calculated Gamble+1"],"picked":"Crippling Poison+1","floor":41},{"not_picked":["Phantasmal Killer+1","Prepared+1","Dash+1"],"picked":"SKIP","floor":54}],"player_experience":264510,"relics_obtained":[{"floor":4,"key":"Molten Egg 2"},{"floor":7,"key":"Toxic Egg 2"},{"floor":8,"key":"Mercury Hourglass"},{"floor":9,"key":"Ornamental Fan"},{"floor":26,"key":"Bag of Preparation"},{"floor":37,"key":"Ice Cream"},{"floor":43,"key":"Pantograph"},{"floor":54,"key":"Toy Ornithopter"}],"event_choices":[{"damage_healed":0,"gold_gain":0,"player_choice":"Entered Light","damage_taken":13,"max_hp_gain":0,"max_hp_loss":0,"event_name":"Shining Light","floor":5,"gold_loss":0,"cards_upgraded":["Strike_G","Defend_G"]},{"cards_removed":["Strike_G"],"damage_healed":0,"gold_gain":0,"player_choice":"Card Removal","damage_taken":0,"max_hp_gain":0,"max_hp_loss":0,"event_name":"The Cleric","floor":14,"gold_loss":50},{"cards_removed":["Envenom"],"damage_healed":0,"gold_gain":0,"player_choice":"Give","damage_taken":0,"max_hp_gain":0,"max_hp_loss":0,"event_name":"betterNote:BetterNote","floor":19,"gold_loss":0,"cards_obtained":["Enlightenment"]},{"damage_healed":0,"gold_gain":75,"player_choice":"Touch","damage_taken":6,"max_hp_gain":0,"max_hp_loss":0,"event_name":"FaceTrader","floor":21,"gold_loss":0},{"damage_healed":0,"gold_gain":0,"player_choice":"Fight","damage_taken":0,"max_hp_gain":0,"max_hp_loss":0,"event_name":"MindBloom","floor":37,"gold_loss":0},{"cards_removed":["Deflect"],"damage_healed":0,"gold_gain":0,"player_choice":"Removed Skill","damage_taken":0,"max_hp_gain":0,"max_hp_loss":0,"event_name":"Falling","floor":45,"gold_loss":0}],"is_beta":false,"boss_relics":[{"not_picked":["Runic Dome","SacredBark"],"picked":"Cursed Key"},{"not_picked":["Sozu","Empty Cage"],"picked":"Ring of the Serpent"}],"items_purged_floors":[27,39,44],"is_endless":false,"potions_floor_spawned":[3,11,16,18,22,28,29,30,37,38,41],"killed_by":"The Heart","ascension_level":0}}