{"host":"5inz41fcnifmg6v2","time":1612344970,"event":{"mods":["BaseMod","Minty Spire (QoL Compilation)","Replay The Spire","StSLib"],"gold_per_floor":[113,113,113,113,129,154,154,184,184,184,149,149,167,186,186,186,186],"floor_reached":16,"language":"ZHS","playtime":1242,"items_purged":[],"score":123,"play_id":"ab4c70d4-6c1d-489f-8ce5-6d9450e12069","local_time":"20210203173610","is_ascension_mode":false,"campfire_choices":[{"floor":7,"key":"REST"},{"floor":15,"key":"DIG"}],"circlet_count":0,"master_deck":["Strike_R","Strike_R","Strike_R","Strike_R","Defend_R+1","Defend_R","Defend_R","Bash","Armaments","Shrug It Off+1","Double Tap+1","Hemogenesis","Rampage","Twin Strike","Spot Weakness+1"],"relics":["Burning Blood","NeowsBlessing","Toxic Egg 2","Replay:PocketPolymizer","Odd Mushroom","Replay:Multitool","Pondfish Scales","Dream Catcher"],"acts_visited":["Exordium"],"potions_floor_usage":[8,16],"damage_taken":[{"damage":0,"enemies":"2 Louse","floor":1,"turns":1},{"damage":0,"enemies":"Jaw Worm","floor":5,"turns":1},{"damage":0,"enemies":"Gremlin Nob","floor":6,"turns":1},{"damage":37,"enemies":"The Mushroom Lair","floor":8,"turns":7},{"damage":0,"enemies":"Small Slimes","floor":13,"turns":4},{"damage":2,"enemies":"3 Louse","floor":14,"turns":4},{"damage":90,"enemies":"Fading Forest","floor":16,"turns":10}],"seed_played":"975631378536659174","potions_obtained":[{"floor":5,"key":"DuplicationPotion"},{"floor":14,"key":"Explosive Potion"}],"is_trial":false,"path_per_floor":["M","?","?","?","M","E","R","?","T","?","?","T","M","M","R","B"],"character_chosen":"IRONCLAD","items_purchased":[],"campfire_rested":1,"item_purchase_floors":[],"current_hp_per_floor":[80,62,55,55,61,67,80,56,56,56,76,76,80,80,80,0,0],"gold":186,"neow_bonus":"THREE_ENEMY_KILL","is_daily":false,"chose_seed":false,"campfire_upgraded":0,"win_rate":0.0,"timestamp":1612344970,"path_taken":["M","?","?","?","?","E","R","?","T","?","?","?","M","?","R","BOSS"],"items_purchased_type":[],"build_version":"2020-12-22","purchased_purges":0,"victory":false,"max_hp_per_floor":[80,80,80,80,80,80,80,80,80,80,80,80,80,80,80,80,80],"card_choices":[{"not_picked":["Clothesline","Twin Strike"],"picked":"Armaments","floor":1},{"not_picked":["Blood for Blood","Feel No Pain"],"picked":"Shrug It Off+1","floor":5},{"not_picked":["Iron Wave","Run Through"],"picked":"Double Tap+1","floor":6},{"not_picked":["Rupture","Pommel Strike"],"picked":"Rampage","floor":8},{"not_picked":["Heavy Blade","True Grit+1"],"picked":"Twin Strike","floor":13},{"not_picked":["Run Through","Carnage"],"picked":"Spot Weakness+1","floor":14}],"player_experience":35085,"relics_obtained":[{"floor":6,"key":"Replay:PocketPolymizer"},{"floor":8,"key":"Odd Mushroom"},{"floor":9,"key":"Replay:Multitool"},{"floor":12,"key":"Pondfish Scales"},{"floor":15,"key":"Dream Catcher"}],"event_choices":[{"damage_healed":0,"gold_gain":0,"player_choice":"Success","damage_taken":18,"relics_obtained":["Toxic Egg 2"],"max_hp_gain":0,"max_hp_loss":0,"event_name":"Scrap Ooze","floor":2,"gold_loss":0},{"cards_removed":["Defend_R"],"damage_healed":0,"gold_gain":0,"player_choice":"Card Removal","damage_taken":7,"max_hp_gain":0,"max_hp_loss":0,"event_name":"Golden Wing","floor":3,"gold_loss":0},{"damage_healed":0,"gold_gain":0,"player_choice":"Ignored","damage_taken":0,"max_hp_gain":0,"max_hp_loss":0,"event_name":"Liars Game","floor":4,"gold_loss":0},{"damage_healed":0,"gold_gain":0,"player_choice":"Fought Mushrooms","damage_taken":0,"max_hp_gain":0,"max_hp_loss":0,"event_name":"Mushrooms","floor":8,"gold_loss":0},{"damage_healed":20,"gold_gain":0,"player_choice":"Healed","damage_taken":0,"max_hp_gain":0,"max_hp_loss":0,"event_name":"The Cleric","floor":11,"gold_loss":35}],"is_beta":false,"boss_relics":[],"items_purged_floors":[],"is_endless":false,"potions_floor_spawned":[5,14],"killed_by":"Fading Forest","ascension_level":0}}