{"host":"utqe55yv0jihe4d6","time":1612321574,"event":{"mods":["2.2 Compatiblity","AchievementEnabler","BaseMod","Block Reminder","Colored Map","Colored Powertips","Minty Spire (QoL Compilation)","Quick Restart","Rare Cards Sparkle","Relic Stats","SuperFastMode"],"gold_per_floor":[114,132,146,221,240,240,256,256,335,365,48,48,67,100,100,174,174,190,190,202,39,39,39,55,80,80,80,108,108,108,108,108,180,180,197,197,43,56,68,102,102,135,183,183,215,140,140,170,182,194,206,218,230,6,33,33],"floor_reached":57,"language":"ENG","playtime":2402,"items_purged":["Combust"],"score":3028,"play_id":"f928d24f-99e2-4aae-a386-b95ec2c89801","local_time":"20210202220614","is_ascension_mode":true,"campfire_choices":[{"floor":6.0,"key":"REST"},{"floor":8.0,"key":"REST"},{"floor":15.0,"key":"REST"},{"floor":23.0,"key":"REST"},{"floor":27.0,"key":"REST"},{"floor":30.0,"key":"REST"},{"floor":32.0,"key":"REST"},{"floor":41.0,"key":"REST"},{"floor":47.0,"key":"REST"},{"floor":49.0,"key":"RECALL"},{"floor":53.0,"key":"REST"}],"circlet_count":0,"master_deck":["AscendersBane","Bash","Perfected Strike","Clothesline","Burning Pact","Demon Form","Sword Boomerang+1","Power Through","Shrug It Off","Iron Wave+1","Feed+1","Twin Strike+1","True Grit+1","Battle Trance+1","Regret","Shame","Writhe","Sever Soul+1","Offering","Headbutt+1","Pummel+1","Shrug It Off","Dual Wield","Shockwave","Sentinel","Burning Pact","Reaper+1","Shrug It Off+1","Spot Weakness","Clumsy","Jack Of All Trades","Sword Boomerang+1","Limit Break","Evolve"],"relics":["Fusion Hammer","Molten Egg 2","Du-Vu Doll","Ornamental Fan","Red Skull","Cursed Key","Toy Ornithopter","Bag of Preparation","Darkstone Periapt","Blue Candle","Lizard Tail","StrikeDummy","Pandora\u0027s Box","Dead Branch","Bottled Lightning","Letter Opener","MawBank","FossilizedHelix"],"acts_visited":["Exordium","TheCity","TheBeyond","TheEnding"],"potions_floor_usage":[56,56],"damage_taken":[{"damage":19.0,"enemies":"Jaw Worm","floor":1.0,"turns":4.0},{"damage":5.0,"enemies":"Small Slimes","floor":2.0,"turns":3.0},{"damage":1.0,"enemies":"Cultist","floor":3.0,"turns":3.0},{"damage":4.0,"enemies":"Large Slime","floor":5.0,"turns":5.0},{"damage":26.0,"enemies":"Exordium Thugs","floor":7.0,"turns":7.0},{"damage":26.0,"enemies":"Gremlin Nob","floor":10.0,"turns":4.0},{"damage":1.0,"enemies":"2 Fungi Beasts","floor":13.0,"turns":2.0},{"damage":12.0,"enemies":"3 Sentries","floor":14.0,"turns":7.0},{"damage":20.0,"enemies":"Hexaghost","floor":16.0,"turns":6.0},{"damage":18.0,"enemies":"Spheric Guardian","floor":18.0,"turns":4.0},{"damage":17.0,"enemies":"3 Byrds","floor":20.0,"turns":7.0},{"damage":18.0,"enemies":"Snake Plant","floor":24.0,"turns":3.0},{"damage":24.0,"enemies":"Gremlin Leader","floor":25.0,"turns":6.0},{"damage":29.0,"enemies":"Book of Stabbing","floor":28.0,"turns":5.0},{"damage":60.0,"enemies":"Collector","floor":33.0,"turns":7.0},{"damage":12.0,"enemies":"3 Shapes","floor":35.0,"turns":3.0},{"damage":7.0,"enemies":"Orb Walker","floor":38.0,"turns":2.0},{"damage":21.0,"enemies":"Writhing Mass","floor":39.0,"turns":5.0},{"damage":45.0,"enemies":"Reptomancer","floor":40.0,"turns":5.0},{"damage":35.0,"enemies":"Giant Head","floor":42.0,"turns":7.0},{"damage":40.0,"enemies":"Nemesis","floor":45.0,"turns":3.0},{"damage":28.0,"enemies":"Giant Head","floor":48.0,"turns":5.0},{"damage":18.0,"enemies":"Time Eater","floor":50.0,"turns":7.0},{"damage":105.0,"enemies":"Donu and Deca","floor":51.0,"turns":9.0},{"damage":81.0,"enemies":"Shield and Spear","floor":55.0,"turns":5.0},{"damage":128,"enemies":"The Heart","floor":56,"turns":8}],"seed_played":"-6986822553071437569","potions_obtained":[{"floor":2.0,"key":"SmokeBomb"},{"floor":7.0,"key":"Energy Potion"},{"floor":12.0,"key":"PowerPotion"},{"floor":16.0,"key":"Fire Potion"},{"floor":18.0,"key":"SpeedPotion"},{"floor":28.0,"key":"GamblersBrew"},{"floor":33.0,"key":"DistilledChaos"},{"floor":40.0,"key":"SneckoOil"},{"floor":42.0,"key":"FearPotion"},{"floor":48.0,"key":"Fruit Juice"}],"is_trial":false,"path_per_floor":["M","M","M","?","M","R","M","R","T","E","$","?","M","E","R","B",null,"M","?","M","$","?","R","M","E","T","R","E","T","R","?","R","B",null,"M","?","$","M","M","E","R","E","T","?","E","$","R","E","R","B","B",null,"R","$","E","B",null],"character_chosen":"IRONCLAD","items_purchased":["Power Through","Ornamental Fan","Toy Ornithopter","Reaper+1","Limit Break","Regen Potion"],"campfire_rested":10,"item_purchase_floors":[11,11,21,37,54,54],"current_hp_per_floor":[49,44,43,32,28,50,24,46,46,20,20,20,19,7,29,9,59,41,20,7,7,24,49,31,21,21,47,18,24,52,58,88,28,82,70,70,70,76,60,33,61,67,73,63,27,27,59,66,76,114,9,88,114,114,33,69],"gold":33,"neow_bonus":"BOSS_RELIC","is_daily":false,"chose_seed":false,"campfire_upgraded":0,"win_rate":0.0,"timestamp":1612321574,"path_taken":["M","M","M","?","M","R","M","R","T","E","$","?","?","E","R","BOSS","M","?","M","?","?","R","M","E","T","R","E","?","R","?","R","BOSS","M","?","$","M","M","E","R","E","T","?","E","$","R","E","R","BOSS","BOSS","R","$","E","BOSS"],"items_purchased_type":["Card","Relic","Relic","Card","Card","Potion"],"build_version":"2020-12-22","purchased_purges":1,"victory":true,"max_hp_per_floor":[75,75,75,75,75,75,75,75,75,75,75,75,75,75,75,75,75,75,80,84,84,84,84,84,88,88,88,88,94,94,100,100,100,100,100,95,95,95,95,95,95,99,105,105,109,109,109,109,114,114,114,114,114,114,114,114],"relic_stats":{"Darkstone Periapt":18,"counters":[26,132],"Blue Candle":[31],"Dead Branch":[176],"Bag of Preparation":[26],"Letter Opener":[155],"Cursed Key":3,"MawBank":72,"Lizard Tail":57,"Ornamental Fan":[124],"Pandora\u0027s Box":["Sever Soul","Offering","Headbutt","Pummel","Shrug It Off","Dual Wield","Shockwave","Combust","Sentinel"],"obtain_stats":[{"Darkstone Periapt":26,"Blue Candle":28,"Dead Branch":40,"Bag of Preparation":25,"Letter Opener":45,"Cursed Key":17,"MawBank":48,"Burning Blood":0,"Du-Vu Doll":10,"Lizard Tail":29,"Ornamental Fan":11,"Molten Egg 2":9,"Pandora\u0027s Box":34,"Fusion Hammer":0,"Bottled Lightning":42,"StrikeDummy":31,"Red Skull":14,"Toy Ornithopter":21,"FossilizedHelix":55},{"Darkstone Periapt":13,"Blue Candle":14,"Dead Branch":19,"Bag of Preparation":13,"Letter Opener":21,"Cursed Key":9,"MawBank":22,"Burning Blood":0,"Du-Vu Doll":6,"Lizard Tail":14,"Ornamental Fan":6,"Molten Egg 2":5,"Pandora\u0027s Box":15,"Fusion Hammer":0,"Bottled Lightning":20,"StrikeDummy":14,"Red Skull":8,"Toy Ornithopter":11,"FossilizedHelix":25},{"Darkstone Periapt":61,"Blue Candle":66,"Dead Branch":88,"Bag of Preparation":61,"Letter Opener":98,"Cursed Key":41,"MawBank":103,"Burning Blood":0,"Du-Vu Doll":26,"Lizard Tail":66,"Ornamental Fan":26,"Molten Egg 2":22,"Pandora\u0027s Box":73,"Fusion Hammer":0,"Bottled Lightning":95,"StrikeDummy":66,"Red Skull":35,"Toy Ornithopter":52,"FossilizedHelix":124}],"Toy Ornithopter":30},"card_choices":[{"not_picked":["Clash","Flex","Body Slam"],"picked":"SKIP","floor":1.0},{"not_picked":["Sword Boomerang","Hemokinesis"],"picked":"Perfected Strike","floor":2.0},{"not_picked":["Sword Boomerang","Anger"],"picked":"Clothesline","floor":3.0},{"not_picked":["Cleave","Dark Embrace"],"picked":"Burning Pact","floor":5.0},{"not_picked":["Clash","Perfected Strike"],"picked":"Demon Form","floor":7.0},{"not_picked":["Combust","Disarm"],"picked":"Sword Boomerang+1","floor":10.0},{"not_picked":["Thunderclap+1","Headbutt+1"],"picked":"Shrug It Off","floor":13.0},{"not_picked":["Second Wind","Metallicize"],"picked":"Iron Wave+1","floor":14.0},{"not_picked":["Bludgeon+1","Barricade"],"picked":"Feed+1","floor":16.0},{"not_picked":["Cleave+1","Clothesline+1"],"picked":"Twin Strike+1","floor":18.0},{"not_picked":["Iron Wave+1","Battle Trance"],"picked":"True Grit+1","floor":20.0},{"not_picked":["Headbutt+1","Anger+1","Twin Strike+1"],"picked":"SKIP","floor":24.0},{"not_picked":["Havoc","Perfected Strike+1"],"picked":"Battle Trance+1","floor":25.0},{"not_picked":["Metallicize","Wild Strike+1","Infernal Blade"],"picked":"SKIP","floor":28.0},{"not_picked":["Thunderclap+1","Ghostly Armor"],"picked":"Burning Pact","floor":35.0},{"not_picked":["Headbutt+1","Whirlwind+1","Body Slam+1"],"picked":"SKIP","floor":38.0},{"not_picked":["Shockwave+1","Flex+1"],"picked":"Shrug It Off+1","floor":39.0},{"not_picked":["Uppercut+1","Combust+1","Armaments"],"picked":"SKIP","floor":40.0},{"not_picked":["True Grit","Iron Wave+1"],"picked":"Spot Weakness","floor":42.0},{"not_picked":["Violence","Metamorphosis"],"picked":"Jack Of All Trades","floor":44.0},{"not_picked":["Hemokinesis+1","Uppercut+1","Sever Soul+1"],"picked":"SKIP","floor":45.0},{"not_picked":["Fire Breathing","Infernal Blade"],"picked":"Sword Boomerang+1","floor":48.0},{"not_picked":["Iron Wave+1","Armaments"],"picked":"Evolve","floor":55.0}],"player_experience":2999862,"relics_obtained":[{"floor":9.0,"key":"Molten Egg 2"},{"floor":10.0,"key":"Du-Vu Doll"},{"floor":14.0,"key":"Red Skull"},{"floor":25.0,"key":"Bag of Preparation"},{"floor":26.0,"key":"Darkstone Periapt"},{"floor":28.0,"key":"Blue Candle"},{"floor":29.0,"key":"Lizard Tail"},{"floor":40.0,"key":"Dead Branch"},{"floor":42.0,"key":"Bottled Lightning"},{"floor":45.0,"key":"Letter Opener"},{"floor":48.0,"key":"MawBank"},{"floor":55.0,"key":"FossilizedHelix"}],"event_choices":[{"damage_healed":0.0,"max_hp_gain":0.0,"max_hp_loss":0.0,"gold_gain":75.0,"event_name":"World of Goop","player_choice":"Gather Gold","floor":4.0,"gold_loss":0.0,"damage_taken":11.0},{"damage_healed":0.0,"max_hp_gain":0.0,"max_hp_loss":0.0,"gold_gain":0.0,"event_name":"Lab","player_choice":"Got Potions","floor":12.0,"gold_loss":0.0,"damage_taken":0.0},{"damage_healed":0.0,"max_hp_gain":5.0,"max_hp_loss":0.0,"gold_gain":0.0,"event_name":"Forgotten Altar","player_choice":"Shed Blood","floor":19.0,"gold_loss":0.0,"damage_taken":26.0},{"damage_healed":17.0,"max_hp_gain":0.0,"max_hp_loss":0.0,"gold_gain":0.0,"event_name":"The Library","player_choice":"Heal","floor":22.0,"gold_loss":0.0,"damage_taken":0.0},{"damage_healed":0.0,"max_hp_gain":0.0,"max_hp_loss":0.0,"gold_gain":0.0,"event_name":"The Mausoleum","player_choice":"Opened","floor":31.0,"gold_loss":0.0,"damage_taken":0.0,"relics_obtained":["StrikeDummy"],"cards_obtained":["Writhe"]},{"damage_healed":0.0,"max_hp_gain":0.0,"max_hp_loss":5.0,"gold_gain":0.0,"event_name":"Winding Halls","player_choice":"Max HP","floor":36.0,"gold_loss":0.0,"damage_taken":0.0},{"damage_healed":0.0,"max_hp_gain":0.0,"max_hp_loss":0.0,"gold_gain":0.0,"event_name":"SensoryStone","player_choice":"Memory 3","floor":44.0,"gold_loss":0.0,"damage_taken":10.0}],"is_beta":false,"boss_relics":[{"not_picked":["Calling Bell","Sozu"],"picked":"Cursed Key"},{"not_picked":["SacredBark","Astrolabe"],"picked":"Pandora\u0027s Box"}],"items_purged_floors":[46],"is_endless":false,"potions_floor_spawned":[2,7,16,18,28,33,38,40,42,45,48,55],"ascension_level":20}}