{"host":"6gwm7y0tp7acoxay","time":1612350555,"event":{"mods":["BaseMod","Colored Map","Keyboard Shortcuts","Minty Spire (QoL Compilation)","Quick Restart","StSLib","SuperFastMode","everything is the same but u backflip on backflip"],"gold_per_floor":[115,190,190,190,190,190,190,230,257,257,20,55,91,91,91,184,184,198,248,248,36,36,79,115,151,233,233,277,234,265,304,304,395,395,410,410,289,305,305,343,376,420,420,420,420,420,451,466,466,466,466,466,466,11,49,49],"floor_reached":57,"language":"KOR","playtime":1918,"items_purged":["Decay","Ghostly Armor+1"],"score":3405,"play_id":"6f478048-5ca5-41fc-874f-0fb1d01b7dfe","local_time":"20210203200915","daily_mods":["SealedDeck","Heirloom","Flight"],"is_ascension_mode":true,"campfire_choices":[{"data":"Armaments","floor":6.0,"key":"SMITH"},{"data":"Rampage","floor":7.0,"key":"SMITH"},{"data":"True Grit","floor":15.0,"key":"SMITH"},{"floor":27.0,"key":"RECALL"},{"floor":32.0,"key":"REST"},{"floor":44.0,"key":"REST"},{"floor":49.0,"key":"REST"},{"floor":53.0,"key":"REST"}],"circlet_count":0,"master_deck":["AscendersBane","Thunderclap+1","Pommel Strike+1","Headbutt","True Grit+1","Shrug It Off+1","Uppercut+1","Rampage+1","Armaments+1","Feel No Pain","Evolve","Flash of Steel","Reaper","Double Tap","Second Wind"],"relics":["Burning Blood","Calipers","Golden Idol","Smiling Mask","Potion Belt","Whetstone","Membership Card","Toy Ornithopter","Bronze Scales","Mark of Pain","MutagenicStrength","Lee\u0027s Waffle","Pear","The Courier","Lantern","Prayer Wheel","Akabeko","CaptainsWheel","War Paint","Fusion Hammer","Bag of Preparation","Anchor","Pen Nib","MealTicket","Letter Opener","Charon\u0027s Ashes","Happy Flower","Red Skull","Boot","InkBottle","Oddly Smooth Stone","Art of War","Bag of Marbles"],"acts_visited":["Exordium","TheCity","TheBeyond","TheEnding"],"potions_floor_usage":[56,56,56,56,56,56],"damage_taken":[{"damage":0.0,"enemies":"Cultist","floor":1.0,"turns":4.0},{"damage":13.0,"enemies":"3 Sentries","floor":8.0,"turns":5.0},{"damage":9.0,"enemies":"Lagavulin","floor":12.0,"turns":6.0},{"damage":18.0,"enemies":"Gremlin Nob","floor":13.0,"turns":4.0},{"damage":24.0,"enemies":"Slime Boss","floor":16.0,"turns":7.0},{"damage":20.0,"enemies":"Spheric Guardian","floor":18.0,"turns":4.0},{"damage":0.0,"enemies":"Gremlin Leader","floor":23.0,"turns":4.0},{"damage":20.0,"enemies":"Slavers","floor":24.0,"turns":4.0},{"damage":4.0,"enemies":"Book of Stabbing","floor":25.0,"turns":4.0},{"damage":37.0,"enemies":"Gremlin Leader","floor":28.0,"turns":5.0},{"damage":20.0,"enemies":"Book of Stabbing","floor":30.0,"turns":3.0},{"damage":6.0,"enemies":"Slavers","floor":31.0,"turns":3.0},{"damage":0.0,"enemies":"Champ","floor":33.0,"turns":8.0},{"damage":12.0,"enemies":"Orb Walker","floor":35.0,"turns":2.0},{"damage":5.0,"enemies":"3 Shapes","floor":38.0,"turns":5.0},{"damage":3.0,"enemies":"Giant Head","floor":40.0,"turns":6.0},{"damage":59.0,"enemies":"Reptomancer","floor":41.0,"turns":5.0},{"damage":0.0,"enemies":"Nemesis","floor":42.0,"turns":7.0},{"damage":0.0,"enemies":"Reptomancer","floor":47.0,"turns":4.0},{"damage":9.0,"enemies":"Maw","floor":48.0,"turns":6.0},{"damage":58.0,"enemies":"Time Eater","floor":50.0,"turns":10.0},{"damage":2.0,"enemies":"Donu and Deca","floor":51.0,"turns":6.0},{"damage":14,"enemies":"Shield and Spear","floor":55,"turns":6},{"damage":89,"enemies":"The Heart","floor":56,"turns":7}],"seed_played":"-3037181440359664613","potions_obtained":[{"floor":13.0,"key":"Explosive Potion"},{"floor":16.0,"key":"CultistPotion"},{"floor":18.0,"key":"LiquidMemories"},{"floor":31.0,"key":"EntropicBrew"},{"floor":35.0,"key":"Ancient Potion"},{"floor":47.0,"key":"ColorlessPotion"}],"is_trial":true,"path_per_floor":["M","?","?","?","?","R","R","E","T","?","$","E","E","?","R","B",null,"M","?","?","$","?","E","E","E","T","R","E","$","E","E","R","B",null,"M","?","$","M","?","E","E","E","T","R","T","?","E","M","R","B","B",null,"R","$","E","B",null],"character_chosen":"IRONCLAD","items_purchased":["Membership Card","Feel No Pain","ColorlessPotion","Lee\u0027s Waffle","Pear","Flash of Steel","Double Tap","Happy Flower","Red Skull","Boot","InkBottle","Oddly Smooth Stone","Art of War"],"campfire_rested":4,"item_purchase_floors":[11,11,11,21,21,29,37,54,54,54,54,54,54],"current_hp_per_floor":[74,63,63,63,52,52,52,45,45,25,25,22,15,37,37,19,56,42,42,42,85,85,85,71,73,73,73,42,42,33,38,63,84,85,79,79,79,85,85,85,56,68,68,85,85,85,85,85,85,47,71,82,85,85,85,7],"gold":49,"neow_bonus":"","is_daily":false,"chose_seed":false,"campfire_upgraded":3,"win_rate":0.0,"timestamp":1612350555,"path_taken":["M","?","?","?","?","R","R","E","T","?","$","E","E","?","R","BOSS","M","?","?","$","?","E","E","E","T","R","E","$","E","E","R","BOSS","M","?","$","?","?","E","E","E","T","R","?","?","E","M","R","BOSS","BOSS","R","$","E","BOSS"],"items_purchased_type":["Relic","Card","Potion","Relic","Relic","Card","Card","Relic","Relic","Relic","Relic","Relic","Relic"],"build_version":"2020-12-22","purchased_purges":2,"victory":true,"max_hp_per_floor":[75,75,75,68,68,68,68,68,68,68,68,68,68,68,68,68,68,68,68,68,85,85,85,85,85,85,85,85,85,85,85,85,85,85,85,85,85,85,85,85,85,85,85,85,85,85,85,85,85,85,85,85,85,85,85,85],"card_choices":[{"not_picked":["Heavy Blade","Infernal Blade","Thunderclap"],"picked":"SKIP","floor":1.0},{"not_picked":["Perfected Strike","Pommel Strike","Havoc"],"picked":"SKIP","floor":8.0},{"not_picked":["Rupture","Battle Trance","Rage"],"picked":"SKIP","floor":12.0},{"not_picked":["Pummel","Feel No Pain","Dual Wield"],"picked":"SKIP","floor":13.0},{"not_picked":["Cleave","Clothesline","Clash"],"picked":"SKIP","floor":18.0},{"not_picked":["Anger","True Grit","Pommel Strike"],"picked":"SKIP","floor":23.0},{"not_picked":["Pommel Strike","Wild Strike+1","Perfected Strike"],"picked":"SKIP","floor":24.0},{"not_picked":["Metallicize","Searing Blow"],"picked":"Evolve","floor":25.0},{"not_picked":["Headbutt","Searing Blow+1","Inflame"],"picked":"SKIP","floor":28.0},{"not_picked":["Perfected Strike","Ghostly Armor","Clothesline"],"picked":"SKIP","floor":30.0},{"not_picked":["Body Slam","Berserk","Twin Strike"],"picked":"SKIP","floor":31.0},{"not_picked":["Feed","Limit Break"],"picked":"Reaper","floor":33.0},{"not_picked":["Armaments+1","Warcry","True Grit"],"picked":"SKIP","floor":35.0},{"not_picked":["Blood for Blood","Clothesline","Thunderclap"],"picked":"SKIP","floor":35.0},{"not_picked":["Havoc","Dark Embrace"],"picked":"Second Wind","floor":38.0},{"not_picked":["Clash","Shrug It Off","Sword Boomerang"],"picked":"SKIP","floor":38.0},{"not_picked":["Carnage","Evolve","Perfected Strike+1"],"picked":"SKIP","floor":40.0},{"not_picked":["Intimidate","Fire Breathing","Cleave"],"picked":"SKIP","floor":41.0},{"not_picked":["Carnage","Cleave","Heavy Blade"],"picked":"SKIP","floor":42.0},{"not_picked":["Uppercut","Heavy Blade+1","Feed"],"picked":"SKIP","floor":47.0},{"not_picked":["Cleave","Anger+1","Spot Weakness"],"picked":"SKIP","floor":48.0},{"not_picked":["Sword Boomerang","Twin Strike","Uppercut+1"],"picked":"SKIP","floor":48.0},{"not_picked":["Inflame","True Grit+1","Pummel"],"picked":"SKIP","floor":55}],"player_experience":4472786,"relics_obtained":[{"floor":8.0,"key":"Potion Belt"},{"floor":9.0,"key":"Whetstone"},{"floor":12.0,"key":"Toy Ornithopter"},{"floor":13.0,"key":"Bronze Scales"},{"floor":23.0,"key":"The Courier"},{"floor":24.0,"key":"Lantern"},{"floor":25.0,"key":"Prayer Wheel"},{"floor":28.0,"key":"Akabeko"},{"floor":30.0,"key":"CaptainsWheel"},{"floor":31.0,"key":"War Paint"},{"floor":40.0,"key":"Bag of Preparation"},{"floor":41.0,"key":"Anchor"},{"floor":42.0,"key":"Pen Nib"},{"floor":43.0,"key":"MealTicket"},{"floor":45.0,"key":"Letter Opener"},{"floor":47.0,"key":"Charon\u0027s Ashes"},{"floor":55,"key":"Bag of Marbles"}],"event_choices":[{"damage_healed":0.0,"max_hp_gain":0.0,"max_hp_loss":0.0,"gold_gain":75.0,"event_name":"World of Goop","player_choice":"Gather Gold","floor":2.0,"gold_loss":0.0,"damage_taken":11.0},{"damage_healed":0.0,"max_hp_gain":0.0,"max_hp_loss":0.0,"gold_gain":0.0,"event_name":"The Cleric","player_choice":"Leave","floor":3.0,"gold_loss":0.0,"damage_taken":0.0},{"damage_healed":0.0,"max_hp_gain":0.0,"max_hp_loss":7.0,"gold_gain":0.0,"event_name":"Golden Idol","player_choice":"Lose Max HP","floor":4.0,"gold_loss":0.0,"damage_taken":0.0,"relics_obtained":["Golden Idol"]},{"damage_healed":0.0,"max_hp_gain":0.0,"max_hp_loss":0.0,"gold_gain":0.0,"event_name":"Scrap Ooze","player_choice":"Success","floor":5.0,"gold_loss":0.0,"damage_taken":11.0,"relics_obtained":["Smiling Mask"]},{"damage_healed":0.0,"max_hp_gain":0.0,"max_hp_loss":0.0,"gold_gain":0.0,"event_name":"Shining Light","player_choice":"Entered Light","floor":10.0,"gold_loss":0.0,"damage_taken":20.0,"cards_upgraded":["Pommel Strike","Ghostly Armor"]},{"damage_healed":22.0,"max_hp_gain":0.0,"max_hp_loss":0.0,"gold_gain":0.0,"event_name":"Big Fish","player_choice":"Banana","floor":14.0,"gold_loss":0.0,"damage_taken":0.0},{"damage_healed":0.0,"max_hp_gain":0.0,"max_hp_loss":0.0,"gold_gain":50.0,"event_name":"Nest","player_choice":"Stole From Cult","floor":19.0,"gold_loss":0.0,"damage_taken":0.0},{"damage_healed":0.0,"max_hp_gain":0.0,"max_hp_loss":0.0,"gold_gain":0.0,"event_name":"Drug Dealer","player_choice":"Inject Mutagens","floor":20.0,"gold_loss":0.0,"damage_taken":0.0,"relics_obtained":["MutagenicStrength"]},{"damage_healed":0.0,"max_hp_gain":0.0,"max_hp_loss":0.0,"gold_gain":0.0,"event_name":"The Mausoleum","player_choice":"Ignored","floor":22.0,"gold_loss":0.0,"damage_taken":0.0},{"damage_healed":0.0,"max_hp_gain":0.0,"max_hp_loss":0.0,"gold_gain":0.0,"event_name":"Wheel of Change","player_choice":"Cursed","floor":36.0,"gold_loss":0.0,"damage_taken":0.0,"cards_obtained":["Decay"]},{"cards_removed":["Fire Breathing"],"damage_healed":0.0,"max_hp_gain":0.0,"max_hp_loss":0.0,"gold_gain":0.0,"event_name":"Falling","player_choice":"Removed Power","floor":39.0,"gold_loss":0.0,"damage_taken":0.0},{"damage_healed":0.0,"max_hp_gain":0.0,"max_hp_loss":0.0,"gold_gain":0.0,"event_name":"Duplicator","player_choice":"Ignored","floor":46.0,"gold_loss":0.0,"damage_taken":0.0}],"is_beta":false,"boss_relics":[{"not_picked":["Coffee Dripper","Ectoplasm"],"picked":"Mark of Pain"},{"not_picked":["Busted Crown","Black Blood"],"picked":"Fusion Hammer"}],"items_purged_floors":[37,54],"is_endless":false,"potions_floor_spawned":[13,16,18,31,35,40,47],"ascension_level":20}}