{"host":"e3jr8cs0hrgde9ri","time":1612323784,"event":{"mods":["2.2 Compatiblity","BaseMod","Highlight Path","Minty Spire (QoL Compilation)","Permanent Neow","Quick Restart","SuperFastMode"],"gold_per_floor":[117,134,148,167,167,167,197,197,197,197,224,224,241,259,259,363,363,380,305,305,325,325,351,351,377,377,390,403,403,434,534,534,636,636,655,655,185,203,203,203],"floor_reached":41,"language":"ENG","playtime":2699,"items_purged":["Strike_P","Strike_P+1"],"score":802,"play_id":"1fcd4858-ed94-49c8-94af-d1bae816f77b","local_time":"20210202194304","is_ascension_mode":true,"campfire_choices":[{"data":"Eruption","floor":6,"key":"SMITH"},{"data":"Wallop","floor":8,"key":"SMITH"},{"data":"CarveReality","floor":10,"key":"SMITH"},{"data":"Wallop","floor":15,"key":"SMITH"},{"data":"SandsOfTime","floor":24,"key":"SMITH"},{"floor":32,"key":"DIG"}],"circlet_count":0,"master_deck":["Strike_P+1","Defend_P+1","Defend_P+1","Defend_P+1","Eruption+1","Vigilance","Tantrum","Protect","Wallop+1","CarveReality+1","Wallop+1","Blasphemy","SandsOfTime+1","WheelKick","ReachHeaven","InnerPeace+1","Vault","Omniscience"],"relics":["Sozu","Vajra","InkBottle","Juzu Bracelet","Nunchaku","Snecko Eye","StoneCalendar","Shuriken","TeardropLocket","Calipers","Shovel","StrikeDummy","HornCleat","Fusion Hammer","Unceasing Top"],"acts_visited":["Exordium","TheCity","TheBeyond"],"potions_floor_usage":[],"damage_taken":[{"damage":0,"enemies":"Jaw Worm","floor":1,"turns":4},{"damage":0,"enemies":"2 Louse","floor":2,"turns":2},{"damage":0,"enemies":"Cultist","floor":3,"turns":3},{"damage":0,"enemies":"Large Slime","floor":4,"turns":3},{"damage":3,"enemies":"Lagavulin","floor":7,"turns":5},{"damage":3,"enemies":"Gremlin Nob","floor":11,"turns":3},{"damage":0,"enemies":"2 Fungi Beasts","floor":13,"turns":2},{"damage":0,"enemies":"Lots of Slimes","floor":14,"turns":2},{"damage":10,"enemies":"Hexaghost","floor":16,"turns":6},{"damage":11,"enemies":"3 Byrds","floor":18,"turns":3},{"damage":0,"enemies":"Chosen","floor":21,"turns":2},{"damage":13,"enemies":"Slavers","floor":23,"turns":3},{"damage":0,"enemies":"Gremlin Leader","floor":25,"turns":2},{"damage":0,"enemies":"Snake Plant","floor":27,"turns":1},{"damage":0,"enemies":"Snecko","floor":28,"turns":2},{"damage":2,"enemies":"Slavers","floor":30,"turns":2},{"damage":0,"enemies":"Colosseum Slavers","floor":31,"turns":2},{"damage":20,"enemies":"Colosseum Nobs","floor":31,"turns":3},{"damage":0,"enemies":"Collector","floor":33,"turns":4},{"damage":13,"enemies":"3 Darklings","floor":35,"turns":2},{"damage":0,"enemies":"Orb Walker","floor":38,"turns":2},{"damage":12,"enemies":"Donu and Deca","floor":40,"turns":5}],"seed_played":"4890621681847018323","potions_obtained":[],"is_trial":false,"path_per_floor":["M","M","M","M","?","R","E","R","T","R","E","?","M","M","R","B",null,"M","$","?","M","?","E","R","E","T","M","M","?","E","?","R","B",null,"M","?","$","M","?","B",null],"character_chosen":"WATCHER","items_purchased":["Omniscience","Unceasing Top"],"campfire_rested":0,"item_purchase_floors":[37,37],"current_hp_per_floor":[72,72,72,72,54,54,51,51,51,51,48,48,48,48,48,38,72,61,61,61,61,61,48,48,48,48,48,48,48,46,26,26,26,72,59,59,59,59,59,47],"gold":203,"neow_bonus":"BOSS_RELIC","is_daily":false,"chose_seed":false,"campfire_upgraded":5,"win_rate":0.0,"timestamp":1612323784,"path_taken":["M","M","M","M","?","R","E","R","T","R","E","?","M","M","R","BOSS","M","$","?","M","?","E","R","E","T","M","M","?","E","?","R","BOSS","M","?","$","M","?","BOSS"],"items_purchased_type":["Card","Relic"],"build_version":"2020-12-22","purchased_purges":2,"victory":true,"max_hp_per_floor":[72,72,72,72,72,72,72,72,72,72,72,72,72,72,72,72,72,72,72,72,72,72,72,72,72,72,72,72,72,72,72,72,72,72,72,72,72,72,72,72],"card_choices":[{"not_picked":["Study","PathToVictory"],"picked":"Tantrum","floor":1},{"not_picked":["EmptyBody","FlyingSleeves"],"picked":"Protect","floor":2},{"not_picked":["Halt","JustLucky"],"picked":"Wallop","floor":3},{"not_picked":["CrushJoints","ThirdEye"],"picked":"CarveReality","floor":4},{"not_picked":["SandsOfTime","BattleHymn","PathToVictory"],"picked":"SKIP","floor":7},{"not_picked":["FollowUp","ClearTheMind"],"picked":"Wallop","floor":11},{"not_picked":["FlurryOfBlows","FollowUp","CutThroughFate"],"picked":"SKIP","floor":13},{"not_picked":["Wireheading","FollowUp","Establishment"],"picked":"SKIP","floor":14},{"not_picked":["SpiritShield","DeusExMachina"],"picked":"Blasphemy","floor":16},{"not_picked":["Crescendo","Pray","EmptyBody"],"picked":"SKIP","floor":18},{"not_picked":["Vengeance","Sanctity"],"picked":"WheelKick","floor":21},{"not_picked":["ThirdEye","Prostrate","ClearTheMind"],"picked":"SKIP","floor":23},{"not_picked":["Vengeance","PathToVictory","SignatureMove"],"picked":"SKIP","floor":25},{"not_picked":["Weave","SashWhip","JustLucky+1"],"picked":"SKIP","floor":27},{"not_picked":["SignatureMove","FearNoEvil"],"picked":"ReachHeaven","floor":28},{"not_picked":["ThirdEye","ClearTheMind"],"picked":"InnerPeace+1","floor":30},{"not_picked":["Omniscience","Brilliance"],"picked":"Vault","floor":33},{"not_picked":["Halt","Perseverance","EmptyMind"],"picked":"SKIP","floor":35},{"not_picked":["Evaluate","ForeignInfluence","PathToVictory"],"picked":"SKIP","floor":38}],"player_experience":1429872,"relics_obtained":[{"floor":7,"key":"InkBottle"},{"floor":9,"key":"Juzu Bracelet"},{"floor":11,"key":"Nunchaku"},{"floor":23,"key":"StoneCalendar"},{"floor":25,"key":"Shuriken"},{"floor":26,"key":"TeardropLocket"},{"floor":30,"key":"Calipers"},{"floor":31,"key":"Shovel"},{"floor":31,"key":"StrikeDummy"},{"floor":32,"key":"HornCleat"}],"event_choices":[{"damage_healed":0,"gold_gain":0,"player_choice":"Success","damage_taken":18,"relics_obtained":["Vajra"],"max_hp_gain":0,"max_hp_loss":0,"event_name":"Scrap Ooze","floor":5,"gold_loss":0},{"cards_removed":["Strike_P"],"damage_healed":0,"gold_gain":0,"player_choice":"Offered Basic","damage_taken":0,"max_hp_gain":0,"max_hp_loss":0,"event_name":"Bonfire Elementals","floor":12,"gold_loss":0},{"damage_healed":0,"gold_gain":0,"player_choice":"Read","damage_taken":0,"max_hp_gain":0,"max_hp_loss":0,"event_name":"The Library","floor":20,"gold_loss":0,"cards_obtained":["SandsOfTime"]},{"damage_healed":0,"gold_gain":0,"player_choice":"Simplicity","damage_taken":0,"max_hp_gain":0,"max_hp_loss":0,"event_name":"Back to Basics","floor":22,"gold_loss":0,"cards_upgraded":["Strike_P","Strike_P","Defend_P","Defend_P","Defend_P","Defend_P"]},{"damage_healed":0,"gold_gain":0,"player_choice":"Got Potions","damage_taken":0,"max_hp_gain":0,"max_hp_loss":0,"event_name":"Lab","floor":29,"gold_loss":0},{"damage_healed":0,"gold_gain":0,"player_choice":"Fight","damage_taken":0,"max_hp_gain":0,"max_hp_loss":0,"event_name":"Colosseum","floor":31,"gold_loss":0},{"damage_healed":0,"gold_gain":0,"player_choice":"Fought Nobs","damage_taken":0,"max_hp_gain":0,"max_hp_loss":0,"event_name":"Colosseum","floor":31,"gold_loss":0},{"cards_removed":["Defend_P"],"damage_healed":0,"gold_gain":0,"player_choice":"Removed Skill","damage_taken":0,"max_hp_gain":0,"max_hp_loss":0,"event_name":"Falling","floor":36,"gold_loss":0},{"damage_healed":0,"gold_gain":0,"player_choice":"Took Portal","damage_taken":0,"max_hp_gain":0,"max_hp_loss":0,"event_name":"SecretPortal","floor":39,"gold_loss":0}],"is_beta":false,"boss_relics":[{"not_picked":["SacredBark","VioletLotus"],"picked":"Snecko Eye"},{"not_picked":["Astrolabe","SlaversCollar"],"picked":"Fusion Hammer"}],"items_purged_floors":[19,37],"is_endless":false,"potions_floor_spawned":[1,3,4,11,16,21,27,28,31,35],"ascension_level":2}}