{"host":"Jinnai","time":1612334664,"event":{"mods":["BaseMod","Bestiary","Block Reminder","Colored Map","Colored Powertips","Highlight Path","Minty Spire (QoL Compilation)","Quick Restart","Relic Stats","StSLib"],"gold_per_floor":[113,126,140,113,127,127,161,178,178,178,178,201,201,245,245,340,340,360,376,376,397,672,672,688,166,193,24,60,107,107,107],"floor_reached":30,"language":"ENG","playtime":1298,"items_purged":["Regret"],"score":524,"play_id":"5f9f4d0a-1108-4a05-b1b2-1325763926b2","local_time":"20210203014424","is_ascension_mode":true,"campfire_choices":[{"floor":6,"key":"REST"},{"data":"Fasting2","floor":13,"key":"SMITH"},{"data":"Wallop","floor":15,"key":"SMITH"},{"floor":23,"key":"REST"}],"circlet_count":0,"master_deck":["AscendersBane","Eruption","Vigilance+1","Fasting2+1","JustLucky+1","FollowUp","SandsOfTime","Wallop+1","LessonLearned","Halt","Perseverance","Blasphemy","Tantrum","FlurryOfBlows","Vault","Perseverance+1","Brilliance","Crescendo","DevaForm","WheelKick","Fasting2","FearNoEvil+1","LikeWater+1","Flash of Steel","CutThroughFate"],"relics":["PureWater","Boot","Eternal Feather","Golden Idol","Ancient Tea Set","Pandora\u0027s Box","Lee\u0027s Waffle","Lantern","Damaru","Medical Kit","Kunai","Omamori"],"acts_visited":["Exordium","TheCity"],"potions_floor_usage":[4,8,24,28,30],"damage_taken":[{"damage":0,"enemies":"Cultist","floor":1,"turns":3},{"damage":36,"enemies":"Jaw Worm","floor":2,"turns":4},{"damage":6,"enemies":"2 Louse","floor":3,"turns":3},{"damage":22,"enemies":"Exordium Thugs","floor":4,"turns":4},{"damage":0,"enemies":"Blue Slaver","floor":5,"turns":5},{"damage":22,"enemies":"3 Sentries","floor":7,"turns":9},{"damage":0,"enemies":"2 Fungi Beasts","floor":8,"turns":4},{"damage":16,"enemies":"Gremlin Gang","floor":12,"turns":6},{"damage":15,"enemies":"Lagavulin","floor":14,"turns":6},{"damage":6,"enemies":"Slime Boss","floor":16,"turns":7},{"damage":28,"enemies":"2 Thieves","floor":18,"turns":4},{"damage":16,"enemies":"Spheric Guardian","floor":19,"turns":5},{"damage":10,"enemies":"Snecko","floor":21,"turns":5},{"damage":27,"enemies":"Snake Plant","floor":24,"turns":4},{"damage":45,"enemies":"Book of Stabbing","floor":28,"turns":6},{"damage":33,"enemies":"Slavers","floor":30,"turns":2}],"seed_played":"-5270795707814780359","potions_obtained":[{"floor":3,"key":"Fire Potion"},{"floor":5,"key":"Weak Potion"},{"floor":8,"key":"CultistPotion"},{"floor":12,"key":"LiquidBronze"},{"floor":24,"key":"GamblersBrew"}],"is_trial":false,"path_per_floor":["M","M","M","M","M","R","E","M","T","?","?","M","R","E","R","B",null,"M","M","?","M","?","R","M","$","T","$","E","T","E"],"character_chosen":"WATCHER","items_purchased":["Lee\u0027s Waffle","Flash of Steel","Lantern","Medical Kit"],"campfire_rested":2,"item_purchase_floors":[25,25,25,27],"current_hp_per_floor":[67,31,25,3,3,25,3,3,3,3,67,51,60,45,54,48,62,34,18,18,8,8,40,13,74,74,74,29,29,0,0],"gold":107,"neow_bonus":"TEN_PERCENT_HP_BONUS","is_daily":false,"chose_seed":false,"campfire_upgraded":2,"win_rate":0.0,"timestamp":1612334664,"path_taken":["M","M","M","M","?","R","E","M","T","?","?","?","R","E","R","BOSS","M","M","?","M","?","R","?","$","T","?","E","?","E"],"items_purchased_type":["Relic","Card","Relic","Relic"],"build_version":"2020-12-18","purchased_purges":1,"victory":false,"max_hp_per_floor":[74,74,74,74,74,74,74,74,74,67,67,67,67,67,67,67,67,67,67,67,67,67,67,67,74,74,74,74,74,74,74],"relic_stats":{"Lee\u0027s Waffle":61,"counters":[16,77],"Golden Idol":54,"Eternal Feather":30,"Pandora\u0027s Box":["Tantrum","FlurryOfBlows","Vault","Perseverance","Brilliance","Crescendo","DevaForm","WheelKick"],"Kunai":[0],"Boot":[11],"Medical Kit":[0],"obtain_stats":[{"Lee\u0027s Waffle":25,"Lantern":25,"Golden Idol":10,"Damaru":26,"Eternal Feather":9,"Pandora\u0027s Box":17,"Omamori":29,"Kunai":28,"PureWater":0,"Boot":7,"Ancient Tea Set":14,"Medical Kit":27},{"Lee\u0027s Waffle":14,"Lantern":14,"Golden Idol":7,"Damaru":14,"Eternal Feather":7,"Pandora\u0027s Box":10,"Omamori":15,"Kunai":15,"PureWater":0,"Boot":6,"Ancient Tea Set":9,"Medical Kit":14},{"Lee\u0027s Waffle":69,"Lantern":69,"Golden Idol":32,"Damaru":69,"Eternal Feather":32,"Pandora\u0027s Box":51,"Omamori":75,"Kunai":75,"PureWater":0,"Boot":28,"Ancient Tea Set":44,"Medical Kit":69}]},"card_choices":[{"not_picked":["CutThroughFate","Halt"],"picked":"Fasting2","floor":1},{"not_picked":["WheelKick","Crescendo"],"picked":"JustLucky","floor":2},{"not_picked":["Prostrate","BattleHymn"],"picked":"FollowUp","floor":3},{"not_picked":["CrushJoints","EmptyBody"],"picked":"SandsOfTime","floor":4},{"not_picked":["Swivel","WindmillStrike"],"picked":"Wallop","floor":5},{"not_picked":["Crescendo","SignatureMove"],"picked":"LessonLearned","floor":7},{"not_picked":["WreathOfFlame","CrushJoints","SashWhip"],"picked":"SKIP","floor":8},{"not_picked":["EmptyFist","CarveReality"],"picked":"Halt","floor":12},{"not_picked":["Crescendo","SashWhip"],"picked":"Perseverance","floor":14},{"not_picked":["DevaForm","Devotion"],"picked":"Blasphemy","floor":16},{"not_picked":["CrushJoints","Evaluate"],"picked":"Fasting2","floor":18},{"not_picked":["EmptyFist","Protect+1"],"picked":"FearNoEvil+1","floor":19},{"not_picked":["Halt","Sanctity","FollowUp"],"picked":"SKIP","floor":21},{"not_picked":["FlurryOfBlows","Prostrate"],"picked":"LikeWater+1","floor":24},{"not_picked":["ReachHeaven","Perseverance"],"picked":"CutThroughFate","floor":28}],"player_experience":1639329,"relics_obtained":[{"floor":7,"key":"Boot"},{"floor":9,"key":"Eternal Feather"},{"floor":14,"key":"Ancient Tea Set"},{"floor":26,"key":"Damaru"},{"floor":28,"key":"Kunai"},{"floor":29,"key":"Omamori"}],"event_choices":[{"damage_healed":0,"gold_gain":0,"player_choice":"Lose Max HP","damage_taken":0,"relics_obtained":["Golden Idol"],"max_hp_gain":0,"max_hp_loss":7,"event_name":"Golden Idol","floor":10,"gold_loss":0},{"damage_healed":64,"gold_gain":0,"player_choice":"Full Heal","damage_taken":0,"max_hp_gain":0,"max_hp_loss":0,"event_name":"Wheel of Change","floor":11,"gold_loss":0},{"damage_healed":0,"gold_gain":0,"player_choice":"Ignored","damage_taken":0,"max_hp_gain":0,"max_hp_loss":0,"event_name":"The Mausoleum","floor":20,"gold_loss":0},{"damage_healed":0,"gold_gain":275,"player_choice":"Desecrate","damage_taken":0,"max_hp_gain":0,"max_hp_loss":0,"event_name":"Golden Shrine","floor":22,"gold_loss":0,"cards_obtained":["Regret"]}],"is_beta":true,"boss_relics":[{"not_picked":["Busted Crown","SlaversCollar"],"picked":"Pandora\u0027s Box"}],"items_purged_floors":[25],"is_endless":false,"potions_floor_spawned":[3,5,8,12,16,18,24],"killed_by":"Slavers","ascension_level":20}}