{"host":"5mo0809oo9tcrmpl","time":1612393835,"event":{"mods":["BaseMod","Highlight Path","Minty Spire (QoL Compilation)","Relic Stats","Slay the Relics Exporter"],"gold_per_floor":[113,127,144,157,104,104,137,151,178,178,191,291,67,101,101,101,101],"floor_reached":16,"language":"ENG","playtime":644,"items_purged":[],"score":274,"play_id":"d09a8299-4c78-4efb-ad23-6908de7ae1a9","local_time":"20210203171035","is_ascension_mode":true,"campfire_choices":[{"data":"Clothesline","floor":6,"key":"SMITH"},{"floor":15,"key":"REST"}],"circlet_count":0,"master_deck":["AscendersBane","Strike_R","Strike_R","Strike_R","Strike_R","Strike_R","Defend_R","Defend_R","Defend_R","Defend_R","Bash","Clash","Clothesline+1","Pommel Strike","Headbutt","Limit Break","Shrug It Off","Shrug It Off","Cleave","True Grit"],"relics":["Philosopher\u0027s Stone","Self Forming Clay","Bag of Preparation","ClockworkSouvenir","Dream Catcher"],"acts_visited":["Exordium"],"potions_floor_usage":[4,8,14,16],"damage_taken":[{"damage":3,"enemies":"Jaw Worm","floor":1,"turns":3},{"damage":0,"enemies":"Cultist","floor":2,"turns":2},{"damage":6,"enemies":"2 Louse","floor":3,"turns":2},{"damage":10,"enemies":"Exordium Thugs","floor":4,"turns":4},{"damage":41,"enemies":"3 Sentries","floor":7,"turns":7},{"damage":5,"enemies":"2 Fungi Beasts","floor":8,"turns":2},{"damage":1,"enemies":"Exordium Wildlife","floor":11,"turns":4},{"damage":0,"enemies":"Gremlin Nob","floor":14,"turns":3},{"damage":31,"enemies":"Slime Boss","floor":16,"turns":11}],"seed_played":"1331163166605769067","potions_obtained":[{"floor":1,"key":"Fire Potion"},{"floor":7,"key":"Explosive Potion"},{"floor":8,"key":"PowerPotion"},{"floor":11,"key":"ElixirPotion"}],"is_trial":false,"path_per_floor":["M","M","M","M","?","R","E","M","T","?","M","?","$","E","R","B"],"character_chosen":"IRONCLAD","items_purchased":["Block Potion","ClockworkSouvenir"],"campfire_rested":1,"item_purchase_floors":[13,13],"current_hp_per_floor":[65,65,59,49,49,49,8,3,3,3,2,2,2,2,24,0,0],"gold":101,"neow_bonus":"BOSS_RELIC","is_daily":false,"chose_seed":false,"campfire_upgraded":1,"win_rate":0.0,"timestamp":1612393835,"path_taken":["M","M","M","M","?","R","E","M","T","?","?","?","?","E","R","BOSS"],"items_purchased_type":["Potion","Relic"],"build_version":"2020-12-22","purchased_purges":0,"victory":false,"max_hp_per_floor":[75,75,75,75,75,75,75,75,75,75,75,75,75,75,75,75,75],"relic_stats":{"Dream Catcher":1,"counters":[9,38],"Self Forming Clay":[15],"Bag of Preparation":[6],"obtain_stats":[{"Dream Catcher":14,"Self Forming Clay":7,"Philosopher\u0027s Stone":0,"Bag of Preparation":9,"Burning Blood":0,"ClockworkSouvenir":13},{"Dream Catcher":8,"Self Forming Clay":5,"Philosopher\u0027s Stone":0,"Bag of Preparation":6,"Burning Blood":0,"ClockworkSouvenir":7},{"Dream Catcher":27,"Self Forming Clay":18,"Philosopher\u0027s Stone":0,"Bag of Preparation":20,"Burning Blood":0,"ClockworkSouvenir":24}]},"card_choices":[{"not_picked":["Disarm","Anger"],"picked":"Clash","floor":1},{"not_picked":["Blood for Blood","Rage"],"picked":"Clothesline","floor":2},{"not_picked":["True Grit","Shockwave"],"picked":"Pommel Strike","floor":3},{"not_picked":["Dark Embrace","Flex"],"picked":"Headbutt","floor":4},{"not_picked":["Clothesline","Thunderclap"],"picked":"Limit Break","floor":7},{"not_picked":["Anger","Dark Embrace"],"picked":"Shrug It Off","floor":8},{"not_picked":["Clash","Inflame"],"picked":"Shrug It Off","floor":11},{"not_picked":["Warcry","Spot Weakness"],"picked":"Cleave","floor":14},{"not_picked":["Clothesline","Dual Wield"],"picked":"True Grit","floor":15}],"player_experience":1228868,"relics_obtained":[{"floor":7,"key":"Self Forming Clay"},{"floor":9,"key":"Bag of Preparation"},{"floor":14,"key":"Dream Catcher"}],"event_choices":[{"damage_healed":0,"gold_gain":0,"player_choice":"Left Gold","damage_taken":0,"max_hp_gain":0,"max_hp_loss":0,"event_name":"World of Goop","floor":5,"gold_loss":53},{"damage_healed":0,"gold_gain":0,"player_choice":"0 cards matched","damage_taken":0,"max_hp_gain":0,"max_hp_loss":0,"event_name":"Match and Keep!","floor":10,"gold_loss":0,"cards_obtained":[]},{"damage_healed":0,"gold_gain":100,"player_choice":"Gold","damage_taken":0,"max_hp_gain":0,"max_hp_loss":0,"event_name":"Wheel of Change","floor":12,"gold_loss":0}],"is_beta":false,"boss_relics":[],"items_purged_floors":[],"is_endless":false,"potions_floor_spawned":[1,7,8,11],"killed_by":"Slime Boss","ascension_level":20}}