{"host":"65a95dzim48ko8ke","time":1612336820,"event":{"mods":["Aspiration","BaseMod","Block Reminder","Colored Powertips","Conspire","Curses Come First","DeckTracker","Energized Spire","Halation","Hubris","Jedi Mod","Minty Spire (QoL Compilation)","MostiFishMod","Permanent Neow","Quick Restart","Rare Cards Sparkle","Relic Sorter","Reliquary","Replay The Spire","Spicy Shops","StSLib","Synergy Search","TestMod","Trackpad","Åy?ï®?îvÅzREMEMod"],"gold_per_floor":[114,214,225,225,244,270,282,312,335,349,349,50,50,75,75,178,178,191,209,209,228,241,276,276,276,330,330,365,385,411,8,8,113,113,128,138,149,149,5,5,19,19,45,45,80,96,96,114,114,114],"floor_reached":51,"language":"ENG","playtime":5669,"items_purged":[],"score":1065,"play_id":"1d4721a8-3997-4591-bb8b-b1b6625a54ae","local_time":"20210203162020","is_ascension_mode":true,"campfire_choices":[{"data":"Zap","floor":11,"key":"SMITH"},{"floor":15,"key":"REST"},{"data":"MostiFishMod:Prepare","floor":24,"key":"SMITH"},{"data":"testmod-EternalityOfKhronos","floor":32,"key":"SMITH"},{"data":"Capacitor","floor":42,"key":"SMITH"},{"data":"Hologram","floor":44,"key":"SMITH"},{"data":"MostiFishMod:StarOceanB","floor":49,"key":"SMITH"},{"data":"MostiFishMod:Hijack","floor":49,"key":"SMITH"}],"circlet_count":0,"master_deck":["Strike_B","Strike_B","Strike_B","Defend_B","Defend_B","Defend_B","Zap+1","Dualcast","Conserve Battery","Cold Snap","Darkness","Time Bomb","ReplayTheSpireMod:Reroute Power","Hologram+1","Doom and Gloom","Turbo","MostiFishMod:StarOceanB+1","Echo Form","Leap+1","Gash","MostiFishMod:Prepare+1","Steam","BootSequence","MostiFishMod:Overload","Hello World+1","jedi:blockon","MostiFishMod:PushDownKick","Capacitor+1","testmod-EternalityOfKhronos+1","MostiFishMod:Overload","Stack+1","Coolheaded+1","Shame","Doom and Gloom","Regret","Leap","MostiFishMod:ReprogramOld+1","Panacea","MostiFishMod:Hijack+1"],"relics":["Cracked Core","testmod-OneHitWonder","testmod-TestBox","REME_ComplimentaryCards","DaveBox","aspiration:Nostalgia","Ring of the Snake","Potion Belt","Replay:Antivirus Software","reliquary:RosewoodLute","Counterbalance","Bird Faced Urn","jedi:hotpepper","hubris:BottledHeart","Happy Flower","halation:StarCompass","reliquary:WeakTea","hubris:FunFungus","Oddly Smooth Stone","Dodecahedron","Cursed Key","Ring of Peace","hubris:EmptyBottle","Bag of Preparation","Replay:Arrowhead"],"acts_visited":["Exordium","TheCity","TheBeyond"],"potions_floor_usage":[10,16,23,37,50,50,50,50],"damage_taken":[{"damage":1.0,"enemies":"Cultist","floor":1.0,"turns":4.0},{"damage":3.0,"enemies":"2 Louse","floor":3.0,"turns":3.0},{"damage":0.0,"enemies":"Small Slimes","floor":5.0,"turns":3.0},{"damage":13.0,"enemies":"Lagavulin","floor":6.0,"turns":6.0},{"damage":5.0,"enemies":"2 Fungi Beasts","floor":7.0,"turns":4.0},{"damage":7.0,"enemies":"Replay:BlueRogue","floor":8.0,"turns":6.0},{"damage":0,"enemies":"Lots of Slimes","floor":10,"turns":1},{"damage":22,"enemies":"Gremlin Nob","floor":14,"turns":4},{"damage":4,"enemies":"Hexaghost","floor":16,"turns":8},{"damage":1,"enemies":"Spheric Guardian","floor":18,"turns":3},{"damage":2,"enemies":"conspire:FuzzyDice","floor":19,"turns":5},{"damage":0,"enemies":"conspire:HollyBat","floor":21,"turns":1},{"damage":0,"enemies":"Shelled Parasite and Fungi","floor":22,"turns":3},{"damage":0,"enemies":"Slavers","floor":23,"turns":3},{"damage":0,"enemies":"REME_1_Revenger","floor":28,"turns":1},{"damage":0,"enemies":"Chosen and Byrds","floor":29,"turns":3},{"damage":0,"enemies":"conspire:Head Lice","floor":30,"turns":1},{"damage":0,"enemies":"Champ","floor":33,"turns":7},{"damage":0,"enemies":"3 Shapes","floor":35,"turns":1},{"damage":0,"enemies":"3 Darklings","floor":36,"turns":3},{"damage":0,"enemies":"4 Shapes","floor":37,"turns":2},{"damage":0,"enemies":"Spire Growth","floor":41,"turns":2},{"damage":0,"enemies":"Giant Head","floor":45,"turns":1},{"damage":0,"enemies":"3 Darklings","floor":46,"turns":3},{"damage":0,"enemies":"Writhing Mass","floor":48,"turns":1},{"damage":0,"enemies":"Replay:Hell Engine","floor":50,"turns":9}],"seed_played":"-7794004236044895093","potions_obtained":[{"floor":5.0,"key":"jedi:StrikingPotion"},{"floor":6.0,"key":"SteroidPotion"},{"floor":7.0,"key":"SpeedPotion"},{"floor":16,"key":"Explosive Potion"},{"floor":18,"key":"FairyPotion"},{"floor":19,"key":"Weak Potion"},{"floor":23,"key":"AttackPotion"},{"floor":33,"key":"Weak Potion"},{"floor":35,"key":"DuplicationPotion"},{"floor":36,"key":"jedi:StrikingPotion"},{"floor":46,"key":"jedi:StrikingPotion"}],"is_trial":false,"path_per_floor":["M","?","M","?","M","E","M","E","T","M","R","$","?","E","R","B",null,"M","M","?","M","M","E","R","?","T","?","E","M","E","$","R","B",null,"M","M","M","?","$","?","M","R","T","R","E","M","?","M","R","B",null],"character_chosen":"DEFECT","items_purchased":["Counterbalance","Dodecahedron","Capacitor","testmod-EternalityOfKhronos","hubris:EmptyBottle"],"campfire_rested":1,"item_purchase_floors":[12,31,31,31,39],"current_hp_per_floor":[67,67,64,64,64,51,46,39,39,39,39,39,36,14,36,32,50,49,49,1,1,1,1,1,1,1,1,1,1,1,1,1,1,1,1,1,1,1,1,1,1,1,1,1,1,1,1,1,1,1],"gold":114,"neow_bonus":"NOSTALGIA","is_daily":false,"chose_seed":false,"campfire_upgraded":7,"win_rate":0.0,"timestamp":1612336820,"path_taken":["M","?","?","?","M","E","M","E","T","?","R","$","?","E","R","BOSS","M","M","?","M","M","E","R","?","T","?","E","M","E","$","R","BOSS","M","?","M","?","?","?","?","R","T","R","E","M","?","M","R","BOSS"],"items_purchased_type":["Relic","Relic","Card","Card","Relic"],"build_version":"2020-12-22","purchased_purges":0,"victory":true,"max_hp_per_floor":[75,75,75,75,75,75,75,75,75,75,75,75,75,75,75,75,56,56,56,1,1,1,1,1,1,1,1,1,1,1,1,1,1,1,1,1,1,1,1,1,1,1,1,1,1,1,1,1,1,1],"card_choices":[{"not_picked":["ReplayTheSpireMod:Dual Polarity","Streamline"],"picked":"Conserve Battery","floor":1.0},{"not_picked":["Recycle","Compile Driver"],"picked":"Cold Snap","floor":3.0},{"not_picked":["BasicCrystalCard","Streamline"],"picked":"Time Bomb","floor":5.0},{"not_picked":["ReplaySolidLightProjector","Skim"],"picked":"ReplayTheSpireMod:Reroute Power","floor":6.0},{"not_picked":["Force Field","Coolheaded"],"picked":"Hologram","floor":7.0},{"not_picked":["Coolheaded","Turbo"],"picked":"Doom and Gloom","floor":8.0},{"not_picked":["jedi:sharpshooter","Coolheaded"],"picked":"Turbo","floor":10},{"not_picked":["Stack","Time Bomb"],"picked":"MostiFishMod:StarOceanB","floor":14},{"not_picked":["All For One","hubris:DoWhile"],"picked":"Echo Form","floor":16},{"not_picked":["ReplayTheSpireMod:Repulse","Redo"],"picked":"Leap+1","floor":18},{"not_picked":["Hologram","Leap"],"picked":"Gash","floor":19},{"not_picked":["ReplaySolidLightProjector","Hologram"],"picked":"MostiFishMod:Prepare","floor":21},{"not_picked":["Hologram","Double Energy"],"picked":"Steam","floor":22},{"not_picked":["Stack","jedi:locknload"],"picked":"BootSequence","floor":23},{"not_picked":["Steam","REME_Compress"],"picked":"Hello World+1","floor":28},{"not_picked":["Coolheaded","Double Energy"],"picked":"jedi:blockon","floor":29},{"not_picked":["MostiFishMod:GatherIntelligence","Chaos"],"picked":"MostiFishMod:PushDownKick","floor":30},{"not_picked":["MostiFishMod:Culaccino","MostiFishMod:SeaWaves"],"picked":"MostiFishMod:Overload","floor":33},{"not_picked":["Hologram","jedi:locknload"],"picked":"Stack+1","floor":35},{"not_picked":["Streamline+1","Rebound","jedi:BurstFrost"],"picked":"SKIP","floor":36},{"not_picked":["Gash+1","MostiFishMod:DeathFromBelow"],"picked":"Coolheaded+1","floor":37},{"not_picked":["Go for the Eyes","Panic Button+1"],"picked":"Doom and Gloom","floor":41},{"not_picked":["jedi:BurstLightning+1","Rebound"],"picked":"Leap","floor":45},{"not_picked":["jedi:markofdeath","Redo+1"],"picked":"MostiFishMod:ReprogramOld+1","floor":46},{"not_picked":["testmod-WeaknessCounterattack","testmod-RabbitOfFibonacci"],"picked":"Panacea","floor":47},{"not_picked":["MostiFishMod:PushDownKick+1","Capacitor+1"],"picked":"MostiFishMod:Hijack","floor":48}],"player_experience":370544,"relics_obtained":[{"floor":6.0,"key":"Potion Belt"},{"floor":8.0,"key":"Replay:Antivirus Software"},{"floor":9.0,"key":"reliquary:RosewoodLute"},{"floor":14,"key":"Bird Faced Urn"},{"floor":23,"key":"Happy Flower"},{"floor":26,"key":"reliquary:WeakTea"},{"floor":28,"key":"hubris:FunFungus"},{"floor":30,"key":"Oddly Smooth Stone"},{"floor":38,"key":"Ring of Peace"},{"floor":43,"key":"Bag of Preparation"},{"floor":45,"key":"Replay:Arrowhead"}],"event_choices":[{"damage_healed":0.0,"max_hp_gain":0.0,"max_hp_loss":0.0,"gold_gain":100.0,"event_name":"Golden Shrine","player_choice":"Pray","floor":2.0,"gold_loss":0.0,"damage_taken":0.0},{"damage_healed":0.0,"max_hp_gain":0.0,"max_hp_loss":0.0,"gold_gain":0.0,"cards_transformed":["Strike_B"],"event_name":"Transmorgrifier","player_choice":"Transformed","floor":4.0,"gold_loss":0.0,"damage_taken":0.0,"cards_obtained":["Darkness"]},{"damage_healed":0,"gold_gain":0,"player_choice":"Success","damage_taken":3,"relics_obtained":["testmod-OneHitWonder"],"max_hp_gain":0,"max_hp_loss":0,"event_name":"Scrap Ooze","floor":13,"gold_loss":0},{"damage_healed":0,"gold_gain":0,"cards_transformed":["Defend_B"],"player_choice":"Transformed","damage_taken":0,"max_hp_gain":0,"max_hp_loss":0,"event_name":"Transmorgrifier","floor":27,"gold_loss":0,"cards_obtained":["MostiFishMod:Overload"]},{"damage_healed":0,"gold_gain":0,"player_choice":"Leave","damage_taken":0,"max_hp_gain":0,"max_hp_loss":0,"event_name":"conspire:Investor","floor":40,"gold_loss":0},{"damage_healed":0,"gold_gain":0,"player_choice":"Memory 1","damage_taken":0,"max_hp_gain":0,"max_hp_loss":0,"event_name":"SensoryStone","floor":47,"gold_loss":0}],"is_beta":false,"boss_relics":[{"not_picked":["REME_LowDesire","testmod-Nine"],"picked":"jedi:hotpepper"},{"not_picked":["halation:Yufonium","hubris:HollowSoul"],"picked":"Cursed Key"}],"items_purged_floors":[],"is_endless":false,"potions_floor_spawned":[5,6,7,16,18,19,23,33,35,36,46,48],"ascension_level":8}}