{"host":"sav7uxregyirlf69","time":1612347030,"event":{"mods":["AchievementEnabler","BaseMod","Colored Map","DeckTracker","Keyboard Shortcuts","Minty Spire (QoL Compilation)","READ ME - Guardian Mod","StSLib","SuperFastMode"],"gold_per_floor":[119,119,119,119,119,157,61,100,100,143,168,184,11,36,36,131,131,131,131],"floor_reached":18,"language":"KOR","playtime":284,"items_purged":[],"score":456,"play_id":"895656ff-9008-408c-9df8-65082020c326","local_time":"20210203191030","is_ascension_mode":true,"campfire_choices":[{"data":"Terror","floor":15,"key":"SMITH"}],"circlet_count":0,"master_deck":["AscendersBane","Strike_G","Strike_G","Strike_G+1","Strike_G","Defend_G","Defend_G","Defend_G","Defend_G","Defend_G","Survivor","Neutralize","Blade Dance","Backstab+1","Quick Slash","Terror+1","Blade Dance","Backflip","Wraith Form v2","Reflex","Corpse Explosion"],"relics":["Ring of the Snake","NeowsBlessing","Golden Idol","Blood Vial","Pocketwatch","Ornamental Fan","Orrery","Runic Pyramid"],"acts_visited":["Exordium","TheCity"],"potions_floor_usage":[10,16],"damage_taken":[{"damage":0,"enemies":"Jaw Worm","floor":1,"turns":1},{"damage":0,"enemies":"Gremlin Nob","floor":6,"turns":1},{"damage":0,"enemies":"3 Sentries","floor":8,"turns":1},{"damage":10,"enemies":"Lagavulin","floor":10,"turns":4},{"damage":0,"enemies":"2 Louse","floor":11,"turns":1},{"damage":0,"enemies":"Small Slimes","floor":12,"turns":2},{"damage":0,"enemies":"3 Louse","floor":14,"turns":2},{"damage":16,"enemies":"Slime Boss","floor":16,"turns":12},{"damage":6,"enemies":"Spheric Guardian","floor":18,"turns":5}],"seed_played":"1064454458223498736","potions_obtained":[{"floor":1,"key":"Explosive Potion"},{"floor":14,"key":"SpeedPotion"},{"floor":16,"key":"CultistPotion"}],"is_trial":false,"path_per_floor":["M","?","?","?","?","E","$","E","T","E","M","M","$","M","R","B",null,"M"],"character_chosen":"THE_SILENT","items_purchased":["Strength Potion","Terror","Orrery"],"campfire_rested":0,"item_purchase_floors":[7,7,13],"current_hp_per_floor":[59,64,64,40,19,19,19,21,21,13,15,17,17,19,19,5,55,51,51],"gold":131,"neow_bonus":"THREE_ENEMY_KILL","is_daily":false,"chose_seed":false,"campfire_upgraded":1,"win_rate":0.0,"timestamp":1612347030,"path_taken":["M","?","?","?","?","E","?","E","T","E","M","M","$","M","R","BOSS","M"],"items_purchased_type":["Potion","Card","Relic"],"build_version":"2020-12-22","purchased_purges":0,"victory":false,"max_hp_per_floor":[66,71,71,71,71,71,71,71,71,71,71,71,71,71,71,71,71,71,71],"card_choices":[{"not_picked":["Masterful Stab","Escape Plan"],"picked":"Blade Dance","floor":1},{"not_picked":["Setup","Bane"],"picked":"Quick Slash","floor":6},{"not_picked":["Blade Dance","Bullet Time","Expertise"],"picked":"SKIP","floor":8},{"not_picked":["Endless Agony","Distraction"],"picked":"Blade Dance","floor":10},{"not_picked":["Reflex","Distraction"],"picked":"Backflip","floor":11},{"not_picked":["Skewer","Leg Sweep","Cloak And Dagger"],"picked":"SKIP","floor":12},{"not_picked":["Masterful Stab","Flying Knee"],"picked":"Wraith Form v2","floor":13},{"not_picked":["Dagger Throw","Deflect"],"picked":"Reflex","floor":13},{"not_picked":["Deflect","Crippling Poison","PiercingWail"],"picked":"SKIP","floor":14},{"not_picked":["Glass Knife","Die Die Die"],"picked":"Corpse Explosion","floor":16}],"player_experience":1466797,"relics_obtained":[{"floor":6,"key":"Blood Vial"},{"floor":8,"key":"Pocketwatch"},{"floor":10,"key":"Ornamental Fan"}],"event_choices":[{"damage_healed":0,"gold_gain":0,"player_choice":"Donut","damage_taken":0,"max_hp_gain":5,"max_hp_loss":0,"event_name":"Big Fish","floor":2,"gold_loss":0},{"damage_healed":0,"gold_gain":0,"cards_transformed":["Strike_G"],"player_choice":"Change","damage_taken":0,"max_hp_gain":0,"max_hp_loss":0,"event_name":"Living Wall","floor":3,"gold_loss":0,"cards_obtained":["Backstab"]},{"damage_healed":0,"gold_gain":0,"player_choice":"Take Damage","damage_taken":24,"relics_obtained":["Golden Idol"],"max_hp_gain":0,"max_hp_loss":0,"event_name":"Golden Idol","floor":4,"gold_loss":0},{"damage_healed":0,"gold_gain":0,"player_choice":"Entered Light","damage_taken":21,"max_hp_gain":0,"max_hp_loss":0,"event_name":"Shining Light","floor":5,"gold_loss":0,"cards_upgraded":["Strike_G","Backstab"]}],"is_beta":false,"boss_relics":[{"not_picked":["Tiny House","Pandora\u0027s Box"],"picked":"Runic Pyramid"}],"items_purged_floors":[],"is_endless":false,"potions_floor_spawned":[1,14,16],"killed_by":"Spheric Guardian","ascension_level":20}}