{"host":"Hutts","time":1612334164,"event":{"mods":["BaseMod","Downfall","Googly Eyes","Minty Spire (QoL Compilation)","StSLib","The Cursed","The IronCluck"],"gold_per_floor":[99,112,124,61,77,77,77,93,93,122,137,159,159,259,276,377,377,377,387,397,411,425,451,451,467,467,467,193,193,193,227,245,349,349,349,360,375,7,7,7,7,57,57,57,76,76,87,106,124,124],"floor_reached":51,"language":"ENG","playtime":4805,"items_purged":["Guardian:Strike_Guardian"],"score":743,"play_id":"6afe0736-167e-49ed-a5ec-5992b0b35a88","local_time":"20210203003604","is_ascension_mode":false,"campfire_choices":[{"data":"Guardian:TwinSlam","floor":1,"key":"SMITH"},{"data":"Guardian:SentryBeam","floor":6,"key":"SMITH"},{"data":"Guardian:StasisField","floor":9,"key":"SMITH"},{"floor":13,"key":"REST"},{"data":"Guardian:Emergency","floor":18,"key":"SMITH"},{"floor":26,"key":"REST"},{"data":"Guardian:BodySlam","floor":30,"key":"SMITH"},{"data":"Guardian:ConstructionForm","floor":35,"key":"SMITH"},{"data":"Guardian:FloatingOrbs","floor":40,"key":"SMITH"},{"data":"Guardian:DecasProtection","floor":44,"key":"SMITH"},{"data":"Guardian:Harden","floor":46,"key":"SMITH"}],"circlet_count":0,"master_deck":["Guardian:Strike_Guardian","Guardian:Strike_Guardian","Guardian:Strike_Guardian","Guardian:Defend_Guardian+1","Guardian:Defend_Guardian","Guardian:Defend_Guardian+1","Guardian:Defend_Guardian","Guardian:CurlUp","Guardian:TwinSlam+1","Guardian:SentryBeam+1","Guardian:PrimingBeam","Guardian:PrimingBeam","Guardian:StasisField+1","Guardian:BronzeOrb","Guardian:Emergency+1","Guardian:RevengeProtocol","Guardian:PrimingBeam","Guardian:BronzeArmor","Guardian:Gem_Yellow","Guardian:BodySlam+1","Guardian:ConstructionForm+1","Guardian:SpikerProtocol","Guardian:SpikerProtocol","Guardian:FloatingOrbs+1","Guardian:DecasProtection+1","Guardian:Harden+1","Guardian:WalkerClaw+1","Guardian:Gem_Purple"],"relics":["Guardian:ModeShifterPlus","Matryoshka","War Paint","Odd Mushroom","Guardian:StasisSlotReductionRelic","The Courier","Anchor","Blue Candle","Pocketwatch","Shuriken","Art of War","Mummified Hand","Singing Bowl","Molten Egg 2","TungstenRod"],"acts_visited":["Exordium","TheCity","TheBeyond"],"potions_floor_usage":[4,12,22,23,23,23,28,29,33,38,49,50,50],"damage_taken":[{"damage":1,"enemies":"Cultist","floor":2,"turns":4},{"damage":1,"enemies":"Jaw Worm","floor":3,"turns":4},{"damage":0,"enemies":"downfall:FleeingMerchant","floor":4,"turns":4},{"damage":13,"enemies":"2 Louse","floor":5,"turns":2},{"damage":8,"enemies":"Lots of Slimes","floor":8,"turns":4},{"damage":11,"enemies":"3 Sentries","floor":10,"turns":7},{"damage":6,"enemies":"Large Slime","floor":11,"turns":8},{"damage":5,"enemies":"The Mushroom Lair","floor":12,"turns":4},{"damage":2,"enemies":"2 Fungi Beasts","floor":15,"turns":3},{"damage":45,"enemies":"DF_ARCHETYPE_STREAMLINE","floor":16,"turns":16},{"damage":0,"enemies":"Chosen","floor":19,"turns":6},{"damage":18,"enemies":"Centurion and Healer","floor":20,"turns":8},{"damage":2,"enemies":"Cultist and Chosen","floor":21,"turns":10},{"damage":5,"enemies":"3 Cultists","floor":22,"turns":7},{"damage":6,"enemies":"Slavers","floor":23,"turns":5},{"damage":10,"enemies":"Centurion and Healer","floor":25,"turns":8},{"damage":0,"enemies":"downfall:FleeingMerchant","floor":28,"turns":4},{"damage":0,"enemies":"Snake Plant","floor":29,"turns":1},{"damage":3,"enemies":"Book of Stabbing","floor":31,"turns":6},{"damage":0,"enemies":"Snecko","floor":32,"turns":5},{"damage":25,"enemies":"WA_ARCHETYPE_CALM","floor":33,"turns":10},{"damage":3,"enemies":"3 Shapes","floor":36,"turns":5},{"damage":0,"enemies":"Orb Walker","floor":37,"turns":3},{"damage":0,"enemies":"downfall:FleeingMerchant","floor":38,"turns":4},{"damage":0,"enemies":"downfall:FleeingMerchant","floor":42,"turns":6},{"damage":0,"enemies":"Jaw Worm Horde","floor":45,"turns":5},{"damage":0,"enemies":"3 Darklings","floor":47,"turns":5},{"damage":0,"enemies":"Maw","floor":48,"turns":5},{"damage":0,"enemies":"Jaw Worm Horde","floor":49,"turns":5},{"damage":0,"enemies":"IC_BLOCK_ARCHETYPE","floor":50,"turns":10}],"seed_played":"-447240662597823670","potions_obtained":[{"floor":2,"key":"Weak Potion"},{"floor":3,"key":"PowerPotion"},{"floor":5,"key":"sneckomod:MuddlingPotion"},{"floor":12,"key":"Block Potion"},{"floor":20,"key":"EntropicBrew"},{"floor":21,"key":"AttackPotion"},{"floor":23,"key":"SteroidPotion"},{"floor":31,"key":"SteroidPotion"},{"floor":32,"key":"SkillPotion"},{"floor":37,"key":"PowerPotion"},{"floor":45,"key":"LiquidMemories"},{"floor":48,"key":"DistilledChaos"},{"floor":49,"key":"Fruit Juice"}],"is_trial":false,"path_per_floor":["R","M","M","$","M","R","T","M","R","E","M","?","R","?","M","B",null,"R","M","M","M","M","E","T","M","R","?","$","M","R","E","M","B",null,"R","M","M","$","?","R","T","?","?","R","M","R","M","M","M","B",null],"character_chosen":"GUARDIAN","items_purchased":["Guardian:PrimingBeam","Shuriken","Mummified Hand","Guardian:SpikerProtocol","Guardian:SpikerProtocol","Guardian:FloatingOrbs"],"campfire_rested":2,"item_purchase_floors":[4,28,38,38,38,38],"current_hp_per_floor":[88,87,86,86,73,73,73,65,65,54,48,43,69,69,67,22,88,88,88,70,68,63,57,57,47,73,73,73,73,73,70,70,45,88,88,85,85,85,85,85,85,85,85,85,85,85,85,85,92,92],"gold":124,"neow_bonus":"TEN_PERCENT_HP_BONUS","is_daily":false,"chose_seed":false,"campfire_upgraded":9,"win_rate":0.0,"timestamp":1612334164,"path_taken":["R","M","M","$","?","R","T","M","R","E","M","?","R","?","M","BOSS","R","M","M","M","M","E","T","M","R","?","$","M","R","E","M","BOSS","R","M","M","$","?","R","T","?","?","R","M","R","?","M","M","BOSS"],"items_purchased_type":["Card","Relic","Relic","Card","Card","Card"],"build_version":"2020-12-18","purchased_purges":1,"victory":true,"max_hp_per_floor":[88,88,88,88,88,88,88,88,88,88,88,88,88,88,88,88,88,88,88,88,88,88,88,88,88,88,88,88,88,88,88,88,88,88,88,88,88,88,88,88,88,88,88,88,88,88,88,88,95,95],"card_choices":[{"not_picked":["Guardian:TimeBomb","Guardian:PiercingHide"],"picked":"Guardian:SentryBeam","floor":2},{"not_picked":["Guardian:Repulse","Guardian:Suspension"],"picked":"Guardian:Gem_Green","floor":3},{"not_picked":["Guardian:PrismaticBarrier","Guardian:ChargeCore"],"picked":"Guardian:Gem_Blue","floor":4},{"not_picked":["Guardian:TemporalStrike","Guardian:Incinerate"],"picked":"Guardian:PrimingBeam","floor":5},{"not_picked":["Guardian:VentSteam","Guardian:Suspension"],"picked":"Guardian:StasisField","floor":8},{"not_picked":["Guardian:WalkerClaw","Guardian:Gem_Purple"],"picked":"Guardian:Gem_Cyan","floor":10},{"not_picked":["Guardian:Harden","Guardian:DonusPower","Guardian:VentSteam"],"picked":"SKIP","floor":11},{"not_picked":["Guardian:VentSteam","Guardian:TemporalShield"],"picked":"Guardian:BronzeOrb","floor":12},{"not_picked":["Guardian:Reroute","Guardian:Suspension"],"picked":"Guardian:Emergency","floor":15},{"not_picked":["Guardian:TimeSifter","Guardian:ExploitGems"],"picked":"Guardian:RevengeProtocol","floor":16},{"not_picked":["Guardian:Gem_Red","Guardian:Reroute"],"picked":"Guardian:Gem_Crimson","floor":19},{"not_picked":["Guardian:Gem_Cyan","Guardian:Planning"],"picked":"Guardian:PrimingBeam","floor":20},{"not_picked":["Guardian:PiercingHide","Guardian:Gem_Cyan","Guardian:Preprogram+1"],"picked":"SKIP","floor":21},{"not_picked":["Guardian:GuardianWhirl","Guardian:Suspension","Guardian:Gem_Lightblue"],"picked":"SKIP","floor":22},{"not_picked":["Guardian:ChargeCore+1","Guardian:ShieldSpikes"],"picked":"Guardian:BronzeArmor","floor":23},{"not_picked":["Guardian:Preprogram","Guardian:Planning"],"picked":"Guardian:Gem_Yellow","floor":25},{"not_picked":["Guardian:CrystalBeam","Guardian:PolyBeam"],"picked":"Guardian:BodySlam","floor":28},{"not_picked":["Guardian:ShieldCharger","Guardian:Suspension","Guardian:Gem_Cyan"],"picked":"SKIP","floor":31},{"not_picked":["Guardian:Gem_Yellow","Guardian:Gem_Cyan","Guardian:TemporalShield"],"picked":"SKIP","floor":32},{"not_picked":["Guardian:ExploitGems","Guardian:Gem_Synthetic"],"picked":"Guardian:ConstructionForm","floor":33},{"not_picked":["Guardian:VentSteam+1","Guardian:Emergency+1","Guardian:Reroute"],"picked":"SKIP","floor":36},{"not_picked":["Guardian:Recover+1","Guardian:Suspension+1","Guardian:ShieldCharger+1"],"picked":"SKIP","floor":37},{"not_picked":["Guardian:ChargeCore","Guardian:BronzeOrb"],"picked":"Guardian:Gem_White","floor":38},{"not_picked":["Guardian:Repulse+1","Guardian:TemporalStrike+1"],"picked":"Guardian:DecasProtection","floor":42},{"not_picked":["Guardian:Suspension","Guardian:PrimingBeam+1"],"picked":"Guardian:Harden","floor":45},{"not_picked":["Guardian:Incinerate+1","Guardian:Reroute+1"],"picked":"Guardian:WalkerClaw+1","floor":47},{"not_picked":["Guardian:TimeBomb","Guardian:Gem_Green"],"picked":"Guardian:Gem_Purple","floor":48},{"not_picked":["Guardian:Suspension+1","Guardian:Recover","Guardian:RefractedBeam+1"],"picked":"Singing Bowl","floor":49}],"player_experience":1021901,"relics_obtained":[{"floor":7,"key":"Matryoshka"},{"floor":10,"key":"War Paint"},{"floor":12,"key":"Odd Mushroom"},{"floor":23,"key":"The Courier"},{"floor":24,"key":"Anchor"},{"floor":24,"key":"Blue Candle"},{"floor":27,"key":"Pocketwatch"},{"floor":31,"key":"Art of War"},{"floor":41,"key":"Singing Bowl"},{"floor":41,"key":"Molten Egg 2"},{"floor":42,"key":"TungstenRod"}],"event_choices":[{"damage_healed":0,"gold_gain":0,"player_choice":"Fought Mushrooms","damage_taken":0,"max_hp_gain":0,"max_hp_loss":0,"event_name":"Mushrooms","floor":12,"gold_loss":0},{"damage_healed":0,"gold_gain":0,"player_choice":"Relic","damage_taken":0,"max_hp_gain":0,"max_hp_loss":0,"event_name":"Wheel of Change","floor":27,"gold_loss":0}],"is_beta":true,"boss_relics":[{"not_picked":["Tiny House","SacredBark"],"picked":"Guardian:StasisSlotReductionRelic"},{"not_picked":["Astrolabe","Fusion Hammer"],"picked":"Guardian:ModeShifterPlus"}],"items_purged_floors":[28],"is_endless":false,"potions_floor_spawned":[2,3,5,12,20,21,23,29,31,32,37,45,48,49],"ascension_level":0}}