{"host":"3i0tc1zs9k2bo7un","time":1612356993,"event":{"mods":["Act Like it!","Aspiration","BaseMod","Gensokyo","Minty Spire (QoL Compilation)","MostiFishMod","Quick Restart","Reliquary","Replay The Spire","StSLib","TestMod","Wide Potions","[IsaacMod]以撒尖塔","【遗物卡牌】REMEMod"],"gold_per_floor":[118,118,45,55,55,381,399,432,513,547,558,558,572,572,572,650,650,669,629,648,598,615,641,641,566,591,619,633,583,610,629,629,701,701,701],"floor_reached":34,"language":"ZHS","playtime":823,"items_purged":["Pain","Defend_R","Defend_R","Defend_R"],"score":1241,"play_id":"64da6a82-0769-4970-b42c-dbea766637cb","local_time":"20210203205633","is_ascension_mode":true,"campfire_choices":[{"data":"Offering","floor":12.0,"key":"SMITH"},{"data":"Perfected Strike","floor":15.0,"key":"SMITH"},{"data":"Perfected Strike","floor":24.0,"key":"SMITH"},{"data":"REME_ACTH","floor":32,"key":"SMITH"}],"circlet_count":0,"master_deck":["AscendersBane","Strike_R","Strike_R","Strike_R","Strike_R","Strike_R","Defend_R","Perfected Strike+1","Offering+1","Second Wind","REME_SingleHolding","Pommel Strike+1","REME_ACTH+1","Perfected Strike+1","Battle Trance","Perfected Strike","REME_SingleHolding","MostiFishMod:RacingGame"],"relics":["Burning Blood","DaveBox","testmod-TestBox","HushsDoor","REME_ComplimentaryCards","Chaos","testmod-HeartOfStrike","DianPoetry","NeowsBlessing","SynthV:TestCard","Gensokyo:LunaticRedEyes","reliquary:FeatherDuster","reliquary:Bookmark","Another Sword","Geode","Ooze Armor","SteamSale","Self Forming Clay","testmod-TimeTraveler","GuanYuAspect","GuppysCollar"],"acts_visited":["Gensokyo:Gensokyo","Gensokyo:Gensokyoer","Gensokyo:Gensokyoest"],"potions_floor_usage":[27],"damage_taken":[{"damage":0.0,"enemies":"Gensokyo:3_Fairies","floor":1.0,"turns":1.0},{"damage":0.0,"enemies":"Gensokyo:Python","floor":4.0,"turns":2.0},{"damage":1.0,"enemies":"Gensokyo:Cirno","floor":6.0,"turns":2.0},{"damage":1.0,"enemies":"Gensokyo:Gryphon","floor":7.0,"turns":3.0},{"damage":11.0,"enemies":"Gensokyo:Mamizou","floor":8.0,"turns":5.0},{"damage":18.0,"enemies":"Gensokyo:Aya","floor":10.0,"turns":3.0},{"damage":12.0,"enemies":"Gensokyo:VengefulSpirit","floor":11.0,"turns":3.0},{"damage":6.0,"enemies":"Gensokyo:3_Kodama","floor":13.0,"turns":2.0},{"damage":7.0,"enemies":"Gensokyo:Kokoro","floor":16.0,"turns":3.0},{"damage":0.0,"enemies":"Gensokyo:Chomper","floor":18.0,"turns":1.0},{"damage":0.0,"enemies":"Gensokyo:AngelMirror","floor":20.0,"turns":1.0},{"damage":0.0,"enemies":"Gensokyo:3_Gloops","floor":22.0,"turns":3.0},{"damage":0.0,"enemies":"Gensokyo:Reisen","floor":23.0,"turns":2.0},{"damage":0,"enemies":"Gensokyo:Koishi","floor":27,"turns":2},{"damage":6,"enemies":"Gensokyo:Slime_Group","floor":28,"turns":1},{"damage":0,"enemies":"Gensokyo:Reisen","floor":30,"turns":1},{"damage":0,"enemies":"Gensokyo:Swordslinger","floor":31,"turns":1},{"damage":6,"enemies":"Gensokyo:Eiki","floor":33,"turns":1}],"seed_played":"-7964779671393676397","potions_obtained":[{"floor":1.0,"key":"Weak Potion"},{"floor":4.0,"key":"LiquidMemories"},{"floor":27,"key":"REME_GoldPotion"},{"floor":30,"key":"LiquidMemories"}],"is_trial":false,"path_per_floor":["M","?","COS","M","?","E","M","E","T","E","M","R","M","T","R","B",null,"M","?","M","?","M","E","R","$","T","E","M","$","E","M","R","B",null],"character_chosen":"IRONCLAD","items_purchased":["GuppysCollar"],"campfire_rested":0,"item_purchase_floors":[34],"current_hp_per_floor":[74,74,74,75,89,89,89,84,84,72,66,66,66,66,66,65,79,84,84,84,91,91,91,91,91,91,91,91,91,91,91,91,91,26,26],"gold":701,"neow_bonus":"THREE_ENEMY_KILL","is_daily":false,"chose_seed":false,"campfire_upgraded":4,"win_rate":0.0,"timestamp":1612356993,"path_taken":["M","?","COS","?","?","E","M","E","T","E","M","R","?","?","R","BOSS","M","?","M","?","M","E","R","?","T","E","?","$","E","M","R","BOSS"],"items_purchased_type":["Relic"],"build_version":"2020-12-22","purchased_purges":4,"victory":false,"max_hp_per_floor":[75,75,75,75,89,89,89,89,89,89,89,89,89,89,89,89,84,84,84,84,91,91,91,91,91,91,91,91,91,91,91,91,91,26,26],"card_choices":[{"not_picked":["Wild Strike","Replay:Undeath\u0027s Touch","ReplayTheSpireMod:Strike From Hell"],"picked":"SKIP","floor":1.0},{"not_picked":["Body Slam","Fire Breathing","Disarm","Havoc"],"picked":"Perfected Strike","floor":4.0},{"not_picked":["Heavy Blade","Iron Wave","Run Through","Seeing Red"],"picked":"Offering","floor":6.0},{"not_picked":["Armaments","Intimidate","Thunderclap","Uppercut"],"picked":"Second Wind","floor":7.0},{"not_picked":["Blood for Blood","Shockwave","Run Through","Body Slam","Thunderclap"],"picked":"SKIP","floor":8.0},{"not_picked":["Sever Soul","REME_FearOfPain","Exhume","Inflame","Infernal Blade"],"picked":"SKIP","floor":10.0},{"not_picked":["Headbutt","Anger","Warcry","Replay:Undeath\u0027s Touch"],"picked":"REME_SingleHolding","floor":11.0},{"not_picked":["Thunderclap","Clothesline","Flex","Wild Strike","Anger"],"picked":"SKIP","floor":13.0},{"not_picked":["Heavy Blade","True Grit","Anger+1","Flex"],"picked":"Pommel Strike","floor":18.0},{"not_picked":["Clash","Blood for Blood","Warcry+1","Anger"],"picked":"REME_ACTH","floor":20.0},{"not_picked":["Intimidate+1","Whirlwind+1","Headbutt","Shrug It Off","Iron Wave"],"picked":"SKIP","floor":22.0},{"not_picked":["Power Through","Flame Barrier","Twin Strike","True Grit"],"picked":"Perfected Strike","floor":23.0},{"not_picked":["Havoc","Metallicize+1","Pummel","Clash"],"picked":"Battle Trance","floor":27},{"not_picked":["Carnage","Pommel Strike","Body Slam","Blood for Blood"],"picked":"Perfected Strike","floor":28},{"not_picked":["Flex","Sever Soul","Power Through+1","Twin Strike","Massacre"],"picked":"SKIP","floor":30},{"not_picked":["MostiFishMod:WingOfPhoenix","ReplayTheSpireMod:Muscle Training","Wild Strike+1","Pommel Strike"],"picked":"REME_SingleHolding","floor":31},{"not_picked":["Barricade","Berserk","Demonic Infusion","MostiFishMod:FireWorks"],"picked":"MostiFishMod:RacingGame","floor":33}],"player_experience":695768,"relics_obtained":[{"floor":1.0,"key":"SynthV:TestCard"},{"floor":6.0,"key":"reliquary:FeatherDuster"},{"floor":9.0,"key":"Another Sword"},{"floor":14.0,"key":"Geode"},{"floor":26,"key":"SteamSale"},{"floor":27,"key":"Self Forming Clay"},{"floor":30,"key":"testmod-TimeTraveler"}],"event_choices":[{"damage_healed":0.0,"max_hp_gain":0.0,"max_hp_loss":0.0,"gold_gain":0.0,"event_name":"给自己的盒子","player_choice":"Swap Relic","floor":5.0,"relics_lost":["Mango"],"gold_loss":0.0,"damage_taken":0.0,"relics_obtained":["Mango"]}],"is_beta":false,"boss_relics":[{"not_picked":["Astrolabe","ReplayTheSpireMod:ShopPack"],"picked":"Ooze Armor"},{"not_picked":[]},{"not_picked":["reliquary:IridiumChain","Tiny House"],"picked":"GuanYuAspect"},{"not_picked":[]}],"items_purged_floors":[17,25,29,34],"is_endless":false,"potions_floor_spawned":[1,4,7,10,27,30,31],"ascension_level":19}}