{"host":"pletss163z7s8pvv","time":1612327405,"event":{"mods":["AchievementEnabler","BaseMod","Better Altar","Better Match","Better Note","Better Sensory Stone","Better Skull","Better Third Choice","BetterRewards","CapriCore","ChefMod","Colored Map","Colored Powertips","Conspire","Energized Spire","Evolution","GifTheSpireLib","Hermit","Ironclad Rager","Marked Mod","Minty Spire (QoL Compilation)","Retaliation","Spicy Shops","StS++","StSLib","The Alterego","The Blue Laboratory","The Cursed","The Disciple","The Forsaken"],"gold_per_floor":[160,110,71,125,164,164,7,43,124,169,205,380,380,437,437,731,731,767,767,767,767,815,815,872,872,872,872,968,968,233,287,287,602,602,644,644,704,704,250,250,250,250,250,250,250,283,316,355,355,355],"floor_reached":51,"language":"ENG","playtime":3499,"items_purged":["Doubt"],"score":757,"play_id":"14b99f81-bc71-4414-acae-d2284c448232","local_time":"20210202224325","daily_mods":["Specialized","Time Dilation","Midas"],"is_ascension_mode":false,"campfire_choices":[{"floor":6,"key":"REST"},{"floor":13,"key":"REST"},{"floor":15,"key":"REST"},{"floor":23,"key":"REST"},{"floor":27,"key":"REST"},{"floor":29,"key":"REST"},{"floor":32,"key":"REST"},{"floor":40,"key":"REST"},{"floor":42,"key":"REST"},{"floor":45,"key":"REST"},{"floor":49,"key":"REST"}],"circlet_count":0,"master_deck":["alterego_mod:DeftHands","alterego_mod:DeftHands","alterego_mod:DeftHands","alterego_mod:DeftHands","alterego_mod:Defend","alterego_mod:Defend","alterego_mod:Defend","alterego_mod:Defend","alterego_mod:Impale","alterego_mod:BigMeatyClaws","alterego_mod:BrynhildrsRune","alterego_mod:PresenceConcealment","alterego_mod:PresenceConcealment","alterego_mod:1TonWallop","alterego_mod:Skirt","alterego_mod:Complex","alterego_mod:Bounce","alterego_mod:Valkyrie","alterego_mod:Mirror+1","alterego_mod:Clones","alterego_mod:DustData","alterego_mod:Tantrum","alterego_mod:PurpleHair+1","theForsaken:DesperatePlea+1","theForsaken:DesperatePlea+1","alterego_mod:Birthday+1","alterego_mod:Maid","alterego_mod:GoddessCore+1","alterego_mod:Birthday","alterego_mod:ChallengeComplete+1","alterego_mod:Complex","alterego_mod:BiFurious","alterego_mod:SideboobHour","alterego_mod:TrashNCrash+1","alterego_mod:Stockings+1","alterego_mod:ClassAdvantage+1","alterego_mod:MaintainEyeContact","AscendersBane","alterego_mod:Vow","alterego_mod:BiFurious+1","alterego_mod:Birthday","alterego_mod:BiFurious+1"],"relics":["alterego_mod:MasochisticConstitution","EVO:Axolotl","Membership Card","Frozen Egg 2","conspire:SpecialSausage","StSpp:BrokenTotem","Orichalcum","Bag of Marbles","StSpp:SailingBoat","theForsaken:Kindling","Toolbox","Strange Spoon","theForsaken:Lifeblossom","Empty Cage","Potion Belt","Ice Cream","StrikeDummy","Cauldron","Bottled Tornado","Pear"],"acts_visited":["Exordium","TheCity","TheBeyond"],"potions_floor_usage":[16,16,50,50,50],"damage_taken":[{"damage":0,"enemies":"Small Slimes","floor":1,"turns":5},{"damage":8,"enemies":"2 Louse","floor":4,"turns":3},{"damage":15,"enemies":"Jaw Worm","floor":5,"turns":4},{"damage":49,"enemies":"Large Slime","floor":8,"turns":5},{"damage":14,"enemies":"2 Fungi Beasts","floor":10,"turns":3},{"damage":14,"enemies":"Blue Slaver","floor":11,"turns":4},{"damage":8,"enemies":"Large Slime","floor":14,"turns":7},{"damage":53,"enemies":"The Guardian","floor":16,"turns":13},{"damage":27,"enemies":"3 Byrds","floor":18,"turns":6},{"damage":32,"enemies":"Chosen","floor":22,"turns":6},{"damage":45,"enemies":"Snake Plant","floor":24,"turns":5},{"damage":71,"enemies":"Book of Stabbing","floor":28,"turns":7},{"damage":4,"enemies":"conspire:HollyBat","floor":31,"turns":8},{"damage":37,"enemies":"conspire:MysteriousRune","floor":33,"turns":11},{"damage":32,"enemies":"3 Shapes","floor":35,"turns":4},{"damage":56,"enemies":"3 Darklings","floor":37,"turns":6},{"damage":50,"enemies":"Jaw Worm Horde","floor":46,"turns":5},{"damage":21,"enemies":"Maw","floor":47,"turns":7},{"damage":40,"enemies":"3 Darklings","floor":48,"turns":5},{"damage":66,"enemies":"conspire:OrnateMirror","floor":50,"turns":7}],"seed_played":"-1366092596004482194","potions_obtained":[{"floor":5,"key":"AttackPotion"},{"floor":11,"key":"blueLaboratory:HorrorPotion"},{"floor":14,"key":"blueLaboratory:BottleOfVodka"},{"floor":24,"key":"StSpp:InhibitionPotion"},{"floor":33,"key":"blueLaboratory:FruitPreserves"},{"floor":39,"key":"DuplicationPotion"},{"floor":39,"key":"PowerPotion"}],"is_trial":true,"path_per_floor":["M","?","$","M","M","R","$","M","T","M","M","?","R","M","R","B",null,"M","?","?","?","M","R","M","?","T","R","E","R","$","M","R","B",null,"M","?","M","?","$","R","?","R","T","T","R","M","M","M","R","B",null],"character_chosen":"The_Alterego","items_purchased":["alterego_mod:Skirt","alterego_mod:IdEs","Membership Card","Bag of Marbles","StSpp:SailingBoat","theForsaken:Kindling","Toolbox","Strange Spoon","theForsaken:Lifeblossom","alterego_mod:Birthday","alterego_mod:ChallengeComplete+1","alterego_mod:Complex","blueLaboratory:HorrorPotion","Potion Belt","Ice Cream","StrikeDummy","alterego_mod:ClassAdvantage+1","Cauldron","alterego_mod:MaintainEyeContact"],"campfire_rested":11,"item_purchase_floors":[3,3,7,30,30,30,30,30,30,30,30,30,30,39,39,39,39,39,39],"current_hp_per_floor":[70,70,70,63,56,72,72,24,24,18,5,5,27,34,56,11,77,51,51,51,51,20,43,9,90,90,90,30,57,57,72,97,71,98,70,70,26,87,87,92,92,97,97,107,112,69,67,38,77,39],"gold":355,"neow_bonus":"","is_daily":false,"chose_seed":false,"campfire_upgraded":0,"win_rate":0.0,"timestamp":1612327405,"path_taken":["M","?","$","M","M","R","$","M","T","M","M","?","R","M","R","BOSS","M","?","?","?","M","R","?","?","T","R","E","R","$","?","R","BOSS","M","?","M","?","$","R","?","R","T","?","R","M","M","M","R","BOSS"],"items_purchased_type":["Card","Card","Relic","Relic","Relic","Relic","Relic","Relic","Relic","Card","Card","Card","Potion","Relic","Relic","Relic","Card","Relic","Card"],"build_version":"2020-12-22","purchased_purges":1,"victory":true,"max_hp_per_floor":[70,70,70,71,72,72,72,73,73,74,75,75,75,76,76,77,77,78,78,78,78,79,79,80,90,90,90,91,91,91,92,97,98,98,99,99,100,87,87,92,92,97,97,107,112,113,114,115,120,121],"card_choices":[{"not_picked":["alterego_mod:Cycle","alterego_mod:DestructionOfProperty"],"picked":"alterego_mod:1TonWallop","floor":1},{"not_picked":["alterego_mod:Cycle","alterego_mod:PresenceConcealment"],"picked":"alterego_mod:Complex","floor":4},{"not_picked":["alterego_mod:Pet","alterego_mod:SakuraLabyrinth"],"picked":"alterego_mod:Bounce","floor":5},{"not_picked":["alterego_mod:Pet","alterego_mod:Cycle"],"picked":"alterego_mod:Valkyrie","floor":8},{"not_picked":["alterego_mod:Pet","alterego_mod:Belts"],"picked":"alterego_mod:Mirror","floor":10},{"not_picked":["alterego_mod:1TonWallop","alterego_mod:Undulate"],"picked":"alterego_mod:Clones","floor":11},{"not_picked":["alterego_mod:Birthday","alterego_mod:DestructionOfProperty"],"picked":"alterego_mod:DustData","floor":14},{"not_picked":["alterego_mod:IdEs","alterego_mod:Antipathy"],"picked":"alterego_mod:Tantrum","floor":16},{"not_picked":["alterego_mod:Rip","alterego_mod:Birthday"],"picked":"alterego_mod:PurpleHair+1","floor":18},{"not_picked":["alterego_mod:SuperDuperMasochism","alterego_mod:SakuraLabyrinth"],"picked":"alterego_mod:Birthday+1","floor":22},{"not_picked":["alterego_mod:Table","alterego_mod:DiscoLights+1"],"picked":"alterego_mod:Maid","floor":24},{"not_picked":["alterego_mod:MagicResistance","alterego_mod:Mirror"],"picked":"alterego_mod:GoddessCore+1","floor":28},{"not_picked":["alterego_mod:Punishment+1","alterego_mod:Antipathy"],"picked":"alterego_mod:BiFurious","floor":31},{"not_picked":["alterego_mod:VirginLaserPalladion","alterego_mod:InsideBaseball+1"],"picked":"alterego_mod:SideboobHour","floor":33},{"not_picked":["alterego_mod:HighServant","alterego_mod:SuperDuperMasochism+1"],"picked":"alterego_mod:TrashNCrash+1","floor":35},{"not_picked":["alterego_mod:MagicResistance","alterego_mod:Schoolgirl"],"picked":"alterego_mod:Stockings+1","floor":37},{"not_picked":["alterego_mod:Skirt+1","alterego_mod:GoddessCore"],"picked":"alterego_mod:BiFurious+1","floor":46},{"not_picked":["alterego_mod:Skirt+1","alterego_mod:Schoolgirl+1"],"picked":"alterego_mod:Birthday","floor":47},{"not_picked":["alterego_mod:DeftHands+1","alterego_mod:BrynhildrRomantia"],"picked":"alterego_mod:BiFurious+1","floor":48}],"player_experience":481219,"relics_obtained":[{"floor":9,"key":"Frozen Egg 2"},{"floor":26,"key":"StSpp:BrokenTotem"},{"floor":28,"key":"Orichalcum"},{"floor":43,"key":"Bottled Tornado"},{"floor":44,"key":"Pear"}],"event_choices":[{"cards_removed":["alterego_mod:PresenceConcealment"],"damage_healed":0,"gold_gain":0,"player_choice":"Card Removal","damage_taken":0,"max_hp_gain":0,"max_hp_loss":0,"event_name":"The Cleric","floor":2,"gold_loss":50},{"damage_healed":0,"gold_gain":175,"player_choice":"AGREE","damage_taken":205,"max_hp_gain":0,"max_hp_loss":0,"event_name":"betterThird:BetterSerpent","floor":12,"gold_loss":0},{"damage_healed":0,"gold_gain":0,"player_choice":"Forge","damage_taken":0,"max_hp_gain":0,"max_hp_loss":0,"event_name":"Accursed Blacksmith","floor":19,"gold_loss":0,"cards_upgraded":["alterego_mod:Mirror"]},{"cards_removed":["alterego_mod:Mirror"],"damage_healed":0,"gold_gain":0,"player_choice":"Take \u0026 Give","damage_taken":0,"max_hp_gain":0,"max_hp_loss":0,"event_name":"betterNote:BetterNote","floor":20,"gold_loss":0,"cards_obtained":["theForsaken:DesperatePlea"]},{"damage_healed":0,"gold_gain":0,"player_choice":"Copied","damage_taken":0,"max_hp_gain":0,"max_hp_loss":0,"event_name":"Duplicator","floor":21,"gold_loss":0,"cards_obtained":["theForsaken:DesperatePlea"]},{"cards_removed":["alterego_mod:IdEs"],"damage_healed":71,"gold_gain":0,"player_choice":"Offered Rare","damage_taken":0,"max_hp_gain":10,"max_hp_loss":0,"event_name":"Bonfire Elementals","floor":25,"gold_loss":0},{"damage_healed":0,"gold_gain":0,"player_choice":"Ignored","damage_taken":0,"max_hp_gain":0,"max_hp_loss":0,"event_name":"Tomb of Lord Red Mask","floor":36,"gold_loss":0},{"damage_healed":87,"gold_gain":0,"player_choice":"Heal","damage_taken":0,"max_hp_gain":0,"max_hp_loss":13,"event_name":"The Moai Head","floor":38,"gold_loss":0},{"damage_healed":0,"gold_gain":3,"player_choice":"3","damage_taken":0,"max_hp_gain":0,"max_hp_loss":0,"event_name":"betterStone:BetterStone","floor":41,"gold_loss":0,"cards_obtained":["alterego_mod:Vow"]}],"is_beta":false,"boss_relics":[{"not_picked":["Pandora\u0027s Box","conspire:RoyalGoblet"],"picked":"conspire:SpecialSausage"},{"not_picked":["energizedSpire:OgreHead","energizedSpire:EnergizedDie"],"picked":"Empty Cage"}],"items_purged_floors":[30],"is_endless":false,"potions_floor_spawned":[5,11,14,24,33,35,37,47],"ascension_level":0}}