{"host":"rolltorest","time":1612333138,"event":{"mods":["BaseMod","Minty Spire (QoL Compilation)","Relic Stats","Slay the Relics Exporter","StSLib"],"gold_per_floor":[110,126,140,140,151,177,177,202,227,227,241,259,259,271,271,346,346,357,357,35,35,55,85,85,114,114,145,14,25,25,25],"floor_reached":30,"language":"ENG","playtime":933,"items_purged":["Strike_B"],"score":650,"play_id":"1f4bd214-ccd8-4f7f-82a6-67161ede6c60","local_time":"20210202221858","is_ascension_mode":true,"campfire_choices":[{"data":"Doom and Gloom","floor":7,"key":"SMITH"},{"floor":10,"key":"REST"},{"data":"Capacitor","floor":13,"key":"SMITH"},{"data":"Lockon","floor":15,"key":"SMITH"},{"data":"Biased Cognition","floor":24,"key":"SMITH"}],"circlet_count":0,"master_deck":["AscendersBane","Strike_B","Strike_B","Strike_B","Defend_B","Defend_B","Defend_B","Defend_B","Zap","Dualcast","Streamline","Conserve Battery","Doom and Gloom+1","Capacitor+1","Reinforced Body","Cold Snap","Electrodynamics","Lockon+1","Biased Cognition+1","Coolheaded","Ghostly","Ghostly","Ghostly","Core Surge","Ball Lightning","Genetic Algorithm","Loop","Coolheaded"],"relics":["Velvet Choker","NlothsMask","FossilizedHelix","Orichalcum","Inserter","Chemical X","Smiling Mask","Matryoshka","Blood Vial","Sundial","Ancient Tea Set"],"acts_visited":["Exordium","TheCity"],"potions_floor_usage":[6,18,27],"damage_taken":[{"damage":7,"enemies":"Jaw Worm","floor":1,"turns":2},{"damage":1,"enemies":"Cultist","floor":2,"turns":3},{"damage":0,"enemies":"2 Louse","floor":3,"turns":4},{"damage":0,"enemies":"2 Fungi Beasts","floor":5,"turns":4},{"damage":25,"enemies":"3 Sentries","floor":6,"turns":6},{"damage":15,"enemies":"Lagavulin","floor":8,"turns":7},{"damage":0,"enemies":"Exordium Wildlife","floor":11,"turns":3},{"damage":0,"enemies":"Looter","floor":12,"turns":2},{"damage":0,"enemies":"Large Slime","floor":14,"turns":4},{"damage":17,"enemies":"Slime Boss","floor":16,"turns":7},{"damage":16,"enemies":"Chosen","floor":18,"turns":6},{"damage":0,"enemies":"Shell Parasite","floor":22,"turns":6},{"damage":0,"enemies":"Gremlin Leader","floor":23,"turns":6},{"damage":7,"enemies":"Book of Stabbing","floor":25,"turns":6},{"damage":10,"enemies":"Slavers","floor":27,"turns":5},{"damage":20,"enemies":"Shelled Parasite and Fungi","floor":29,"turns":4},{"damage":7,"enemies":"Book of Stabbing","floor":30,"turns":5}],"seed_played":"3933491236302586260","potions_obtained":[{"floor":3,"key":"AttackPotion"},{"floor":6,"key":"Dexterity Potion"},{"floor":8,"key":"LiquidMemories"},{"floor":14,"key":"ColorlessPotion"},{"floor":23,"key":"Strength Potion"},{"floor":29,"key":"SteroidPotion"}],"is_trial":false,"path_per_floor":["M","M","M","?","M","E","R","E","T","R","M","M","R","M","R","B",null,"M","?","$","?","M","E","R","E","T","E","$","M","E"],"character_chosen":"DEFECT","items_purchased":["Core Surge","Chemical X","Loop"],"campfire_rested":1,"item_purchase_floors":[20,20,28],"current_hp_per_floor":[57,56,56,56,56,31,31,16,16,37,37,37,37,37,37,20,58,42,35,35,35,35,35,35,28,28,20,20,2,0,0],"gold":25,"neow_bonus":"BOSS_RELIC","is_daily":false,"chose_seed":false,"campfire_upgraded":4,"win_rate":0.0,"timestamp":1612333138,"path_taken":["M","M","M","?","?","E","R","E","T","R","M","M","R","M","R","BOSS","M","?","$","?","M","E","R","E","T","E","$","?","E"],"items_purchased_type":["Card","Relic","Card"],"build_version":"2020-12-18","purchased_purges":1,"victory":false,"max_hp_per_floor":[71,71,71,71,71,71,71,71,71,71,71,71,71,71,71,71,71,71,35,35,35,35,35,35,35,35,35,35,35,35,35],"relic_stats":{"Blood Vial":6,"Inserter":[19],"counters":[17,80],"Sundial":[0],"Chemical X":[6],"Orichalcum":[156],"Smiling Mask":25,"obtain_stats":[{"Blood Vial":26,"Inserter":17,"Matryoshka":25,"Sundial":26,"Velvet Choker":0,"Chemical X":20,"Orichalcum":8,"Cracked Core":0,"Smiling Mask":23,"Ancient Tea Set":27,"FossilizedHelix":6,"NlothsMask":4},{"Blood Vial":14,"Inserter":10,"Matryoshka":14,"Sundial":14,"Velvet Choker":0,"Chemical X":11,"Orichalcum":6,"Cracked Core":0,"Smiling Mask":13,"Ancient Tea Set":15,"FossilizedHelix":5,"NlothsMask":3},{"Blood Vial":66,"Inserter":42,"Matryoshka":66,"Sundial":66,"Velvet Choker":0,"Chemical X":48,"Orichalcum":26,"Cracked Core":0,"Smiling Mask":60,"Ancient Tea Set":71,"FossilizedHelix":19,"NlothsMask":9}]},"card_choices":[{"not_picked":["Beam Cell","Sweeping Beam"],"picked":"Streamline","floor":1},{"not_picked":["Turbo","Leap"],"picked":"Conserve Battery","floor":2},{"not_picked":["Storm","Compile Driver","Turbo"],"picked":"SKIP","floor":3},{"not_picked":["Turbo","Stack"],"picked":"Doom and Gloom","floor":5},{"not_picked":["Lockon","Streamline"],"picked":"Capacitor","floor":6},{"not_picked":["Hello World","Gash"],"picked":"Reinforced Body","floor":8},{"not_picked":["White Noise","Force Field"],"picked":"Cold Snap","floor":11},{"not_picked":["Barrage","Defragment"],"picked":"Electrodynamics","floor":12},{"not_picked":["Rebound","Conserve Battery"],"picked":"Lockon","floor":14},{"not_picked":["Core Surge","Reboot"],"picked":"Biased Cognition","floor":16},{"not_picked":["Conserve Battery","Stack"],"picked":"Coolheaded","floor":18},{"not_picked":["FTL","Reprogram","Rip and Tear"],"picked":"SKIP","floor":22},{"not_picked":["Scrape","Leap"],"picked":"Ball Lightning","floor":23},{"not_picked":["Steam","Leap"],"picked":"Genetic Algorithm","floor":25},{"not_picked":["Go for the Eyes","Scrape","Rebound"],"picked":"SKIP","floor":27},{"not_picked":["Rebound","Doom and Gloom"],"picked":"Coolheaded","floor":29}],"player_experience":1817118,"relics_obtained":[{"floor":6,"key":"FossilizedHelix"},{"floor":8,"key":"Orichalcum"},{"floor":23,"key":"Smiling Mask"},{"floor":25,"key":"Matryoshka"},{"floor":26,"key":"Blood Vial"},{"floor":26,"key":"Sundial"},{"floor":27,"key":"Ancient Tea Set"}],"event_choices":[{"damage_healed":0,"gold_gain":0,"player_choice":"Trade","damage_taken":0,"relics_obtained":["NlothsMask"],"max_hp_gain":0,"max_hp_loss":0,"event_name":"FaceTrader","floor":4,"gold_loss":0},{"damage_healed":0,"gold_gain":0,"player_choice":"Became a Ghost","damage_taken":0,"max_hp_gain":0,"max_hp_loss":36,"event_name":"Ghosts","floor":19,"gold_loss":0,"cards_obtained":["Ghostly","Ghostly","Ghostly"]},{"damage_healed":0,"gold_gain":0,"player_choice":"Ignored","damage_taken":0,"max_hp_gain":0,"max_hp_loss":0,"event_name":"Vampires","floor":21,"gold_loss":0}],"is_beta":true,"boss_relics":[{"not_picked":["Fusion Hammer","Snecko Eye"],"picked":"Inserter"}],"items_purged_floors":[28],"is_endless":false,"potions_floor_spawned":[3,6,8,14,23,25,29],"killed_by":"Book of Stabbing","ascension_level":20}}