{"host":"5yoj846f700ld8qy","time":1612382746,"event":{"mods":["AchievementEnabler","Aspiration","BaseMod","Better Altar","Better Match","Better Note","Better Sensory Stone","Better Skull","Better Third Choice","Colored Map","Colored Powertips","Minty Spire (QoL Compilation)","StSLib","UnlockEverythingMod"],"gold_per_floor":[115,115,115,129,145,145,170,199,199,199,199,199],"floor_reached":11,"language":"ENG","playtime":303,"items_purged":[],"score":162,"play_id":"57811f87-d750-4ee2-99ff-bdcfa44ce8c7","local_time":"20210203220546","is_ascension_mode":true,"campfire_choices":[{"data":"Neutralize","floor":6,"key":"SMITH"},{"floor":10,"key":"REST"}],"circlet_count":0,"master_deck":["AscendersBane","Strike_G","Strike_G","Strike_G","Strike_G","Strike_G","Defend_G","Defend_G","Defend_G","Defend_G","Defend_G","Survivor","Neutralize+1","Crippling Poison+1","All Out Attack","Dodge and Roll","Slice","Footwork"],"relics":["Ring of the Snake","NeowsBlessing","WingedGreaves","Du-Vu Doll","Kunai"],"acts_visited":["Exordium"],"potions_floor_usage":[7,8],"damage_taken":[{"damage":0,"enemies":"Jaw Worm","floor":1,"turns":1},{"damage":0,"enemies":"Small Slimes","floor":4,"turns":1},{"damage":0,"enemies":"Cultist","floor":5,"turns":1},{"damage":22,"enemies":"Lagavulin","floor":7,"turns":9},{"damage":18,"enemies":"3 Sentries","floor":8,"turns":12},{"damage":42,"enemies":"Gremlin Nob","floor":11,"turns":4}],"seed_played":"532066280455718484","potions_obtained":[{"floor":3,"key":"Strength Potion"},{"floor":3,"key":"Energy Potion"},{"floor":4,"key":"DistilledChaos"}],"is_trial":false,"path_per_floor":["M","?","?","M","M","R","E","E","T","R","E"],"character_chosen":"THE_SILENT","items_purchased":[],"campfire_rested":1,"item_purchase_floors":[],"current_hp_per_floor":[59,59,59,59,59,59,37,19,19,38,0,0],"gold":199,"neow_bonus":"THREE_ENEMY_KILL","is_daily":false,"chose_seed":false,"campfire_upgraded":1,"win_rate":0.0,"timestamp":1612382746,"path_taken":["M","?","?","M","?","R","E","E","T","R","E"],"items_purchased_type":[],"build_version":"2020-12-22","purchased_purges":0,"victory":false,"max_hp_per_floor":[66,66,66,66,66,66,66,66,66,66,66,66],"card_choices":[{"not_picked":["Quick Slash","PiercingWail"],"picked":"Crippling Poison","floor":1},{"not_picked":["Flying Knee","Prepared"],"picked":"All Out Attack","floor":4},{"not_picked":["Quick Slash","Finisher"],"picked":"Dodge and Roll","floor":5},{"not_picked":["Bane","All Out Attack"],"picked":"Slice","floor":7},{"not_picked":["Leg Sweep","Concentrate"],"picked":"Footwork","floor":8}],"player_experience":430120,"relics_obtained":[{"floor":7,"key":"WingedGreaves"},{"floor":8,"key":"Du-Vu Doll"},{"floor":9,"key":"Kunai"}],"event_choices":[{"damage_healed":0,"gold_gain":0,"player_choice":"Grow","damage_taken":0,"max_hp_gain":0,"max_hp_loss":0,"event_name":"Living Wall","floor":2,"gold_loss":0,"cards_upgraded":["Crippling Poison"]},{"damage_healed":0,"gold_gain":0,"player_choice":"Got Potions","damage_taken":0,"max_hp_gain":0,"max_hp_loss":0,"event_name":"Lab","floor":3,"gold_loss":0}],"is_beta":false,"boss_relics":[],"items_purged_floors":[],"is_endless":false,"potions_floor_spawned":[4],"killed_by":"Gremlin Nob","ascension_level":20}}