{"host":"sc0o2qwpf9j16a4i","time":1612373847,"event":{"mods":["AchievementEnabler","BaseMod","BetterRewards","Block Reminder","Colored Map","Colored Powertips","Custom Start","Highlight Path","Minty Spire (QoL Compilation)","Relic Stats"],"gold_per_floor":[115,190,190,190,209,209,239,239,239,266,280,298,0,10,10,115,115,134,134,153,153,100,133,133,133,185,203,203,203,232,245,245,344,344,363,414,428,439,439,175,0,32,32,52,52,87,106,120,120,120],"floor_reached":51,"language":"ENG","playtime":2072,"items_purged":["Pain"],"score":930,"play_id":"aa98a419-d5c3-4759-b267-fa80df136171","local_time":"20210203193727","daily_mods":["Insanity","Blue Cards","Night Terrors"],"is_ascension_mode":false,"campfire_choices":[{"data":"Beam Cell","floor":6,"key":"SMITH"},{"data":"Catalyst","floor":8,"key":"SMITH"},{"data":"Catalyst","floor":15,"key":"SMITH"},{"floor":24,"key":"REST"},{"data":"Bouncing Flask","floor":29,"key":"SMITH"},{"data":"Hologram","floor":32,"key":"SMITH"},{"data":"Hologram","floor":45,"key":"SMITH"},{"data":"Bouncing Flask","floor":49,"key":"SMITH"}],"circlet_count":0,"master_deck":["Flying Knee","Quick Slash","Infinite Blades","Coolheaded","Dodge and Roll","Deadly Poison","Dagger Spray","Catalyst+1","Leg Sweep","Streamline","Beam Cell+1","Backflip","Leg Sweep","Beam Cell","Crippling Poison","Streamline","Conserve Battery","Bane","Outmaneuver","Bane","Auto Shields","Static Discharge","Skim","Slice","Doom and Gloom","Reflex+1","Deadly Poison","Acrobatics","Deflect","Conserve Battery","PiercingWail","Bane","Rebound","Catalyst+1","Chaos","Blade Dance","Sucker Punch","Cold Snap","Flying Knee","Acrobatics","Hologram+1","Caltrops","Blade Dance","BootSequence","Backflip","Genetic Algorithm","Outmaneuver","Sunder","All Out Attack","Dagger Spray","Sweeping Beam+1","Dagger Spray","Ball Lightning+1","Blur","Streamline","Die Die Die","Beam Cell+1","Predator","RitualDagger","Streamline","Cloak And Dagger+1","Hologram+1","Bouncing Flask+1","Cold Snap","Go for the Eyes+1","Echo Form","Hologram+1","Cloak And Dagger+1","Underhanded Strike","Skewer","Bouncing Flask+1","Deadly Poison+1"],"relics":["Ring of the Snake","WarpedTongs","Matryoshka","Bottled Flame","Calipers","HornCleat","Medical Kit","MealTicket","Sozu","Snake Skull","Whetstone","Happy Flower","Dead Branch","Snecko Eye","Incense Burner","Vajra","Red Mask","Singing Bowl","Pear","The Courier"],"acts_visited":["Exordium","TheCity","TheBeyond"],"potions_floor_usage":[16,16,33],"damage_taken":[{"damage":0.0,"enemies":"Cultist","floor":1.0,"turns":3.0},{"damage":0.0,"enemies":"Jaw Worm","floor":5.0,"turns":2.0},{"damage":11,"enemies":"Gremlin Nob","floor":7,"turns":3},{"damage":5,"enemies":"3 Sentries","floor":10,"turns":5},{"damage":0,"enemies":"2 Louse","floor":11,"turns":1},{"damage":2,"enemies":"2 Fungi Beasts","floor":12,"turns":2},{"damage":0,"enemies":"Red Slaver","floor":14,"turns":2},{"damage":0,"enemies":"Slime Boss","floor":16,"turns":2},{"damage":0,"enemies":"Spheric Guardian","floor":18,"turns":4},{"damage":0,"enemies":"Shell Parasite","floor":20,"turns":4},{"damage":27,"enemies":"Book of Stabbing","floor":23,"turns":4},{"damage":2,"enemies":"Cultist and Chosen","floor":27,"turns":3},{"damage":10,"enemies":"Gremlin Leader","floor":30,"turns":4},{"damage":0,"enemies":"Chosen and Byrds","floor":31,"turns":4},{"damage":15,"enemies":"Champ","floor":33,"turns":10},{"damage":0,"enemies":"3 Darklings","floor":35,"turns":3},{"damage":10,"enemies":"2 Orb Walkers","floor":36,"turns":3},{"damage":0,"enemies":"Orb Walker","floor":37,"turns":3},{"damage":8,"enemies":"Sphere and 2 Shapes","floor":38,"turns":4},{"damage":0,"enemies":"Reptomancer","floor":42,"turns":6},{"damage":0,"enemies":"3 Darklings","floor":44,"turns":4},{"damage":19,"enemies":"Nemesis","floor":46,"turns":5},{"damage":0,"enemies":"Spire Growth","floor":47,"turns":3},{"damage":0,"enemies":"4 Shapes","floor":48,"turns":5},{"damage":28,"enemies":"Donu and Deca","floor":50,"turns":8}],"seed_played":"5340222403901801292","potions_obtained":[{"floor":7,"key":"SkillPotion"},{"floor":12,"key":"Strength Potion"},{"floor":14,"key":"CunningPotion"},{"floor":16,"key":"FearPotion"}],"is_trial":true,"path_per_floor":["M","?","?","?","M","R","E","R","T","E","M","M","$","M","R","B",null,"M","?","M","?","$","E","R","?","T","M","?","R","E","M","R","B",null,"M","?","M","M","?","$","?","E","T","M","R","E","M","M","R","B",null],"character_chosen":"THE_SILENT","items_purchased":["Medical Kit","MealTicket","Streamline","Vajra","Underhanded Strike"],"campfire_rested":1,"item_purchase_floors":[13,13,22,40,40],"current_hp_per_floor":[70,59,45,45,45,45,34,34,34,29,29,27,27,27,27,27,70,70,70,70,64,70,43,65,54,54,52,52,52,42,42,42,27,70,70,60,60,52,52,67,67,69,79,79,79,60,60,62,62,34],"gold":120,"neow_bonus":"","is_daily":false,"chose_seed":false,"campfire_upgraded":7,"win_rate":0.0,"timestamp":1612373847,"path_taken":["M","?","?","?","M","R","E","R","T","E","M","M","$","?","R","BOSS","M","?","M","?","$","E","R","?","T","?","?","R","E","M","R","BOSS","M","?","M","M","?","$","?","E","T","?","R","E","M","M","R","BOSS"],"items_purchased_type":["Relic","Relic","Card","Relic","Card"],"build_version":"2020-12-22","purchased_purges":1,"victory":true,"max_hp_per_floor":[70,70,70,70,70,70,70,70,70,70,70,70,70,70,70,70,70,70,70,70,70,70,70,65,70,70,70,70,70,70,70,70,70,70,70,70,70,70,70,70,70,72,82,82,82,82,82,84,84,84],"relic_stats":{"Happy Flower":[21],"Singing Bowl":4,"counters":[25,97],"Dead Branch":[87],"Snake Skull":[75],"Whetstone":["Ball Lightning","Sweeping Beam"],"Medical Kit":[0],"WarpedTongs":[94],"Sozu":6,"Snecko Eye":[92,102,77,107],"MealTicket":21,"obtain_stats":[{"Calipers":9,"Pear":43,"Happy Flower":26,"Singing Bowl":42,"Dead Branch":30,"Vajra":40,"Snake Skull":23,"The Courier":46,"Incense Burner":36,"Whetstone":26,"Medical Kit":13,"WarpedTongs":4,"Sozu":17,"Bottled Flame":9,"Matryoshka":7,"HornCleat":10,"Snecko Eye":34,"MealTicket":13,"Red Mask":41,"Ring of the Snake":0},{"Calipers":3,"Pear":20,"Happy Flower":11,"Singing Bowl":20,"Dead Branch":13,"Vajra":19,"Snake Skull":11,"The Courier":22,"Incense Burner":17,"Whetstone":11,"Medical Kit":6,"WarpedTongs":1,"Sozu":8,"Bottled Flame":3,"Matryoshka":3,"HornCleat":4,"Snecko Eye":15,"MealTicket":6,"Red Mask":19,"Ring of the Snake":0},{"Calipers":8,"Pear":72,"Happy Flower":32,"Singing Bowl":72,"Dead Branch":39,"Vajra":66,"Snake Skull":32,"The Courier":81,"Incense Burner":59,"Whetstone":32,"Medical Kit":16,"WarpedTongs":3,"Sozu":20,"Bottled Flame":8,"Matryoshka":8,"HornCleat":13,"Snecko Eye":53,"MealTicket":16,"Red Mask":66,"Ring of the Snake":0}],"Ring of the Snake":[50]},"card_choices":[{"not_picked":["Leg Sweep","Dagger Throw"],"picked":"Dagger Spray","floor":1.0},{"not_picked":["Slice","Force Field"],"picked":"Sweeping Beam","floor":5.0},{"not_picked":["Leg Sweep","Prepared"],"picked":"Dagger Spray","floor":7},{"not_picked":["Barrage","Redo","Backflip"],"picked":"SKIP","floor":10},{"not_picked":["Blade Dance","Caltrops"],"picked":"Ball Lightning","floor":11},{"not_picked":["Compile Driver","Steam"],"picked":"Blur","floor":12},{"not_picked":["Rebound","Flechettes"],"picked":"Streamline","floor":14},{"not_picked":["Malaise","Buffer"],"picked":"Die Die Die","floor":16},{"not_picked":["Backflip","Sucker Punch"],"picked":"Beam Cell+1","floor":18},{"not_picked":["Dodge and Roll","Slice+1"],"picked":"Predator","floor":20},{"not_picked":["Fission","Auto Shields"],"picked":"Cloak And Dagger+1","floor":23},{"not_picked":["Melter","Predator"],"picked":"Hologram","floor":27},{"not_picked":["Redo","Setup"],"picked":"Cold Snap","floor":30},{"not_picked":["Caltrops","Cold Snap"],"picked":"Go for the Eyes+1","floor":31},{"not_picked":["Biased Cognition","Burst"],"picked":"Echo Form","floor":33},{"not_picked":["Cloak And Dagger+1","Scrape+1"],"picked":"Hologram+1","floor":35},{"not_picked":["Infinite Blades+1","Bane"],"picked":"Cloak And Dagger+1","floor":36},{"not_picked":["Go for the Eyes+1","Cloak And Dagger","Acrobatics"],"picked":"SKIP","floor":37},{"not_picked":["Finisher+1","Coolheaded","Dagger Spray"],"picked":"SKIP","floor":38},{"not_picked":["Stack","Poisoned Stab+1","Outmaneuver"],"picked":"Singing Bowl","floor":42},{"not_picked":["Beam Cell","Sucker Punch"],"picked":"Skewer","floor":44},{"not_picked":["Biased Cognition","Compile Driver+1"],"picked":"Bouncing Flask","floor":46},{"not_picked":["Barrage+1","Cold Snap+1"],"picked":"Deadly Poison+1","floor":47},{"not_picked":["Go for the Eyes+1","Bane","Hello World+1"],"picked":"Singing Bowl","floor":48}],"player_experience":1163278,"relics_obtained":[{"floor":7,"key":"Matryoshka"},{"floor":9,"key":"Bottled Flame"},{"floor":9,"key":"Calipers"},{"floor":10,"key":"HornCleat"},{"floor":23,"key":"Snake Skull"},{"floor":26,"key":"Whetstone"},{"floor":26,"key":"Happy Flower"},{"floor":30,"key":"Dead Branch"},{"floor":36,"key":"Incense Burner"},{"floor":42,"key":"Singing Bowl"},{"floor":43,"key":"Pear"},{"floor":46,"key":"The Courier"}],"event_choices":[{"damage_healed":0.0,"max_hp_gain":0.0,"max_hp_loss":0.0,"gold_gain":75.0,"event_name":"World of Goop","player_choice":"Gather Gold","floor":2.0,"gold_loss":0.0,"damage_taken":11.0},{"damage_healed":0.0,"max_hp_gain":0.0,"max_hp_loss":0.0,"gold_gain":0.0,"event_name":"Shining Light","player_choice":"Entered Light","floor":3.0,"gold_loss":0.0,"damage_taken":14.0,"cards_upgraded":["Reflex","Rebound"]},{"damage_healed":0.0,"max_hp_gain":0.0,"max_hp_loss":0.0,"gold_gain":0.0,"event_name":"Accursed Blacksmith","player_choice":"Rummage","floor":4.0,"gold_loss":0.0,"damage_taken":0.0,"relics_obtained":["WarpedTongs"],"cards_obtained":["Pain"]},{"damage_healed":0,"gold_gain":0,"player_choice":"Ignored","damage_taken":0,"max_hp_gain":0,"max_hp_loss":0,"event_name":"Vampires","floor":19,"gold_loss":0},{"damage_healed":0,"gold_gain":0,"player_choice":"Joined the Cult","damage_taken":6,"max_hp_gain":0,"max_hp_loss":0,"event_name":"Nest","floor":21,"gold_loss":0,"cards_obtained":["RitualDagger"]},{"damage_healed":0,"gold_gain":0,"player_choice":"Shed Blood","damage_taken":16,"max_hp_gain":5,"max_hp_loss":0,"event_name":"Forgotten Altar","floor":25,"gold_loss":0},{"damage_healed":0,"gold_gain":0,"player_choice":"Read","damage_taken":0,"max_hp_gain":0,"max_hp_loss":0,"event_name":"The Library","floor":28,"gold_loss":0,"cards_obtained":["Bouncing Flask"]},{"damage_healed":0,"gold_gain":0,"player_choice":"Fight","damage_taken":0,"max_hp_gain":0,"max_hp_loss":0,"event_name":"Mysterious Sphere","floor":36,"gold_loss":0},{"cards_removed":["Rebound"],"damage_healed":0,"gold_gain":0,"player_choice":"Removed Attack","damage_taken":0,"max_hp_gain":0,"max_hp_loss":0,"event_name":"Falling","floor":39,"gold_loss":0},{"damage_healed":0,"gold_gain":0,"player_choice":"Paid","damage_taken":0,"relics_obtained":["Red Mask"],"max_hp_gain":0,"max_hp_loss":0,"event_name":"Tomb of Lord Red Mask","floor":41,"gold_loss":175}],"is_beta":false,"boss_relics":[{"not_picked":["SacredBark","Astrolabe"],"picked":"Sozu"},{"not_picked":["Fusion Hammer","Cursed Key"],"picked":"Snecko Eye"}],"items_purged_floors":[40],"is_endless":false,"potions_floor_spawned":[7,12,14,16,23,30,33,35,37,42],"ascension_level":0}}