{"host":"cjhtzh7tp54jdfyv","time":1612313581,"event":{"mods":["AchievementEnabler","BaseMod","Colored Map","Colored Powertips","Curses Come First","DeckTracker","Minty Spire (QoL Compilation)","RNG Fix","Relic Sorter","Relic Stats","StSLib","UnlockEverythingMod","ojb\u0027s Better Paths Mod","ojb\u0027s Info Mod"],"gold_per_floor":[112,129,140,140,65,96,96,43,43,58,77,77,111,131,131,131,131],"floor_reached":16,"language":"ENG","playtime":1238,"items_purged":[],"score":224,"play_id":"8feb4f5d-b0f3-4fc4-a0ff-be0a37e69922","local_time":"20210202195301","is_ascension_mode":true,"campfire_choices":[{"data":"Wraith Form v2","floor":7,"key":"SMITH"},{"data":"Eviscerate","floor":12,"key":"SMITH"},{"data":"Eviscerate","floor":15,"key":"SMITH"}],"circlet_count":0,"master_deck":["AscendersBane","Strike_G","Strike_G","Strike_G","Strike_G","Strike_G","Defend_G","Defend_G","Defend_G","Defend_G","Defend_G","Survivor","Neutralize","Wraith Form v2+1","Well Laid Plans","Dash","Eviscerate+1","Predator","Eviscerate+1"],"relics":["Ring of the Snake","Potion Belt","Singing Bowl","Art of War","Anchor"],"acts_visited":["Exordium"],"potions_floor_usage":[6,6,16,16,16],"damage_taken":[{"damage":1,"enemies":"2 Louse","floor":1,"turns":4},{"damage":4,"enemies":"Jaw Worm","floor":2,"turns":6},{"damage":0,"enemies":"Small Slimes","floor":3,"turns":4},{"damage":38,"enemies":"Lagavulin","floor":6,"turns":11},{"damage":1,"enemies":"Red Slaver","floor":10,"turns":4},{"damage":4,"enemies":"Exordium Wildlife","floor":11,"turns":8},{"damage":2,"enemies":"Gremlin Nob","floor":13,"turns":5},{"damage":1,"enemies":"Blue Slaver","floor":14,"turns":4},{"damage":20,"enemies":"Hexaghost","floor":16,"turns":11}],"seed_played":"2406898779664448238","potions_obtained":[{"floor":1,"key":"CunningPotion"},{"floor":2,"key":"SkillPotion"},{"floor":13,"key":"BlessingOfTheForge"},{"floor":14,"key":"SkillPotion"}],"is_trial":false,"path_per_floor":["M","M","M","?","?","E","R","$","T","M","M","R","E","M","R","B"],"character_chosen":"THE_SILENT","items_purchased":["AttackPotion"],"campfire_rested":0,"item_purchase_floors":[8],"current_hp_per_floor":[58,54,54,54,54,16,16,16,16,17,13,13,11,12,12,0,0],"gold":131,"neow_bonus":"THREE_RARE_CARDS","is_daily":false,"chose_seed":false,"campfire_upgraded":3,"win_rate":0.0,"timestamp":1612313581,"path_taken":["M","M","?","?","?","E","R","?","T","M","?","R","E","M","R","BOSS"],"items_purchased_type":["Potion"],"build_version":"2020-12-22","purchased_purges":0,"victory":false,"max_hp_per_floor":[60,60,60,60,60,60,60,60,60,62,62,62,62,64,64,64,64],"relic_stats":{"Singing Bowl":4,"counters":[9,57],"Art of War":[6],"obtain_stats":[{"Potion Belt":4,"Anchor":13,"Singing Bowl":6,"Art of War":9,"Ring of the Snake":0},{"Potion Belt":3,"Anchor":7,"Singing Bowl":4,"Art of War":4,"Ring of the Snake":0},{"Potion Belt":14,"Anchor":42,"Singing Bowl":25,"Art of War":25,"Ring of the Snake":0}],"Ring of the Snake":[18]},"card_choices":[{"not_picked":["After Image","Envenom"],"picked":"Wraith Form v2","floor":0},{"not_picked":["Cloak And Dagger","Underhanded Strike"],"picked":"Well Laid Plans","floor":1},{"not_picked":["Dagger Throw","Poisoned Stab"],"picked":"Dash","floor":2},{"not_picked":["Leg Sweep","Cloak And Dagger","Bane"],"picked":"SKIP","floor":3},{"not_picked":["Catalyst","Deadly Poison"],"picked":"Eviscerate","floor":6},{"not_picked":["PiercingWail","Storm of Steel","Sucker Punch"],"picked":"Singing Bowl","floor":10},{"not_picked":["Expertise","Slice"],"picked":"Predator","floor":11},{"not_picked":["PiercingWail","Endless Agony"],"picked":"Eviscerate","floor":13},{"not_picked":["Poisoned Stab","Outmaneuver","Sucker Punch"],"picked":"Singing Bowl","floor":14}],"player_experience":4688673,"relics_obtained":[{"floor":6,"key":"Singing Bowl"},{"floor":9,"key":"Art of War"},{"floor":13,"key":"Anchor"}],"event_choices":[{"damage_healed":0,"gold_gain":0,"player_choice":"Box","damage_taken":0,"relics_obtained":["Potion Belt"],"max_hp_gain":0,"max_hp_loss":0,"event_name":"Big Fish","floor":4,"gold_loss":0,"cards_obtained":["Regret"]},{"cards_removed":["Regret"],"damage_healed":0,"gold_gain":0,"player_choice":"Card Removal","damage_taken":0,"max_hp_gain":0,"max_hp_loss":0,"event_name":"The Cleric","floor":5,"gold_loss":75}],"is_beta":false,"boss_relics":[],"items_purged_floors":[],"is_endless":false,"potions_floor_spawned":[1,2,13,14],"killed_by":"Hexaghost","ascension_level":20}}