{"host":"746m694if73h3gai","time":1612384956,"event":{"mods":["2.2 Compatiblity","AchievementEnabler","Act Like it!","BaseMod","Colored Map","Colored Powertips","Downfall","Minty Spire (QoL Compilation)","Quick Restart","Rare Cards Sparkle","Relic Stats","StSLib","everything is the same but u backflip on backflip","slay the spire mod where everything is the same but ironclad has a cowboy hat"],"gold_per_floor":[115,115,125,142,160,160,191,191,218,252,427,444,476,489,489,584,584,600,600,611,629,643,643,657,657,657,692,692,725,725,825,825,924,924,943,995,418,438,452,452,10,10,10,22,47,59,59,59],"floor_reached":47,"language":"ENG","playtime":1757,"items_purged":["ForeignInfluence+1","Clumsy"],"score":674,"play_id":"b7a8b955-ea9f-4c26-ae51-aff0d41c1c2b","local_time":"20210203214236","is_ascension_mode":true,"campfire_choices":[{"data":"BowlingBash","floor":6.0,"key":"SMITH"},{"data":"LikeWater","floor":8.0,"key":"SMITH"},{"data":"WindmillStrike","floor":15.0,"key":"SMITH"},{"floor":23.0,"key":"REST"},{"data":"SandsOfTime","floor":25.0,"key":"SMITH"},{"floor":30.0,"key":"REST"},{"floor":32.0,"key":"REST"},{"floor":40.0,"key":"REST"}],"circlet_count":0,"master_deck":["Strike_P+1","Strike_P+1","Defend_P+1","Defend_P+1","Defend_P+1","Eruption","Vigilance+1","LikeWater+1","CrushJoints+1","CutThroughFate+1","BowlingBash+1","DevaForm+1","WindmillStrike+1","Alpha+1","Consecrate","LessonLearned+1","BattleHymn+1","SandsOfTime+1","Evaluate+1","WaveOfTheHand+1","DeceiveReality","EmptyMind","Devotion","Wireheading","Fasting2","ClearTheMind","InnerPeace+1","Mayhem","Protect","Swivel+1","Omniscience"],"relics":["Snecko Eye","Anchor","PreservedInsect","Damaru","Bottled Flame","Bag of Preparation","Astrolabe","Darkstone Periapt","Happy Flower","Turnip","Sundial","VioletLotus","Incense Burner","Blood Vial","Bronze Scales","Juzu Bracelet","Centennial Puzzle","Bag of Marbles"],"acts_visited":["Exordium","TheCity","TheBeyond"],"potions_floor_usage":[],"damage_taken":[{"damage":0.0,"enemies":"Jaw Worm","floor":1.0,"turns":3.0},{"damage":4.0,"enemies":"Cultist","floor":3.0,"turns":3.0},{"damage":0.0,"enemies":"Small Slimes","floor":4.0,"turns":2.0},{"damage":0.0,"enemies":"3 Louse","floor":5.0,"turns":1.0},{"damage":0.0,"enemies":"Lagavulin","floor":7.0,"turns":5.0},{"damage":0.0,"enemies":"Gremlin Nob","floor":10.0,"turns":2.0},{"damage":14.0,"enemies":"Gremlin Gang","floor":12.0,"turns":2.0},{"damage":1.0,"enemies":"3 Sentries","floor":13.0,"turns":5.0},{"damage":2.0,"enemies":"Blue Slaver","floor":14.0,"turns":3.0},{"damage":0.0,"enemies":"Slime Boss","floor":16.0,"turns":4.0},{"damage":0.0,"enemies":"Chosen","floor":18.0,"turns":4.0},{"damage":13.0,"enemies":"Spheric Guardian","floor":20.0,"turns":5.0},{"damage":56.0,"enemies":"Snake Plant","floor":21.0,"turns":5.0},{"damage":0.0,"enemies":"Cultist and Chosen","floor":22.0,"turns":3.0},{"damage":0.0,"enemies":"Centurion and Healer","floor":24.0,"turns":4.0},{"damage":9.0,"enemies":"Book of Stabbing","floor":27.0,"turns":5.0},{"damage":17.0,"enemies":"Gremlin Leader","floor":29.0,"turns":4.0},{"damage":7.0,"enemies":"Colosseum Slavers","floor":31.0,"turns":3.0},{"damage":2.0,"enemies":"Colosseum Nobs","floor":31.0,"turns":3.0},{"damage":30.0,"enemies":"Collector","floor":33.0,"turns":5.0},{"damage":6.0,"enemies":"3 Shapes","floor":35.0,"turns":3.0},{"damage":31.0,"enemies":"2 Orb Walkers","floor":36.0,"turns":4.0},{"damage":0.0,"enemies":"Orb Walker","floor":38.0,"turns":2.0},{"damage":17.0,"enemies":"Jaw Worm Horde","floor":39.0,"turns":3.0},{"damage":30.0,"enemies":"Maw","floor":44.0,"turns":6.0},{"damage":2.0,"enemies":"Giant Head","floor":45.0,"turns":5.0},{"damage":13.0,"enemies":"4 Shapes","floor":46.0,"turns":5.0},{"damage":14,"enemies":"Sphere and 2 Shapes","floor":47,"turns":2}],"seed_played":"3327226955956949631","potions_obtained":[{"floor":1.0,"key":"Ancient Potion"},{"floor":3.0,"key":"EssenceOfSteel"},{"floor":7.0,"key":"Explosive Potion"},{"floor":12.0,"key":"Ancient Potion"},{"floor":16.0,"key":"Regen Potion"},{"floor":22.0,"key":"PowerPotion"},{"floor":33.0,"key":"SpeedPotion"},{"floor":36.0,"key":"sneckomod:MuddlingPotion"}],"is_trial":false,"path_per_floor":["M","?","M","M","M","R","E","R","T","E","?","M","E","M","R","B",null,"M","?","M","M","M","R","M","R","T","E","?","E","R","?","R","B",null,"M","?","$","M","M","R","$","?","T","M","E","M","M"],"character_chosen":"WATCHER","items_purchased":["Blood Vial","Bronze Scales","Fasting2","ClearTheMind","StancePotion","Mayhem","Juzu Bracelet"],"campfire_rested":4,"item_purchase_floors":[37,37,37,37,37,41,41],"current_hp_per_floor":[72,72,68,68,68,68,68,68,68,68,68,54,53,51,51,51,72,72,72,59,3,12,33,33,33,33,24,24,7,28,19,40,10,72,66,35,35,37,22,43,43,43,43,15,15,4,0,0],"gold":59,"neow_bonus":"BOSS_RELIC","is_daily":false,"chose_seed":false,"campfire_upgraded":4,"win_rate":0.0,"timestamp":1612384956,"path_taken":["M","?","M","?","M","R","E","R","T","E","?","M","E","M","R","BOSS","M","?","?","M","M","R","M","R","T","E","?","E","R","?","R","BOSS","M","?","$","M","M","R","$","?","T","M","E","M","M"],"items_purchased_type":["Relic","Relic","Card","Card","Potion","Card","Relic"],"build_version":"2020-12-22","purchased_purges":2,"victory":false,"max_hp_per_floor":[72,72,72,72,72,72,72,72,72,72,72,72,72,72,72,72,72,72,72,72,72,72,72,72,72,72,72,72,72,72,72,72,72,72,72,72,72,72,72,72,72,72,72,72,72,72,72,72],"relic_stats":{"Darkstone Periapt":0,"Happy Flower":[13],"counters":[28,101],"Astrolabe":["Clumsy","BattleHymn","ForeignInfluence"],"PreservedInsect":301,"Bag of Preparation":[40],"Juzu Bracelet":0,"Blood Vial":12,"Centennial Puzzle":[12],"Sundial":[4],"Bronze Scales":[54],"Snecko Eye":[190,174,174,205],"Turnip":[6],"VioletLotus":[5],"obtain_stats":[{"Darkstone Periapt":27,"Happy Flower":29,"Astrolabe":17,"Damaru":9,"PreservedInsect":7,"Bag of Preparation":13,"Incense Burner":36,"Juzu Bracelet":41,"Blood Vial":37,"Anchor":2,"Bottled Flame":10,"Centennial Puzzle":43,"Sundial":31,"Bronze Scales":37,"Snecko Eye":0,"Turnip":31,"VioletLotus":34,"Bag of Marbles":45,"PureWater":0},{"Darkstone Periapt":16,"Happy Flower":17,"Astrolabe":10,"Damaru":5,"PreservedInsect":5,"Bag of Preparation":8,"Incense Burner":22,"Juzu Bracelet":24,"Blood Vial":22,"Anchor":1,"Bottled Flame":6,"Centennial Puzzle":24,"Sundial":19,"Bronze Scales":22,"Snecko Eye":0,"Turnip":19,"VioletLotus":20,"Bag of Marbles":26,"PureWater":0},{"Darkstone Periapt":56,"Happy Flower":60,"Astrolabe":30,"Damaru":14,"PreservedInsect":14,"Bag of Preparation":23,"Incense Burner":78,"Juzu Bracelet":83,"Blood Vial":78,"Anchor":3,"Bottled Flame":16,"Centennial Puzzle":83,"Sundial":66,"Bronze Scales":78,"Snecko Eye":0,"Turnip":66,"VioletLotus":71,"Bag of Marbles":94,"PureWater":0}]},"card_choices":[{"not_picked":["ThirdEye","FollowUp"],"picked":"LikeWater","floor":1.0},{"not_picked":["Prostrate","SignatureMove"],"picked":"CrushJoints","floor":3.0},{"not_picked":["Pray","EmptyFist"],"picked":"CutThroughFate","floor":4.0},{"not_picked":["SashWhip","ForeignInfluence"],"picked":"BowlingBash","floor":5.0},{"not_picked":["PathToVictory","Fasting2"],"picked":"DevaForm","floor":7.0},{"not_picked":["CutThroughFate","Crescendo"],"picked":"WindmillStrike","floor":10.0},{"not_picked":["FlurryOfBlows","CrushJoints","WindmillStrike"],"picked":"SKIP","floor":12.0},{"not_picked":["FlurryOfBlows","EmptyMind"],"picked":"Alpha","floor":13.0},{"not_picked":["PathToVictory","CrushJoints"],"picked":"Consecrate","floor":14.0},{"not_picked":["ConjureBlade","Brilliance"],"picked":"LessonLearned","floor":16.0},{"not_picked":["SashWhip","Protect"],"picked":"SandsOfTime","floor":18.0},{"not_picked":["Consecrate","Conclude+1"],"picked":"Evaluate+1","floor":20.0},{"not_picked":["Weave+1","SashWhip+1"],"picked":"WaveOfTheHand+1","floor":21.0},{"not_picked":["Crescendo","Prostrate"],"picked":"DeceiveReality","floor":22.0},{"not_picked":["Conclude","Consecrate","Prostrate"],"picked":"SKIP","floor":24.0},{"not_picked":["Halt+1","Evaluate","Weave"],"picked":"SKIP","floor":27.0},{"not_picked":["BattleHymn+1","ForeignInfluence","Wireheading"],"picked":"SKIP","floor":29.0},{"not_picked":["SashWhip+1","BowlingBash"],"picked":"EmptyMind","floor":31.0},{"not_picked":["Establishment","DeusExMachina"],"picked":"Devotion","floor":33.0},{"not_picked":["PathToVictory+1","Study+1","Prostrate"],"picked":"SKIP","floor":35.0},{"not_picked":["Conclude+1","ClearTheMind"],"picked":"Wireheading","floor":36.0},{"not_picked":["BattleHymn","SashWhip"],"picked":"InnerPeace+1","floor":38.0},{"not_picked":["PathToVictory+1","Protect","ForeignInfluence"],"picked":"SKIP","floor":39.0},{"not_picked":["CrushJoints","TalkToTheHand"],"picked":"Protect","floor":44.0},{"not_picked":["ClearTheMind","EmptyFist"],"picked":"Swivel+1","floor":45.0},{"not_picked":["Indignation+1","FlyingSleeves+1"],"picked":"Omniscience","floor":46.0}],"player_experience":164800,"relics_obtained":[{"floor":7.0,"key":"PreservedInsect"},{"floor":9.0,"key":"Damaru"},{"floor":10.0,"key":"Bottled Flame"},{"floor":13.0,"key":"Bag of Preparation"},{"floor":27.0,"key":"Darkstone Periapt"},{"floor":29.0,"key":"Happy Flower"},{"floor":31.0,"key":"Turnip"},{"floor":31.0,"key":"Sundial"},{"floor":36.0,"key":"Incense Burner"},{"floor":43.0,"key":"Centennial Puzzle"},{"floor":45.0,"key":"Bag of Marbles"}],"event_choices":[{"damage_healed":0.0,"max_hp_gain":0.0,"max_hp_loss":0.0,"gold_gain":0.0,"event_name":"WeMeetAgain","player_choice":"Gave Potion","floor":2.0,"gold_loss":0.0,"damage_taken":0.0,"relics_obtained":["Anchor"]},{"damage_healed":0.0,"max_hp_gain":0.0,"max_hp_loss":0.0,"gold_gain":175.0,"event_name":"Liars Game","player_choice":"AGREE","floor":11.0,"gold_loss":0.0,"damage_taken":0.0,"cards_obtained":["Doubt"]},{"damage_healed":0.0,"max_hp_gain":0.0,"max_hp_loss":0.0,"gold_gain":0.0,"cards_transformed":["Defend_P"],"event_name":"Transmorgrifier","player_choice":"Transformed","floor":19.0,"gold_loss":0.0,"damage_taken":0.0,"cards_obtained":["SignatureMove"]},{"damage_healed":0.0,"max_hp_gain":0.0,"max_hp_loss":0.0,"gold_gain":0.0,"event_name":"Back to Basics","player_choice":"Simplicity","floor":28.0,"gold_loss":0.0,"damage_taken":0.0,"cards_upgraded":["Strike_P","Defend_P","Defend_P","Defend_P"]},{"damage_healed":0.0,"max_hp_gain":0.0,"max_hp_loss":0.0,"gold_gain":0.0,"event_name":"Colosseum","player_choice":"Fight","floor":31.0,"gold_loss":0.0,"damage_taken":0.0},{"damage_healed":0.0,"max_hp_gain":0.0,"max_hp_loss":0.0,"gold_gain":0.0,"event_name":"Colosseum","player_choice":"Fought Nobs","floor":31.0,"gold_loss":0.0,"damage_taken":0.0},{"damage_healed":0.0,"max_hp_gain":0.0,"max_hp_loss":0.0,"gold_gain":0.0,"event_name":"Mysterious Sphere","player_choice":"Fight","floor":36.0,"gold_loss":0.0,"damage_taken":0.0},{"cards_removed":["SignatureMove"],"damage_healed":0.0,"max_hp_gain":0.0,"max_hp_loss":0.0,"gold_gain":0.0,"event_name":"Falling","player_choice":"Removed Attack","floor":42.0,"gold_loss":0.0,"damage_taken":0.0}],"is_beta":false,"boss_relics":[{"not_picked":["Fusion Hammer","Velvet Choker"],"picked":"Astrolabe"},{"not_picked":["Sozu","bronze:MakeshiftBattery"],"picked":"VioletLotus"}],"items_purged_floors":[37,41],"is_endless":false,"potions_floor_spawned":[1,3,7,12,16,20,21,22,33,36,44,45],"killed_by":"Sphere and 2 Shapes","ascension_level":1}}