{"host":"n7y3mu11vy2qow2a","time":1612363489,"event":{"mods":["BaseMod","Better Third Choice","BetterRewards","Colored Powertips","Downfall","Glutton Mod","Hunter ??","Infinite Spire","Minty Spire (QoL Compilation)","READ ME - Guardian Mod","Relic Stats","Shade Mod","Shop Mod","StSLib","The Animator","The Blackbeard","The Bug Knight","The Cursed","The Druid","The Exalted","The Forsaken","The Hierophant","The Judge","The Necromancer","The Poker Player","The Runesmith","The Servant 0.9.4","TheBandit","Wandering Minibosses"],"gold_per_floor":[99,118,118,138,45,56,80,111,126,157,168,168,182,199,182,182,182,182],"floor_reached":16,"language":"ENG","playtime":1181,"items_purged":[],"score":157,"play_id":"efd5d68b-bb52-48f1-b866-c7e3b046e592","local_time":"20210203154449","is_ascension_mode":true,"campfire_choices":[{"data":"Slimebound:CorrosiveSpit","floor":1,"key":"SMITH"}],"circlet_count":0,"master_deck":["Slimebound:Strike_Slimebound","Slimebound:Strike_Slimebound","Slimebound:Strike_Slimebound","Slimebound:Tackle","Slimebound:Defend_Slimebound","Slimebound:Defend_Slimebound","Slimebound:Defend_Slimebound","Slimebound:Defend_Slimebound","Slimebound:Split","Slimebound:CorrosiveSpit+1","Slimebound:LeechEnergy","Slimebound:FormOfPuddle","Slimebound:LivingWall","Slimebound:AcidTongue","Slimebound:MassRepurpose","Slimebound:Gluttony","Slimebound:SplitAcid","Slimebound:SlimeSpikes","Slimebound:SamplingLick","Slimebound:Prepare","Slimebound:Repurpose"],"relics":["Slimebound:AbsorbEndCombat","Happy Flower"],"acts_visited":["Exordium"],"potions_floor_usage":[8,15,15],"damage_taken":[{"damage":0,"enemies":"Cultist","floor":2,"turns":4},{"damage":1,"enemies":"Small Slimes","floor":4,"turns":4},{"damage":3,"enemies":"downfall:FleeingMerchant","floor":5,"turns":4},{"damage":7,"enemies":"Jaw Worm","floor":6,"turns":5},{"damage":4,"enemies":"HollowMod:MossKnight","floor":8,"turns":11},{"damage":30,"enemies":"Exordium Thugs","floor":9,"turns":4},{"damage":39,"enemies":"Gremlin Nob","floor":10,"turns":5},{"damage":5,"enemies":"3 Louse","floor":11,"turns":3},{"damage":9,"enemies":"Blue Slaver","floor":13,"turns":3},{"damage":6,"enemies":"Exordium Thugs","floor":14,"turns":5},{"damage":0,"enemies":"Large Slime","floor":15,"turns":6},{"damage":32,"enemies":"WA_ARCHETYPE_RETAIN","floor":16,"turns":10}],"seed_played":"-4238407004148036030","potions_obtained":[{"floor":2,"key":"Ancient Potion"},{"floor":4,"key":"AttackPotion"},{"floor":13,"key":"Energy Potion"},{"floor":14,"key":"Swift Potion"}],"is_trial":false,"path_per_floor":["R","M","?","M","$","M","T","E","M","E","M","?","M","M","M","B"],"character_chosen":"SLIMEBOUND","items_purchased":["Slimebound:AcidTongue"],"campfire_rested":0,"item_purchase_floors":[5],"current_hp_per_floor":[65,71,71,71,71,70,70,67,45,14,15,15,10,12,20,0,0,0],"gold":182,"neow_bonus":"TEN_PERCENT_HP_BONUS","is_daily":false,"chose_seed":false,"campfire_upgraded":1,"win_rate":0.0,"timestamp":1612363489,"path_taken":["R","M","?","M","$","M","T","E","M","E","M","?","M","M","M","BOSS"],"items_purchased_type":["Card"],"build_version":"2020-12-22","purchased_purges":0,"victory":false,"max_hp_per_floor":[71,71,71,71,71,71,71,71,71,71,71,71,71,71,71,71,71,71],"relic_stats":{"Happy Flower":[9],"counters":[12,64],"obtain_stats":[{"Happy Flower":10,"Slimebound:ScrapOozeRelic":12,"Slimebound:AbsorbEndCombat":0,"Ancient Tea Set":8},{"Happy Flower":7,"Slimebound:ScrapOozeRelic":8,"Slimebound:AbsorbEndCombat":0,"Ancient Tea Set":5},{"Happy Flower":37,"Slimebound:ScrapOozeRelic":40,"Slimebound:AbsorbEndCombat":0,"Ancient Tea Set":28}]},"card_choices":[{"not_picked":["Slimebound:LeechingTouch","Slimebound:ItLooksTasty"],"picked":"Slimebound:LeechEnergy","floor":2},{"not_picked":["Slimebound:RollThrough","Slimebound:TongueLash"],"picked":"Slimebound:FormOfPuddle","floor":4},{"not_picked":["Slimebound:GoopTackle","Slimebound:LeechingTouch"],"picked":"Slimebound:LivingWall","floor":5},{"not_picked":["Slimebound:SlimeSpikes","Slimebound:SlimeBarrage"],"picked":"Slimebound:MassRepurpose","floor":6},{"not_picked":["Slimebound:SpikyOuterGoop","Slimebound:ComboTackle"],"picked":"Slimebound:Gluttony","floor":8},{"not_picked":["Slimebound:LeechEnergy","Slimebound:LeechingTouch"],"picked":"Slimebound:SplitAcid","floor":9},{"not_picked":["Slimebound:FinishingTackle","Slimebound:SplitAcid","Slimebound:LivingWall"],"picked":"SKIP","floor":10},{"not_picked":["Slimebound:LeechEnergy","Slimebound:ViciousTackle"],"picked":"Slimebound:SlimeSpikes","floor":11},{"not_picked":["Slimebound:ViciousTackle","Slimebound:LeechEnergy"],"picked":"Slimebound:SamplingLick","floor":13},{"not_picked":["Slimebound:SlimeSpikes","Slimebound:SamplingLick"],"picked":"Slimebound:Prepare","floor":14},{"not_picked":["Slimebound:SplitBruiser","Slimebound:ComboTackle"],"picked":"Slimebound:Repurpose","floor":15}],"player_experience":496667,"relics_obtained":[{"floor":8,"key":"Ancient Tea Set"},{"floor":10,"key":"Happy Flower"}],"event_choices":[],"is_beta":false,"boss_relics":[],"items_purged_floors":[],"is_endless":false,"potions_floor_spawned":[2,4,13,14],"killed_by":"WA_ARCHETYPE_RETAIN","ascension_level":7}}