{"host":"n605f8gctjc87d7h","time":1612386076,"event":{"mods":["Aspiration","Bard","BaseMod","Better Match","Better Note","Better Skull","Better Third Choice","Conspire","Downfall","Halation","Hermit","Infinite Spire","Minty Spire (QoL Compilation)","Replay The Spire","Retaliation","Shade Mod","Spicy Shops","StSLib","The IronCluck","The Jungle"],"gold_per_floor":[117,127,227,152,163,195,214,214,214,249,149,162,162,181,181,255,255,275,275,275,289,309,338,338,355,380,391,136,149,169,169,169,246,246,262,262,278,278,278,278,291,310,336,336,354,354,389,389,389,389],"floor_reached":51,"language":"ENG","playtime":3725,"items_purged":["downfall:Haunted","Writhe","Strike_B","Delirium"],"score":961,"play_id":"ac6536af-2305-4401-9090-a5d4dcdcd4ba","local_time":"20210203130116","is_ascension_mode":true,"campfire_choices":[{"floor":8,"key":"REST"},{"floor":13,"key":"REST"},{"data":"Defragment","floor":15,"key":"SMITH"},{"data":"infinitespire:Oblivion","floor":24,"key":"SMITH"},{"floor":32,"key":"REST"},{"data":"infinitespire:Oblivion","floor":40,"key":"SMITH"},{"data":"Defragment","floor":44,"key":"SMITH"},{"data":"Zap","floor":46,"key":"SMITH"},{"data":"Writhe","floor":49,"key":"PURGE"}],"circlet_count":0,"master_deck":["AscendersBane","Strike_B+1","Strike_B+1","Defend_B","Defend_B","Defend_B+1","Zap+1","Dualcast","Cold Snap+1","Conserve Battery","ReplayTheSpireMod:Faulty Equipment","Buffer+1","ReplayTheSpireMod:Calculation Training","Defragment+1","Melter","Defragment+1","Reboot","White Noise","infinitespire:Oblivion+1","conspire:Rain+1","Ball Lightning","Self Repair","Leap","Thunder Strike","Skim+1","infinitespire:Oblivion+1","Compile Driver+1"],"relics":["Cracked Core","Darkstone Periapt","Replay:Accelerometer","aspiration:AnachronicSnailShell","aspiration:FaultyCoupler","Empty Cage","Orichalcum","infinitespire:FocusingShard","Whetstone","ReplayTheSpireMod:TigerMarble","Ring of Panic","Snecko Heart","Inserter","Simple Rune"],"acts_visited":["Exordium","TheCity","TheBeyond"],"potions_floor_usage":[7,10,23,33,37,42],"damage_taken":[{"damage":7.0,"enemies":"Jaw Worm","floor":1.0,"turns":3.0},{"damage":0.0,"enemies":"2 Louse","floor":2.0,"turns":2.0},{"damage":4.0,"enemies":"Cultist","floor":5.0,"turns":3.0},{"damage":10.0,"enemies":"Lagavulin","floor":6.0,"turns":8.0},{"damage":11,"enemies":"Blue Slaver","floor":7,"turns":4},{"damage":16,"enemies":"3 Sentries","floor":10,"turns":5},{"damage":0,"enemies":"Large Slime","floor":12,"turns":5},{"damage":10,"enemies":"Exordium Wildlife","floor":14,"turns":5},{"damage":2,"enemies":"The Guardian","floor":16,"turns":12},{"damage":7,"enemies":"Chosen","floor":18,"turns":5},{"damage":2,"enemies":"conspire:FuzzyDice","floor":21,"turns":7},{"damage":1,"enemies":"Cultist and Chosen","floor":22,"turns":5},{"damage":0,"enemies":"conspire:Head Lice","floor":23,"turns":4},{"damage":39,"enemies":"3 Cultists","floor":25,"turns":6},{"damage":0,"enemies":"Snecko","floor":27,"turns":3},{"damage":10,"enemies":"Shelled Parasite and Fungi","floor":29,"turns":4},{"damage":15,"enemies":"Chosen and Byrds","floor":30,"turns":5},{"damage":24,"enemies":"Champ","floor":33,"turns":13},{"damage":4,"enemies":"Orb Walker","floor":35,"turns":4},{"damage":29,"enemies":"3 Darklings","floor":37,"turns":8},{"damage":0,"enemies":"Sphere and 2 Shapes","floor":41,"turns":2},{"damage":0,"enemies":"Maw","floor":42,"turns":4},{"damage":1,"enemies":"3 Darklings","floor":45,"turns":3},{"damage":5,"enemies":"R_Hoarder","floor":47,"turns":6},{"damage":22,"enemies":"Replay:Hell Engine","floor":50,"turns":7}],"seed_played":"-45000135359016396","potions_obtained":[{"floor":5.0,"key":"FocusPotion"},{"floor":6.0,"key":"Explosive Potion"},{"floor":7,"key":"PowerPotion"},{"floor":16,"key":"Venom Potion"},{"floor":21,"key":"SteroidPotion"},{"floor":22,"key":"FocusPotion"},{"floor":27,"key":"Venom Potion"},{"floor":30,"key":"DDmod:CleansePotion"},{"floor":35,"key":"Languid Potion"},{"floor":41,"key":"Strength Potion"},{"floor":42,"key":"Guardian:BlockOnCardUsePotion"}],"is_trial":false,"path_per_floor":["M","M","?","$","M","E","M","R","T","E","$","M","R","M","R","B",null,"M","?","AVR","M","M","E","R","M","T","M","$","M","M","?","R","B",null,"M","?","M","AVR","?","R","M","M","T","R","M","R","E","?","R","B",null],"character_chosen":"DEFECT","items_purchased":["Self Repair","ReplayTheSpireMod:TigerMarble"],"campfire_rested":3,"item_purchase_floors":[28,28],"current_hp_per_floor":[53,53,77,77,73,63,52,84,84,68,68,68,100,90,90,88,104,97,97,97,95,94,94,94,55,55,55,55,52,44,50,84,67,103,106,106,84,84,84,84,84,91,91,91,97,97,99,121,121,106],"gold":389,"neow_bonus":"TWENTY_PERCENT_HP_BONUS","is_daily":false,"chose_seed":false,"campfire_upgraded":5,"win_rate":0.0,"timestamp":1612386076,"path_taken":["M","M","?","$","M","E","M","R","T","E","$","M","R","M","R","BOSS","M","?","AVR","?","M","E","R","M","T","M","$","M","M","?","R","BOSS","M","?","M","AVR","?","R","M","?","T","R","M","R","E","?","R","BOSS"],"items_purchased_type":["Card","Relic"],"build_version":"2020-12-22","purchased_purges":4,"victory":true,"max_hp_per_floor":[85,85,109,109,109,109,109,109,109,109,109,109,109,109,109,109,109,109,109,109,109,109,109,109,109,109,109,109,109,109,115,115,115,115,115,115,115,115,115,115,115,115,115,115,115,115,115,121,121,121],"card_choices":[{"not_picked":["Beam Cell","Conserve Battery"],"picked":"Cold Snap","floor":1.0},{"not_picked":["ReplaySort","ReplayTheSpireMod:GoodbyeWorld"],"picked":"Conserve Battery","floor":2.0},{"not_picked":["Darkness","Undo"],"picked":"ReplayTheSpireMod:Calculation Training","floor":5.0},{"not_picked":["Ball Lightning","Cold Snap"],"picked":"Defragment","floor":6.0},{"not_picked":["Panic Button","Time Bomb"],"picked":"Melter","floor":7},{"not_picked":["Recycle","Blizzard"],"picked":"Defragment","floor":10},{"not_picked":["Core Surge","Steam","Barrage"],"picked":"SKIP","floor":12},{"not_picked":["Turbo","BasicCrystalCard","Aggregate"],"picked":"SKIP","floor":14},{"not_picked":["ReplayTheSpireMod:Omega Cannon","Fission"],"picked":"Reboot","floor":16},{"not_picked":["Time Bomb","Steam"],"picked":"White Noise","floor":18},{"not_picked":["Barrage","Tempest"],"picked":"conspire:Rain+1","floor":21},{"not_picked":["BasicCrystalCard","Hologram"],"picked":"Ball Lightning","floor":22},{"not_picked":["Consume","Stack","Conserve Battery"],"picked":"SKIP","floor":23},{"not_picked":["Go for the Eyes+1","ReplayGash","Aggregate+1"],"picked":"SKIP","floor":25},{"not_picked":["conspire:Rain","conspire:SharedLibrary","Stack"],"picked":"SKIP","floor":27},{"not_picked":["conspire:Rain","conspire:SharedLibrary","Stack"],"picked":"SKIP","floor":27},{"not_picked":["Hologram","ReplaySort","Compile Driver"],"picked":"SKIP","floor":29},{"not_picked":["Double Energy","Chaos"],"picked":"Leap","floor":30},{"not_picked":["Reboot","Hyperbeam"],"picked":"Thunder Strike","floor":33},{"not_picked":["Crystallizer+1","Reinforced Body"],"picked":"Storm","floor":35},{"not_picked":["Defragment","Turbo"],"picked":"Skim+1","floor":37},{"not_picked":["Genetic Algorithm","Auto Shields","BasicCrystalCard"],"picked":"SKIP","floor":41},{"not_picked":["Barrage","ReplayGash"],"picked":"Compile Driver+1","floor":42},{"not_picked":["Reprogram","Turbo","Sunder"],"picked":"SKIP","floor":45},{"not_picked":["Recycle","Chaos","ReplaySort"],"picked":"SKIP","floor":47}],"player_experience":805467,"relics_obtained":[{"floor":6.0,"key":"Replay:Accelerometer"},{"floor":9,"key":"aspiration:AnachronicSnailShell"},{"floor":10,"key":"aspiration:FaultyCoupler"},{"floor":23,"key":"infinitespire:FocusingShard"},{"floor":26,"key":"Whetstone"},{"floor":31,"key":"Ring of Panic"},{"floor":47,"key":"Simple Rune"}],"event_choices":[{"cards_removed":["Defend_B"],"damage_healed":0,"gold_gain":0,"player_choice":"Card Removal","damage_taken":0,"max_hp_gain":0,"max_hp_loss":0,"event_name":"Wheel of Change","floor":19,"gold_loss":0},{"cards_removed":["Storm"],"damage_healed":0,"gold_gain":0,"player_choice":"Removed Power","damage_taken":0,"max_hp_gain":0,"max_hp_loss":0,"event_name":"Falling","floor":36,"gold_loss":0},{"damage_healed":0,"gold_gain":0,"player_choice":"Forge","damage_taken":0,"max_hp_gain":0,"max_hp_loss":0,"event_name":"Accursed Blacksmith","floor":39,"gold_loss":0,"cards_upgraded":["Buffer"]},{"damage_healed":29,"gold_gain":0,"player_choice":"Writhe","damage_taken":0,"max_hp_gain":0,"max_hp_loss":0,"event_name":"Winding Halls","floor":48,"gold_loss":0,"cards_obtained":["Writhe"]}],"is_beta":false,"boss_relics":[{"not_picked":["Painkiller Herb","Honey Jar"],"picked":"Empty Cage"},{"not_picked":["Replay:Grab Bag","conspire:SeveredTorchhead"],"picked":"Snecko Heart"}],"items_purged_floors":[4,11,20,38],"is_endless":false,"potions_floor_spawned":[5,6,7,16,21,22,27,30,35,41,42,45],"ascension_level":14}}