{"host":"fj5i6t4nkss7815d","time":1612339621,"event":{"mods":["AchievementEnabler","BaseMod","Minty Spire (QoL Compilation)","Quick Restart","Relic Stats"],"gold_per_floor":[109,127,143,143,158,202,202,220,243,243,264,297,447,447,447,447,447],"floor_reached":16,"language":"ENG","playtime":1316,"items_purged":[],"score":213,"play_id":"b99ac69a-abf2-4395-89d3-203099114f0f","local_time":"20210203000701","is_ascension_mode":true,"campfire_choices":[{"floor":7,"key":"REST"},{"floor":10,"key":"REST"},{"floor":15,"key":"REST"}],"circlet_count":0,"master_deck":["AscendersBane","Strike_G","Strike_G","Strike_G","Strike_G","Strike_G","Defend_G","Defend_G","Defend_G","Defend_G","Defend_G","Survivor","Neutralize","Storm of Steel","Dagger Spray","Choke","Accuracy","Deflect","Footwork","Prepared+1","Quick Slash","Tools of the Trade","Doubt"],"relics":["Ring of the Snake","Golden Idol","Toxic Egg 2","Strawberry","Art of War"],"acts_visited":["Exordium"],"potions_floor_usage":[5,6,11,16],"damage_taken":[{"damage":0,"enemies":"Small Slimes","floor":1,"turns":4},{"damage":2,"enemies":"2 Louse","floor":2,"turns":2},{"damage":0,"enemies":"Jaw Worm","floor":3,"turns":4},{"damage":20,"enemies":"Exordium Thugs","floor":5,"turns":5},{"damage":30,"enemies":"3 Sentries","floor":6,"turns":5},{"damage":8,"enemies":"Blue Slaver","floor":8,"turns":8},{"damage":7,"enemies":"Red Slaver","floor":11,"turns":6},{"damage":38,"enemies":"Lagavulin","floor":12,"turns":6},{"damage":22,"enemies":"The Guardian","floor":16,"turns":14}],"seed_played":"5026185717778954200","potions_obtained":[{"floor":2,"key":"Weak Potion"},{"floor":5,"key":"AttackPotion"},{"floor":11,"key":"Fruit Juice"},{"floor":12,"key":"PowerPotion"}],"is_trial":false,"path_per_floor":["M","M","M","?","M","E","R","M","T","R","M","E","?","?","R","B"],"character_chosen":"THE_SILENT","items_purchased":[],"campfire_rested":3,"item_purchase_floors":[],"current_hp_per_floor":[59,57,57,57,37,7,25,17,24,44,42,4,4,4,25,3,3],"gold":447,"neow_bonus":"ONE_RANDOM_RARE_CARD","is_daily":false,"chose_seed":false,"campfire_upgraded":0,"win_rate":0.0,"timestamp":1612339621,"path_taken":["M","M","M","?","M","E","R","M","T","R","M","E","?","?","R","BOSS"],"items_purchased_type":[],"build_version":"2020-12-22","purchased_purges":0,"victory":false,"max_hp_per_floor":[66,66,66,60,60,60,60,60,67,67,72,72,72,72,72,72,72],"relic_stats":{"counters":[9,54],"Golden Idol":27,"Art of War":[2],"obtain_stats":[{"Golden Idol":4,"Strawberry":9,"Art of War":12,"Toxic Egg 2":6,"Ring of the Snake":0},{"Golden Idol":3,"Strawberry":6,"Art of War":8,"Toxic Egg 2":5,"Ring of the Snake":0},{"Golden Idol":10,"Strawberry":28,"Art of War":40,"Toxic Egg 2":20,"Ring of the Snake":0}],"Ring of the Snake":[18]},"card_choices":[{"not_picked":["Cloak And Dagger","Catalyst"],"picked":"Dagger Spray","floor":1},{"not_picked":["Calculated Gamble","Outmaneuver"],"picked":"Choke","floor":2},{"not_picked":["Dagger Spray","PiercingWail"],"picked":"Accuracy","floor":3},{"not_picked":["Deadly Poison","Poisoned Stab"],"picked":"Deflect","floor":5},{"not_picked":["Underhanded Strike","Quick Slash"],"picked":"Footwork","floor":6},{"not_picked":["Dagger Throw","Calculated Gamble+1"],"picked":"Prepared+1","floor":8},{"not_picked":["Underhanded Strike","Sucker Punch"],"picked":"Quick Slash","floor":11},{"not_picked":["Acrobatics+1","Flechettes"],"picked":"Tools of the Trade","floor":12}],"player_experience":1000526,"relics_obtained":[{"floor":6,"key":"Toxic Egg 2"},{"floor":9,"key":"Strawberry"},{"floor":12,"key":"Art of War"}],"event_choices":[{"damage_healed":0,"gold_gain":0,"player_choice":"Lose Max HP","damage_taken":0,"relics_obtained":["Golden Idol"],"max_hp_gain":0,"max_hp_loss":6,"event_name":"Golden Idol","floor":4,"gold_loss":0},{"damage_healed":0,"gold_gain":150,"player_choice":"AGREE","damage_taken":0,"max_hp_gain":0,"max_hp_loss":0,"event_name":"Liars Game","floor":13,"gold_loss":0,"cards_obtained":["Doubt"]},{"damage_healed":0,"gold_gain":0,"player_choice":"Fled","damage_taken":0,"max_hp_gain":0,"max_hp_loss":0,"event_name":"Scrap Ooze","floor":14,"gold_loss":0}],"is_beta":false,"boss_relics":[],"items_purged_floors":[],"is_endless":false,"potions_floor_spawned":[2,5,11,12],"killed_by":"The Guardian","ascension_level":18}}