{"host":"0cm5wy4nhuju7tij","time":1612317750,"event":{"mods":["100% Spire Juice","2.2 Compatiblity","AchievementEnabler","Aspiration","BaseMod","Better Third Choice","BetterRewards","CCEM2","CapriCore","Colored Powertips","Curses Come First","Custom Start","Displayed Cursed Tome","Downfall","Energized Spire","Evolution","Filter the Spire","Highlight Path","Jess\u0027s Bottle","Minty Spire (QoL Compilation)","Permanent Neow","Poor People Problems","Relic Filter Mod","Relic Stats","Shop Mod","Spicy Shops","StSLib","The Caster","The Cursed","The Juggle","TheSurvivalist","Weighted Paths"],"gold_per_floor":[113,130,143,143,156,156,196,196,196,196,234,247,262,262,262,382,382,400,471,471,471],"floor_reached":20,"language":"ENG","playtime":1588,"items_purged":[],"score":211,"play_id":"916e9cc0-e107-4c35-9acd-df86eb22aa7c","local_time":"20210202210230","is_ascension_mode":false,"campfire_choices":[{"data":"caster:LAZER","floor":6,"key":"SMITH"},{"floor":10,"key":"REST"},{"floor":15,"key":"REST"}],"circlet_count":0,"master_deck":["caster:Meteor","caster:DivertFocus","caster:LAZER+1","caster:strike","caster:strike","caster:strike","caster:defend","caster:defend","caster:defend","caster:defend","caster:PyroclasticTide","caster:Embers","caster:JupitelThunder","caster:FrostDriver","caster:MagicAttunement","caster:MagicBarrier","caster:MeteorStorm","caster:FrigidBeam","caster:MagicBarrier","caster:IzanagisObdurance","caster:MagicResonance","caster:JupitelThunder"],"relics":["caster:MagicBook","EVO:Axolotl","Golden Idol","StoneCalendar","Vajra","CCEMRelics:FiftyFTOfRope","Oddly Smooth Stone","SsserpentHead","Snecko Eye"],"acts_visited":["Exordium","TheCity"],"potions_floor_usage":[],"damage_taken":[{"damage":9,"enemies":"2 Louse","floor":1,"turns":4},{"damage":0,"enemies":"Cultist","floor":2,"turns":5},{"damage":0,"enemies":"Jaw Worm","floor":3,"turns":4},{"damage":4,"enemies":"3 Louse","floor":5,"turns":5},{"damage":27,"enemies":"Gremlin Nob","floor":7,"turns":5},{"damage":0,"enemies":"Lagavulin","floor":11,"turns":7},{"damage":13,"enemies":"Gremlin Gang","floor":12,"turns":4},{"damage":0,"enemies":"Blue Slaver","floor":13,"turns":4},{"damage":4,"enemies":"Hexaghost","floor":16,"turns":8},{"damage":3,"enemies":"Chosen","floor":18,"turns":4},{"damage":0,"enemies":"Spheric Guardian","floor":19,"turns":4},{"damage":61,"enemies":"3 Cultists","floor":20,"turns":5}],"seed_played":"-2331140127193662538","potions_obtained":[{"floor":1,"key":"PowerPotion"},{"floor":7,"key":"SmokeBomb"},{"floor":12,"key":"ColorlessPotion"},{"floor":13,"key":"EssenceOfSteel"},{"floor":16,"key":"BlessingOfTheForge"}],"is_trial":false,"path_per_floor":["M","M","M","?","M","R","E","?","T","R","E","M","M","?","R","B",null,"M","M","M"],"character_chosen":"THE_CASTER","items_purchased":[],"campfire_rested":2,"item_purchase_floors":[],"current_hp_per_floor":[55,55,55,55,51,51,24,24,24,41,41,28,28,28,45,41,59,56,56,0,0],"gold":471,"neow_bonus":"TRANSFORM_CARD","is_daily":false,"chose_seed":false,"campfire_upgraded":1,"win_rate":0.0,"timestamp":1612317750,"path_taken":["M","M","M","?","M","R","E","?","T","R","E","M","M","?","R","BOSS","M","?","M"],"items_purchased_type":[],"build_version":"2020-12-22","purchased_purges":0,"victory":false,"max_hp_per_floor":[64,64,64,59,59,59,59,59,59,59,59,59,59,59,59,59,59,59,59,59,59],"relic_stats":{"SsserpentHead":50,"counters":[12,59],"Golden Idol":57,"Snecko Eye":[26,19,28,18],"StoneCalendar":[52],"obtain_stats":[{"SsserpentHead":14,"Golden Idol":4,"Vajra":8,"Oddly Smooth Stone":11,"Snecko Eye":17,"StoneCalendar":7,"EVO:Axolotl":0,"CCEMRelics:FiftyFTOfRope":9,"caster:MagicBook":0},{"SsserpentHead":8,"Golden Idol":3,"Vajra":5,"Oddly Smooth Stone":6,"Snecko Eye":9,"StoneCalendar":5,"EVO:Axolotl":0,"CCEMRelics:FiftyFTOfRope":5,"caster:MagicBook":0},{"SsserpentHead":38,"Golden Idol":13,"Vajra":23,"Oddly Smooth Stone":30,"Snecko Eye":46,"StoneCalendar":23,"EVO:Axolotl":0,"CCEMRelics:FiftyFTOfRope":23,"caster:MagicBook":0}]},"card_choices":[{"not_picked":["caster:Charge","caster:FlashSpeed"],"picked":"caster:Embers","floor":1},{"not_picked":["caster:MagicWeapon","caster:Illusion"],"picked":"caster:JupitelThunder","floor":2},{"not_picked":["caster:QuickCast","caster:WallOfSwords"],"picked":"caster:FrostDriver","floor":3},{"not_picked":["caster:WallOfRocks","caster:FlashSpeed"],"picked":"caster:MagicAttunement","floor":5},{"not_picked":["caster:AshesToAshes","caster:GaiasBlessing"],"picked":"caster:MagicBarrier","floor":7},{"not_picked":["caster:Sandstorm","caster:LightningBolt"],"picked":"caster:MeteorStorm","floor":11},{"not_picked":["caster:FireWall","caster:JupitelThunder"],"picked":"caster:FrigidBeam","floor":12},{"not_picked":["caster:LordOfVermillion","caster:Rectify"],"picked":"caster:MagicBarrier","floor":13},{"not_picked":["caster:StormGust","caster:PhoenixFlare"],"picked":"caster:IzanagisObdurance","floor":16},{"not_picked":["caster:QuickCast","caster:Sandstorm"],"picked":"caster:MagicResonance","floor":18},{"not_picked":["caster:NaturalChaos+1","caster:FireWall"],"picked":"caster:JupitelThunder","floor":19}],"player_experience":268150,"relics_obtained":[{"floor":7,"key":"StoneCalendar"},{"floor":9,"key":"CCEMRelics:FiftyFTOfRope"},{"floor":11,"key":"Oddly Smooth Stone"}],"event_choices":[{"damage_healed":0,"gold_gain":0,"player_choice":"Lose Max HP","damage_taken":0,"relics_obtained":["Golden Idol"],"max_hp_gain":0,"max_hp_loss":5,"event_name":"Golden Idol","floor":4,"gold_loss":0},{"damage_healed":0,"gold_gain":0,"player_choice":"Trade","damage_taken":0,"relics_obtained":["SsserpentHead"],"max_hp_gain":0,"max_hp_loss":0,"event_name":"FaceTrader","floor":14,"gold_loss":0}],"is_beta":false,"boss_relics":[{"not_picked":["SlaversCollar","aspiration:SecretTechniqueScroll"],"picked":"Snecko Eye"}],"items_purged_floors":[],"is_endless":false,"potions_floor_spawned":[1,7,12,13,16,18],"killed_by":"3 Cultists","ascension_level":0}}