{"host":"7iv10lxbxedtd0qh","time":1612373181,"event":{"mods":["BaseMod","Colored Map","Colored Powertips","Downfall","Minty Spire (QoL Compilation)","StSLib"],"gold_per_floor":[0,12,22,36,55,55,135,160,160,177,177,177,191,28,48,147,147,147,160,170,182,182,197,197,197,210,210,220,238,238,255,270,270,270,270],"floor_reached":33,"language":"ENG","playtime":1855,"items_purged":["Guardian:Strike_Guardian"],"score":346,"play_id":"e2b3ef4a-1760-4456-b3ca-bfc214d178e9","local_time":"20210203182621","is_ascension_mode":true,"campfire_choices":[{"data":"Guardian:StasisStrike","floor":1.0,"key":"SMITH"},{"data":"Guardian:VentSteam","floor":6.0,"key":"SMITH"},{"data":"Guardian:TwinSlam","floor":12,"key":"SMITH"},{"data":"Guardian:AncientConstruct","floor":18,"key":"SMITH"},{"data":"Guardian:TemporalStrike","floor":25,"key":"SMITH"},{"data":"Guardian:ChargeUp","floor":27,"key":"SMITH"},{"data":"Guardian:Incinerate","floor":30,"key":"SMITH"}],"circlet_count":0,"master_deck":["Guardian:Strike_Guardian","Guardian:Defend_Guardian","Guardian:Defend_Guardian","Guardian:Defend_Guardian","Guardian:Defend_Guardian","Guardian:CurlUp+1","Guardian:TwinSlam+1","Guardian:StasisStrike+1","Guardian:VentSteam+1","Guardian:Recover","Guardian:Incinerate+1","Guardian:TemporalStrike+1","Guardian:AncientConstruct+1","Guardian:FuturePlans+1","Guardian:Incinerate+1","Guardian:Repulse","Guardian:ChargeUp+1","Guardian:PrismaticBeam+1","Guardian:Gem_Purple"],"relics":["Guardian:ModeShifter","Pear","Strawberry","Sozu","Ice Cream"],"acts_visited":["Exordium","TheCity"],"potions_floor_usage":[8,10,13,17],"damage_taken":[{"damage":1.0,"enemies":"Cultist","floor":2.0,"turns":3.0},{"damage":0.0,"enemies":"Small Slimes","floor":3.0,"turns":2.0},{"damage":7.0,"enemies":"Jaw Worm","floor":4.0,"turns":4.0},{"damage":4.0,"enemies":"Exordium Wildlife","floor":5.0,"turns":5.0},{"damage":10,"enemies":"Gremlin Nob","floor":8,"turns":3},{"damage":4,"enemies":"3 Louse","floor":10,"turns":3},{"damage":16,"enemies":"Lots of Slimes","floor":13,"turns":3},{"damage":0,"enemies":"downfall:FleeingMerchant","floor":14,"turns":4},{"damage":0,"enemies":"Large Slime","floor":15,"turns":6},{"damage":18,"enemies":"SI_SHIV_ARCHETYPE","floor":16,"turns":7},{"damage":3,"enemies":"Shell Parasite","floor":19,"turns":5},{"damage":13,"enemies":"Snake Plant","floor":20,"turns":5},{"damage":25,"enemies":"Sentry and Sphere","floor":21,"turns":6},{"damage":7,"enemies":"Cultist and Chosen","floor":23,"turns":4},{"damage":11,"enemies":"Centurion and Healer","floor":26,"turns":6},{"damage":5,"enemies":"Sentry and Sphere","floor":28,"turns":7},{"damage":0,"enemies":"Snecko","floor":29,"turns":4},{"damage":18,"enemies":"Snake Plant","floor":31,"turns":4},{"damage":0,"enemies":"3 Cultists","floor":32,"turns":5},{"damage":4,"enemies":"WA_ARCHETYPE_CALM","floor":33,"turns":5}],"seed_played":"-3971565033315077708","potions_obtained":[{"floor":2.0,"key":"Guardian:AcceleratePotion"},{"floor":5.0,"key":"Slimebound:ThreeZeroPotion"},{"floor":8,"key":"ColorlessPotion"},{"floor":15,"key":"FearPotion"},{"floor":16,"key":"Fruit Juice"}],"is_trial":false,"path_per_floor":["R","M","M","M","M","R","T","E","?","M","?","R","M","$","M","B",null,"R","M","M","M","?","M","T","R","M","R","M","M","R","M","M","B"],"character_chosen":"GUARDIAN","items_purchased":["Guardian:Gem_Fragmented"],"campfire_rested":0,"item_purchase_floors":[14],"current_hp_per_floor":[80,79,79,72,68,68,78,75,75,71,76,76,60,60,60,42,92,92,89,76,51,43,36,36,36,25,25,20,20,20,2,2,0,0,0],"gold":270,"neow_bonus":"THREE_RARE_CARDS","is_daily":false,"chose_seed":false,"campfire_upgraded":7,"win_rate":0.0,"timestamp":1612373181,"path_taken":["R","M","M","M","?","R","T","E","?","M","?","R","?","$","M","BOSS","R","M","M","M","?","M","T","R","M","R","M","?","R","M","M","BOSS"],"items_purchased_type":["Card"],"build_version":"2020-12-22","purchased_purges":1,"victory":false,"max_hp_per_floor":[80,80,80,80,80,80,90,97,97,97,102,102,102,102,102,102,107,107,107,107,107,107,107,107,107,107,107,107,107,107,107,107,107,107,107],"card_choices":[{"not_picked":["Guardian:CompilePackage","Guardian:RevengeProtocol"],"picked":"Guardian:StasisStrike","floor":0.0},{"not_picked":["Guardian:ArmoredProtocol","Guardian:Gem_Lightblue"],"picked":"Guardian:VentSteam","floor":2.0},{"not_picked":["Guardian:ChargeCore","Guardian:Orbwalk"],"picked":"Guardian:Recover","floor":3.0},{"not_picked":["Guardian:MultiBeam","Guardian:Orbwalk"],"picked":"Guardian:Gem_Cyan","floor":4.0},{"not_picked":["Guardian:RollAttack","Guardian:PrismaticBeam"],"picked":"Guardian:Gem_Cyan","floor":5.0},{"not_picked":["Guardian:Preprogram","Guardian:Gem_Red"],"picked":"Guardian:Gem_White","floor":8},{"not_picked":["Guardian:Reroute","Guardian:TimeBomb"],"picked":"Guardian:Incinerate","floor":10},{"not_picked":["Guardian:ChargeUp","Guardian:Recover"],"picked":"Guardian:Gem_Synthetic","floor":13},{"not_picked":["Guardian:Suspension","Guardian:RefractedBeam"],"picked":"Guardian:TemporalStrike","floor":14},{"not_picked":["Guardian:PolyBeam","Guardian:Incinerate","Guardian:MultiBeam"],"picked":"SKIP","floor":15},{"not_picked":["Guardian:StasisStrike","Guardian:GemFire"],"picked":"Guardian:AncientConstruct","floor":16},{"not_picked":["Guardian:MultiBeam","Guardian:Gem_Blue"],"picked":"Guardian:FuturePlans+1","floor":19},{"not_picked":["Guardian:TemporalStrike","Guardian:PiercingHide","Guardian:RefractedBeam"],"picked":"SKIP","floor":20},{"not_picked":["Guardian:Planning","Guardian:TemporalStrike"],"picked":"Guardian:Incinerate+1","floor":21},{"not_picked":["Guardian:CrystalBeam","Guardian:PiercingHide"],"picked":"Guardian:Repulse","floor":23},{"not_picked":["Guardian:PiercingHide+1","Guardian:VentSteam+1"],"picked":"Guardian:ChargeUp","floor":26},{"not_picked":["Guardian:Preprogram","Guardian:GatlingBeam"],"picked":"Guardian:PrismaticBeam+1","floor":28},{"not_picked":["Guardian:DonusPower","Guardian:VentSteam"],"picked":"Guardian:Gem_Purple","floor":29},{"not_picked":["Guardian:Planning+1","Guardian:Suspension+1","Guardian:PrismaticBeam"],"picked":"SKIP","floor":31},{"not_picked":["Guardian:RollAttack","Guardian:PiercingHide","Guardian:WalkerClaw+1"],"picked":"SKIP","floor":32}],"player_experience":810400,"relics_obtained":[{"floor":7.0,"key":"Pear"},{"floor":8,"key":"Strawberry"},{"floor":24,"key":"Ice Cream"}],"event_choices":[{"cards_removed":["Guardian:Strike_Guardian"],"damage_healed":0,"gold_gain":0,"player_choice":"Card Removal","damage_taken":0,"max_hp_gain":0,"max_hp_loss":0,"event_name":"The Cleric","floor":9,"gold_loss":0},{"damage_healed":0,"gold_gain":0,"player_choice":"Donut","damage_taken":0,"max_hp_gain":5,"max_hp_loss":0,"event_name":"Big Fish","floor":11,"gold_loss":0}],"is_beta":false,"boss_relics":[{"not_picked":["SacredBark","Busted Crown"],"picked":"Sozu"}],"items_purged_floors":[14],"is_endless":false,"potions_floor_spawned":[2,5,8,15,16,19,20,28,31],"killed_by":"WA_ARCHETYPE_CALM","ascension_level":5}}