{"host":"gobyjzz6xbwq9f9i","time":1612342544,"event":{"mods":["AchievementEnabler","BaseMod","Bestiary","Colored Map","Minty Spire (QoL Compilation)","Relic Stats"],"gold_per_floor":[109,125,142,142,107,141,141,160,160,160,173,173,189,210,210,329,329,350,373,391,66,66,66,80,80,80,95,134,134,49,384,384,505,505,519,587,611,131,150,150,173,204,227,227,227,227,26,69,69,69,69],"floor_reached":50,"language":"ENG","playtime":2006,"items_purged":["Strike_G","Strike_G","Parasite"],"score":976,"play_id":"afaef356-2c67-4e99-b773-c102a7d9b23f","local_time":"20210203005544","is_ascension_mode":true,"campfire_choices":[{"data":"Dagger Spray","floor":7,"key":"SMITH"},{"data":"Neutralize","floor":10,"key":"SMITH"},{"data":"Glass Knife","floor":12,"key":"SMITH"},{"data":"Dash","floor":15,"key":"SMITH"},{"data":"Adrenaline","floor":23,"key":"SMITH"},{"data":"Blade Dance","floor":25,"key":"SMITH"},{"data":"Backflip","floor":29,"key":"SMITH"},{"data":"Terror","floor":32,"key":"SMITH"},{"data":"Wraith Form v2","floor":40,"key":"SMITH"},{"data":"Phantasmal Killer","floor":44,"key":"SMITH"},{"data":"Cloak And Dagger","floor":46,"key":"SMITH"},{"floor":49,"key":"REST"}],"circlet_count":0,"master_deck":["AscendersBane","Strike_G","Strike_G","Strike_G","Defend_G","Defend_G","Defend_G","Defend_G","Survivor","Neutralize+1","Dagger Spray+1","Bane","Masterful Stab","Leg Sweep","Flying Knee","Glass Knife+1","Acrobatics","Dash+1","Adrenaline+1","Blade Dance+1","Backflip+1","Blade Dance+1","Swift Strike","Blade Dance+1","Cloak And Dagger+1","Blade Dance+1","Terror+1","Wraith Form v2+1","Backflip+1","Cloak And Dagger+1","Endless Agony","Leg Sweep+1","Phantasmal Killer+1","Accuracy"],"relics":["Ring of the Snake","Golden Idol","Shuriken","Meat on the Bone","Sozu","Vajra","Blue Candle","Mercury Hourglass","Question Card","Old Coin","SlaversCollar","Calipers","Anchor","Orichalcum","Darkstone Periapt","Boot","Bag of Marbles"],"acts_visited":["Exordium","TheCity","TheBeyond"],"potions_floor_usage":[6,50,50],"damage_taken":[{"damage":1,"enemies":"Small Slimes","floor":1,"turns":4},{"damage":11,"enemies":"Jaw Worm","floor":2,"turns":5},{"damage":8,"enemies":"2 Louse","floor":3,"turns":3},{"damage":44,"enemies":"Lagavulin","floor":6,"turns":9},{"damage":4,"enemies":"Blue Slaver","floor":8,"turns":4},{"damage":7,"enemies":"Large Slime","floor":11,"turns":8},{"damage":0,"enemies":"Exordium Thugs","floor":13,"turns":3},{"damage":1,"enemies":"Looter","floor":14,"turns":3},{"damage":22,"enemies":"The Guardian","floor":16,"turns":13},{"damage":0,"enemies":"Spheric Guardian","floor":18,"turns":3},{"damage":0,"enemies":"3 Byrds","floor":19,"turns":4},{"damage":0,"enemies":"3 Cultists","floor":20,"turns":4},{"damage":6,"enemies":"Sentry and Sphere","floor":24,"turns":3},{"damage":0,"enemies":"Cultist and Chosen","floor":27,"turns":3},{"damage":28,"enemies":"Book of Stabbing","floor":28,"turns":5},{"damage":0,"enemies":"Gremlin Leader","floor":31,"turns":2},{"damage":30,"enemies":"Automaton","floor":33,"turns":6},{"damage":0,"enemies":"3 Shapes","floor":35,"turns":2},{"damage":19,"enemies":"2 Orb Walkers","floor":36,"turns":2},{"damage":3,"enemies":"Orb Walker","floor":37,"turns":2},{"damage":0,"enemies":"Jaw Worm Horde","floor":39,"turns":4},{"damage":2,"enemies":"Writhing Mass","floor":41,"turns":4},{"damage":0,"enemies":"Giant Head","floor":42,"turns":4},{"damage":0,"enemies":"Nemesis","floor":48,"turns":5},{"damage":84,"enemies":"Time Eater","floor":50,"turns":10}],"seed_played":"-2112122414863055316","potions_obtained":[{"floor":3,"key":"AttackPotion"},{"floor":14,"key":"Dexterity Potion"},{"floor":16,"key":"Regen Potion"}],"is_trial":false,"path_per_floor":["M","M","M","?","?","E","R","M","T","R","M","R","M","M","R","B",null,"M","M","M","$","?","R","M","R","T","M","E","R","?","E","R","B",null,"M","?","M","$","M","R","M","E","T","R","?","R","$","E","R","B"],"character_chosen":"THE_SILENT","items_purchased":["Vajra","Swift Strike","Anchor","Orichalcum","Endless Agony","Accuracy"],"campfire_rested":1,"item_purchase_floors":[21,21,38,38,38,47],"current_hp_per_floor":[69,58,50,50,67,23,23,19,19,19,24,24,36,47,47,37,63,63,63,63,63,63,63,57,57,57,57,41,41,41,41,41,23,59,59,40,37,37,37,37,47,47,47,47,47,47,47,47,67,0,0],"gold":69,"neow_bonus":"TEN_PERCENT_HP_BONUS","is_daily":false,"chose_seed":false,"campfire_upgraded":11,"win_rate":0.0,"timestamp":1612342544,"path_taken":["M","M","M","?","?","E","R","M","T","R","M","R","M","M","R","BOSS","M","M","M","$","?","R","M","R","T","M","E","R","?","E","R","BOSS","M","?","M","$","M","R","M","E","T","R","?","R","?","E","R","BOSS"],"items_purchased_type":["Relic","Card","Relic","Relic","Card","Card"],"build_version":"2020-12-22","purchased_purges":3,"victory":false,"max_hp_per_floor":[77,77,77,71,71,71,71,71,71,71,71,71,71,71,71,71,71,71,71,71,71,71,71,71,71,71,71,71,71,71,71,71,71,71,71,71,71,71,71,71,71,71,71,71,71,71,68,68,68,68,68],"relic_stats":{"Darkstone Periapt":0,"counters":[25,114],"Golden Idol":149,"Blue Candle":[0],"Orichalcum":[30],"Question Card":9,"Boot":[50],"Mercury Hourglass":[116],"Sozu":8,"Shuriken":[89],"obtain_stats":[{"Darkstone Periapt":42,"Calipers":36,"Golden Idol":4,"Blue Candle":26,"Vajra":21,"Orichalcum":38,"Question Card":30,"Boot":43,"Mercury Hourglass":28,"Old Coin":31,"Sozu":17,"SlaversCollar":34,"Anchor":38,"Shuriken":6,"Bag of Marbles":48,"Ring of the Snake":0,"Meat on the Bone":9},{"Darkstone Periapt":23,"Calipers":19,"Golden Idol":3,"Blue Candle":13,"Vajra":12,"Orichalcum":20,"Question Card":15,"Boot":23,"Mercury Hourglass":15,"Old Coin":16,"Sozu":9,"SlaversCollar":17,"Anchor":20,"Shuriken":4,"Bag of Marbles":24,"Ring of the Snake":0,"Meat on the Bone":5},{"Darkstone Periapt":100,"Calipers":86,"Golden Idol":12,"Blue Candle":66,"Vajra":63,"Orichalcum":88,"Question Card":74,"Boot":100,"Mercury Hourglass":74,"Old Coin":76,"Sozu":52,"SlaversCollar":82,"Anchor":88,"Shuriken":21,"Bag of Marbles":104,"Ring of the Snake":0,"Meat on the Bone":25}],"Ring of the Snake":[50],"Meat on the Bone":84},"card_choices":[{"not_picked":["Sucker Punch","Escape Plan"],"picked":"Dagger Spray","floor":1},{"not_picked":["Expertise","PiercingWail"],"picked":"Bane","floor":2},{"not_picked":["Calculated Gamble","Dodge and Roll"],"picked":"Masterful Stab","floor":3},{"not_picked":["Infinite Blades","Deadly Poison"],"picked":"Leg Sweep","floor":6},{"not_picked":["Expertise","Sucker Punch"],"picked":"Flying Knee","floor":8},{"not_picked":["Flying Knee","Outmaneuver"],"picked":"Glass Knife","floor":11},{"not_picked":["Prepared","Dagger Throw"],"picked":"Acrobatics","floor":13},{"not_picked":["Finisher","A Thousand Cuts"],"picked":"Dash","floor":14},{"not_picked":["Storm of Steel","Die Die Die"],"picked":"Adrenaline","floor":16},{"not_picked":["Terror+1","Outmaneuver"],"picked":"Blade Dance+1","floor":18},{"not_picked":["Dagger Spray+1","Sucker Punch"],"picked":"Backflip","floor":19},{"not_picked":["Sucker Punch","Deadly Poison"],"picked":"Blade Dance","floor":20},{"not_picked":["Bane","Deflect"],"picked":"Blade Dance+1","floor":24},{"not_picked":["Blur","Poisoned Stab"],"picked":"Cloak And Dagger","floor":27},{"not_picked":["Riddle With Holes","Flechettes+1"],"picked":"Blade Dance+1","floor":28},{"not_picked":["Bullet Time","Calculated Gamble","Sucker Punch"],"picked":"Terror","floor":31},{"not_picked":["Burst","Bullet Time","A Thousand Cuts"],"picked":"Wraith Form v2","floor":33},{"not_picked":["Acrobatics","Reflex+1","Escape Plan","Blade Dance"],"picked":"SKIP","floor":35},{"not_picked":["Flying Knee+1","Dagger Throw+1","Slice"],"picked":"Backflip+1","floor":36},{"not_picked":["Quick Slash+1","Skewer","Distraction+1"],"picked":"Cloak And Dagger+1","floor":37},{"not_picked":["Escape Plan+1","Flying Knee","Backflip+1","Crippling Poison"],"picked":"SKIP","floor":39},{"not_picked":["Skewer+1","Dodge and Roll","Poisoned Stab"],"picked":"Leg Sweep+1","floor":41},{"not_picked":["All Out Attack","Skewer+1","Reflex+1"],"picked":"Phantasmal Killer","floor":42},{"not_picked":["Tactician","Blur+1","Outmaneuver","Dagger Spray"],"picked":"SKIP","floor":48}],"player_experience":1278402,"relics_obtained":[{"floor":6,"key":"Shuriken"},{"floor":9,"key":"Meat on the Bone"},{"floor":26,"key":"Blue Candle"},{"floor":28,"key":"Mercury Hourglass"},{"floor":31,"key":"Old Coin"},{"floor":36,"key":"Calipers"},{"floor":42,"key":"Darkstone Periapt"},{"floor":43,"key":"Boot"},{"floor":48,"key":"Bag of Marbles"}],"event_choices":[{"damage_healed":0,"gold_gain":0,"player_choice":"Lose Max HP","damage_taken":0,"relics_obtained":["Golden Idol"],"max_hp_gain":0,"max_hp_loss":6,"event_name":"Golden Idol","floor":4,"gold_loss":0},{"damage_healed":17,"gold_gain":0,"player_choice":"Healed","damage_taken":0,"max_hp_gain":0,"max_hp_loss":0,"event_name":"The Cleric","floor":5,"gold_loss":35},{"damage_healed":0,"gold_gain":0,"player_choice":"Ignored","damage_taken":0,"max_hp_gain":0,"max_hp_loss":0,"event_name":"Ghosts","floor":22,"gold_loss":0},{"damage_healed":0,"gold_gain":0,"player_choice":"Obtained Relic","damage_taken":0,"relics_obtained":["Question Card"],"max_hp_gain":0,"max_hp_loss":0,"event_name":"Addict","floor":30,"gold_loss":85},{"damage_healed":0,"gold_gain":0,"player_choice":"Fight","damage_taken":0,"max_hp_gain":0,"max_hp_loss":0,"event_name":"Mysterious Sphere","floor":36,"gold_loss":0},{"cards_removed":["Defend_G"],"damage_healed":0,"gold_gain":0,"player_choice":"Removed Skill","damage_taken":0,"max_hp_gain":0,"max_hp_loss":0,"event_name":"Falling","floor":45,"gold_loss":0}],"is_beta":false,"boss_relics":[{"not_picked":["Fusion Hammer","Runic Pyramid"],"picked":"Sozu"},{"not_picked":["Coffee Dripper","Velvet Choker"],"picked":"SlaversCollar"}],"items_purged_floors":[21,38,47],"is_endless":false,"potions_floor_spawned":[3,14,16,19,20,28,33,35,41,42,48],"killed_by":"Time Eater","ascension_level":10}}