{"host":"mw3dmj42qtkbha4b","time":1612315291,"event":{"mods":["BaseMod","Colored Map","Colored Powertips","DeckTracker","Minty Spire (QoL Compilation)","StSLib","SuperFastMode"],"gold_per_floor":[117,117,117,117,131,131,163,174,199,214,214,214],"floor_reached":11,"language":"KOR","playtime":228,"items_purged":[],"score":146,"play_id":"b719bc00-4cb7-48a8-9738-6613330596e1","local_time":"20210203102131","is_ascension_mode":true,"campfire_choices":[{"data":"Indignation","floor":6,"key":"SMITH"}],"circlet_count":0,"master_deck":["AscendersBane","Strike_P","Strike_P","Strike_P","Strike_P","Defend_P","Defend_P","Eruption+1","Vigilance","Indignation+1"],"relics":["PureWater","Toy Ornithopter"],"acts_visited":["Exordium"],"potions_floor_usage":[7,11,11],"damage_taken":[{"damage":0.0,"enemies":"2 Louse","floor":1.0,"turns":2.0},{"damage":0,"enemies":"Jaw Worm","floor":5,"turns":2},{"damage":16,"enemies":"Gremlin Nob","floor":7,"turns":3},{"damage":0,"enemies":"Cultist","floor":8,"turns":2},{"damage":26,"enemies":"Blue Slaver","floor":10,"turns":2},{"damage":24,"enemies":"3 Sentries","floor":11,"turns":2}],"seed_played":"4607843822334449000","potions_obtained":[{"floor":5,"key":"GamblersBrew"},{"floor":8,"key":"Ancient Potion"},{"floor":10,"key":"AttackPotion"}],"is_trial":false,"path_per_floor":["M","?","?","?","M","R","E","M","T","M","E"],"character_chosen":"WATCHER","items_purchased":[],"campfire_rested":0,"item_purchase_floors":[],"current_hp_per_floor":[43,43,43,43,43,43,27,27,27,1,0,0],"gold":214,"neow_bonus":"REMOVE_TWO","is_daily":false,"chose_seed":false,"campfire_upgraded":1,"win_rate":0.0,"timestamp":1612315291,"path_taken":["M","?","?","?","M","R","E","M","T","?","E"],"items_purchased_type":[],"build_version":"2020-12-22","purchased_purges":0,"victory":false,"max_hp_per_floor":[68,68,68,68,68,68,68,68,68,68,68,68],"card_choices":[{"not_picked":["CutThroughFate","ClearTheMind","FollowUp"],"picked":"SKIP","floor":1.0},{"not_picked":["ReachHeaven","ClearTheMind"],"picked":"Indignation","floor":5},{"not_picked":["Weave","Consecrate","WreathOfFlame"],"picked":"SKIP","floor":7},{"not_picked":["LikeWater","Consecrate","FlurryOfBlows"],"picked":"SKIP","floor":8},{"not_picked":["EmptyFist","Prostrate","WaveOfTheHand"],"picked":"SKIP","floor":10}],"player_experience":1788303,"relics_obtained":[{"floor":7,"key":"Toy Ornithopter"}],"event_choices":[{"damage_healed":0.0,"max_hp_gain":0.0,"max_hp_loss":0.0,"gold_gain":0.0,"event_name":"Living Wall","player_choice":"Grow","floor":2.0,"gold_loss":0.0,"damage_taken":0.0,"cards_upgraded":["Eruption"]},{"damage_healed":0,"gold_gain":0,"player_choice":"Ignored","damage_taken":0,"max_hp_gain":0,"max_hp_loss":0,"event_name":"Golden Idol","floor":3,"gold_loss":0},{"damage_healed":0,"gold_gain":0,"player_choice":"0 cards matched","damage_taken":0,"max_hp_gain":0,"max_hp_loss":0,"event_name":"Match and Keep!","floor":4,"gold_loss":0,"cards_obtained":[]}],"is_beta":false,"boss_relics":[],"items_purged_floors":[],"is_endless":false,"potions_floor_spawned":[5,8,10],"killed_by":"3 Sentries","ascension_level":20}}