{"host":"6r762osam2bvfm66","time":1612319852,"event":{"mods":["BaseMod","Colored Map","Minty Spire (QoL Compilation)"],"gold_per_floor":[110,285,50,50,60,60,87,87,141,216,242,253,253,283,283,388,388,399,15,34,46,62,62,73,73,96,131,131,144,171,184,184,289,289,300,311,311,2,14,14,40,40,40,73,73,98,25,42,42,42],"floor_reached":51,"language":"ENG","playtime":3037,"items_purged":["Doubt"],"score":952,"play_id":"eac82de7-2514-4d73-92c9-fc8834fe3481","local_time":"20210202203732","is_ascension_mode":true,"campfire_choices":[{"data":"Noxious Fumes","floor":6,"key":"SMITH"},{"data":"Wraith Form v2","floor":13,"key":"SMITH"},{"floor":15,"key":"REST"},{"data":"Night Terror","floor":23,"key":"SMITH"},{"data":"Footwork","floor":32,"key":"SMITH"},{"data":"Well Laid Plans","floor":40,"key":"SMITH"},{"data":"Strike_G+1","floor":42,"key":"PURGE"},{"data":"Strike_G+1","floor":45,"key":"PURGE"},{"data":"A Thousand Cuts","floor":49,"key":"PURGE"}],"circlet_count":0,"master_deck":["Strike_G+1","Strike_G+1","Defend_G+1","Defend_G+1","Defend_G+1","Defend_G+1","Defend_G+1","Survivor","Neutralize","Quick Slash","Noxious Fumes+1","Flying Knee","Deadly Poison","Dash","PiercingWail","Wraith Form v2+1","Night Terror+1","Caltrops+1","Well Laid Plans+1","PiercingWail","Dodge and Roll+1","Footwork+1","Bouncing Flask+1","Acrobatics","Catalyst+1","After Image","Crippling Poison+1","Deflect+1"],"relics":["Ring of the Serpent","The Specimen","Toy Ornithopter","PreservedInsect","Pantograph","Omamori","Coffee Dripper","Ice Cream","Anchor","Peace Pipe","Lizard Tail","Membership Card","Paper Crane","Darkstone Periapt","Toxic Egg 2","Regal Pillow","White Beast Statue","Snake Skull"],"acts_visited":["Exordium","TheCity","TheBeyond"],"potions_floor_usage":[7,16,21,41,48,50,50,50],"damage_taken":[{"damage":0,"enemies":"Small Slimes","floor":1,"turns":4},{"damage":3,"enemies":"2 Louse","floor":5,"turns":3},{"damage":0,"enemies":"Gremlin Nob","floor":7,"turns":4},{"damage":15,"enemies":"Lagavulin","floor":11,"turns":6},{"damage":0,"enemies":"Cultist","floor":12,"turns":3},{"damage":0,"enemies":"Gremlin Nob","floor":14,"turns":4},{"damage":21,"enemies":"The Guardian","floor":16,"turns":9},{"damage":2,"enemies":"Chosen","floor":18,"turns":6},{"damage":23,"enemies":"Spheric Guardian","floor":20,"turns":5},{"damage":15,"enemies":"Snecko","floor":21,"turns":6},{"damage":15,"enemies":"Centurion and Healer","floor":22,"turns":7},{"damage":7,"enemies":"Snake Plant","floor":24,"turns":4},{"damage":0,"enemies":"Book of Stabbing","floor":27,"turns":5},{"damage":2,"enemies":"Sentry and Sphere","floor":29,"turns":5},{"damage":2,"enemies":"Gremlin Leader","floor":30,"turns":5},{"damage":2,"enemies":"3 Cultists","floor":31,"turns":5},{"damage":15,"enemies":"Collector","floor":33,"turns":8},{"damage":10,"enemies":"3 Darklings","floor":35,"turns":6},{"damage":1,"enemies":"Orb Walker","floor":36,"turns":5},{"damage":24,"enemies":"Maw","floor":39,"turns":9},{"damage":11,"enemies":"Reptomancer","floor":41,"turns":7},{"damage":9,"enemies":"Giant Head","floor":44,"turns":5},{"damage":3,"enemies":"Reptomancer","floor":46,"turns":6},{"damage":0,"enemies":"3 Darklings","floor":48,"turns":3},{"damage":14,"enemies":"Donu and Deca","floor":50,"turns":6}],"seed_played":"-7649315105388999888","potions_obtained":[{"floor":0,"key":"EssenceOfSteel"},{"floor":0,"key":"Poison Potion"},{"floor":0,"key":"GhostInAJar"},{"floor":11,"key":"Poison Potion"},{"floor":21,"key":"Strength Potion"},{"floor":22,"key":"Strength Potion"},{"floor":27,"key":"Energy Potion"},{"floor":31,"key":"Dexterity Potion"},{"floor":33,"key":"Poison Potion"},{"floor":44,"key":"Block Potion"},{"floor":48,"key":"SpeedPotion"}],"is_trial":false,"path_per_floor":["M","?","$","?","M","R","E","?","T","?","E","M","R","E","R","B",null,"M","$","M","M","M","R","M","?","T","E","?","M","E","M","R","B",null,"M","M","?","$","M","R","E","R","T","E","R","E","$","M","R","B",null],"character_chosen":"THE_SILENT","items_purchased":["Noxious Fumes","Flying Knee","Deadly Poison","Ice Cream","Well Laid Plans","Membership Card","Paper Crane","After Image","Snake Skull"],"campfire_rested":1,"item_purchase_floors":[3,3,3,19,19,38,38,38,47],"current_hp_per_floor":[70,70,70,63,60,60,60,35,35,24,9,9,9,9,30,39,70,68,68,45,35,20,20,13,13,13,13,70,68,66,64,64,55,70,60,59,59,59,35,35,29,29,29,20,20,17,17,22,22,48],"gold":42,"neow_bonus":"THREE_SMALL_POTIONS","is_daily":false,"chose_seed":false,"campfire_upgraded":5,"win_rate":0.0,"timestamp":1612319852,"path_taken":["M","?","$","?","M","R","E","?","T","?","E","M","R","E","R","BOSS","M","$","M","M","M","R","M","?","T","E","?","?","E","M","R","BOSS","M","M","?","$","M","R","E","R","T","E","R","E","$","M","R","BOSS"],"items_purchased_type":["Card","Card","Card","Relic","Card","Relic","Relic","Card","Relic"],"build_version":"2020-12-22","purchased_purges":1,"victory":true,"max_hp_per_floor":[70,70,70,70,70,70,70,70,70,70,70,70,70,70,70,70,70,70,70,70,70,70,70,70,70,70,70,70,70,70,70,70,70,70,70,70,70,70,70,70,70,70,70,70,70,70,70,70,70,70],"card_choices":[{"not_picked":["Underhanded Strike","Backflip"],"picked":"Quick Slash","floor":1},{"not_picked":["Tactician","Calculated Gamble"],"picked":"Dash","floor":5},{"not_picked":["Prepared","Deflect"],"picked":"PiercingWail","floor":7},{"not_picked":["Underhanded Strike","Expertise"],"picked":"Caltrops","floor":11},{"not_picked":["Flying Knee","Acrobatics"],"picked":"Wraith Form v2","floor":12},{"not_picked":["Endless Agony","Dagger Spray","Dagger Throw"],"picked":"SKIP","floor":14},{"not_picked":["Doppelganger","Glass Knife"],"picked":"Night Terror","floor":16},{"not_picked":["Sucker Punch","Escape Plan"],"picked":"Caltrops+1","floor":18},{"not_picked":["Sucker Punch+1","Dagger Throw+1"],"picked":"PiercingWail","floor":20},{"not_picked":["Dagger Spray","Eviscerate"],"picked":"Dodge and Roll+1","floor":21},{"not_picked":["Terror","Infinite Blades+1","Distraction"],"picked":"SKIP","floor":22},{"not_picked":["Choke","Deflect","Underhanded Strike"],"picked":"SKIP","floor":24},{"not_picked":["Distraction+1","Deflect","Flechettes"],"picked":"SKIP","floor":27},{"not_picked":["Acrobatics","Eviscerate"],"picked":"Footwork","floor":29},{"not_picked":["Tools of the Trade","Reflex"],"picked":"Bouncing Flask+1","floor":30},{"not_picked":["Prepared","Acrobatics","Tactician"],"picked":"SKIP","floor":31},{"not_picked":["Prepared","Tactician"],"picked":"Acrobatics","floor":31},{"not_picked":["Die Die Die","Night Terror"],"picked":"A Thousand Cuts","floor":33},{"not_picked":["Poisoned Stab+1","Dagger Throw","Terror"],"picked":"SKIP","floor":35},{"not_picked":["Underhanded Strike+1","Slice"],"picked":"Catalyst+1","floor":36},{"not_picked":["Choke+1","PiercingWail","Flying Knee+1"],"picked":"SKIP","floor":39},{"not_picked":["Underhanded Strike","Heel Hook","After Image"],"picked":"SKIP","floor":41},{"not_picked":["Underhanded Strike","Terror+1","PiercingWail+1"],"picked":"SKIP","floor":44},{"not_picked":["Dagger Spray+1","Bouncing Flask+1"],"picked":"Crippling Poison+1","floor":46},{"not_picked":["Dagger Throw","Underhanded Strike+1"],"picked":"Deflect+1","floor":48}],"player_experience":30621,"relics_obtained":[{"floor":7,"key":"The Specimen"},{"floor":9,"key":"PreservedInsect"},{"floor":11,"key":"Pantograph"},{"floor":14,"key":"Omamori"},{"floor":26,"key":"Anchor"},{"floor":27,"key":"Peace Pipe"},{"floor":30,"key":"Lizard Tail"},{"floor":41,"key":"Darkstone Periapt"},{"floor":43,"key":"Toxic Egg 2"},{"floor":44,"key":"Regal Pillow"},{"floor":46,"key":"White Beast Statue"}],"event_choices":[{"damage_healed":0,"gold_gain":175,"player_choice":"AGREE","damage_taken":0,"max_hp_gain":0,"max_hp_loss":0,"event_name":"Liars Game","floor":2,"gold_loss":0,"cards_obtained":["Doubt"]},{"cards_removed":["Strike_G"],"damage_healed":0,"gold_gain":0,"player_choice":"Card Removal","damage_taken":7,"max_hp_gain":0,"max_hp_loss":0,"event_name":"Golden Wing","floor":4,"gold_loss":0},{"damage_healed":0,"gold_gain":0,"player_choice":"Success","damage_taken":25,"relics_obtained":["Toy Ornithopter"],"max_hp_gain":0,"max_hp_loss":0,"event_name":"Scrap Ooze","floor":8,"gold_loss":0},{"damage_healed":0,"gold_gain":75,"player_choice":"Gather Gold","damage_taken":11,"max_hp_gain":0,"max_hp_loss":0,"event_name":"World of Goop","floor":10,"gold_loss":0},{"damage_healed":0,"gold_gain":0,"player_choice":"Simplicity","damage_taken":0,"max_hp_gain":0,"max_hp_loss":0,"event_name":"Back to Basics","floor":25,"gold_loss":0,"cards_upgraded":["Strike_G","Strike_G","Strike_G","Strike_G","Defend_G","Defend_G","Defend_G","Defend_G","Defend_G"]},{"cards_removed":["Caltrops"],"damage_healed":57,"gold_gain":0,"player_choice":"Offered Uncommon","damage_taken":0,"max_hp_gain":0,"max_hp_loss":0,"event_name":"Bonfire Elementals","floor":28,"gold_loss":0},{"damage_healed":0,"gold_gain":0,"player_choice":"Memory 1","damage_taken":0,"max_hp_gain":0,"max_hp_loss":0,"event_name":"SensoryStone","floor":37,"gold_loss":0}],"is_beta":false,"boss_relics":[{"not_picked":["WristBlade","Astrolabe"],"picked":"Coffee Dripper"},{"not_picked":["SacredBark","HoveringKite"],"picked":"Ring of the Serpent"}],"items_purged_floors":[3],"is_endless":false,"potions_floor_spawned":[11,12,14,21,22,27,31,33,44,46,48],"ascension_level":2}}