{"host":"q6r63elxu27obe7v","time":1612318480,"event":{"mods":["2.2 Compatiblity","AchievementEnabler","BaseMod","CapriCore","Colored Map","DeckTracker","KOR Keyword Fix","Keyboard Shortcuts","Minty Spire (QoL Compilation)","Permanent Neow","Quick Restart","Replay The Spire","StSLib","SuperFastMode","everything is the same but u backflip on backflip","¡¼?Úª?ø«¡½REMEMod"],"gold_per_floor":[115,115,132,151,7,7,7],"floor_reached":6,"language":"KOR","playtime":513,"items_purged":[],"score":38,"play_id":"8b7dfb90-198c-4482-ad61-dc720cf2226a","local_time":"20210203111440","is_ascension_mode":true,"campfire_choices":[],"circlet_count":0,"master_deck":["Strike_G","Strike_G","Strike_G","Strike_G","Strike_G","Defend_G","Defend_G","Defend_G","Defend_G","Defend_G","Survivor","Neutralize","Battle Trance","PiercingWail","Night Terror"],"relics":["Ring of the Snake","REME_ComplimentaryCards","Tingsha","Replay:Baseball","OrangePellets"],"acts_visited":["Exordium"],"potions_floor_usage":[],"damage_taken":[{"damage":2.0,"enemies":"2 Louse","floor":1.0,"turns":4.0},{"damage":0.0,"enemies":"Small Slimes","floor":3.0,"turns":4.0},{"damage":0.0,"enemies":"Jaw Worm","floor":4.0,"turns":5.0},{"damage":0,"enemies":"Lagavulin","floor":6,"turns":1}],"seed_played":"361576450506451138","potions_obtained":[{"floor":4.0,"key":"SkillPotion"}],"is_trial":false,"path_per_floor":["M","?","M","M","$","E"],"character_chosen":"THE_SILENT","items_purchased":["OrangePellets"],"campfire_rested":0,"item_purchase_floors":[5],"current_hp_per_floor":[61,49,49,49,49,49,49],"gold":7,"neow_bonus":"ONE_RARE_RELIC","is_daily":false,"chose_seed":false,"campfire_upgraded":0,"win_rate":0.0,"timestamp":1612318480,"path_taken":["M","?","M","M","$","E"],"items_purchased_type":["Relic"],"build_version":"2020-12-22","purchased_purges":0,"victory":false,"max_hp_per_floor":[63,63,63,63,63,63,63],"card_choices":[{"not_picked":["Outmaneuver","Heel Hook"],"picked":"PiercingWail","floor":1.0},{"not_picked":["Hidden Blade","Sneak Up","Prepared"],"picked":"SKIP","floor":3.0},{"not_picked":["Backflip","ReplayTheSpireMod:Shiv Toss"],"picked":"Night Terror","floor":4.0}],"player_experience":113518,"relics_obtained":[],"event_choices":[{"damage_healed":0.0,"max_hp_gain":0.0,"max_hp_loss":0.0,"gold_gain":0.0,"event_name":"Scrap Ooze","player_choice":"Success","floor":2.0,"gold_loss":0.0,"damage_taken":12.0,"relics_obtained":["Replay:Baseball"]}],"is_beta":false,"boss_relics":[],"items_purged_floors":[],"is_endless":false,"potions_floor_spawned":[4],"killed_by":"Lagavulin","ascension_level":1}}