{"host":"p0hktren06injwdf","time":1612394875,"event":{"mods":["AchievementEnabler","BaseMod","Colored Map","DeckTracker","Minty Spire (QoL Compilation)","Permanent Neow","StSLib","SuperFastMode"],"gold_per_floor":[119,135,145,145,155,155,181,193,193,193,220,234,234,234,234,308,308,325,250,265,190,210,210,225,225,248,265,283,283,301,312,312,312,312],"floor_reached":33,"language":"KOR","playtime":930,"items_purged":["Strike_P"],"score":526,"play_id":"5b9d0bde-51fd-494e-8ad0-a1ad37ebcbce","local_time":"20210204082755","is_ascension_mode":true,"campfire_choices":[{"data":"Eruption","floor":6.0,"key":"SMITH"},{"floor":10.0,"key":"REST"},{"floor":15.0,"key":"REST"},{"floor":23.0,"key":"REST"},{"data":"Vault","floor":25.0,"key":"SMITH"},{"floor":32.0,"key":"REST"}],"circlet_count":0,"master_deck":["AscendersBane","Strike_P+1","Strike_P+1","Defend_P","Eruption+1","Vigilance+1","InnerPeace+1","EmptyFist","LessonLearned","Halt+1","FlurryOfBlows","Blasphemy+1","Vault+1","Consecrate+1","Wallop","TalkToTheHand+1"],"relics":["PureWater","Oddly Smooth Stone","Potion Belt","Sundial","Kunai","Empty Cage","War Paint"],"acts_visited":["Exordium","TheCity"],"potions_floor_usage":[33],"damage_taken":[{"damage":0.0,"enemies":"Cultist","floor":1.0,"turns":2.0},{"damage":1.0,"enemies":"2 Louse","floor":2.0,"turns":4.0},{"damage":0.0,"enemies":"Jaw Worm","floor":3.0,"turns":2.0},{"damage":16.0,"enemies":"3 Louse","floor":5.0,"turns":5.0},{"damage":38.0,"enemies":"Gremlin Nob","floor":7.0,"turns":4.0},{"damage":0.0,"enemies":"Red Slaver","floor":8.0,"turns":3.0},{"damage":18.0,"enemies":"Lagavulin","floor":11.0,"turns":5.0},{"damage":10.0,"enemies":"Lots of Slimes","floor":12.0,"turns":6.0},{"damage":27.0,"enemies":"The Guardian","floor":16.0,"turns":14.0},{"damage":12.0,"enemies":"3 Byrds","floor":18.0,"turns":6.0},{"damage":11.0,"enemies":"Chosen","floor":20.0,"turns":5.0},{"damage":17.0,"enemies":"Shelled Parasite and Fungi","floor":22.0,"turns":4.0},{"damage":5.0,"enemies":"Centurion and Healer","floor":24.0,"turns":5.0},{"damage":0.0,"enemies":"Cultist and Chosen","floor":27.0,"turns":3.0},{"damage":6.0,"enemies":"3 Cultists","floor":28.0,"turns":5.0},{"damage":2.0,"enemies":"Centurion and Healer","floor":30.0,"turns":4.0},{"damage":0.0,"enemies":"Shelled Parasite and Fungi","floor":31.0,"turns":4.0},{"damage":43,"enemies":"Champ","floor":33,"turns":15}],"seed_played":"5093683104503446550","potions_obtained":[{"floor":1.0,"key":"EssenceOfSteel"},{"floor":2.0,"key":"StancePotion"},{"floor":8.0,"key":"Regen Potion"},{"floor":11.0,"key":"SkillPotion"},{"floor":20.0,"key":"SkillPotion"},{"floor":24.0,"key":"SkillPotion"},{"floor":30.0,"key":"LiquidMemories"},{"floor":31.0,"key":"Swift Potion"}],"is_trial":false,"path_per_floor":["M","M","M","?","M","R","E","M","T","R","E","M","?","?","R","B",null,"M","$","M","?","M","R","M","R","T","M","M","?","M","M","R","B"],"character_chosen":"WATCHER","items_purchased":[],"campfire_rested":4,"item_purchase_floors":[],"current_hp_per_floor":[61,60,60,60,44,44,6,6,6,26,22,12,12,12,32,5,52,40,40,29,29,12,32,27,27,27,27,21,15,13,13,33,0,0],"gold":312,"neow_bonus":"RANDOM_COMMON_RELIC","is_daily":false,"chose_seed":false,"campfire_upgraded":2,"win_rate":0.0,"timestamp":1612394875,"path_taken":["M","M","M","?","M","R","E","M","T","R","E","M","?","?","R","BOSS","M","$","M","?","M","R","M","R","T","M","M","?","?","M","R","BOSS"],"items_purchased_type":[],"build_version":"2020-12-22","purchased_purges":1,"victory":false,"max_hp_per_floor":[68,68,68,68,68,68,68,68,68,68,68,68,68,68,68,68,68,68,68,68,68,68,68,68,68,68,68,68,68,68,68,68,68,68],"card_choices":[{"not_picked":["Vengeance","CrushJoints","Swivel"],"picked":"SKIP","floor":1.0},{"not_picked":["Vengeance","Evaluate"],"picked":"InnerPeace","floor":2.0},{"not_picked":["SashWhip","InnerPeace","LikeWater"],"picked":"SKIP","floor":3.0},{"not_picked":["Halt","CrushJoints"],"picked":"EmptyFist","floor":5.0},{"not_picked":["Wireheading","Prostrate"],"picked":"LessonLearned","floor":7.0},{"not_picked":["Indignation","Crescendo"],"picked":"Halt","floor":8.0},{"not_picked":["Collect","FollowUp","FlyingSleeves"],"picked":"SKIP","floor":11.0},{"not_picked":["BattleHymn","SandsOfTime"],"picked":"FlurryOfBlows","floor":12.0},{"not_picked":["ConjureBlade","Wish"],"picked":"Vault","floor":16.0},{"not_picked":["JustLucky","Prostrate"],"picked":"Consecrate","floor":18.0},{"not_picked":["Swivel","EmptyFist","Protect+1"],"picked":"SKIP","floor":20.0},{"not_picked":["Prostrate","Protect","ForeignInfluence"],"picked":"SKIP","floor":22.0},{"not_picked":["ReachHeaven","ThirdEye","Consecrate"],"picked":"SKIP","floor":24.0},{"not_picked":["TalkToTheHand","ForeignInfluence"],"picked":"Wallop","floor":27.0},{"not_picked":["ThirdEye","WaveOfTheHand","Prostrate"],"picked":"SKIP","floor":28.0},{"not_picked":["CutThroughFate","PathToVictory+1"],"picked":"TalkToTheHand+1","floor":30.0},{"not_picked":["Ragnarok","DeceiveReality","Consecrate"],"picked":"SKIP","floor":31.0}],"player_experience":1004102,"relics_obtained":[{"floor":7.0,"key":"Potion Belt"},{"floor":9.0,"key":"Sundial"},{"floor":11.0,"key":"Kunai"},{"floor":26.0,"key":"War Paint"}],"event_choices":[{"damage_healed":0.0,"max_hp_gain":0.0,"max_hp_loss":0.0,"gold_gain":0.0,"event_name":"Shining Light","player_choice":"Ignored","floor":4.0,"gold_loss":0.0,"damage_taken":0.0},{"damage_healed":0.0,"max_hp_gain":0.0,"max_hp_loss":0.0,"gold_gain":0.0,"cards_transformed":["Defend_P"],"event_name":"Living Wall","player_choice":"Change","floor":13.0,"gold_loss":0.0,"damage_taken":0.0,"cards_obtained":["Blasphemy"]},{"damage_healed":0.0,"max_hp_gain":0.0,"max_hp_loss":0.0,"gold_gain":0.0,"event_name":"Liars Game","player_choice":"Ignored","floor":14.0,"gold_loss":0.0,"damage_taken":0.0},{"cards_removed":["Defend_P"],"damage_healed":0.0,"max_hp_gain":0.0,"max_hp_loss":0.0,"gold_gain":0.0,"event_name":"Beggar","player_choice":"Gave Gold","floor":21.0,"gold_loss":75.0,"damage_taken":0.0},{"damage_healed":0.0,"max_hp_gain":0.0,"max_hp_loss":0.0,"gold_gain":0.0,"event_name":"Knowing Skull","player_choice":"","floor":29.0,"potions_obtained":[],"gold_loss":0.0,"damage_taken":6.0,"cards_obtained":[]}],"is_beta":false,"boss_relics":[{"not_picked":["Sozu","Velvet Choker"],"picked":"Empty Cage"}],"items_purged_floors":[19],"is_endless":false,"potions_floor_spawned":[1,2,5,8,11,20,24,30,31],"killed_by":"Champ","ascension_level":20}}