{"host":"27tk4xseidcli2mr","time":1612378363,"event":{"mods":["2.2 Compatiblity","AchievementEnabler","Aspiration","BaseMod","Better Third Choice","Conspire","Custom Start","Downfall","Hubris","Infinite Spire","Jorbs\u0027s Wanderer Trilogy","Minty Spire (QoL Compilation)","Replay The Spire","StSLib","SuperFastMode","[IsaacMod]????"],"gold_per_floor":[111,136,49,64,64,90,110,110,183,183,183],"floor_reached":10,"language":"ENG","playtime":316,"items_purged":[],"score":132,"play_id":"3103b894-b56b-4f58-a3b3-97d88692567d","local_time":"20210203195243","is_ascension_mode":true,"campfire_choices":[],"circlet_count":0,"master_deck":["AscendersBane","Strike_G","Strike_G","Strike_G","Strike_G+1","Strike_G","Defend_G","Defend_G","Defend_G","Defend_G","Defend_G","Survivor+1","Neutralize","champ:Execute","sneckomod:Unknown","infinitespire:Neurotoxin","Flechettes","ReplayTheSpireMod:Scrap Shanks","Deflect","infinitespire:Neurotoxin","Prepared"],"relics":["HushsDoor","GuppysHead","Replay:Wax Seal","Sizzling Blood","PunchingBag","TheBible"],"acts_visited":["Exordium"],"potions_floor_usage":[6,7,10],"damage_taken":[{"damage":14,"enemies":"Cultist","floor":1,"turns":4},{"damage":19,"enemies":"Jaw Worm","floor":4,"turns":7},{"damage":35,"enemies":"Lagavulin","floor":6,"turns":6},{"damage":16,"enemies":"2 Louse","floor":7,"turns":2},{"damage":6,"enemies":"3 Sentries","floor":10,"turns":4}],"seed_played":"-504317217943818754","potions_obtained":[{"floor":1,"key":"AttackPotion"},{"floor":6,"key":"Poison Potion"},{"floor":7,"key":"GamblersBrew"}],"is_trial":false,"path_per_floor":["M","T","$","M","?","E","M","?","T","E"],"character_chosen":"THE_SILENT","items_purchased":["ReplayTheSpireMod:Scrap Shanks"],"campfire_rested":0,"item_purchase_floors":[3],"current_hp_per_floor":[55,55,55,51,55,34,22,1,1,0,0],"gold":183,"neow_bonus":"THREE_RARE_CARDS","is_daily":false,"chose_seed":false,"campfire_upgraded":0,"win_rate":0.0,"timestamp":1612378363,"path_taken":["M","?","?","M","?","E","M","?","T","E"],"items_purchased_type":["Card"],"build_version":"2020-12-22","purchased_purges":0,"victory":false,"max_hp_per_floor":[66,66,66,66,70,70,70,70,70,70,70],"card_choices":[{"not_picked":["Adrenaline","Grand Finale"],"picked":"infinitespire:Neurotoxin","floor":0},{"not_picked":["Poisoned Stab","Finisher"],"picked":"Flechettes","floor":1},{"not_picked":["Dodge and Roll","Bane"],"picked":"Deflect","floor":4},{"not_picked":["Riddle With Holes","Draining Mist"],"picked":"infinitespire:Neurotoxin","floor":6},{"not_picked":["Escape Plan","Bane"],"picked":"Prepared","floor":7}],"player_experience":1319243,"relics_obtained":[{"floor":2,"key":"Replay:Wax Seal"},{"floor":6,"key":"PunchingBag"},{"floor":9,"key":"TheBible"}],"event_choices":[{"damage_healed":22,"gold_gain":0,"player_choice":"Upgrade","damage_taken":21,"max_hp_gain":0,"max_hp_loss":70,"event_name":"betterThird:BetterShining","floor":8,"gold_loss":0,"cards_upgraded":["Survivor","Strike_G"]}],"is_beta":false,"boss_relics":[],"items_purged_floors":[],"is_endless":false,"potions_floor_spawned":[1,6,7],"killed_by":"3 Sentries","ascension_level":20}}