{"host":"44yoau0wv81hew04","time":1612317067,"event":{"mods":["BaseMod","Downfall","Minty Spire (QoL Compilation)","StSLib"],"gold_per_floor":[99,109,122,122,122,4817,4844,4860,4870,4889,3755,2861,2861,2873,2892,2997,2997,2997,3010,3010,2306,2306,2319,2319,2332,2348,2375,2391,2403,2403,1906,1922,2020,2020,2020,2038,1291,1311,1328,589,589,589,589,148,178,178,178,228,248,248],"floor_reached":51,"language":"ENG","playtime":3614,"items_purged":["hexamod:Defend","hexamod:Strike","hexamod:Defend","hexamod:Defend","hexamod:Strike","hexamod:Strike+1"],"score":791,"play_id":"04a20133-8caa-4f7f-9feb-c2903b792cd5","local_time":"20210202205107","is_ascension_mode":false,"campfire_choices":[{"floor":1,"key":"RECALL"},{"floor":18,"key":"DIG"},{"data":"1","floor":35,"key":"LIFT"},{"data":"2","floor":43,"key":"LIFT"},{"data":"3","floor":47,"key":"LIFT"}],"circlet_count":0,"master_deck":["hexamod:Strike+1","hexamod:Defend+1","hexamod:Sear+1","hexamod:Float+1","hexamod:HexaLevel+1","hexamod:GhostOfSpireFuture+1","hexamod:Incineration+1","hexamod:SpectersWail+1","hexamod:ThirdSeal","Master of Strategy+1","hexamod:RadiantFlame+1","hexamod:ForkedFlame+1","hexamod:ExtraCrispy+1","hexamod:GhostOfSpireFuture+1","hexamod:GhostOfSpirePresent+1","hexamod:ThermalTransfer+1","Study+1","hexamod:SpectersWail+1","hexamod:FifthSeal","Dark Shackles+1","hexamod:FirstSeal","hexamod:SixthSeal","hexamod:SixthSeal","hexamod:SixthSeal","hexamod:FirstSeal","hexamod:FastForward+1","hexamod:FirstSeal","hexamod:BurningTouch+1","hexamod:GhostOfSpirePast+1","hexamod:Hexaguard+1","hexamod:DynamicBlow+1"],"relics":["hexamod:SpiritBrand","Tiny Chest","downfall:ShatteredFragment","Mummified Hand","Toy Ornithopter","HandDrill","Centennial Puzzle","Blue Candle","Letter Opener","PrismaticShard","Vajra","Shovel","Frozen Eye","Eternal Feather","Runic Dome","Bag of Marbles","Sling","Thread and Needle","War Paint","Girya","Strawberry","Blood Vial","Bag of Preparation","Fusion Hammer","ClockworkSouvenir","Juzu Bracelet","Bird Faced Urn","hexamod:SoulConsumer","Nunchaku","Shuriken","Molten Egg 2","Membership Card","Torii","White Beast Statue","Anchor","Mango"],"acts_visited":["Exordium","TheCity","TheBeyond"],"potions_floor_usage":[16,16,16,33,33,33,33,37],"damage_taken":[{"damage":3,"enemies":"2 Louse","floor":2,"turns":3},{"damage":6,"enemies":"Jaw Worm","floor":3,"turns":3},{"damage":0,"enemies":"downfall:FleeingMerchant","floor":6,"turns":4},{"damage":0,"enemies":"Cultist","floor":8,"turns":4},{"damage":8,"enemies":"2 Fungi Beasts","floor":9,"turns":3},{"damage":2,"enemies":"Blue Slaver","floor":10,"turns":3},{"damage":6,"enemies":"downfall:FleeingMerchant","floor":11,"turns":4},{"damage":3,"enemies":"downfall:FleeingMerchant","floor":12,"turns":4},{"damage":0,"enemies":"3 Louse","floor":14,"turns":2},{"damage":4,"enemies":"2 Fungi Beasts","floor":15,"turns":2},{"damage":14,"enemies":"SI_SHIV_ARCHETYPE","floor":16,"turns":5},{"damage":21,"enemies":"3 Byrds","floor":19,"turns":4},{"damage":20,"enemies":"downfall:FleeingMerchant","floor":21,"turns":4},{"damage":0,"enemies":"Shell Parasite","floor":23,"turns":4},{"damage":5,"enemies":"Centurion and Healer","floor":25,"turns":4},{"damage":3,"enemies":"Sentry and Sphere","floor":26,"turns":4},{"damage":19,"enemies":"Gremlin Leader","floor":27,"turns":4},{"damage":17,"enemies":"Shelled Parasite and Fungi","floor":28,"turns":4},{"damage":2,"enemies":"Centurion and Healer","floor":29,"turns":5},{"damage":6,"enemies":"Snake Plant","floor":32,"turns":3},{"damage":14,"enemies":"WA_ARCHETYPE_CALM","floor":33,"turns":7},{"damage":0,"enemies":"3 Shapes","floor":36,"turns":3},{"damage":16,"enemies":"3 Darklings","floor":38,"turns":3},{"damage":0,"enemies":"Spire Growth","floor":39,"turns":3},{"damage":0,"enemies":"Giant Head","floor":45,"turns":5},{"damage":0,"enemies":"Giant Head","floor":48,"turns":4},{"damage":0,"enemies":"Transient","floor":49,"turns":5},{"damage":33,"enemies":"DF_ARCHETYPE_ORBS","floor":50,"turns":5}],"seed_played":"-4195606624641419193","potions_obtained":[{"floor":16,"key":"Dexterity Potion"},{"floor":19,"key":"CultistPotion"},{"floor":27,"key":"EntropicBrew"},{"floor":29,"key":"FairyPotion"},{"floor":36,"key":"AttackPotion"}],"is_trial":false,"path_per_floor":["R","M","M","?","?","$","T","M","M","M","$","$","T","M","M","B",null,"R","M","?","$","?","M","T","M","M","E","M","M","?","$","M","B",null,"R","M","$","M","M","$","T","T","R","$","E","?","R","?","M","B",null],"character_chosen":"THE_SPIRIT","items_purchased":["SteroidPotion","hexamod:GhostOfSpireFuture","Mummified Hand","Toy Ornithopter","HandDrill","ColorlessPotion","Slimebound:ThreeZeroPotion","hexamod:Incineration","Master of Strategy","Blue Candle","Letter Opener","PrismaticShard","hexamod:RadiantFlame","hexamod:ForkedFlame","Vajra","Shovel","Frozen Eye","CultistPotion","hexamod:ExtraCrispy","Sling","Thread and Needle","hexamod:SoulburnPotion","hexamod:FifthSeal","Dark Shackles","War Paint","Blood Vial","Bag of Preparation","hexamod:FastForward","ClockworkSouvenir","Juzu Bracelet","Bird Faced Urn","Fruit Juice","Weak Potion","hexamod:SoulConsumer","Nunchaku","hexamod:GhostOfSpirePast","hexamod:Hexaguard","Membership Card","Torii","White Beast Statue","hexamod:DynamicBlow+1"],"campfire_rested":0,"item_purchase_floors":[6,6,6,6,6,6,6,6,11,11,11,11,11,11,12,12,12,12,12,21,21,21,21,21,21,31,31,31,37,37,37,37,37,40,40,40,40,44,44,44,44],"current_hp_per_floor":[77,74,68,56,35,35,35,35,27,25,19,16,16,16,12,13,77,77,56,56,36,36,36,36,38,42,37,27,32,32,32,42,64,84,84,84,89,89,89,89,89,89,89,89,89,89,89,103,103,101],"gold":248,"neow_bonus":"TEN_PERCENT_HP_BONUS","is_daily":false,"chose_seed":false,"campfire_upgraded":0,"win_rate":0.0,"timestamp":1612317067,"path_taken":["R","M","M","?","?","$","T","M","M","?","?","$","?","M","M","BOSS","R","M","?","$","?","M","T","M","M","E","M","M","?","$","M","BOSS","R","M","$","M","M","$","T","?","R","$","E","?","R","?","M","BOSS"],"items_purchased_type":["Potion","Card","Relic","Relic","Relic","Potion","Potion","Card","Card","Relic","Relic","Relic","Card","Card","Relic","Relic","Relic","Potion","Card","Relic","Relic","Potion","Card","Card","Relic","Relic","Relic","Card","Relic","Relic","Relic","Potion","Potion","Relic","Relic","Card","Card","Relic","Relic","Relic","Card"],"build_version":"2020-12-22","purchased_purges":6,"victory":true,"max_hp_per_floor":[77,77,77,77,77,77,77,77,77,77,77,77,77,77,77,77,77,77,77,77,77,77,77,77,77,77,84,84,84,84,84,84,84,84,84,84,89,89,89,89,89,89,89,89,89,89,89,103,103,103],"card_choices":[{"not_picked":["hexamod:HauntingEcho","hexamod:AdvancingGuard","hexamod:FourthSeal"],"picked":"SKIP","floor":2},{"not_picked":["hexamod:GhostLash","hexamod:HeatCrush","hexamod:SwordOfDarkness"],"picked":"SKIP","floor":3},{"not_picked":["hexamod:ShieldOfDarkness","hexamod:AdvancingGuard"],"picked":"hexamod:HexaLevel","floor":6},{"not_picked":["hexamod:RetreatToShadows","hexamod:ShieldOfDarkness","hexamod:GhostLash"],"picked":"SKIP","floor":8},{"not_picked":["hexamod:FastForward","hexamod:GhostShield","hexamod:NecessarySacrifice"],"picked":"SKIP","floor":9},{"not_picked":["hexamod:NightmareGuise","hexamod:DynamicBlow"],"picked":"hexamod:SpectersWail","floor":10},{"not_picked":["hexamod:RetreatToShadows","hexamod:Haunt"],"picked":"hexamod:ThirdSeal","floor":11},{"not_picked":["Bane","Guardian:PrimingBeam","bronze:Repair"],"picked":"SKIP","floor":12},{"not_picked":["Slimebound:Schlurp","Backflip","Slimebound:FinishingTackle"],"picked":"SKIP","floor":12},{"not_picked":["Reinforced Body","hexamod:GhostLash","Guardian:SpikerProtocol"],"picked":"SKIP","floor":14},{"not_picked":["sneckomod:DiceBlock","Battle Trance"],"picked":"hexamod:GhostOfSpireFuture","floor":15},{"not_picked":["EmptyBody","Entrench","True Grit"],"picked":"SKIP","floor":15},{"not_picked":["Slimebound:DouseInSlime","bronze:Format"],"picked":"hexamod:GhostOfSpirePresent","floor":16},{"not_picked":["Sucker Punch","Backflip"],"picked":"hexamod:ThermalTransfer","floor":19},{"not_picked":["Backstab","sneckomod:ImprovisedGuard+1"],"picked":"Study+1","floor":19},{"not_picked":["sneckomod:UnknownUncommonAttack","Guardian:SpikerProtocol+1"],"picked":"hexamod:SpectersWail","floor":21},{"not_picked":["bronze:CutThrough+1","Guardian:TemporalStrike","Conserve Battery"],"picked":"SKIP","floor":21},{"not_picked":["hexamod:SecondSeal","hexamod:FourthSeal"],"picked":"hexamod:FirstSeal","floor":23},{"not_picked":["Cleave+1","Guardian:Suspension+1","Anger+1"],"picked":"SKIP","floor":23},{"not_picked":["Blade Dance","Power Through+1","sneckomod:UnknownClassTHE_CHAMP_GRAY"],"picked":"SKIP","floor":23},{"not_picked":["hexamod:FourthSeal","hexamod:FirstSeal"],"picked":"hexamod:SixthSeal","floor":25},{"not_picked":["champ:AdrenalArmor","Guardian:PrismaticBeam+1","Guardian:VentSteam+1"],"picked":"SKIP","floor":25},{"not_picked":["champ:PreciseThrust","champ:FanOfKnives","sneckomod:IronFang+1"],"picked":"SKIP","floor":25},{"not_picked":["hexamod:SecondSeal","hexamod:FourthSeal"],"picked":"hexamod:SixthSeal","floor":26},{"not_picked":["Slimebound:SplitBruiser","Conclude","Slimebound:SplitAcid"],"picked":"SKIP","floor":26},{"not_picked":["Havoc+1","Footwork","hexamod:SkipABeat"],"picked":"SKIP","floor":26},{"not_picked":["hexamod:ThirdSeal","hexamod:FourthSeal"],"picked":"hexamod:SixthSeal","floor":27},{"not_picked":["Slimebound:RejuvenatingLick+1","bronze:BugBarrage","sneckomod:DiceBlock+1"],"picked":"SKIP","floor":27},{"not_picked":["Prostrate","champ:Devastate","Armaments+1"],"picked":"SKIP","floor":27},{"not_picked":["FearNoEvil+1","expansioncontent:HyperBeam","Guardian:PrimingBeam"],"picked":"SKIP","floor":28},{"not_picked":["Tactician","bronze:GetLatest","Underhanded Strike"],"picked":"SKIP","floor":28},{"not_picked":["hexamod:FourthSeal","hexamod:SecondSeal"],"picked":"hexamod:FirstSeal","floor":29},{"not_picked":["Deflect","hexamod:SpectersWail","champ:LastStand"],"picked":"SKIP","floor":29},{"not_picked":["sneckomod:UnknownCommonSkill","hexamod:PhantomCloak","Armaments"],"picked":"SKIP","floor":29},{"not_picked":["Conserve Battery+1","hexamod:Hexaguard+1","champ:BerserkersShout+1"],"picked":"SKIP","floor":32},{"not_picked":["hexamod:FourthSeal","hexamod:SixthSeal"],"picked":"hexamod:FirstSeal","floor":33},{"not_picked":["Guardian:Gem_Cyan","Redo+1","Slimebound:RainOfGoop"],"picked":"SKIP","floor":36},{"not_picked":["Catalyst+1","Slimebound:FinishingTackle","Guardian:WalkerClaw"],"picked":"SKIP","floor":36},{"not_picked":["champ:GutPunch","sneckomod:Unknown2Cost"],"picked":"hexamod:BurningTouch+1","floor":38},{"not_picked":["Deflect+1","Trip+1","bronze:NullPointer+1"],"picked":"SKIP","floor":38},{"not_picked":["Well Laid Plans","sneckomod:TrashToTreasure","Guardian:StasisStrike"],"picked":"SKIP","floor":39},{"not_picked":["hexamod:RetreatToShadows","Aggregate","Slimebound:HauntingLick"],"picked":"SKIP","floor":39},{"not_picked":["Crescendo+1","ClearTheMind+1","sneckomod:UnknownDraw"],"picked":"SKIP","floor":45},{"not_picked":["Fasting2+1","Blur+1","Steam Power+1"],"picked":"SKIP","floor":45},{"not_picked":["Guardian:CrystalBeam+1","sneckomod:UnknownDraw","champ:IgnorePain"],"picked":"SKIP","floor":49},{"not_picked":["Deadly Poison","Choke+1","Dagger Throw+1"],"picked":"SKIP","floor":49}],"player_experience":247035,"relics_obtained":[{"floor":7,"key":"Centennial Puzzle"},{"floor":13,"key":"Eternal Feather"},{"floor":18,"key":"Bag of Marbles"},{"floor":24,"key":"Girya"},{"floor":27,"key":"Strawberry"},{"floor":41,"key":"Shuriken"},{"floor":42,"key":"Molten Egg 2"},{"floor":45,"key":"Anchor"},{"floor":48,"key":"Mango"}],"event_choices":[{"damage_healed":0,"gold_gain":0,"player_choice":"Success","damage_taken":12,"relics_obtained":["Tiny Chest"],"max_hp_gain":0,"max_hp_loss":0,"event_name":"Scrap Ooze","floor":4,"gold_loss":0},{"damage_healed":0,"gold_gain":0,"player_choice":"Ignored","damage_taken":0,"max_hp_gain":0,"max_hp_loss":0,"event_name":"Vampires","floor":30,"gold_loss":0}],"is_beta":false,"boss_relics":[{"not_picked":["Empty Cage","Pandora\u0027s Box"],"picked":"Runic Dome"},{"not_picked":["hexamod:IceCube","Coffee Dripper"],"picked":"Fusion Hammer"}],"items_purged_floors":[6,11,12,21,31,40],"is_endless":false,"potions_floor_spawned":[9,10,14,15,16,19,27,28,29,32,36,39,45,48,49],"ascension_level":0}}