{"host":"rb2p2z6v6vieend5","time":1612371468,"event":{"mods":["BaseMod","Block Reminder","Colored Map","DeckTracker","Highlight Path","Minty Spire (QoL Compilation)","Random Character Button","Relic Stats"],"gold_per_floor":[118,39,39,114,131,162,162,176,226,241,241,256,269,281,281,380,380,397,414,339,339,339,339,371,385,466,173,189,39,39,50,50,154,154,169,189,189,239,258,258,272,272,324,324,336,336,336],"floor_reached":46,"language":"ENG","playtime":2864,"items_purged":[],"score":599,"play_id":"25349825-7203-4071-95b9-f92e0f48eff4","local_time":"20210203175748","is_ascension_mode":true,"campfire_choices":[{"data":"Zap","floor":7,"key":"SMITH"},{"floor":11,"key":"REST"},{"floor":15,"key":"REST"},{"floor":23,"key":"REST"},{"floor":30,"key":"REST"},{"data":"Streamline","floor":32,"key":"SMITH"},{"floor":40,"key":"REST"},{"floor":42,"key":"REST"},{"data":"White Noise","floor":44,"key":"SMITH"}],"circlet_count":0,"master_deck":["Strike_B","Defend_B","Defend_B","Defend_B","Defend_B","Zap+1","Dualcast","Doom and Gloom","Loop","Steam","Electrodynamics","Cold Snap","Leap","White Noise+1","Rainbow","Ball Lightning","Auto Shields","Gash","Melter","Streamline+1","Gash+1","Hologram+1","All For One","FTL+1","Dramatic Entrance","Coolheaded+1","Leap","Parasite"],"relics":["Cracked Core","Pocketwatch","Toy Ornithopter","Blood Vial","Runic Pyramid","Enchiridion","Oddly Smooth Stone","Matryoshka","Mercury Hourglass","Boot","Inserter","Torii","Ornamental Fan","Bag of Marbles"],"acts_visited":["Exordium","TheCity","TheBeyond"],"potions_floor_usage":[16,24,28,28,33,39,39],"damage_taken":[{"damage":0,"enemies":"Jaw Worm","floor":1,"turns":5},{"damage":0,"enemies":"Cultist","floor":5,"turns":4},{"damage":24,"enemies":"Lagavulin","floor":6,"turns":4},{"damage":5,"enemies":"Small Slimes","floor":8,"turns":2},{"damage":7,"enemies":"Looter","floor":10,"turns":3},{"damage":0,"enemies":"3 Louse","floor":12,"turns":1},{"damage":1,"enemies":"2 Fungi Beasts","floor":13,"turns":3},{"damage":3,"enemies":"Blue Slaver","floor":14,"turns":4},{"damage":23,"enemies":"Hexaghost","floor":16,"turns":9},{"damage":13,"enemies":"3 Byrds","floor":18,"turns":3},{"damage":35,"enemies":"2 Thieves","floor":19,"turns":4},{"damage":29,"enemies":"Gremlin Leader","floor":24,"turns":6},{"damage":0,"enemies":"Cultist and Chosen","floor":25,"turns":5},{"damage":9,"enemies":"Snake Plant","floor":28,"turns":4},{"damage":0,"enemies":"Snecko","floor":31,"turns":4},{"damage":45,"enemies":"Automaton","floor":33,"turns":10},{"damage":48,"enemies":"3 Darklings","floor":35,"turns":4},{"damage":16,"enemies":"3 Shapes","floor":36,"turns":5},{"damage":0,"enemies":"Mind Bloom Boss Battle","floor":38,"turns":5},{"damage":7,"enemies":"Jaw Worm Horde","floor":39,"turns":5},{"damage":1,"enemies":"Writhing Mass","floor":41,"turns":7},{"damage":26,"enemies":"Transient","floor":45,"turns":5},{"damage":42,"enemies":"4 Shapes","floor":46,"turns":2}],"seed_played":"4843652227494976371","potions_obtained":[{"floor":1,"key":"Explosive Potion"},{"floor":8,"key":"SneckoOil"},{"floor":12,"key":"Ancient Potion"},{"floor":13,"key":"Block Potion"},{"floor":19,"key":"Energy Potion"},{"floor":24,"key":"Energy Potion"},{"floor":31,"key":"Block Potion"},{"floor":35,"key":"SteroidPotion"},{"floor":38,"key":"AttackPotion"},{"floor":45,"key":"DuplicationPotion"}],"is_trial":false,"path_per_floor":["M","$","?","?","M","E","R","M","T","M","R","M","M","M","R","B",null,"M","M","?","?","?","R","E","M","T","$","M","$","R","M","R","B",null,"M","M","?","?","M","R","M","R","T","R","M","M"],"character_chosen":"DEFECT","items_purchased":["Loop","Mercury Hourglass","Streamline","Boot"],"campfire_rested":6,"item_purchase_floors":[2,27,27,29],"current_hp_per_floor":[50,50,55,44,44,20,20,15,15,10,34,36,37,36,60,44,71,60,27,27,27,11,35,13,15,15,15,18,18,42,44,44,6,62,16,2,2,4,9,33,34,58,58,58,34,0,0],"gold":336,"neow_bonus":"ONE_RARE_RELIC","is_daily":false,"chose_seed":false,"campfire_upgraded":3,"win_rate":0.0,"timestamp":1612371468,"path_taken":["M","$","?","?","M","E","R","?","T","M","R","M","M","M","R","BOSS","M","M","?","?","?","R","E","M","T","?","M","$","R","M","R","BOSS","M","M","?","?","M","R","M","R","T","R","M","M"],"items_purchased_type":["Card","Relic","Card","Relic"],"build_version":"2020-12-22","purchased_purges":0,"victory":false,"max_hp_per_floor":[75,75,80,80,80,80,80,80,80,80,80,80,80,80,80,80,80,80,80,80,80,80,80,80,80,80,80,80,80,80,80,80,80,80,80,80,80,80,80,80,80,80,80,80,80,80,80],"relic_stats":{"Blood Vial":38,"Inserter":[16],"Torii":3,"counters":[23,103],"Ornamental Fan":[4],"Boot":[16],"obtain_stats":[{"Inserter":34,"Torii":38,"Enchiridion":22,"Oddly Smooth Stone":24,"Boot":29,"Mercury Hourglass":27,"Blood Vial":9,"Matryoshka":26,"Ornamental Fan":43,"Bag of Marbles":43,"Cracked Core":0,"Toy Ornithopter":6,"Pocketwatch":0,"Runic Pyramid":17},{"Inserter":16,"Torii":19,"Enchiridion":11,"Oddly Smooth Stone":12,"Boot":14,"Mercury Hourglass":13,"Blood Vial":4,"Matryoshka":13,"Ornamental Fan":21,"Bag of Marbles":21,"Cracked Core":0,"Toy Ornithopter":3,"Pocketwatch":0,"Runic Pyramid":9},{"Inserter":70,"Torii":84,"Enchiridion":41,"Oddly Smooth Stone":47,"Boot":56,"Mercury Hourglass":52,"Blood Vial":15,"Matryoshka":52,"Ornamental Fan":96,"Bag of Marbles":96,"Cracked Core":0,"Toy Ornithopter":13,"Pocketwatch":0,"Runic Pyramid":35}],"Toy Ornithopter":35,"Pocketwatch":[57],"Mercury Hourglass":[211]},"card_choices":[{"not_picked":["Static Discharge","Beam Cell"],"picked":"Doom and Gloom","floor":1},{"not_picked":["Fusion","Force Field"],"picked":"Steam","floor":5},{"not_picked":["Machine Learning","FTL"],"picked":"Electrodynamics","floor":6},{"not_picked":["Fusion","Gash","Turbo"],"picked":"SKIP","floor":8},{"not_picked":["Sweeping Beam","Auto Shields"],"picked":"Cold Snap","floor":10},{"not_picked":["Conserve Battery","Gash"],"picked":"Leap","floor":12},{"not_picked":["Conserve Battery","Static Discharge"],"picked":"White Noise","floor":13},{"not_picked":["Beam Cell","Barrage","Hello World"],"picked":"SKIP","floor":14},{"not_picked":["Meteor Strike","Amplify"],"picked":"Rainbow","floor":16},{"not_picked":["Turbo","Beam Cell+1"],"picked":"Ball Lightning","floor":18},{"not_picked":["Lockon","Sweeping Beam","Reinforced Body+1"],"picked":"SKIP","floor":19},{"not_picked":["Hologram","Fusion+1"],"picked":"Melter","floor":24},{"not_picked":["Reinforced Body","Stack+1","Cold Snap"],"picked":"SKIP","floor":25},{"not_picked":["Redo","Beam Cell"],"picked":"Gash+1","floor":28},{"not_picked":["Beam Cell","Gash+1"],"picked":"Hologram+1","floor":31},{"not_picked":["Core Surge","Multi-Cast"],"picked":"All For One","floor":33},{"not_picked":["Rip and Tear+1","Beam Cell+1"],"picked":"FTL+1","floor":35},{"not_picked":["Barrage+1","Darkness","Compile Driver"],"picked":"SKIP","floor":36},{"not_picked":["Madness","Swift Strike"],"picked":"Dramatic Entrance","floor":37},{"not_picked":["Hologram","Lockon+1"],"picked":"Coolheaded+1","floor":38},{"not_picked":["Auto Shields+1","Sweeping Beam"],"picked":"Leap","floor":39},{"not_picked":["Cold Snap","Leap","Stack+1"],"picked":"SKIP","floor":41},{"not_picked":["Aggregate","Hologram","Glacier+1"],"picked":"SKIP","floor":45}],"player_experience":677986,"relics_obtained":[{"floor":6,"key":"Toy Ornithopter"},{"floor":9,"key":"Blood Vial"},{"floor":22,"key":"Enchiridion"},{"floor":24,"key":"Oddly Smooth Stone"},{"floor":26,"key":"Matryoshka"},{"floor":38,"key":"Torii"},{"floor":43,"key":"Ornamental Fan"},{"floor":43,"key":"Bag of Marbles"}],"event_choices":[{"damage_healed":0,"gold_gain":0,"player_choice":"Donut","damage_taken":0,"max_hp_gain":5,"max_hp_loss":0,"event_name":"Big Fish","floor":3,"gold_loss":0},{"damage_healed":0,"gold_gain":75,"player_choice":"Gather Gold","damage_taken":11,"max_hp_gain":0,"max_hp_loss":0,"event_name":"World of Goop","floor":4,"gold_loss":0},{"cards_removed":["Strike_B"],"damage_healed":0,"gold_gain":0,"player_choice":"Gave Gold","damage_taken":0,"max_hp_gain":0,"max_hp_loss":0,"event_name":"Beggar","floor":20,"gold_loss":75},{"damage_healed":0,"gold_gain":0,"cards_transformed":["Strike_B","Strike_B"],"player_choice":"Became Test Subject","damage_taken":0,"max_hp_gain":0,"max_hp_loss":0,"event_name":"Drug Dealer","floor":21,"gold_loss":0,"cards_obtained":["Auto Shields","Gash"]},{"damage_healed":0,"gold_gain":0,"player_choice":"Obtained Book","damage_taken":16,"max_hp_gain":0,"max_hp_loss":0,"event_name":"Cursed Tome","floor":22,"gold_loss":0},{"damage_healed":0,"gold_gain":0,"player_choice":"Memory 1","damage_taken":0,"max_hp_gain":0,"max_hp_loss":0,"event_name":"SensoryStone","floor":37,"gold_loss":0},{"damage_healed":0,"gold_gain":0,"player_choice":"Fight","damage_taken":0,"max_hp_gain":0,"max_hp_loss":0,"event_name":"MindBloom","floor":38,"gold_loss":0}],"is_beta":false,"boss_relics":[{"not_picked":["Runic Dome","Black Star"],"picked":"Runic Pyramid"},{"not_picked":["Sozu","Fusion Hammer"],"picked":"Inserter"}],"items_purged_floors":[],"is_endless":false,"potions_floor_spawned":[1,8,12,13,14,19,24,31,35,38,45],"killed_by":"4 Shapes","ascension_level":7}}