{"host":"toh0bbw446wnuexf","time":1612344433,"event":{"mods":["BaseMod","Downfall","Hermit","Minty Spire (QoL Compilation)","Random Character Button","StSLib"],"gold_per_floor":[115,115,115,133,148,148,148,148,148,148,165,184,195,208,208,308,308,323,338,338,338,338],"floor_reached":21,"language":"ENG","playtime":1259,"items_purged":[],"score":190,"play_id":"cd48cc96-a210-4c9e-821a-381f3e61846a","local_time":"20210203222713","is_ascension_mode":true,"campfire_choices":[{"data":"PathToVictory","floor":6,"key":"SMITH"},{"floor":10,"key":"REST"},{"data":"Eruption","floor":15,"key":"SMITH"}],"circlet_count":0,"master_deck":["Strike_P","Strike_P","Defend_P","Defend_P","Defend_P","Defend_P","Eruption+1","Vigilance","FollowUp","PathToVictory+1","ReachHeaven","Judgement","ThirdEye"],"relics":["Black Star","Blue Candle","Eternal Feather","Sozu"],"acts_visited":["Exordium","TheCity"],"potions_floor_usage":[4],"damage_taken":[{"damage":9,"enemies":"Cultist","floor":1,"turns":6},{"damage":3,"enemies":"2 Louse","floor":4,"turns":3},{"damage":0,"enemies":"Small Slimes","floor":5,"turns":2},{"damage":6,"enemies":"Exordium Wildlife","floor":11,"turns":3},{"damage":0,"enemies":"2 Fungi Beasts","floor":12,"turns":3},{"damage":1,"enemies":"3 Louse","floor":13,"turns":3},{"damage":5,"enemies":"Gremlin Gang","floor":14,"turns":4},{"damage":17,"enemies":"The Guardian","floor":16,"turns":9},{"damage":0,"enemies":"Spheric Guardian","floor":18,"turns":1},{"damage":24,"enemies":"2 Thieves","floor":19,"turns":4},{"damage":60,"enemies":"Cultist and Chosen","floor":21,"turns":6}],"seed_played":"-7138742436097671860","potions_obtained":[{"floor":4,"key":"Fruit Juice"},{"floor":5,"key":"BottledMiracle"},{"floor":16,"key":"SpeedPotion"}],"is_trial":false,"path_per_floor":["M","?","?","M","M","R","?","?","T","R","M","M","M","M","R","B",null,"M","M","?","M"],"character_chosen":"WATCHER","items_purchased":[],"campfire_rested":1,"item_purchase_floors":[],"current_hp_per_floor":[63,63,56,58,58,58,33,33,33,62,56,56,55,50,56,39,77,77,53,53,0,0],"gold":338,"neow_bonus":"BOSS_RELIC","is_daily":false,"chose_seed":false,"campfire_upgraded":2,"win_rate":0.0,"timestamp":1612344433,"path_taken":["M","?","?","M","M","R","?","?","T","R","M","M","M","?","R","BOSS","M","M","?","M"],"items_purchased_type":[],"build_version":"2020-12-22","purchased_purges":0,"victory":false,"max_hp_per_floor":[72,72,72,77,77,77,77,77,77,77,77,77,77,77,77,77,77,77,77,77,77,77],"card_choices":[{"not_picked":["Prostrate","Crescendo"],"picked":"FollowUp","floor":1},{"not_picked":["Prostrate","SashWhip"],"picked":"PathToVictory","floor":4},{"not_picked":["FlurryOfBlows","Protect"],"picked":"ReachHeaven","floor":5},{"not_picked":["ReachHeaven","Fasting2","Sanctity"],"picked":"SKIP","floor":11},{"not_picked":["Consecrate","LessonLearned","EmptyBody"],"picked":"SKIP","floor":12},{"not_picked":["Wallop","Crescendo","Halt"],"picked":"SKIP","floor":13},{"not_picked":["CrushJoints","Study","Sanctity"],"picked":"SKIP","floor":14},{"not_picked":["Scrawl","DevaForm"],"picked":"Judgement","floor":16},{"not_picked":["Wallop","Consecrate","Crescendo"],"picked":"SKIP","floor":18},{"not_picked":["Wallop","Consecrate","Crescendo"],"picked":"SKIP","floor":18},{"not_picked":["SashWhip","WreathOfFlame"],"picked":"ThirdEye","floor":19}],"player_experience":666942,"relics_obtained":[{"floor":9,"key":"Eternal Feather"}],"event_choices":[{"damage_healed":0,"gold_gain":0,"player_choice":"Ignored","damage_taken":0,"max_hp_gain":0,"max_hp_loss":0,"event_name":"Shining Light","floor":2,"gold_loss":0},{"cards_removed":["Strike_P"],"damage_healed":0,"gold_gain":0,"player_choice":"Card Removal","damage_taken":7,"max_hp_gain":0,"max_hp_loss":0,"event_name":"Golden Wing","floor":3,"gold_loss":0},{"damage_healed":0,"gold_gain":0,"player_choice":"Success","damage_taken":25,"relics_obtained":["Blue Candle"],"max_hp_gain":0,"max_hp_loss":0,"event_name":"Scrap Ooze","floor":7,"gold_loss":0},{"cards_removed":["Strike_P"],"damage_healed":0,"gold_gain":0,"player_choice":"Forget","damage_taken":0,"max_hp_gain":0,"max_hp_loss":0,"event_name":"Living Wall","floor":8,"gold_loss":0},{"damage_healed":0,"gold_gain":0,"player_choice":"Ignored","damage_taken":0,"max_hp_gain":0,"max_hp_loss":0,"event_name":"Ghosts","floor":20,"gold_loss":0}],"is_beta":false,"boss_relics":[{"not_picked":["Fusion Hammer","Runic Dome"],"picked":"Sozu"}],"items_purged_floors":[],"is_endless":false,"potions_floor_spawned":[4,5,16,18],"killed_by":"Cultist and Chosen","ascension_level":2}}