{"host":"jhywql2x2v3ppvhm","time":1612385664,"event":{"mods":["BaseMod","Colored Map","Colored Powertips","Downfall","Googly Eyes","Hermit","Marisa????????","Minty Spire (QoL Compilation)","Rare Cards Sparkle","Shop Mod","Slay the Relics Exporter","StSLib","The Animator","The Bug Knight","The Cursed","The Disciple","The Necromancer","The Runesmith","The Servant 0.9.4","slay the spire mod where everything is the same but ironclad has a cowboy hat"],"gold_per_floor":[116,116,191,191,205,205,240,254,254,96,109,129,145,0,0,131,131,154,154,175,24,24,24,49,49,49,12,12,12,26,44,44,44,44],"floor_reached":33,"language":"ENG","playtime":1334,"items_purged":[],"score":272,"play_id":"f084988d-cb6c-40dd-ad70-6576cd0720c1","local_time":"20210203155424","is_ascension_mode":false,"campfire_choices":[{"data":"KidneyShot","floor":6,"key":"SMITH"},{"floor":15,"key":"REST"},{"floor":23,"key":"RECALL"},{"data":"Initiator","floor":25,"key":"SMITH"},{"data":"InstantArmor","floor":32,"key":"SMITH"}],"circlet_count":0,"master_deck":["Strike_S","Strike_S","Strike_S","Strike_S","Defend_S","Defend_S","Defend_S","Defend_S","KidneyShot+1","Exchange","DoubleEdge","Injury","Spin+1","BestPractice","Initiator+1","Snipe","Gouge","Solidify","InstantArmor","Replace","InstantArmor+1","MoonPhase","Spin"],"relics":["Uniform","Sundial","Golden Idol","Thread and Needle","Ancient Tea Set","ClockworkSouvenir","StoneMask","Vajra","MutagenicStrength"],"acts_visited":["Exordium","TheCity"],"potions_floor_usage":[7,12,16,16,33,33,33],"damage_taken":[{"damage":2,"enemies":"2 Louse","floor":1,"turns":3},{"damage":4,"enemies":"Small Slimes","floor":5,"turns":5},{"damage":21,"enemies":"3 Sentries","floor":7,"turns":7},{"damage":0,"enemies":"Jaw Worm","floor":8,"turns":1},{"damage":1,"enemies":"Blue Slaver","floor":11,"turns":3},{"damage":4,"enemies":"Red Slaver","floor":12,"turns":3},{"damage":11,"enemies":"Lots of Slimes","floor":13,"turns":2},{"damage":6,"enemies":"Slime Boss","floor":16,"turns":6},{"damage":11,"enemies":"Spheric Guardian","floor":18,"turns":3},{"damage":0,"enemies":"3 Byrds","floor":20,"turns":3},{"damage":3,"enemies":"Cultist and Chosen","floor":24,"turns":5},{"damage":9,"enemies":"Centurion and Healer","floor":30,"turns":5},{"damage":0,"enemies":"Chosen and Byrds","floor":31,"turns":3},{"damage":84,"enemies":"Collector","floor":33,"turns":8}],"seed_played":"-8820415463905109566","potions_obtained":[{"floor":1,"key":"FearPotion"},{"floor":5,"key":"Strength Potion"},{"floor":8,"key":"Block Potion"},{"floor":13,"key":"Strength Potion"},{"floor":16,"key":"champ:CounterPotion"},{"floor":18,"key":"sneckomod:MuddlingPotion"},{"floor":20,"key":"Guardian:BlockOnCardUsePotion"},{"floor":30,"key":"AttackPotion"}],"is_trial":false,"path_per_floor":["M","?","?","?","M","R","E","M","T","$","M","M","M","$","R","B",null,"M","?","M","$","$","R","M","R","T","$","?","$","M","M","R","B"],"character_chosen":"THE_SERVANT","items_purchased":["Initiator","ClockworkSouvenir","Vajra","InstantArmor"],"campfire_rested":1,"item_purchase_floors":[10,14,21,27],"current_hp_per_floor":[69,57,46,46,42,42,21,21,21,21,20,16,5,5,26,20,71,63,63,72,72,72,72,75,75,75,75,75,75,72,78,78,0,0],"gold":44,"neow_bonus":"TEN_PERCENT_HP_BONUS","is_daily":false,"chose_seed":false,"campfire_upgraded":3,"win_rate":0.0,"timestamp":1612385664,"path_taken":["M","?","?","?","M","R","E","M","T","?","M","M","M","$","R","BOSS","M","?","?","?","$","R","M","R","T","$","?","?","?","M","R","BOSS"],"items_purchased_type":["Card","Relic","Relic","Card"],"build_version":"2020-12-22","purchased_purges":0,"victory":false,"max_hp_per_floor":[71,71,71,71,71,71,71,71,71,71,71,71,71,71,71,71,71,72,72,75,75,75,75,77,77,77,77,77,77,79,81,81,81,81],"card_choices":[{"not_picked":["StarChef","Advance"],"picked":"DoubleEdge","floor":1},{"not_picked":["ShiftingGears","Hightail"],"picked":"Spin","floor":5},{"not_picked":["TimeWarp","DoubleEdge"],"picked":"BestPractice","floor":7},{"not_picked":["Gouge","WasteNot","Advance"],"picked":"SKIP","floor":8},{"not_picked":["Defy","Barrier"],"picked":"Snipe","floor":11},{"not_picked":["Moonlight","ReturningBlade","Sabotage"],"picked":"SKIP","floor":12},{"not_picked":["Sabotage","Rewind"],"picked":"Gouge","floor":13},{"not_picked":["KillingDoll","FloweringNight"],"picked":"Solidify","floor":16},{"not_picked":["BottledTime","Spin"],"picked":"InstantArmor","floor":18},{"not_picked":["Alleviate","Replace","DoubleEdge"],"picked":"SKIP","floor":20},{"not_picked":["Read","Alleviate"],"picked":"Replace","floor":24},{"not_picked":["Alleviate","TimeWarp"],"picked":"MoonPhase","floor":30},{"not_picked":["Misdirection","PendulumOfEternity"],"picked":"Spin","floor":31}],"player_experience":230055,"relics_obtained":[{"floor":7,"key":"Thread and Needle"},{"floor":9,"key":"Ancient Tea Set"}],"event_choices":[{"damage_healed":0,"gold_gain":0,"player_choice":"Success","damage_taken":12,"relics_obtained":["Sundial"],"max_hp_gain":0,"max_hp_loss":0,"event_name":"Scrap Ooze","floor":2,"gold_loss":0},{"damage_healed":0,"gold_gain":75,"player_choice":"Gather Gold","damage_taken":11,"max_hp_gain":0,"max_hp_loss":0,"event_name":"World of Goop","floor":3,"gold_loss":0},{"damage_healed":0,"gold_gain":0,"player_choice":"Take Wound","damage_taken":0,"relics_obtained":["Golden Idol"],"max_hp_gain":0,"max_hp_loss":0,"event_name":"Golden Idol","floor":4,"gold_loss":0,"cards_obtained":["Injury"]},{"damage_healed":0,"gold_gain":0,"player_choice":"Upgraded","damage_taken":0,"max_hp_gain":0,"max_hp_loss":0,"event_name":"Upgrade Shrine","floor":19,"gold_loss":0,"cards_upgraded":["Spin"]},{"damage_healed":0,"gold_gain":0,"player_choice":"Inject Mutagens","damage_taken":0,"relics_obtained":["MutagenicStrength"],"max_hp_gain":0,"max_hp_loss":0,"event_name":"Drug Dealer","floor":28,"gold_loss":0}],"is_beta":false,"boss_relics":[{"not_picked":["Busted Crown","Empty Cage"],"picked":"StoneMask"}],"items_purged_floors":[],"is_endless":false,"potions_floor_spawned":[1,5,8,13,16,18,20,30],"killed_by":"Collector","ascension_level":0}}