{"host":"ftw8honmdnhsve3j","time":1612385089,"event":{"mods":["BaseMod","Colored Powertips","Minty Spire (QoL Compilation)","StSLib","The Wild Card"],"gold_per_floor":[116,116,41,216,70,70,70,70,70,145,20,34,52,77,77,203,203,216,237,237,19,19,19,55,55,55,74,40,40,85,108,108,228,228,248,264,264,597,597,597,613,629,629,629,629],"floor_reached":44,"language":"ENG","playtime":1543,"items_purged":["Regret","Doubt","theWildCard:Arsene","Writhe"],"score":570,"play_id":"a8b07606-e60d-4b78-91f4-f0cb6e865dc3","local_time":"20210203214449","is_ascension_mode":true,"campfire_choices":[{"data":"theWildCard:Michael","floor":6,"key":"SMITH"},{"data":"theWildCard:ArcanaArtistry","floor":8,"key":"SMITH"},{"data":"theWildCard:Proficiency","floor":15,"key":"SMITH"},{"data":"theWildCard:Lucifer","floor":23,"key":"SMITH"},{"floor":25,"key":"REST"},{"floor":32,"key":"REST"},{"data":"theWildCard:FinalHour","floor":40,"key":"SMITH"}],"circlet_count":0,"master_deck":["theWildCard:BasicStrike+1","theWildCard:BasicStrike+1","theWildCard:BasicStrike+1","theWildCard:BasicDefend+1","theWildCard:BasicDefend+1","theWildCard:BasicDefend+1","theWildCard:BasicDefend+1","theWildCard:CallToAdventure","theWildCard:ArcanaArtistry+1","theWildCard:Michael+1","theWildCard:Proficiency+1","theWildCard:Lucifer+1","theWildCard:StingingStrike","theWildCard:MagicalMight","theWildCard:PowerOfTheArcana","theWildCard:FinalHour+1"],"relics":["Busted Crown","Torii","White Beast Statue","SacredBark","Darkstone Periapt","Juzu Bracelet","Gremlin Horn","Lantern","Empty Cage","Pocketwatch"],"acts_visited":["Exordium","TheCity","TheBeyond"],"potions_floor_usage":[16,16,24,27,31,33,39,41,42,42,44],"damage_taken":[{"damage":0,"enemies":"Cultist","floor":1,"turns":3},{"damage":0,"enemies":"2 Louse","floor":12,"turns":2},{"damage":0,"enemies":"Jaw Worm","floor":13,"turns":2},{"damage":0,"enemies":"Blue Slaver","floor":14,"turns":4},{"damage":21,"enemies":"Hexaghost","floor":16,"turns":10},{"damage":9,"enemies":"Spheric Guardian","floor":18,"turns":3},{"damage":3,"enemies":"3 Byrds","floor":19,"turns":3},{"damage":17,"enemies":"Slavers","floor":24,"turns":4},{"damage":1,"enemies":"3 Cultists","floor":27,"turns":3},{"damage":1,"enemies":"Snake Plant","floor":31,"turns":2},{"damage":76,"enemies":"Champ","floor":33,"turns":7},{"damage":8,"enemies":"3 Darklings","floor":35,"turns":2},{"damage":28,"enemies":"3 Shapes","floor":36,"turns":4},{"damage":0,"enemies":"Writhing Mass","floor":39,"turns":1},{"damage":13,"enemies":"4 Shapes","floor":41,"turns":4},{"damage":17,"enemies":"3 Darklings","floor":42,"turns":5},{"damage":19,"enemies":"Spire Growth","floor":44,"turns":2}],"seed_played":"-987654949980204560","potions_obtained":[{"floor":1,"key":"Block Potion"},{"floor":12,"key":"Dexterity Potion"},{"floor":13,"key":"Weak Potion"},{"floor":16,"key":"DistilledChaos"},{"floor":18,"key":"Energy Potion"},{"floor":24,"key":"SteroidPotion"},{"floor":27,"key":"Fruit Juice"},{"floor":31,"key":"FairyPotion"},{"floor":33,"key":"BlessingOfTheForge"},{"floor":35,"key":"SmokeBomb"},{"floor":36,"key":"EssenceOfSteel"},{"floor":41,"key":"LiquidBronze"},{"floor":42,"key":"SkillPotion"}],"is_trial":false,"path_per_floor":["M","?","$","?","$","R","?","R","T","?","$","M","M","M","R","B",null,"M","M","?","$","?","R","E","R","T","M","$","?","T","M","R","B",null,"M","M","?","?","M","R","M","M","T","M"],"character_chosen":"THE_WILD_CARD","items_purchased":["theWildCard:Michael","theWildCard:MagicalMight","theWildCard:PowerOfTheArcana"],"campfire_rested":2,"item_purchase_floors":[5,21,28],"current_hp_per_floor":[60,60,60,60,60,60,45,45,45,34,34,34,34,34,34,13,48,39,36,42,42,42,42,25,44,44,53,53,53,53,52,74,45,68,60,32,32,32,32,32,19,2,2,0,0],"gold":629,"neow_bonus":"BOSS_RELIC","is_daily":false,"chose_seed":false,"campfire_upgraded":5,"win_rate":0.0,"timestamp":1612385089,"path_taken":["M","?","$","?","$","R","?","R","T","?","?","M","M","?","R","BOSS","M","M","?","$","?","R","E","R","T","M","$","?","?","M","R","BOSS","M","M","?","?","M","R","M","M","T","M"],"items_purchased_type":["Card","Card","Card"],"build_version":"2020-12-22","purchased_purges":4,"victory":false,"max_hp_per_floor":[60,60,60,60,60,60,60,60,60,60,60,60,60,60,60,60,60,60,60,66,66,66,66,66,66,66,76,76,76,76,76,76,76,76,76,76,76,76,76,76,76,76,76,76,76],"card_choices":[{"not_picked":[],"picked":"theWildCard:ArcanaArtistry","floor":1},{"not_picked":[],"picked":"theWildCard:Proficiency","floor":12},{"not_picked":["theWildCard:TheGreatSeal"],"picked":"SKIP","floor":13},{"not_picked":[],"picked":"theWildCard:ArchaicAssault","floor":14},{"not_picked":[],"picked":"theWildCard:Lucifer","floor":16},{"not_picked":[],"picked":"theWildCard:StingingStrike","floor":18},{"not_picked":["theWildCard:Alice"],"picked":"SKIP","floor":19},{"not_picked":["theWildCard:MagicalMight"],"picked":"SKIP","floor":24},{"not_picked":["theWildCard:StingingStrike+1"],"picked":"SKIP","floor":27},{"not_picked":["theWildCard:EnergizedStroke"],"picked":"SKIP","floor":31},{"not_picked":[],"picked":"theWildCard:FinalHour","floor":33},{"not_picked":["theWildCard:ArcanaArtistry+1"],"picked":"SKIP","floor":35},{"not_picked":["theWildCard:Alice+1"],"picked":"SKIP","floor":36},{"not_picked":["theWildCard:SeveringSlash"],"picked":"SKIP","floor":41},{"not_picked":["theWildCard:Odin+1"],"picked":"SKIP","floor":42}],"player_experience":550060,"relics_obtained":[{"floor":9,"key":"White Beast Statue"},{"floor":24,"key":"Juzu Bracelet"},{"floor":26,"key":"Gremlin Horn"},{"floor":30,"key":"Lantern"},{"floor":43,"key":"Pocketwatch"}],"event_choices":[{"damage_healed":0,"gold_gain":0,"player_choice":"Box","damage_taken":0,"relics_obtained":["Torii"],"max_hp_gain":0,"max_hp_loss":0,"event_name":"Big Fish","floor":2,"gold_loss":0,"cards_obtained":["Regret"]},{"damage_healed":0,"gold_gain":175,"player_choice":"AGREE","damage_taken":0,"max_hp_gain":0,"max_hp_loss":0,"event_name":"Liars Game","floor":4,"gold_loss":0,"cards_obtained":["Doubt"]},{"damage_healed":0,"gold_gain":0,"player_choice":"Take Damage","damage_taken":15,"relics_obtained":["Golden Idol"],"max_hp_gain":0,"max_hp_loss":0,"event_name":"Golden Idol","floor":7,"gold_loss":0},{"damage_healed":0,"gold_gain":75,"player_choice":"Gather Gold","damage_taken":11,"max_hp_gain":0,"max_hp_loss":0,"event_name":"World of Goop","floor":10,"gold_loss":0},{"damage_healed":0,"gold_gain":0,"player_choice":"Opened","damage_taken":0,"relics_obtained":["Darkstone Periapt"],"max_hp_gain":0,"max_hp_loss":0,"event_name":"The Mausoleum","floor":20,"gold_loss":0,"cards_obtained":["Writhe"]},{"damage_healed":0,"gold_gain":0,"player_choice":"Simplicity","damage_taken":0,"max_hp_gain":0,"max_hp_loss":0,"event_name":"Back to Basics","floor":22,"gold_loss":0,"cards_upgraded":["theWildCard:BasicStrike","theWildCard:BasicStrike","theWildCard:BasicStrike","theWildCard:BasicStrike","theWildCard:BasicDefend","theWildCard:BasicDefend","theWildCard:BasicDefend","theWildCard:BasicDefend"]},{"damage_healed":0,"gold_gain":0,"player_choice":"Ignored","damage_taken":0,"max_hp_gain":0,"max_hp_loss":0,"event_name":"Cursed Tome","floor":29,"gold_loss":0},{"damage_healed":0,"gold_gain":0,"player_choice":"Ignored","damage_taken":0,"max_hp_gain":0,"max_hp_loss":0,"event_name":"Transmorgrifier","floor":37,"gold_loss":0},{"damage_healed":0,"gold_gain":333,"player_choice":"Gave Idol","damage_taken":0,"max_hp_gain":0,"max_hp_loss":0,"event_name":"The Moai Head","floor":38,"relics_lost":["Golden Idol"],"gold_loss":0}],"is_beta":false,"boss_relics":[{"not_picked":["Pandora\u0027s Box","Tiny House"],"picked":"SacredBark"},{"not_picked":["Astrolabe","Fusion Hammer"],"picked":"Empty Cage"}],"items_purged_floors":[3,5,11,21],"is_endless":false,"potions_floor_spawned":[1,12,13,14,16,18,19,24,27,31,33,35,36,39,41,42],"killed_by":"Spire Growth","ascension_level":5}}