{"host":"f5n4tidiz2n5sooh","time":1612311400,"event":{"mods":["BaseMod","Colored Map","Minty Spire (QoL Compilation)","Relic Stats","StSLib"],"gold_per_floor":[114,134,150,169,169,196,13,13,13],"floor_reached":8,"language":"ENG","playtime":1601,"items_purged":["Strike_B"],"score":116,"play_id":"ee30137f-2f9b-4df5-bbce-bfbb49c48c45","local_time":"20210202181640","is_ascension_mode":true,"campfire_choices":[],"circlet_count":0,"master_deck":["AscendersBane","Strike_B","Strike_B","Strike_B","Defend_B","Defend_B","Defend_B","Defend_B","Zap","Dualcast","Compile Driver","Rip and Tear","Cold Snap","Electrodynamics","Go for the Eyes","Ball Lightning","Coolheaded"],"relics":["Philosopher\u0027s Stone","Mercury Hourglass"],"acts_visited":["Exordium"],"potions_floor_usage":[6,8],"damage_taken":[{"damage":4,"enemies":"Cultist","floor":1,"turns":4},{"damage":0,"enemies":"Small Slimes","floor":2,"turns":3},{"damage":10,"enemies":"2 Louse","floor":3,"turns":2},{"damage":11,"enemies":"Exordium Wildlife","floor":4,"turns":5},{"damage":30,"enemies":"Gremlin Nob","floor":6,"turns":4},{"damage":19,"enemies":"Lagavulin","floor":8,"turns":5}],"seed_played":"-820934939373972340","potions_obtained":[{"floor":4,"key":"AttackPotion"},{"floor":6,"key":"Swift Potion"}],"is_trial":false,"path_per_floor":["M","M","M","M","?","E","$","E"],"character_chosen":"DEFECT","items_purchased":["Ball Lightning","Coolheaded"],"campfire_rested":0,"item_purchase_floors":[7,7],"current_hp_per_floor":[60,60,50,39,39,9,9,0,0],"gold":13,"neow_bonus":"BOSS_RELIC","is_daily":false,"chose_seed":false,"campfire_upgraded":0,"win_rate":0.0,"timestamp":1612311400,"path_taken":["M","M","?","?","?","E","$","E"],"items_purchased_type":["Card","Card"],"build_version":"2020-12-22","purchased_purges":1,"victory":false,"max_hp_per_floor":[71,71,71,71,71,71,71,71,71],"relic_stats":{"counters":[6,23],"obtain_stats":[{"Philosopher\u0027s Stone":0,"Cracked Core":0,"Mercury Hourglass":6},{"Philosopher\u0027s Stone":0,"Cracked Core":0,"Mercury Hourglass":5},{"Philosopher\u0027s Stone":0,"Cracked Core":0,"Mercury Hourglass":18}],"Mercury Hourglass":[6]},"card_choices":[{"not_picked":["Barrage","Reprogram"],"picked":"Compile Driver","floor":1},{"not_picked":["Gash","Self Repair"],"picked":"Rip and Tear","floor":2},{"not_picked":["Stack","Reinforced Body"],"picked":"Cold Snap","floor":3},{"not_picked":["Rebound","Beam Cell"],"picked":"Electrodynamics","floor":4},{"not_picked":["Storm","Heatsinks"],"picked":"Go for the Eyes","floor":6}],"player_experience":2041635,"relics_obtained":[{"floor":6,"key":"Mercury Hourglass"}],"event_choices":[{"damage_healed":0,"gold_gain":0,"player_choice":"Ignored","damage_taken":0,"max_hp_gain":0,"max_hp_loss":0,"event_name":"Liars Game","floor":5,"gold_loss":0}],"is_beta":false,"boss_relics":[],"items_purged_floors":[7],"is_endless":false,"potions_floor_spawned":[4,6],"killed_by":"Lagavulin","ascension_level":20}}