{"host":"lwpvkgc6ydwupigp","time":1612392911,"event":{"mods":["AchievementEnabler","BaseMod","Bestiary","Minty Spire (QoL Compilation)","Quick Restart","Relic Stats"],"gold_per_floor":[118,118,118,118,137,166,183,183,208,224,243,37,37,54,54,54,54],"floor_reached":16,"language":"ENG","playtime":2098,"items_purged":[],"score":127,"play_id":"89b2e22a-f4f6-40af-8089-2c54a47d2ab6","local_time":"20210203235511","is_ascension_mode":false,"campfire_choices":[{"floor":8,"key":"REST"},{"floor":13,"key":"REST"},{"floor":15,"key":"REST"}],"circlet_count":0,"master_deck":["Strike_G","Strike_G","Strike_G","Strike_G","Strike_G","Defend_G","Defend_G","Defend_G","Defend_G","Defend_G","Survivor","Neutralize","Dagger Throw","Endless Agony","Sucker Punch","Leg Sweep","Dagger Spray","Blade Dance","PiercingWail","Backflip"],"relics":["Ring of the Snake","Anchor","Strawberry","Lantern"],"acts_visited":["Exordium"],"potions_floor_usage":[16,16],"damage_taken":[{"damage":1,"enemies":"2 Louse","floor":1,"turns":4},{"damage":0,"enemies":"Jaw Worm","floor":5,"turns":4},{"damage":66,"enemies":"Lagavulin","floor":6,"turns":15},{"damage":0,"enemies":"Small Slimes","floor":7,"turns":2},{"damage":0,"enemies":"Blue Slaver","floor":10,"turns":4},{"damage":0,"enemies":"Red Slaver","floor":11,"turns":4},{"damage":0,"enemies":"Exordium Thugs","floor":14,"turns":5},{"damage":89,"enemies":"The Guardian","floor":16,"turns":16}],"seed_played":"-6137467972911016344","potions_obtained":[{"floor":5,"key":"SmokeBomb"},{"floor":6,"key":"Explosive Potion"},{"floor":14,"key":"Energy Potion"}],"is_trial":false,"path_per_floor":["M","?","?","?","M","E","M","R","T","M","M","$","R","M","R","B"],"character_chosen":"THE_SILENT","items_purchased":["PiercingWail","Lantern"],"campfire_rested":3,"item_purchase_floors":[12,12],"current_hp_per_floor":[76,76,81,81,81,15,15,39,46,46,46,46,72,72,89,0,0],"gold":54,"neow_bonus":"TEN_PERCENT_HP_BONUS","is_daily":false,"chose_seed":false,"campfire_upgraded":0,"win_rate":0.0,"timestamp":1612392911,"path_taken":["M","?","?","?","M","E","M","R","T","M","M","$","R","M","R","BOSS"],"items_purchased_type":["Card","Relic"],"build_version":"2020-12-22","purchased_purges":0,"victory":false,"max_hp_per_floor":[77,77,82,82,82,82,82,82,89,89,89,89,89,89,89,89,89],"relic_stats":{"counters":[8,54],"obtain_stats":[{"Anchor":6,"Lantern":12,"Strawberry":9,"Ring of the Snake":0},{"Anchor":3,"Lantern":6,"Strawberry":4,"Ring of the Snake":0},{"Anchor":23,"Lantern":33,"Strawberry":25,"Ring of the Snake":0}],"Ring of the Snake":[16]},"card_choices":[{"not_picked":["PiercingWail","Finisher"],"picked":"Dagger Throw","floor":1},{"not_picked":["Tactician","Bane"],"picked":"Endless Agony","floor":5},{"not_picked":["Choke","Catalyst"],"picked":"Sucker Punch","floor":6},{"not_picked":["Deadly Poison","Infinite Blades"],"picked":"Leg Sweep","floor":7},{"not_picked":["Expertise","Burst"],"picked":"Dagger Spray","floor":10},{"not_picked":["Tactician","Eviscerate"],"picked":"Blade Dance","floor":11},{"not_picked":["Acrobatics","PiercingWail"],"picked":"Backflip","floor":14}],"player_experience":27326,"relics_obtained":[{"floor":6,"key":"Anchor"},{"floor":9,"key":"Strawberry"}],"event_choices":[{"damage_healed":0,"gold_gain":0,"player_choice":"Ignored","damage_taken":0,"max_hp_gain":0,"max_hp_loss":0,"event_name":"Golden Wing","floor":2,"gold_loss":0},{"damage_healed":0,"gold_gain":0,"player_choice":"Donut","damage_taken":0,"max_hp_gain":5,"max_hp_loss":0,"event_name":"Big Fish","floor":3,"gold_loss":0},{"damage_healed":0,"gold_gain":0,"player_choice":"Leave","damage_taken":0,"max_hp_gain":0,"max_hp_loss":0,"event_name":"The Cleric","floor":4,"gold_loss":0}],"is_beta":false,"boss_relics":[],"items_purged_floors":[],"is_endless":false,"potions_floor_spawned":[5,6,14],"killed_by":"The Guardian","ascension_level":0}}