{"host":"820xk69ekh5gtclf","time":1612317587,"event":{"mods":["Ascension Unlocker","BaseMod","Curses Come First","Custom Start","Downfall","Minty Spire (QoL Compilation)","StSLib"],"gold_per_floor":[115,115,135,135,66,94,114,16,16,16,42,58,58,88,88,161,161,175,175,186,186,186,186,197,50,50,50,83,83,83,98,129,139,166,166,239,239,256,256,256,256],"floor_reached":39,"language":"ENG","playtime":2085,"items_purged":["bronze:Strike"],"score":996,"play_id":"8349ba2a-0f38-4f63-9598-e1e4a4d9c0b8","local_time":"20210202205947","is_ascension_mode":true,"campfire_choices":[{"data":"bronze:FollowUp","floor":10.0,"key":"SMITH"},{"data":"bronze:Strike","floor":13.0,"key":"PURGE"},{"data":"bronze:Strike","floor":15.0,"key":"PURGE"},{"data":"Decay","floor":30.0,"key":"PURGE"},{"data":"bronze:Replicate","floor":35.0,"key":"PURGE"}],"circlet_count":0,"master_deck":["AscendersBane","bronze:Defend","bronze:Defend","bronze:Defend","bronze:Defend","bronze:Goto","bronze:OilSpill","bronze:CutThrough","bronze:FollowUp+1","bronze:OilSpill","bronze:Return","bronze:OilSpill","bronze:Deprecate","bronze:BronzeOrb","bronze:OilSpill","bronze:FindAndReplace","bronze:Frontload","Ghostly","Ghostly","Ghostly","bronze:BronzeOrb","bronze:BronzeOrb","bronze:Optimize","bronze:Overload","bronze:Verify","bronze:Frontload"],"relics":["bronze:BronzeCore","NeowsBlessing","Darkstone Periapt","Mercury Hourglass","Peace Pipe","Prayer Wheel","Fusion Hammer","Bag of Preparation","White Beast Statue","Pocketwatch","bronze:ElectromagneticCoil"],"acts_visited":["Exordium","TheCity","TheBeyond"],"potions_floor_usage":[],"damage_taken":[{"damage":0.0,"enemies":"2 Louse","floor":1.0,"turns":1.0},{"damage":0.0,"enemies":"Jaw Worm","floor":3.0,"turns":1.0},{"damage":0.0,"enemies":"Gremlin Nob","floor":6.0,"turns":1.0},{"damage":0.0,"enemies":"Small Slimes","floor":7.0,"turns":2.0},{"damage":5.0,"enemies":"3 Sentries","floor":11.0,"turns":5.0},{"damage":6.0,"enemies":"3 Louse","floor":12.0,"turns":2.0},{"damage":0.0,"enemies":"Gremlin Nob","floor":14.0,"turns":3.0},{"damage":18.0,"enemies":"Hexaghost","floor":16.0,"turns":6.0},{"damage":0.0,"enemies":"Spheric Guardian","floor":18.0,"turns":2.0},{"damage":0.0,"enemies":"Shell Parasite","floor":20.0,"turns":2.0},{"damage":7.0,"enemies":"Book of Stabbing","floor":24.0,"turns":6.0},{"damage":0.0,"enemies":"Gremlin Leader","floor":28.0,"turns":6.0},{"damage":1.0,"enemies":"Gremlin Leader","floor":31.0,"turns":5.0},{"damage":3.0,"enemies":"Book of Stabbing","floor":32.0,"turns":5.0},{"damage":3.0,"enemies":"Gremlin Leader","floor":33.0,"turns":4.0},{"damage":0.0,"enemies":"Slavers","floor":34.0,"turns":5.0},{"damage":22.0,"enemies":"Collector","floor":36.0,"turns":6.0},{"damage":0.0,"enemies":"Orb Walker","floor":38.0,"turns":3.0},{"damage":0,"floor":39,"turns":1}],"seed_played":"2037267512829324833","potions_obtained":[{"floor":1.0,"key":"Regen Potion"},{"floor":3.0,"key":"GamblersBrew"},{"floor":12.0,"key":"SpeedPotion"},{"floor":16.0,"key":"Energy Potion"},{"floor":18.0,"key":"Block Potion"},{"floor":33.0,"key":"EssenceOfSteel"},{"floor":34.0,"key":"Strength Potion"},{"floor":36.0,"key":"DuplicationPotion"}],"is_trial":false,"path_per_floor":["M","$","M","?","$","E","M","$","T","R","E","M","R","E","R","B",null,"M","?","M","?","?","E","M","$","E","M","E","T","R","M","E","M","E","R","B",null,"M","?"],"character_chosen":"THE_AUTOMATON","items_purchased":["bronze:FollowUp","bronze:OilSpill","bronze:Optimize","bronze:Overload"],"campfire_rested":0,"item_purchase_floors":[5,8,25,25],"current_hp_per_floor":[57,57,57,50,50,50,50,50,50,50,45,39,39,39,39,21,53,53,31,31,31,25,37,37,37,37,37,37,37,37,36,33,30,30,30,8,30,30,30,30,30],"gold":256,"neow_bonus":"THREE_ENEMY_KILL","is_daily":false,"chose_seed":false,"campfire_upgraded":1,"win_rate":0.0,"timestamp":1612317587,"path_taken":["M","$","M","?","$","E","M","?","T","R","E","M","R","E","R","BOSS","M","?","M","?","?","E","$","E","T","R","M","E","M","E","R","BOSS","M","?"],"items_purchased_type":["Card","Card","Card","Card"],"build_version":"2020-12-22","purchased_purges":1,"victory":false,"max_hp_per_floor":[63,63,63,63,63,63,63,63,63,63,63,63,63,63,63,63,63,63,31,31,31,36,37,37,37,37,37,37,37,37,37,37,37,37,37,37,37,37,37,37,37],"card_choices":[{"not_picked":["bronze:ForceShield","bronze:Separator"],"picked":"bronze:OilSpill","floor":1.0},{"not_picked":["bronze:Overheat","bronze:Separator"],"picked":"bronze:CutThrough","floor":3.0},{"not_picked":["bronze:Separator","bronze:WhirlingStrike"],"picked":"bronze:OilSpill","floor":6.0},{"not_picked":["bronze:Boost","bronze:Invalidate"],"picked":"bronze:Return","floor":7.0},{"not_picked":["bronze:Frontload","bronze:Branch"],"picked":"bronze:Deprecate","floor":11.0},{"not_picked":["bronze:Repulsor","bronze:Separator"],"picked":"bronze:BronzeOrb","floor":12.0},{"not_picked":["bronze:DelayedGuard","bronze:DigitalCarnage"],"picked":"bronze:OilSpill","floor":14.0},{"not_picked":["bronze:RecursiveStrike","bronze:Virus"],"picked":"bronze:FindAndReplace","floor":16.0},{"not_picked":["bronze:ForLoop","bronze:BronzeArmor"],"picked":"bronze:Frontload","floor":18.0},{"not_picked":["bronze:BugBarrage","bronze:MaxOutput","bronze:OilSpill"],"picked":"SKIP","floor":18.0},{"not_picked":["bronze:Shield","bronze:BuggyMess"],"picked":"bronze:BronzeOrb","floor":20.0},{"not_picked":["bronze:DelayedSlice","bronze:Iterate","bronze:Overheat+1"],"picked":"SKIP","floor":20.0},{"not_picked":["bronze:Separator","bronze:Branch+1"],"picked":"bronze:BronzeOrb","floor":24.0},{"not_picked":["bronze:Backtrace","bronze:Separator","bronze:BurnOut"],"picked":"SKIP","floor":24.0},{"not_picked":["bronze:Terminator","bronze:DelayedGuard","bronze:Turbo"],"picked":"SKIP","floor":28.0},{"not_picked":["bronze:ItsAFeature","bronze:CleanCode","bronze:BugBarrage"],"picked":"SKIP","floor":31.0},{"not_picked":["bronze:Constructor","bronze:ChildClass","bronze:Branch"],"picked":"SKIP","floor":31.0},{"not_picked":["bronze:Deprecate","bronze:BuggyMess","bronze:HyperBeam"],"picked":"SKIP","floor":32.0},{"not_picked":["bronze:Constructor","bronze:Overheat","bronze:DelayedSlice+1"],"picked":"SKIP","floor":33.0},{"not_picked":["bronze:Refactor","bronze:Shield","bronze:NullPointer"],"picked":"SKIP","floor":33.0},{"not_picked":["bronze:BitShift+1","bronze:Branch","bronze:Deprecate"],"picked":"SKIP","floor":34.0},{"not_picked":["bronze:Format","bronze:ShipIt"],"picked":"bronze:Verify","floor":36.0},{"not_picked":["bronze:BugBarrage","bronze:Turbo"],"picked":"bronze:Frontload","floor":38.0},{"not_picked":["bronze:CutThrough+1","bronze:CloningBeam","bronze:BugBarrage"],"picked":"SKIP","floor":38.0}],"player_experience":2311151,"relics_obtained":[{"floor":6.0,"key":"Darkstone Periapt"},{"floor":9.0,"key":"Mercury Hourglass"},{"floor":11.0,"key":"Peace Pipe"},{"floor":14.0,"key":"Prayer Wheel"},{"floor":28.0,"key":"Bag of Preparation"},{"floor":32.0,"key":"White Beast Statue"},{"floor":34.0,"key":"Pocketwatch"}],"event_choices":[{"cards_removed":["bronze:Strike"],"damage_healed":0.0,"max_hp_gain":0.0,"max_hp_loss":0.0,"gold_gain":0.0,"event_name":"Golden Wing","player_choice":"Card Removal","floor":4.0,"gold_loss":0.0,"damage_taken":7.0},{"damage_healed":0.0,"max_hp_gain":0.0,"max_hp_loss":32.0,"gold_gain":0.0,"event_name":"Ghosts","player_choice":"Became a Ghost","floor":19.0,"gold_loss":0.0,"damage_taken":0.0,"cards_obtained":["Ghostly","Ghostly","Ghostly"]},{"damage_healed":0.0,"max_hp_gain":0.0,"max_hp_loss":0.0,"gold_gain":0.0,"event_name":"Beggar","player_choice":"Ignored","floor":21.0,"gold_loss":0.0,"damage_taken":0.0},{"damage_healed":0.0,"max_hp_gain":5.0,"max_hp_loss":0.0,"gold_gain":0.0,"event_name":"Forgotten Altar","player_choice":"Shed Blood","floor":22.0,"gold_loss":0.0,"damage_taken":11.0},{"damage_healed":0.0,"max_hp_gain":0.0,"max_hp_loss":0.0,"gold_gain":0.0,"event_name":"Forgotten Altar","player_choice":"Smashed Altar","floor":23.0,"gold_loss":0.0,"damage_taken":0.0,"cards_obtained":["Decay"]}],"is_beta":false,"boss_relics":[{"not_picked":["Runic Dome","Tiny House"],"picked":"Fusion Hammer"},{"not_picked":["Cursed Key","bronze:PlatinumCore"],"picked":"bronze:ElectromagneticCoil"}],"items_purged_floors":[8],"is_endless":false,"potions_floor_spawned":[1,3,12,16,18,33,34,36,38],"ascension_level":15}}