{"host":"cjhtzh7tp54jdfyv","time":1612314518,"event":{"mods":["AchievementEnabler","BaseMod","Colored Map","Colored Powertips","Curses Come First","DeckTracker","Minty Spire (QoL Compilation)","RNG Fix","Relic Sorter","Relic Stats","StSLib","UnlockEverythingMod","ojb\u0027s Better Paths Mod","ojb\u0027s Info Mod"],"gold_per_floor":[218,234,234,247,257,286,23,48,75,104,104,104,104],"floor_reached":12,"language":"ENG","playtime":927,"items_purged":[],"score":196,"play_id":"498f8047-c8ab-4a13-9332-4f388c4c9c6d","local_time":"20210202200838","is_ascension_mode":true,"campfire_choices":[{"data":"Bouncing Flask","floor":11,"key":"SMITH"}],"circlet_count":0,"master_deck":["AscendersBane","Strike_G","Strike_G","Strike_G","Strike_G","Strike_G","Defend_G","Defend_G","Defend_G","Defend_G","Defend_G","Survivor","Neutralize","Bouncing Flask+1","Slice","Choke","Dash","Masterful Stab","Calculated Gamble"],"relics":["Ring of the Snake","Akabeko","Blood Vial","Gremlin Horn","Paper Crane","Orichalcum"],"acts_visited":["Exordium"],"potions_floor_usage":[6,8],"damage_taken":[{"damage":2,"enemies":"2 Louse","floor":1,"turns":4},{"damage":4,"enemies":"Jaw Worm","floor":2,"turns":4},{"damage":1,"enemies":"Small Slimes","floor":4,"turns":4},{"damage":0,"enemies":"Blue Slaver","floor":5,"turns":3},{"damage":19,"enemies":"3 Sentries","floor":6,"turns":8},{"damage":12,"enemies":"Lagavulin","floor":8,"turns":5},{"damage":5,"enemies":"3 Sentries","floor":10,"turns":8},{"damage":32,"enemies":"Gremlin Nob","floor":12,"turns":3}],"seed_played":"5821562923660563560","potions_obtained":[{"floor":2,"key":"FearPotion"},{"floor":5,"key":"Energy Potion"}],"is_trial":false,"path_per_floor":["M","M","?","M","M","E","$","E","T","E","R","E"],"character_chosen":"THE_SILENT","items_purchased":["Gremlin Horn"],"campfire_rested":0,"item_purchase_floors":[7],"current_hp_per_floor":[57,53,48,47,47,28,28,18,18,15,15,0,0],"gold":104,"neow_bonus":"HUNDRED_GOLD","is_daily":false,"chose_seed":false,"campfire_upgraded":1,"win_rate":0.0,"timestamp":1612314518,"path_taken":["M","M","?","M","?","E","$","E","T","E","R","E"],"items_purchased_type":["Relic"],"build_version":"2020-12-22","purchased_purges":0,"victory":false,"max_hp_per_floor":[66,66,66,66,66,66,66,66,66,66,66,66,66],"relic_stats":{"Blood Vial":6,"Gremlin Horn":[2,2],"counters":[8,39],"Orichalcum":[18],"obtain_stats":[{"Blood Vial":6,"Gremlin Horn":7,"Paper Crane":8,"Orichalcum":10,"Akabeko":3,"Ring of the Snake":0},{"Blood Vial":5,"Gremlin Horn":5,"Paper Crane":6,"Orichalcum":7,"Akabeko":2,"Ring of the Snake":0},{"Blood Vial":23,"Gremlin Horn":23,"Paper Crane":28,"Orichalcum":36,"Akabeko":8,"Ring of the Snake":0}],"Ring of the Snake":[16]},"card_choices":[{"not_picked":["Caltrops","Flying Knee"],"picked":"Bouncing Flask","floor":1},{"not_picked":["Caltrops","Dagger Spray"],"picked":"Slice","floor":2},{"not_picked":["PiercingWail","Reflex"],"picked":"Choke","floor":4},{"not_picked":["Underhanded Strike","Flechettes","Sucker Punch"],"picked":"SKIP","floor":5},{"not_picked":["Underhanded Strike","Flying Knee"],"picked":"Dash","floor":6},{"not_picked":["Underhanded Strike","Predator"],"picked":"Masterful Stab","floor":8},{"not_picked":["Sucker Punch","Prepared"],"picked":"Calculated Gamble","floor":10}],"player_experience":4689911,"relics_obtained":[{"floor":6,"key":"Blood Vial"},{"floor":8,"key":"Paper Crane"},{"floor":10,"key":"Orichalcum"}],"event_choices":[{"damage_healed":0,"gold_gain":0,"player_choice":"Success","damage_taken":5,"relics_obtained":["Akabeko"],"max_hp_gain":0,"max_hp_loss":0,"event_name":"Scrap Ooze","floor":3,"gold_loss":0}],"is_beta":false,"boss_relics":[],"items_purged_floors":[],"is_endless":false,"potions_floor_spawned":[2,5],"killed_by":"Gremlin Nob","ascension_level":20}}