{"host":"rf8f5793azs0jd9i","time":1612352884,"event":{"mods":["AchievementEnabler","Aspiration","BaseMod","Colored Powertips","Hubris","Infinite Spire","Minty Spire (QoL Compilation)","Replay The Spire","StSLib"],"gold_per_floor":[110,121,4472,4572,4587,4612,4612,4375,4375,4406,4406,4433,4453,4486,4486,4587,4587,4597,4242,4342,4353,4363,4363,4390,4045,4068,4068,4068,4093,3712,3728,3728,3830,3830,3850,3446,3446,2964,2964,2964,2991,3001,3001,3001,3034,3048,3098,3127,3127,3228,3228,3230,3240,3340,3074,3084,3110,3110,3110,3110,3120,3120,3126,3138,3158,3158,3249,3249,3253,3253,3253,3261,3270,3286,3286,2885,2885,2450,2450,2450,2457,2466,2466,2553,2553,2561,2561,2572,2579,2662,2680,2678,2703,2703,2703,2707,2353,2372,1533,1533,1613,1613,1623,1656,1694,1697,1715,1715,1735,1735,1735,1748,1748,1773,1789,1837,1837,1923,2023,2030,2028,2028,2030,1556,1556,1570,1570,1619,1615,1615,1649,1668,1693,1693,1779,1779,1789,1789,1789,1812,1828,1859,1859,1903,1903,1903,1914,1921,1936,1936,1936,2026,2026,2026,1532,1562,1634],"floor_reached":158,"language":"ENG","playtime":6794,"items_purged":["Strike_G","Strike_G","Strike_G","Strike_G","Defend_G","Defend_G","Delirium","Neutralize","Footwork","Footwork","Noxious Fumes","Toxin Wave","Backflip","infinitespire:UltimateForm","Strike_G+1"],"score":6039,"play_id":"bbf3c8b4-0b5c-4ca2-aa12-2c946230f6b0","local_time":"20210203054804","is_ascension_mode":true,"campfire_choices":[{"data":"Catalyst","floor":7.0,"key":"SMITH"},{"data":"Replay:Bag of Tricks","floor":11.0,"key":"SMITH"},{"data":"Poison Darts","floor":15.0,"key":"SMITH"},{"data":"Survivor","floor":23.0,"key":"SMITH"},{"data":"Deadly Poison","floor":32.0,"key":"SMITH"},{"data":"ReplayTheSpireMod:Black Plague","floor":40.0,"key":"SMITH"},{"data":"Defend_G","floor":49.0,"key":"PURGE"},{"data":"infinitespire:Neurotoxin","floor":58.0,"key":"SMITH"},{"data":"hubris:InfiniteBlow","floor":66.0,"key":"SMITH"},{"data":"hubris:InfiniteBlow+1","floor":75.0,"key":"SMITH"},{"data":"hubris:InfiniteBlow+2","floor":83.0,"key":"SMITH"},{"data":"hubris:InfiniteBlow+8","floor":108,"key":"SMITH"},{"data":"hubris:InfiniteBlow+9","floor":110,"key":"SMITH"},{"data":"hubris:InfiniteBlow+10","floor":125,"key":"SMITH"},{"data":"hubris:InfiniteBlow+11","floor":127,"key":"SMITH"},{"data":"hubris:InfiniteBlow+12","floor":130,"key":"SMITH"},{"data":"hubris:InfiniteBlow+13","floor":134,"key":"SMITH"},{"data":"hubris:InfiniteBlow+14","floor":143,"key":"SMITH"},{"data":"hubris:InfiniteBlow+15","floor":146,"key":"SMITH"},{"data":"hubris:InfiniteBlow+16","floor":151,"key":"SMITH"},{"data":"Backflip+1","floor":154,"key":"PURGE"}],"circlet_count":0,"master_deck":["Defend_G+1","Defend_G+1","Survivor+1","Outmaneuver+1","Catalyst+1","Replay:Bag of Tricks+1","Poison Darts+1","Deadly Poison+1","ReplayTheSpireMod:Black Plague+1","Madness+1","Madness","infinitespire:Neurotoxin+1","hubris:InfiniteBlow+17","Poison Darts+1","Prepared+1","Catalyst+1","Well Laid Plans+1","ReplayTheSpireMod:Haul+1","infinitespire:Punishment+1","Catalyst"],"relics":["PureWater","aspiration:Nostalgia","infinitespire:DarkRift","Membership Card","aspiration:HatOfInfinitePower","Snack Pack","hubris:DisguiseKit","TwistedFunnel","War Paint","Replay:Wax Seal","Mercury Hourglass","hubris:Zylophone","Pet Ghost","Tough Bandages","Ring of Chaos","Bottled Lightning","aspiration:AnachronicSnailShell","Replay:Towering Pillar of Hats","HandDrill","Bag of Preparation","aspiration:FrozenJewel","Potion Belt","hubris:FunFungus","Toolbox","Torii","infinitespire:Beetle Shell","hubris:Backtick","Chemical X","Strange Spoon","hubris:AncientText","Orichalcum","ReplayTheSpireMod:Ring of Challenge","ReplayTheSpireMod:Ring of Collecting","Calipers","infinitespire:Lychee Nut","hubris:GlazedTorus","infinitespire:EmpoweringShard","Lizard Tail","Simple Rune","Sozu","Oddly Smooth Stone","Blood Vial","ReplayTheSpireMod:TigerMarble","infinitespire:Cubic Diamond","Replay:Multitool","OrangePellets","aspiration:RunicSpoon","aspiration:FetidBarrel","DollysMirror","Molten Egg 2","Omamori","ReplayTheSpireMod:Ring of Exchange","Basket Of Snakes","infinitespire:BottledMercury","hubris:SlimyHat","BargainBundle","Nloth\u0027s Gift","aspiration:VileToxins","infinitespire:Cupcake","Question Card","aspiration:DSix","Regal Pillow","Replay:Mystery Machine","Blue Candle","aspiration:Lifesprig","hubris:ScarierMask","Pear","Toy Ornithopter","Painkiller Herb","Replay:PocketPolymizer","HornCleat","hubris:ToyBattleship","Replay:Baseball","Darkstone Periapt","Replay:Wanted Poster","hubris:AstralHammer","hubris:CuriousFeather","ReplayFunnel","aspiration:ChemicalBlood","Blue Doll","Ninja Scroll","hubris:TerracottaHorce","hubris:Icosahedron","aspiration:HiddenCompartment","Quantum Egg","infinitespire:Golems Mask","InkBottle","infinitespire:Lucky Rock","Empty Cage","ClockworkSouvenir","Boot","Bird Faced Urn","Replay:Arrowhead"],"acts_visited":["Exordium","TheCity","TheBeyond","Exordium","TheCity","TheBeyond","Exordium","TheCity","TheBeyond","TheEnding"],"potions_floor_usage":[101,157],"damage_taken":[{"damage":8.0,"enemies":"Jaw Worm","floor":1.0,"turns":3.0},{"damage":2.0,"enemies":"Cultist","floor":2.0,"turns":4.0},{"damage":0.0,"enemies":"Small Slimes","floor":5.0,"turns":3.0},{"damage":15.0,"enemies":"3 Sentries","floor":6.0,"turns":10.0},{"damage":0.0,"enemies":"Lagavulin","floor":10.0,"turns":4.0},{"damage":0.0,"enemies":"Gremlin Nob","floor":12.0,"turns":2.0},{"damage":4.0,"enemies":"Gremlin Gang","floor":13.0,"turns":2.0},{"damage":14.0,"enemies":"Lagavulin","floor":14.0,"turns":4.0},{"damage":7.0,"enemies":"The Guardian","floor":16.0,"turns":4.0},{"damage":1.0,"enemies":"Shell Parasite","floor":18.0,"turns":2.0},{"damage":0.0,"enemies":"Chosen","floor":21.0,"turns":1.0},{"damage":13.0,"enemies":"Snake Plant","floor":22.0,"turns":2.0},{"damage":0.0,"enemies":"Gremlin Leader","floor":24.0,"turns":4.0},{"damage":0.0,"enemies":"Book of Stabbing","floor":29.0,"turns":3.0},{"damage":0.0,"enemies":"Shelled Parasite and Fungi","floor":31.0,"turns":2.0},{"damage":1.0,"enemies":"hubris:MusketHawk","floor":33.0,"turns":2.0},{"damage":0.0,"enemies":"Orb Walker","floor":35.0,"turns":2.0},{"damage":0.0,"enemies":"Nightmare","floor":41.0,"turns":2.0},{"damage":0.0,"enemies":"3 Darklings","floor":42.0,"turns":2.0},{"damage":0.0,"enemies":"R_Hoarder","floor":45.0,"turns":1.0},{"damage":0.0,"enemies":"Sphere and 2 Shapes","floor":46.0,"turns":2.0},{"damage":0.0,"enemies":"Mind Bloom Boss Battle","floor":47.0,"turns":1.0},{"damage":0.0,"enemies":"Reptomancer","floor":48.0,"turns":1.0},{"damage":1.0,"enemies":"Donu and Deca","floor":50.0,"turns":4.0},{"damage":0.0,"enemies":"2 Louse","floor":52.0,"turns":1.0},{"damage":0.0,"enemies":"Cultist","floor":53.0,"turns":1.0},{"damage":0.0,"enemies":"Jaw Worm","floor":56.0,"turns":1.0},{"damage":0.0,"enemies":"Nightmare","floor":57.0,"turns":2.0},{"damage":0.0,"enemies":"Exordium Wildlife","floor":61.0,"turns":1.0},{"damage":0.0,"enemies":"3 Louse","floor":63.0,"turns":1.0},{"damage":0.0,"enemies":"Blue Slaver","floor":64.0,"turns":1.0},{"damage":0.0,"enemies":"Lagavulin","floor":65.0,"turns":2.0},{"damage":0.0,"enemies":"Hexaghost","floor":67.0,"turns":2.0},{"damage":0.0,"enemies":"Spheric Guardian","floor":69.0,"turns":1.0},{"damage":0.0,"enemies":"3 Byrds","floor":70.0,"turns":2.0},{"damage":0.0,"enemies":"Centurion and Healer","floor":72.0,"turns":1.0},{"damage":0.0,"enemies":"Chosen and Byrds","floor":73.0,"turns":1.0},{"damage":7.0,"enemies":"Gremlin Leader","floor":74.0,"turns":2.0},{"damage":0.0,"enemies":"Shelled Parasite and Fungi","floor":81.0,"turns":2.0},{"damage":0.0,"enemies":"Book of Stabbing","floor":82.0,"turns":1.0},{"damage":0.0,"enemies":"Automaton","floor":84.0,"turns":2.0},{"damage":0.0,"enemies":"3 Shapes","floor":86.0,"turns":1.0},{"damage":0.0,"enemies":"Orb Walker","floor":88.0,"turns":1.0},{"damage":0.0,"enemies":"Maw","floor":89.0,"turns":1.0},{"damage":0.0,"enemies":"infinitespire:Three Voidlings","floor":90.0,"turns":1.0},{"damage":0.0,"enemies":"Nightmare_Alpha","floor":90.0,"turns":1.0},{"damage":0,"enemies":"Nightmare","floor":91,"turns":2},{"damage":1,"enemies":"3 Darklings","floor":92,"turns":3},{"damage":0,"enemies":"R_Hoarder","floor":93,"turns":1},{"damage":3,"enemies":"4 Shapes","floor":96,"turns":1},{"damage":0,"enemies":"Reptomancer","floor":98,"turns":1},{"damage":3,"enemies":"infinitespire:MassOfShapes","floor":101,"turns":1},{"damage":0,"enemies":"Jaw Worm","floor":103,"turns":1},{"damage":0,"enemies":"2 Louse","floor":104,"turns":1},{"damage":0,"enemies":"Small Slimes","floor":106,"turns":1},{"damage":0,"enemies":"2 Fungi Beasts","floor":107,"turns":1},{"damage":0,"enemies":"Lagavulin","floor":109,"turns":2},{"damage":0,"enemies":"3 Louse","floor":112,"turns":1},{"damage":0,"enemies":"Gremlin Nob","floor":114,"turns":1},{"damage":0,"enemies":"Looter","floor":115,"turns":1},{"damage":0,"enemies":"Gremlin Nob","floor":116,"turns":1},{"damage":0,"enemies":"The Guardian","floor":118,"turns":2},{"damage":0,"enemies":"Shell Parasite","floor":120,"turns":1},{"damage":0,"enemies":"Spheric Guardian","floor":121,"turns":1},{"damage":0,"enemies":"3 Cultists","floor":122,"turns":1},{"damage":0,"enemies":"Snecko","floor":123,"turns":1},{"damage":0,"enemies":"Book of Stabbing","floor":126,"turns":2},{"damage":0,"enemies":"Cultist and Chosen","floor":129,"turns":1},{"damage":0,"enemies":"Gremlin Leader","floor":131,"turns":1},{"damage":0,"enemies":"Centurion and Healer","floor":132,"turns":1},{"damage":0,"enemies":"Book of Stabbing","floor":133,"turns":1},{"damage":0,"enemies":"Automaton","floor":135,"turns":2},{"damage":4,"enemies":"3 Shapes","floor":137,"turns":1},{"damage":0,"enemies":"Orb Walker","floor":141,"turns":1},{"damage":0,"enemies":"Nemesis","floor":142,"turns":1},{"damage":0,"enemies":"Mind Bloom Boss Battle","floor":144,"turns":1},{"damage":0,"enemies":"R_Hoarder","floor":147,"turns":2},{"damage":0,"enemies":"Maw","floor":148,"turns":1},{"damage":0,"enemies":"4 Shapes","floor":149,"turns":1},{"damage":0,"enemies":"Transient","floor":150,"turns":1},{"damage":0,"enemies":"infinitespire:LordOfFortification","floor":152,"turns":1},{"damage":0,"enemies":"Shield and Spear","floor":156,"turns":1},{"damage":51,"enemies":"The Heart","floor":157,"turns":5}],"seed_played":"-8215015687501349983","potions_obtained":[{"floor":5.0,"key":"Toxic Potion"},{"floor":13.0,"key":"Toxic Potion"},{"floor":24.0,"key":"LiquidMemories"},{"floor":33.0,"key":"GamblersBrew"},{"floor":41.0,"key":"DistilledChaos"},{"floor":46.0,"key":"Fruit Juice"}],"is_trial":false,"path_per_floor":["M","M","$","?","M","E","R","$","T","E","R","E","M","E","R","B",null,"M","$","?","M","M","R","E","$","T","?","?","E","$","M","R","B",null,"M","$","?","?","?","R","NM","M","T","T","E","M","?","E","R","B",null,"M","M","?","$","M","NM","R","?","T","M","AVR","M","M","E","R","B",null,"M","M","?","M","M","E","R","$","T","$","?","R","M","E","R","B",null,"M","AVR","M","M","?","NM","M","E","T","?","M","$","E","$","R","B",null,"?","?","?","?","?","T","E","T","T","?","?","E","?","?","T","B",null,"?","?","?","?","T","T","E","T","T","?","T","E","?","E","T","B",null,"?","?","?","T","?","E","T","?","T","T","E","?","?","?","T","B",null,"T","T","E","B",null],"character_chosen":"THE_SILENT","items_purchased":["Membership Card","aspiration:HatOfInfinitePower","Snack Pack","Footwork","Replay:Bag of Tricks","TwistedFunnel","War Paint","Replay:Wax Seal","Bottled Lightning","aspiration:AnachronicSnailShell","SkillPotion","HandDrill","Bag of Preparation","aspiration:FrozenJewel","Toolbox","Torii","infinitespire:Beetle Shell","Strange Spoon","hubris:AncientText","Orichalcum","Fruit Juice","Regen Potion","Oddly Smooth Stone","Blood Vial","DollysMirror","Molten Egg 2","Omamori","infinitespire:BottledMercury","hubris:SlimyHat","BargainBundle","Replay:Mystery Machine","Blue Candle","hubris:ScarierMask","Pear","Toy Ornithopter","hubris:AstralHammer","hubris:CuriousFeather","ClockworkSouvenir","Boot","Bird Faced Urn"],"campfire_rested":0,"item_purchase_floors":[3,3,3,3,3,8,8,8,19,19,19,25,25,25,30,30,30,36,36,36,36,36,55,55,76,76,76,78,78,78,97,97,99,99,99,124,124,155,155,155],"current_hp_per_floor":[62,60,60,60,62,49,49,49,49,51,51,53,51,37,37,30,70,69,69,69,69,57,57,59,59,59,70,70,70,70,70,70,69,70,70,75,75,75,66,66,66,68,56,56,56,61,61,61,61,60,61,61,61,61,61,61,61,61,61,61,61,61,61,61,61,61,61,61,61,61,61,61,61,56,56,56,56,56,56,61,61,61,61,61,61,61,61,61,61,61,61,61,61,61,61,61,61,61,71,71,71,71,71,71,43,48,50,50,57,57,57,62,48,53,55,59,71,71,71,71,71,71,71,71,71,71,71,71,71,71,71,71,71,71,71,71,70,70,70,70,71,71,71,71,71,71,71,71,71,71,71,71,71,71,71,71,33],"gold":1634,"neow_bonus":"NOSTALGIA","is_daily":false,"chose_seed":false,"campfire_upgraded":19,"win_rate":0.0,"timestamp":1612352884,"path_taken":["M","M","$","?","?","E","R","$","T","E","R","E","M","E","R","BOSS","M","$","?","?","M","R","E","?","T","?","?","E","$","M","R","BOSS","M","$","?","?","?","R","NM","M","T","?","E","M","?","E","R","BOSS","M","M","?","?","M","NM","R","?","T","M","AVR","M","M","E","R","BOSS","M","M","?","M","M","E","R","$","T","$","?","R","?","E","R","BOSS","M","AVR","M","M","?","NM","M","E","T","?","M","$","E","?","R","BOSS","?","?","?","?","?","T","E","T","T","?","?","E","?","?","T","BOSS","?","?","?","?","T","T","E","T","T","?","T","E","?","E","T","BOSS","?","?","?","?","?","E","T","?","T","T","E","?","?","?","T","BOSS","T","T","E","BOSS"],"items_purchased_type":["Relic","Relic","Relic","Card","Card","Relic","Relic","Relic","Relic","Relic","Potion","Relic","Relic","Relic","Relic","Relic","Relic","Relic","Relic","Relic","Potion","Potion","Relic","Relic","Relic","Relic","Relic","Relic","Relic","Relic","Relic","Relic","Relic","Relic","Relic","Relic","Relic","Relic","Relic","Relic"],"build_version":"2020-12-22","purchased_purges":15,"victory":true,"max_hp_per_floor":[70,70,70,70,70,70,70,70,70,70,70,70,70,70,70,70,70,70,70,70,70,70,70,70,70,70,70,70,70,70,70,70,70,70,70,75,75,75,75,75,75,75,56,56,56,61,61,61,61,61,61,61,61,61,61,61,61,61,61,61,61,61,61,61,61,61,61,61,61,61,61,61,61,61,61,61,61,61,61,61,61,61,61,61,61,61,61,61,61,61,61,61,61,61,61,61,61,61,71,71,71,71,71,71,71,71,71,71,71,71,71,71,71,71,71,71,71,71,71,71,71,71,71,71,71,71,71,71,71,71,71,71,71,71,71,71,71,71,71,71,71,71,71,71,71,71,71,71,71,71,71,71,71,71,71,71,71],"card_choices":[{"not_picked":["Deflect","Blade Dance"],"picked":"Outmaneuver","floor":1.0},{"not_picked":["Leg Sweep","Quick Slash"],"picked":"Catalyst","floor":2.0},{"not_picked":["Riddle With Holes","PiercingWail","Deflect"],"picked":"SKIP","floor":5.0},{"not_picked":["Underhanded Strike","Hidden Blade"],"picked":"Toxin Wave","floor":6.0},{"not_picked":["Sucker Punch","hubris:Sniper","Pommel Strike"],"picked":"Noxious Fumes","floor":10.0},{"not_picked":["ReplayTheSpireMod:Shiv Toss","Noxious Fumes","Hidden Blade","Anger"],"picked":"SKIP","floor":12.0},{"not_picked":["ReplayTheSpireMod:Shiv Toss","Noxious Fumes","Hidden Blade","Anger"],"picked":"SKIP","floor":12.0},{"not_picked":["Expertise","Dagger Spray","Deadly Poison","Blood for Blood"],"picked":"SKIP","floor":13.0},{"not_picked":["ReplayTheSpireMod:The Works","Predator","Iron Wave"],"picked":"Poison Darts","floor":14.0},{"not_picked":["Flechettes","Deadly Poison","Dagger Throw+1","Flame Barrier"],"picked":"SKIP","floor":18.0},{"not_picked":["Dodge and Roll","Toxin Wave","Deflect","True Grit"],"picked":"SKIP","floor":21.0},{"not_picked":["Caltrops","Finisher","Tactician","Burning Pact"],"picked":"SKIP","floor":22.0},{"not_picked":["Hidden Blade+1","Deflect","Body Slam"],"picked":"Deadly Poison","floor":24.0},{"not_picked":["Leg Sweep","Dagger Throw","Reflex","Cleave"],"picked":"SKIP","floor":29.0},{"not_picked":["Underhanded Strike","Skewer","Terror","Armaments"],"picked":"SKIP","floor":31.0},{"not_picked":["Bane","ReplayTheSpireMod:Scrap Shanks","Iron Wave"],"picked":"Backflip+1","floor":35.0},{"not_picked":["ReplayTheSpireMod:Haul","infinitespire:DeathsTouch"],"picked":"ReplayTheSpireMod:Black Plague","floor":38.0},{"not_picked":["Toxin Wave","Deadly Poison","Hidden Blade+1","Warcry"],"picked":"SKIP","floor":41.0},{"not_picked":["Toxin Wave","Deadly Poison","Hidden Blade+1","Warcry"],"picked":"SKIP","floor":41.0},{"not_picked":["Eviscerate+1","Leg Sweep+1","Masterful Stab","Double Tap"],"picked":"SKIP","floor":42.0},{"not_picked":["Hidden Blade+1","Quick Slash","Tactician","Sword Boomerang"],"picked":"SKIP","floor":45.0},{"not_picked":["Dagger Spray","Bane+1","Replay:Bag of Tricks","Carnage"],"picked":"SKIP","floor":46.0},{"not_picked":["Dodge and Roll","Toxin Wave","ReplayTheSpireMod:Exploit Weakness","Life Link"],"picked":"SKIP","floor":48.0},{"not_picked":["ReplayTheSpireMod:Necrosis","Envenom","Demon Form"],"picked":"infinitespire:Neurotoxin","floor":50.0},{"not_picked":["Footwork","Draining Mist","Warcry"],"picked":"Backflip","floor":52.0},{"not_picked":["Quick Slash","Dodge and Roll","Prepared","Heavy Blade"],"picked":"SKIP","floor":53.0},{"not_picked":["Deadly Poison","ReplayTheSpireMod:The Works","hubris:TrickCloak","Seeing Red"],"picked":"SKIP","floor":56.0},{"not_picked":["Sucker Punch","Phantasmal Killer","Blade Dance","Thunderclap"],"picked":"SKIP","floor":57.0},{"not_picked":["Bane","Replay:Poison Smokescreen","Life Link"],"picked":"Backflip","floor":61.0},{"not_picked":["Toxin Wave","hubris:Sniper","Distraction","ReplayTheSpireMod:Strike From Hell"],"picked":"SKIP","floor":63.0},{"not_picked":["Flechettes","Poisoned Stab","Slice","Reckless Charge"],"picked":"SKIP","floor":64.0},{"not_picked":["hubris:TrickCloak","Blade Dance","Prepared","Pommel Strike"],"picked":"SKIP","floor":65.0},{"not_picked":["After Image","Bullet Time","Corruption"],"picked":"Poison Darts","floor":67.0},{"not_picked":["Hidden Blade","Quick Slash","Twin Strike"],"picked":"Prepared+1","floor":69.0},{"not_picked":["Dagger Throw","Skewer","Bouncing Flask","ReplayTheSpireMod:Limb From Limb"],"picked":"SKIP","floor":70.0},{"not_picked":["Hidden Blade+1","ReplayTheSpireMod:Scrap Shanks","Tactician","ReplayTheSpireMod:Strike From Hell"],"picked":"SKIP","floor":72.0},{"not_picked":["Quick Slash","Escape Plan","Reflex","Perfected Strike"],"picked":"SKIP","floor":73.0},{"not_picked":["Acrobatics","Tools of the Trade","Cleave"],"picked":"Backflip","floor":74.0},{"not_picked":["Backflip+1","PiercingWail","Clothesline"],"picked":"Well Laid Plans+1","floor":81.0},{"not_picked":["Malaise","Flying Knee+1","Bouncing Flask","Whirlwind"],"picked":"SKIP","floor":82.0},{"not_picked":["infinitespire:Gouge","infinitespire:Execution"],"picked":"ReplayTheSpireMod:Haul","floor":84.0},{"not_picked":["Sneak Up","Backflip+1","Toxin Wave","Iron Wave"],"picked":"SKIP","floor":86.0},{"not_picked":["Deadly Poison+1","PiercingWail","ReplayTheSpireMod:Speed Training+1","Flying Knee+1","Clothesline"],"picked":"SKIP","floor":88.0},{"not_picked":["Unload+1","Predator+1","Dagger Spray+1","Doppelganger","Thunderclap"],"picked":"SKIP","floor":89.0},{"not_picked":["hubris:InfiniteBlow+3","hubris:Fate"],"picked":"infinitespire:UltimateForm","floor":90},{"not_picked":["infinitespire:SevenWalls","infinitespire:DeathsTouch"],"picked":"infinitespire:Punishment","floor":91},{"not_picked":["Underhanded Strike+1","Phantasmal Killer","Heel Hook+1","Quick Slash+1","Seeing Red"],"picked":"SKIP","floor":91},{"not_picked":["Reflex+1","Eviscerate+1","Backflip","hubris:SlightOfHand+1","Anger"],"picked":"SKIP","floor":92},{"not_picked":["Dodge and Roll+1","Corpse Explosion","Venomology","Prepared+1","Hemogenesis"],"picked":"SKIP","floor":93},{"not_picked":["Acrobatics","After Image","Deflect","Dodge and Roll+1","Replay:Undeath\u0027s Touch"],"picked":"SKIP","floor":96},{"not_picked":["Die Die Die+1","Blade Dance","Slice+1","Sucker Punch+1","Hemogenesis"],"picked":"SKIP","floor":98},{"not_picked":["All Out Attack+1","Bane+1","Doppelganger","Acrobatics","Heavy Blade"],"picked":"SKIP","floor":103},{"not_picked":["Skewer+1","Dodge and Roll","Dash+1","infinitespire:Neurotoxin","Wild Strike"],"picked":"SKIP","floor":104},{"not_picked":["Skewer+1","ReplayTheSpireMod:Tripwire","hubris:SlightOfHand","PiercingWail","Pommel Strike"],"picked":"SKIP","floor":106},{"not_picked":["Infinite Blades","Deflect","PiercingWail","Backflip","Iron Wave"],"picked":"SKIP","floor":107},{"not_picked":["Wraith Form v2","Acrobatics","Eviscerate+1","ReplayTheSpireMod:Shiv Toss","Combust"],"picked":"SKIP","floor":109},{"not_picked":["Flying Knee+1","Slice+1","Deflect","ReplayTheSpireMod:Exploit Weakness","Replay:Undeath\u0027s Touch"],"picked":"SKIP","floor":112},{"not_picked":["Flying Knee+1","Slice+1","Deflect","ReplayTheSpireMod:Exploit Weakness","Replay:Undeath\u0027s Touch"],"picked":"SKIP","floor":112},{"not_picked":["Predator+1","Slice+1","Hidden Blade","Thunderclap"],"picked":"Catalyst","floor":114},{"not_picked":["Replay:Poison Smokescreen","Finisher+1","Dodge and Roll","Sucker Punch+1","Iron Wave"],"picked":"SKIP","floor":115},{"not_picked":["Expertise","Reflex","Dodge and Roll","Slice+1","Shrug It Off"],"picked":"SKIP","floor":120},{"not_picked":["Riddle With Holes+1","Prepared+1","Reflex","Flechettes+1","hubris:ReadiedAction"],"picked":"SKIP","floor":121},{"not_picked":["Venomology","Poison Darts","Bane+1","Unload+1","Rampage"],"picked":"SKIP","floor":122},{"not_picked":["Eviscerate+1","Poisoned Stab+1","Acrobatics","Underhanded Strike+1","Cleave"],"picked":"SKIP","floor":123},{"not_picked":["Bane+1","ReplayTheSpireMod:From All Sides+1","Envenom","Infinite Blades","Impervious"],"picked":"SKIP","floor":126},{"not_picked":["Crippling Poison","Backflip","Prepared","Atom Bomb+1","Seeing Red"],"picked":"SKIP","floor":129},{"not_picked":["Deadly Poison+1","Poisoned Stab+1","Adrenaline","Escape Plan","hubris:ReadiedAction"],"picked":"SKIP","floor":131},{"not_picked":["Well Laid Plans","hubris:TrickCloak+1","Deadly Poison+1","Expertise","True Grit"],"picked":"SKIP","floor":132},{"not_picked":["Dash+1","Acrobatics","ReplayTheSpireMod:Shiv Toss","Malaise","Sever Soul"],"picked":"SKIP","floor":133},{"not_picked":["Quick Slash+1","Dodge and Roll+1","Acrobatics+1","Prepared","Shrug It Off"],"picked":"SKIP","floor":137},{"not_picked":["Glass Knife+1","Draining Mist+1","Sucker Punch+1","Outmaneuver","Seeing Red"],"picked":"SKIP","floor":141},{"not_picked":["Escape Plan","Venomology","ReplayTheSpireMod:Necrosis","ReplayTheSpireMod:Tripwire+1","Exhume"],"picked":"SKIP","floor":142},{"not_picked":["Reflex+1","hubris:TrickCloak","Dagger Spray+1","Doppelganger","Massacre"],"picked":"SKIP","floor":147},{"not_picked":["hubris:Sniper","Calculated Gamble+1","Poisoned Stab+1","Infinite Blades+1","Body Slam"],"picked":"SKIP","floor":148},{"not_picked":["Dodge and Roll+1","Flying Knee+1","Choke+1","Bane+1","Shrug It Off"],"picked":"SKIP","floor":149},{"not_picked":["Bane+1","Deflect","Quick Slash+1","Blur","Armaments"],"picked":"SKIP","floor":150},{"not_picked":["Sucker Punch+1","PiercingWail","Malaise","Phantasmal Killer","Brutality"],"picked":"SKIP","floor":156}],"player_experience":17963,"relics_obtained":[{"floor":6.0,"key":"hubris:DisguiseKit"},{"floor":9.0,"key":"Mercury Hourglass"},{"floor":10.0,"key":"hubris:Zylophone"},{"floor":12.0,"key":"Pet Ghost"},{"floor":14.0,"key":"Tough Bandages"},{"floor":24.0,"key":"Replay:Towering Pillar of Hats"},{"floor":26.0,"key":"Potion Belt"},{"floor":29.0,"key":"hubris:FunFungus"},{"floor":37.0,"key":"ReplayTheSpireMod:Ring of Challenge"},{"floor":37.0,"key":"ReplayTheSpireMod:Ring of Collecting"},{"floor":41.0,"key":"Calipers"},{"floor":43.0,"key":"infinitespire:Lychee Nut"},{"floor":44.0,"key":"hubris:GlazedTorus"},{"floor":45.0,"key":"infinitespire:EmpoweringShard"},{"floor":47.0,"key":"Lizard Tail"},{"floor":48.0,"key":"Simple Rune"},{"floor":57.0,"key":"ReplayTheSpireMod:TigerMarble"},{"floor":60.0,"key":"Replay:Multitool"},{"floor":65.0,"key":"aspiration:FetidBarrel"},{"floor":74.0,"key":"Bird Faced Urn"},{"floor":77.0,"key":"ReplayTheSpireMod:Ring of Exchange"},{"floor":77.0,"key":"Basket Of Snakes"},{"floor":82.0,"key":"aspiration:VileToxins"},{"floor":90,"key":"aspiration:DSix"},{"floor":93,"key":"Regal Pillow"},{"floor":98,"key":"aspiration:Lifesprig"},{"floor":105,"key":"Replay:PocketPolymizer"},{"floor":109,"key":"HornCleat"},{"floor":111,"key":"hubris:ToyBattleship"},{"floor":114,"key":"Replay:Baseball"},{"floor":116,"key":"Darkstone Periapt"},{"floor":126,"key":"ReplayFunnel"},{"floor":128,"key":"aspiration:ChemicalBlood"},{"floor":131,"key":"Blue Doll"},{"floor":133,"key":"Ninja Scroll"},{"floor":140,"key":"aspiration:HiddenCompartment"},{"floor":142,"key":"Quantum Egg"},{"floor":144,"key":"infinitespire:Golems Mask"},{"floor":145,"key":"InkBottle"},{"floor":147,"key":"infinitespire:Lucky Rock"},{"floor":156,"key":"Replay:Arrowhead"}],"event_choices":[{"damage_healed":0.0,"max_hp_gain":0.0,"max_hp_loss":0.0,"gold_gain":100.0,"event_name":"Golden Shrine","player_choice":"Pray","floor":4.0,"gold_loss":0.0,"damage_taken":0.0},{"damage_healed":0.0,"max_hp_gain":0.0,"max_hp_loss":0.0,"gold_gain":100.0,"event_name":"Golden Shrine","player_choice":"Pray","floor":20.0,"gold_loss":0.0,"damage_taken":0.0},{"damage_healed":23.0,"max_hp_gain":0.0,"max_hp_loss":0.0,"gold_gain":0.0,"event_name":"The Library","player_choice":"Heal","floor":27.0,"gold_loss":0.0,"damage_taken":0.0},{"damage_healed":0.0,"max_hp_gain":0.0,"max_hp_loss":0.0,"gold_gain":0.0,"event_name":"Accursed Blacksmith","player_choice":"Forge","floor":28.0,"gold_loss":0.0,"damage_taken":0.0,"cards_upgraded":["Strike_G"]},{"damage_healed":0.0,"max_hp_gain":0.0,"max_hp_loss":0.0,"gold_gain":0.0,"event_name":"Winding Halls","player_choice":"Embrace Madness","floor":39.0,"gold_loss":0.0,"damage_taken":9.0,"cards_obtained":["Madness","Madness"]},{"damage_healed":0.0,"max_hp_gain":0.0,"max_hp_loss":0.0,"gold_gain":0.0,"event_name":"MindBloom","player_choice":"Fight","floor":47.0,"gold_loss":0.0,"damage_taken":0.0},{"damage_healed":0.0,"max_hp_gain":0.0,"max_hp_loss":0.0,"gold_gain":100.0,"event_name":"Golden Shrine","player_choice":"Pray","floor":54.0,"gold_loss":0.0,"damage_taken":0.0},{"damage_healed":0.0,"max_hp_gain":0.0,"max_hp_loss":0.0,"gold_gain":0.0,"event_name":"Vampires","player_choice":"Ignored","floor":71.0,"gold_loss":0.0,"damage_taken":0.0},{"damage_healed":0.0,"max_hp_gain":0.0,"max_hp_loss":0.0,"gold_gain":0.0,"event_name":"N\u0027loth","player_choice":"Traded Relic","floor":79.0,"relics_lost":["Bird Faced Urn"],"gold_loss":0.0,"damage_taken":0.0,"relics_obtained":["Nloth\u0027s Gift"]},{"damage_healed":0,"gold_gain":0,"player_choice":"Ignored","damage_taken":0,"max_hp_gain":0,"max_hp_loss":0,"event_name":"N\u0027loth","floor":90,"gold_loss":0},{"damage_healed":0,"gold_gain":0,"player_choice":"Entered Light","damage_taken":14,"max_hp_gain":0,"max_hp_loss":0,"event_name":"Shining Light","floor":113,"gold_loss":0,"cards_upgraded":["Backflip","Madness"]},{"damage_healed":0,"gold_gain":0,"player_choice":"Searched \u00272\u0027 times","damage_taken":0,"max_hp_gain":0,"max_hp_loss":0,"event_name":"Dead Adventurer","floor":116,"gold_loss":0},{"damage_healed":0,"gold_gain":0,"player_choice":"Fight","damage_taken":0,"max_hp_gain":0,"max_hp_loss":0,"event_name":"MindBloom","floor":144,"gold_loss":0}],"is_beta":false,"boss_relics":[{"not_picked":["Cursed Key","hubris:GrandSneckoEye"],"picked":"Ring of Chaos"},{"not_picked":["Replay:Ancient Bell","hubris:Stopwatch"],"picked":"hubris:Backtick"},{"not_picked":["aspiration:RitualDagger","Replay:Bronze Core"],"picked":"Sozu"},{"not_picked":["aspiration:RitualDagger","Velvet Choker","Replay:Drink Me"]},{"not_picked":["ReplayTheSpireMod:ShopPack","SlaversCollar"],"picked":"infinitespire:Cupcake"},{"not_picked":["hubris:HollowSoul","ReplayTheSpireMod:DimensionalGlitch"],"picked":"Painkiller Herb"},{"not_picked":["WristBlade","aspiration:SecretTechniqueScroll"],"picked":"Replay:Wanted Poster"},{"not_picked":["Replay:Drink Me","ReplayTheSpireMod:SealedPack"],"picked":"hubris:TerracottaHorce"},{"not_picked":["hubris:GrandSneckoEye","Kintsugi"],"picked":"Empty Cage"}],"items_purged_floors":[3,8,19,25,30,36,55,62,76,78,87,97,99,124,155],"is_endless":true,"potions_floor_spawned":[5,13,24,29,33,41,42,46,57,63,64,65,67,70,81,88,90,91,93,96,101,104,107,114,115,116,122,123,133,135,144,148,150,152,156],"ascension_level":6}}