{"host":"78hrz0ylpj9lzvi8","time":1612371636,"event":{"mods":["BaseMod","Bestiary","Block Reminder","Curses Come First","Dark Map","Minty Spire (QoL Compilation)","Quick Restart","Random Character Button","Relic Stats","StSLib"],"gold_per_floor":[112,112,131,131,131,175,175,194,218,218,249,270,303,22,22,113,113,136,51,70,70,95,95,130,155,155,193,208,208,108,122,122,218,218,238,238,261,13,33,74,74,98,125,157,157,196,196,210,210,210,210,210],"floor_reached":51,"language":"ENG","playtime":4326,"items_purged":["Strike_P","Strike_P"],"score":1684,"play_id":"c363bf92-8506-42ae-a6ee-8d74f5d30086","local_time":"20210203140036","is_ascension_mode":true,"campfire_choices":[{"data":"Eruption","floor":7,"key":"SMITH"},{"data":"EmptyFist","floor":10,"key":"SMITH"},{"data":"MentalFortress","floor":15,"key":"SMITH"},{"data":"Omniscience","floor":23,"key":"SMITH"},{"data":"Ghostly","floor":29,"key":"SMITH"},{"data":"Ghostly","floor":32,"key":"SMITH"},{"data":"Omniscience","floor":45,"key":"SMITH"},{"data":"Ghostly","floor":47,"key":"SMITH"},{"floor":49,"key":"RECALL"}],"circlet_count":0,"master_deck":["AscendersBane","Strike_P","Defend_P","Defend_P","Defend_P","Eruption+1","Vigilance","FollowUp","EmptyFist+1","FlurryOfBlows","WheelKick","Tantrum","MentalFortress","Meditate","SashWhip","MentalFortress+1","Omniscience+1","ClearTheMind","Ghostly+1","Ghostly+1","Ghostly+1","FlyingSleeves+1","BattleHymn","BowlingBash+1","Omniscience+1","Protect","Wallop","Adaptation"],"relics":["PureWater","NeowsBlessing","Golden Idol","Art of War","PreservedInsect","Orichalcum","Tiny Chest","Bag of Preparation","Runic Dome","Anchor","Potion Belt","Omamori","Coffee Dripper","Vajra","Bottled Lightning","Shuriken","CeramicFish","Torii"],"acts_visited":["Exordium","TheCity","TheBeyond"],"potions_floor_usage":[33,33],"damage_taken":[{"damage":0,"enemies":"Jaw Worm","floor":1,"turns":1},{"damage":0,"enemies":"Cultist","floor":3,"turns":1},{"damage":0,"enemies":"3 Sentries","floor":6,"turns":1},{"damage":0,"enemies":"Small Slimes","floor":8,"turns":2},{"damage":0,"enemies":"Gremlin Nob","floor":11,"turns":2},{"damage":20,"enemies":"Exordium Wildlife","floor":12,"turns":2},{"damage":0,"enemies":"Lagavulin","floor":13,"turns":3},{"damage":4,"enemies":"Hexaghost","floor":16,"turns":6},{"damage":32,"enemies":"Chosen","floor":18,"turns":4},{"damage":0,"enemies":"2 Thieves","floor":20,"turns":2},{"damage":0,"enemies":"Snake Plant","floor":22,"turns":3},{"damage":0,"enemies":"Gremlin Leader","floor":24,"turns":4},{"damage":2,"enemies":"Cultist and Chosen","floor":25,"turns":4},{"damage":4,"enemies":"Book of Stabbing","floor":27,"turns":4},{"damage":0,"enemies":"Sentry and Sphere","floor":28,"turns":4},{"damage":8,"enemies":"Shelled Parasite and Fungi","floor":31,"turns":4},{"damage":3,"enemies":"Champ","floor":33,"turns":9},{"damage":0,"enemies":"Orb Walker","floor":35,"turns":1},{"damage":0,"enemies":"3 Shapes","floor":37,"turns":3},{"damage":1,"enemies":"Sphere and 2 Shapes","floor":39,"turns":3},{"damage":0,"enemies":"Reptomancer","floor":40,"turns":3},{"damage":15,"enemies":"4 Shapes","floor":42,"turns":6},{"damage":0,"enemies":"Spire Growth","floor":44,"turns":2},{"damage":3,"enemies":"Giant Head","floor":46,"turns":5},{"damage":0,"enemies":"Transient","floor":48,"turns":6},{"damage":8,"enemies":"Donu and Deca","floor":50,"turns":8},{"damage":12,"enemies":"Time Eater","floor":51,"turns":2}],"seed_played":"-5143452246766471915","potions_obtained":[{"floor":3,"key":"Energy Potion"},{"floor":6,"key":"BottledMiracle"},{"floor":12,"key":"DuplicationPotion"},{"floor":24,"key":"FearPotion"},{"floor":27,"key":"FearPotion"},{"floor":28,"key":"LiquidMemories"},{"floor":33,"key":"EssenceOfSteel"},{"floor":37,"key":"FairyPotion"}],"is_trial":false,"path_per_floor":["M","?","M","?","?","E","R","M","T","R","E","M","E","$","R","B",null,"M","?","M","?","M","R","E","M","T","E","M","R","$","M","R","B",null,"M","?","M","$","M","E","T","M","T","M","R","E","R","M","R","B","B"],"character_chosen":"WATCHER","items_purchased":["Bag of Preparation","MentalFortress","Vajra","Wallop"],"campfire_rested":0,"item_purchase_floors":[14,14,38,38],"current_hp_per_floor":[61,61,61,61,38,38,38,38,38,38,38,18,18,18,18,14,55,23,23,23,23,23,23,23,21,21,17,17,17,17,9,9,6,27,27,27,27,27,26,26,26,11,11,11,11,8,8,8,8,10,0,0],"gold":210,"neow_bonus":"THREE_ENEMY_KILL","is_daily":false,"chose_seed":false,"campfire_upgraded":8,"win_rate":0.0,"timestamp":1612371636,"path_taken":["M","?","?","?","?","E","R","M","T","R","E","M","E","$","R","BOSS","M","?","M","?","M","R","E","M","T","E","M","R","$","M","R","BOSS","M","?","M","$","M","E","?","M","T","M","R","E","R","M","R","BOSS","BOSS"],"items_purchased_type":["Relic","Card","Relic","Card"],"build_version":"2020-12-22","purchased_purges":2,"victory":false,"max_hp_per_floor":[68,68,68,68,68,68,68,68,68,68,68,68,68,68,68,68,68,68,68,68,34,34,34,34,34,34,34,34,34,34,34,34,34,34,34,34,34,34,34,34,34,34,34,34,34,34,34,34,34,34,34,34],"relic_stats":{"Torii":0,"counters":[27,95],"Golden Idol":168,"Shuriken":[16],"CeramicFish":9,"Tiny Chest":1,"PreservedInsect":337,"Art of War":[7],"Bag of Preparation":[40],"Orichalcum":[120],"obtain_stats":[{"Potion Belt":24,"NeowsBlessing":0,"Torii":46,"Golden Idol":5,"CeramicFish":43,"Vajra":38,"PreservedInsect":9,"Bag of Preparation":14,"Omamori":27,"Orichalcum":11,"Runic Dome":17,"Anchor":19,"Shuriken":41,"Tiny Chest":13,"Art of War":6,"Coffee Dripper":34,"Bottled Lightning":40,"PureWater":0},{"Potion Belt":12,"NeowsBlessing":0,"Torii":24,"Golden Idol":2,"CeramicFish":22,"Vajra":19,"PreservedInsect":4,"Bag of Preparation":7,"Omamori":14,"Orichalcum":5,"Runic Dome":8,"Anchor":9,"Shuriken":21,"Tiny Chest":7,"Art of War":3,"Coffee Dripper":17,"Bottled Lightning":21,"PureWater":0},{"Potion Belt":31,"NeowsBlessing":0,"Torii":79,"Golden Idol":2,"CeramicFish":72,"Vajra":60,"PreservedInsect":5,"Bag of Preparation":12,"Omamori":39,"Orichalcum":7,"Runic Dome":18,"Anchor":22,"Shuriken":66,"Tiny Chest":12,"Art of War":3,"Coffee Dripper":56,"Bottled Lightning":66,"PureWater":0}]},"card_choices":[{"not_picked":["EmptyBody","EmptyMind"],"picked":"FollowUp","floor":1},{"not_picked":["ClearTheMind","JustLucky"],"picked":"EmptyFist","floor":3},{"not_picked":["FollowUp","CrushJoints"],"picked":"WheelKick","floor":6},{"not_picked":["JustLucky","ForeignInfluence"],"picked":"Tantrum","floor":8},{"not_picked":["ClearTheMind","Consecrate"],"picked":"MentalFortress","floor":11},{"not_picked":["Study","BowlingBash"],"picked":"Meditate","floor":12},{"not_picked":["FollowUp","Evaluate"],"picked":"SashWhip","floor":13},{"not_picked":["Wish","SpiritShield"],"picked":"Omniscience","floor":16},{"not_picked":["FlyingSleeves","SashWhip"],"picked":"ClearTheMind","floor":18},{"not_picked":["ThirdEye","Pray"],"picked":"DeceiveReality","floor":20},{"not_picked":["FlyingSleeves","ReachHeaven","Collect+1"],"picked":"SKIP","floor":22},{"not_picked":["ForeignInfluence","Protect"],"picked":"FlyingSleeves+1","floor":24},{"not_picked":["Nirvana","Consecrate"],"picked":"BattleHymn","floor":25},{"not_picked":["Pray","Perseverance","BowlingBash"],"picked":"SKIP","floor":27},{"not_picked":["CrushJoints","SashWhip+1"],"picked":"BowlingBash+1","floor":28},{"not_picked":["JustLucky","Consecrate","WindmillStrike"],"picked":"SKIP","floor":31},{"not_picked":["LessonLearned","Wish"],"picked":"Omniscience","floor":33},{"not_picked":["JustLucky","Evaluate+1","ClearTheMind"],"picked":"SKIP","floor":35},{"not_picked":["EmptyMind","ThirdEye"],"picked":"Protect","floor":37},{"not_picked":["CrushJoints+1","Prostrate+1","JustLucky+1"],"picked":"SKIP","floor":39},{"not_picked":["CrushJoints+1","Protect","Prostrate"],"picked":"SKIP","floor":40},{"not_picked":["DeceiveReality","Evaluate","Scrawl"],"picked":"SKIP","floor":42},{"not_picked":["Weave+1","ThirdEye"],"picked":"Adaptation","floor":44},{"not_picked":["FlurryOfBlows","JustLucky","Protect"],"picked":"SKIP","floor":46},{"not_picked":["Nirvana","ThirdEye","Consecrate"],"picked":"SKIP","floor":48}],"player_experience":960599,"relics_obtained":[{"floor":6,"key":"Art of War"},{"floor":9,"key":"PreservedInsect"},{"floor":11,"key":"Orichalcum"},{"floor":13,"key":"Tiny Chest"},{"floor":24,"key":"Potion Belt"},{"floor":27,"key":"Omamori"},{"floor":40,"key":"Bottled Lightning"},{"floor":41,"key":"Shuriken"},{"floor":43,"key":"CeramicFish"},{"floor":46,"key":"Torii"}],"event_choices":[{"cards_removed":["Strike_P"],"damage_healed":0,"gold_gain":0,"player_choice":"Offered Basic","damage_taken":0,"max_hp_gain":0,"max_hp_loss":0,"event_name":"Bonfire Elementals","floor":2,"gold_loss":0},{"damage_healed":0,"gold_gain":0,"cards_transformed":["Defend_P"],"player_choice":"Change","damage_taken":0,"max_hp_gain":0,"max_hp_loss":0,"event_name":"Living Wall","floor":4,"gold_loss":0,"cards_obtained":["FlurryOfBlows"]},{"damage_healed":0,"gold_gain":0,"player_choice":"Take Damage","damage_taken":23,"relics_obtained":["Golden Idol"],"max_hp_gain":0,"max_hp_loss":0,"event_name":"Golden Idol","floor":5,"gold_loss":0},{"damage_healed":0,"gold_gain":0,"player_choice":"Obtained Relic","damage_taken":0,"relics_obtained":["Anchor"],"max_hp_gain":0,"max_hp_loss":0,"event_name":"Addict","floor":19,"gold_loss":85},{"damage_healed":0,"gold_gain":0,"player_choice":"Became a Ghost","damage_taken":0,"max_hp_gain":0,"max_hp_loss":34,"event_name":"Ghosts","floor":21,"gold_loss":0,"cards_obtained":["Ghostly","Ghostly","Ghostly"]},{"cards_removed":["DeceiveReality"],"damage_healed":0,"gold_gain":0,"player_choice":"Removed Skill","damage_taken":0,"max_hp_gain":0,"max_hp_loss":0,"event_name":"Falling","floor":36,"gold_loss":0}],"is_beta":false,"boss_relics":[{"not_picked":["Velvet Choker","Pandora\u0027s Box"],"picked":"Runic Dome"},{"not_picked":["SlaversCollar","Black Star"],"picked":"Coffee Dripper"}],"items_purged_floors":[14,30],"is_endless":false,"potions_floor_spawned":[3,6,12,16,22,24,27,28,31,33,37,39,46],"killed_by":"Time Eater","ascension_level":20}}