{"host":"l84l8xigz5v5foa2","time":1612335800,"event":{"mods":["2.2 Compatiblity","AchievementEnabler","BaseMod","Better Note","Better Vampires","BetterRewards","Card Filter","Colored Map","DeckTracker","Downfall","Gremlin Skip","Highlight Path","Keyboard Shortcuts","Minty Spire (QoL Compilation)","Permanent Neow","Quick Restart","Relic Filter","Relic Stats","StSLib","SuperFastMode","Transform Curses","Unknown Chances"],"gold_per_floor":[114,114,134,59,72,72,72,72,72,100,115,126,126,170,170,273,273,295,295,338,347,372,372,395,414,414,449,476,505,237,263,263,345,345,361,379,379,113,122,122,122,122],"floor_reached":40,"language":"ENG","playtime":1479,"items_purged":["hexamod:Strike","hexamod:Strike+1"],"score":836,"play_id":"b6736ecb-0e7d-4be2-9d28-40b57ffc511d","local_time":"20210203160320","is_ascension_mode":true,"campfire_choices":[{"data":"hexamod:Float","floor":6.0,"key":"SMITH"},{"data":"hexamod:NecessarySacrifice","floor":8.0,"key":"SMITH"},{"floor":15.0,"key":"REST"},{"floor":23.0,"key":"RECALL"},{"data":"Perseverance","floor":32.0,"key":"SMITH"}],"circlet_count":0,"master_deck":["AscendersBane","hexamod:Strike+1","hexamod:Strike+1","hexamod:Defend+1","hexamod:Defend+1","hexamod:Defend+1","hexamod:Sear+1","hexamod:Float+1","hexamod:SixthSeal","hexamod:NecessarySacrifice+1","hexamod:HeatMetal+1","hexamod:GhostOfSpireFuture+1","hexamod:AdvancingGuard+1","hexamod:TimeOfNeed+1","hexamod:Toasty+1","hexamod:PhantomFireball+1","hexamod:GhostflameBarrier+1","hexamod:Float+1","hexamod:GhostShield+1","hexamod:NightmareStrike+1","hexamod:StepThrough+1","hexamod:HeatShield+1","Perseverance+1","bronze:AlphaBuild+1","Blind"],"relics":["hexamod:SpiritBrand","Blood Vial","Torii","Bloody Idol","CeramicFish","Philosopher\u0027s Stone","Red Mask","Frozen Egg 2","HornCleat","PrismaticShard","SacredBark","Question Card"],"acts_visited":["Exordium","TheCity","TheBeyond"],"potions_floor_usage":[40,40],"damage_taken":[{"damage":9.0,"enemies":"Small Slimes","floor":1.0,"turns":4.0},{"damage":2.0,"enemies":"Jaw Worm","floor":3.0,"turns":4.0},{"damage":0.0,"enemies":"Cultist","floor":5.0,"turns":4.0},{"damage":29.0,"enemies":"Gremlin Nob","floor":10.0,"turns":4.0},{"damage":2.0,"enemies":"3 Louse","floor":11.0,"turns":3.0},{"damage":1.0,"enemies":"Blue Slaver","floor":12.0,"turns":3.0},{"damage":1.0,"enemies":"Lagavulin","floor":14.0,"turns":6.0},{"damage":3.0,"enemies":"Hexaghost","floor":16.0,"turns":9.0},{"damage":2.0,"enemies":"Shell Parasite","floor":18.0,"turns":4.0},{"damage":34.0,"enemies":"Masked Bandits","floor":20.0,"turns":5.0},{"damage":0.0,"enemies":"Spheric Guardian","floor":22.0,"turns":3.0},{"damage":11.0,"enemies":"Snecko","floor":24.0,"turns":4.0},{"damage":0.0,"enemies":"Centurion and Healer","floor":25.0,"turns":7.0},{"damage":10.0,"enemies":"Slavers","floor":27.0,"turns":4.0},{"damage":0.0,"enemies":"Snake Plant","floor":28.0,"turns":3.0},{"damage":9.0,"enemies":"Chosen and Byrds","floor":29.0,"turns":5.0},{"damage":0.0,"enemies":"Centurion and Healer","floor":31.0,"turns":5.0},{"damage":14.0,"enemies":"Collector","floor":33.0,"turns":9.0},{"damage":0.0,"enemies":"3 Shapes","floor":35.0,"turns":4.0},{"damage":0.0,"enemies":"Orb Walker","floor":36.0,"turns":3.0},{"damage":65,"enemies":"Reptomancer","floor":40,"turns":5}],"seed_played":"-1700651464639850258","potions_obtained":[{"floor":1.0,"key":"SpeedPotion"},{"floor":3.0,"key":"Explosive Potion"},{"floor":14.0,"key":"hexamod:EctoCoolerPotion"},{"floor":24.0,"key":"DistilledChaos"},{"floor":25.0,"key":"SpeedPotion"},{"floor":29.0,"key":"ColorlessPotion"},{"floor":35.0,"key":"Strength Potion"},{"floor":36.0,"key":"hexamod:EctoCoolerPotion"}],"is_trial":false,"path_per_floor":["M","?","M","$","M","R","?","R","T","E","M","M","?","E","R","B",null,"M","?","?","?","M","R","M","M","T","E","M","M","$","M","R","B",null,"M","M","?","$","?","E"],"character_chosen":"THE_SPIRIT","items_purchased":["PrismaticShard","Question Card"],"campfire_rested":1,"item_purchase_floors":[30,38],"current_hp_per_floor":[33,33,31,31,31,31,31,31,31,4,4,5,5,6,23,22,48,48,48,26,31,43,43,44,51,51,48,57,57,57,57,57,53,56,57,57,57,57,52,0,0,0],"gold":122,"neow_bonus":"THREE_RARE_CARDS","is_daily":false,"chose_seed":false,"campfire_upgraded":3,"win_rate":0.0,"timestamp":1612335800,"path_taken":["M","?","M","$","M","R","?","R","T","E","?","M","?","E","R","BOSS","M","?","?","?","M","R","M","M","T","E","M","M","$","M","R","BOSS","M","?","?","$","?","E"],"items_purchased_type":["Relic","Relic"],"build_version":"2020-12-22","purchased_purges":2,"victory":false,"max_hp_per_floor":[63,63,63,63,63,63,63,63,63,63,63,63,57,57,57,57,57,57,57,57,57,57,57,57,57,57,57,57,57,57,57,57,57,57,57,57,57,57,57,57,57,57],"relic_stats":{"Blood Vial":27,"Torii":21,"counters":[21,98],"Bloody Idol":76,"CeramicFish":108,"Question Card":3,"obtain_stats":[{"Torii":10,"Golden Idol":13,"CeramicFish":14,"SacredBark":34,"Frozen Egg 2":26,"PrismaticShard":30,"Question Card":38,"Blood Vial":9,"HornCleat":27,"Bloody Idol":19,"Philosopher\u0027s Stone":17,"Red Mask":20,"hexamod:SpiritBrand":0},{"Torii":4,"Golden Idol":6,"CeramicFish":7,"SacredBark":18,"Frozen Egg 2":13,"PrismaticShard":16,"Question Card":20,"Blood Vial":3,"HornCleat":14,"Bloody Idol":9,"Philosopher\u0027s Stone":8,"Red Mask":10,"hexamod:SpiritBrand":0},{"Torii":16,"Golden Idol":22,"CeramicFish":28,"SacredBark":86,"Frozen Egg 2":60,"PrismaticShard":72,"Question Card":93,"Blood Vial":12,"HornCleat":64,"Bloody Idol":41,"Philosopher\u0027s Stone":37,"Red Mask":46,"hexamod:SpiritBrand":0}]},"card_choices":[{"not_picked":["hexamod:FlameSwitch","hexamod:ApocalypseNow"],"picked":"hexamod:SixthSeal","floor":0.0},{"not_picked":["hexamod:InspiringFlames","hexamod:Hexaguard"],"picked":"hexamod:NecessarySacrifice","floor":1.0},{"not_picked":["hexamod:BurningTouch","hexamod:SkipABeat","hexamod:GhostLash"],"picked":"SKIP","floor":3.0},{"not_picked":["hexamod:BacktrackSmack","hexamod:GhostLash"],"picked":"hexamod:HeatMetal","floor":5.0},{"not_picked":["hexamod:ChargedBarrage","hexamod:SuperheatedStrike"],"picked":"hexamod:GhostOfSpireFuture","floor":10.0},{"not_picked":["hexamod:SixthSeal","hexamod:FastForward"],"picked":"hexamod:AdvancingGuard","floor":11.0},{"not_picked":["hexamod:GhostflameBarrier","hexamod:RadiantFlame","hexamod:FastForward"],"picked":"SKIP","floor":12.0},{"not_picked":["hexamod:GhostOfSpireFuture","hexamod:ApocalypticArmor"],"picked":"hexamod:TimeOfNeed","floor":14.0},{"not_picked":["hexamod:WildfireWeapon","hexamod:VolcanoVisage"],"picked":"hexamod:Toasty","floor":16.0},{"not_picked":["hexamod:EtherealExpedition","hexamod:SwordOfDarkness"],"picked":"hexamod:PhantomFireball","floor":18.0},{"not_picked":["hexamod:SoulSteal","hexamod:BacktrackSmack"],"picked":"hexamod:GhostflameBarrier","floor":20.0},{"not_picked":["hexamod:SpectralSpark","hexamod:BacktrackSmack"],"picked":"hexamod:GhostShield+1","floor":22.0},{"not_picked":["hexamod:NecessarySacrifice","hexamod:NightmareGuise"],"picked":"hexamod:NightmareStrike+1","floor":24.0},{"not_picked":["hexamod:SuperheatedStrike","hexamod:BacktrackSmack","hexamod:HeatMetal"],"picked":"SKIP","floor":25.0},{"not_picked":["hexamod:Haunt","hexamod:EmpoweredFlame+1","hexamod:BacktrackSmack"],"picked":"SKIP","floor":27.0},{"not_picked":["hexamod:Haunt","hexamod:EmpoweredFlame+1","hexamod:BacktrackSmack"],"picked":"SKIP","floor":27.0},{"not_picked":["hexamod:GhostflameBarrier","hexamod:GhostLash"],"picked":"hexamod:StepThrough","floor":28.0},{"not_picked":["hexamod:SpectralSpark","hexamod:NightmareStrike"],"picked":"hexamod:HeatShield","floor":29.0},{"not_picked":["Fire Breathing+1","BowlingBash+1"],"picked":"Perseverance","floor":31.0},{"not_picked":["hexamod:GhostOfSpirePresent+1","bronze:Virus"],"picked":"bronze:AlphaBuild","floor":33.0},{"not_picked":["bronze:ChildClass","JustLucky","bronze:DelayedGuard"],"picked":"SKIP","floor":35.0},{"not_picked":["Consecrate","Slimebound:SplitBruiser","Distraction"],"picked":"SKIP","floor":36.0},{"not_picked":["Forethought","PanicButton","The Bomb"],"picked":"Blind","floor":39.0}],"player_experience":3528786,"relics_obtained":[{"floor":9.0,"key":"Blood Vial"},{"floor":10.0,"key":"Torii"},{"floor":14.0,"key":"CeramicFish"},{"floor":20.0,"key":"Red Mask"},{"floor":26.0,"key":"Frozen Egg 2"},{"floor":27.0,"key":"HornCleat"}],"event_choices":[{"damage_healed":0.0,"max_hp_gain":0.0,"max_hp_loss":0.0,"gold_gain":0.0,"event_name":"Liars Game","player_choice":"Ignored","floor":2.0,"gold_loss":0.0,"damage_taken":0.0},{"cards_removed":["hexamod:Defend"],"damage_healed":0.0,"max_hp_gain":0.0,"max_hp_loss":0.0,"gold_gain":0.0,"event_name":"Bonfire Elementals","player_choice":"Offered Basic","floor":7.0,"gold_loss":0.0,"damage_taken":0.0},{"damage_healed":0.0,"max_hp_gain":0.0,"max_hp_loss":6.0,"gold_gain":0.0,"event_name":"Golden Idol","player_choice":"Lose Max HP","floor":13.0,"gold_loss":0.0,"damage_taken":0.0,"relics_obtained":["Golden Idol"]},{"damage_healed":0.0,"max_hp_gain":0.0,"max_hp_loss":0.0,"gold_gain":0.0,"event_name":"Forgotten Altar","player_choice":"Gave Idol","floor":19.0,"relics_lost":["Golden Idol"],"gold_loss":0.0,"damage_taken":0.0,"relics_obtained":["Bloody Idol"]},{"damage_healed":0.0,"max_hp_gain":0.0,"max_hp_loss":0.0,"gold_gain":0.0,"event_name":"Masked Bandits","player_choice":"Fought Bandits","floor":20.0,"gold_loss":0.0,"damage_taken":0.0},{"damage_healed":0.0,"max_hp_gain":0.0,"max_hp_loss":0.0,"gold_gain":0.0,"event_name":"Duplicator","player_choice":"Copied","floor":21.0,"gold_loss":0.0,"damage_taken":0.0,"cards_obtained":["hexamod:Float"]},{"damage_healed":0.0,"max_hp_gain":0.0,"max_hp_loss":0.0,"gold_gain":0.0,"event_name":"SensoryStone","player_choice":"Memory 3","floor":39.0,"gold_loss":0.0,"damage_taken":10.0}],"is_beta":false,"boss_relics":[{"not_picked":["Busted Crown","Coffee Dripper"],"picked":"Philosopher\u0027s Stone"},{"not_picked":["Cursed Key","Astrolabe"],"picked":"SacredBark"}],"items_purged_floors":[4,30],"is_endless":false,"potions_floor_spawned":[1,3,5,14,24,25,29,31,35,36],"killed_by":"Reptomancer","ascension_level":20}}