{"host":"w05x4i13f2m9joq1","time":1612323180,"event":{"mods":["Act Like it!","Bard","BaseMod","Better Altar","Better Match","Better Note","Better Sensory Stone","Better Skull","Better Third Choice","BetterRewards","CapriCore","Colored Map","Colored Powertips","Decade(???)","Defective Defect","Duelist Mod","Gensokyo","GifTheSpireLib","Googly Eyes","Infinite Spire","Ironclad Rager","Lobotomy","LobotomyExtend","Marisa????????","Melee Mod","Minty Spire (QoL Compilation)","Morshu Shopkeeper - ENHANCED","MostiFishMod","Quick Restart","Rare Cards Sparkle","Replay The Spire","Shop Mod","Spicy Shops","Spire Birthday Party","StSLib","Td1madao Mod","The Construct","The IronCluck","TheBandit","Uncapped","everything is the same but u backflip on backflip","slay the spire mod where everything is the same but ironclad has a cowboy hat"],"gold_per_floor":[112,128,148,68,68,102,115,141,141,141,141,154,143,215,215,168,168,162,162,87,87,98,98,39,39,64,64,98,116,133,163,163,264,314,325,103,103,103],"floor_reached":37,"language":"ENG","playtime":4322,"items_purged":["Woodsman"],"score":564,"play_id":"083480a4-33f9-42c7-b411-87b0235661ef","local_time":"20210202223259","is_ascension_mode":true,"campfire_choices":[{"data":"KamenRideKuuga","floor":10.0,"key":"SMITH"},{"data":"FormRideTitan","floor":15.0,"key":"SMITH"},{"data":"FormRideTitan","floor":23.0,"key":"SMITH"},{"data":"UnarmedAttack3","floor":25.0,"key":"SMITH"},{"data":"CENSORED","floor":32.0,"key":"PURGE"}],"circlet_count":0,"master_deck":["Mercenary","QueenOfHatred","Decade_Attack","Decade_Attack","Decade_Attack","Decade_Attack","Decade_SpecialSkill+1","Decade_Defend","Decade_Defend","Decade_Defend","Decade_Defend","Kiva_Bats+1","UnarmedAttack8","OSAHOGD","FormRideTitan+1","KamenRideKuuga+1","Kiva_Swallow","UnarmedAttack1","PunishingBird","Blade_Beat","UnarmedAttack7","Freischutz","FormRideTitan+1","Decade_Defend3","Decade_Defend2+1","UnarmedAttack8","FormRideDragon+1","Kuuga_Rising+1","Kiva_Swallow","UnarmedAttack3+1","Decade_Defend3+1","Blade_Mach+1","UnarmedAttack1+1","CrumblingArmor","Blade_Metal+1","AutoVajin+1","FormRidePegasus+1","BlueStar","Kiva_Swallow","Decade_Defend3+1","Decade_Defend2+1"],"relics":["Decadriver","TOEIDeficitBill","DaveBox","CogitoBucket","Technique","SynthV:TestCard","LetterFromLob","Question Card","Lizard Tail","Replay:Rubber Ducky","Toxic Egg 2","Theresia","infinitespire:CheckeredPen","InTheNameOfLoveAndHate_r","HereWithMe","WantedRequest","infinitespire:Lucky Rock","Replay:Mystery Machine","Nunchaku","Blue Candle","CENSORED_r","DaCapo","Tiny House","Logging_r","Dodecahedron"],"acts_visited":["Exordium","Gensokyo:Gensokyo","Gensokyo:Gensokyoer"],"potions_floor_usage":[],"damage_taken":[{"damage":6.0,"enemies":"Gensokyo:Gryphon","floor":1.0,"turns":4.0},{"damage":5.0,"enemies":"Gensokyo:3_Fairies","floor":2.0,"turns":3.0},{"damage":6.0,"enemies":"Gensokyo:Python","floor":3.0,"turns":3.0},{"damage":41.0,"enemies":"Gensokyo:Mamizou","floor":6.0,"turns":8.0},{"damage":7.0,"enemies":"Gensokyo:2_Rabbits","floor":7.0,"turns":3.0},{"damage":30.0,"enemies":"Gensokyo:Aya","floor":8.0,"turns":5.0},{"damage":29.0,"enemies":"Gensokyo:Cirno","floor":12.0,"turns":8.0},{"damage":16.0,"enemies":"Gensokyo:5_Fairies","floor":13.0,"turns":4.0},{"damage":80.0,"enemies":"Gensokyo:Yukari","floor":16.0,"turns":8.0},{"damage":24.0,"enemies":"Gensokyo:3_Dogs","floor":18.0,"turns":3.0},{"damage":16.0,"enemies":"Gensokyo:CosmicMonolith","floor":22.0,"turns":3.0},{"damage":13.0,"enemies":"Gensokyo:Koishi","floor":24.0,"turns":4.0},{"damage":27.0,"enemies":"Gensokyo:Reisen","floor":28.0,"turns":5.0},{"damage":41.0,"enemies":"Gensokyo:Slime_Group","floor":29.0,"turns":3.0},{"damage":9.0,"enemies":"Gensokyo:Swordslinger","floor":30.0,"turns":5.0},{"damage":18.0,"enemies":"Gensokyo:Koishi","floor":31.0,"turns":4.0},{"damage":58.0,"enemies":"Gensokyo:Eiki","floor":33.0,"turns":4.0},{"damage":0,"enemies":"Gensokyo:3_Boulders","floor":35,"turns":4},{"damage":0,"enemies":"Gensokyo:AncientGuardian","floor":37,"turns":10}],"seed_played":"5158489652327064525","potions_obtained":[{"floor":1.0,"key":"Doom Potion"},{"floor":6.0,"key":"FearPotion"},{"floor":7.0,"key":"Reflective Coating"},{"floor":16.0,"key":"Weak Potion"},{"floor":22.0,"key":"Ancient Potion"},{"floor":28.0,"key":"Swift Potion"},{"floor":30.0,"key":"Energy Potion"},{"floor":31.0,"key":"Toxic Potion"},{"floor":33.0,"key":"FearPotion"},{"floor":34.0,"key":"Swift Potion"}],"is_trial":false,"path_per_floor":["M","M","M","$","T","E","M","E","T","R","?","E","M","T","R","B",null,"M","?","?","$","M","R","E","R","T","AVR","E","M","M","E","R_BF","B",null,"M","$","M"],"character_chosen":"Decade","items_purchased":["Kiva_Swallow","Dodecahedron"],"campfire_rested":0,"item_purchase_floors":[4,36],"current_hp_per_floor":[64,65,64,64,64,50,54,44,44,44,48,59,55,55,55,6,70,59,59,59,59,54,54,66,66,66,66,70,48,68,67,67,21,75,75,75,75,75],"gold":103,"neow_bonus":"","is_daily":false,"chose_seed":false,"campfire_upgraded":4,"win_rate":0.0,"timestamp":1612323179,"path_taken":["M","M","M","$","?","E","M","E","T","R","?","E","M","?","R","BOSS","M","?","?","?","M","R","E","R","T","AVR","E","M","M","E","R_BF","BOSS","M","$","M"],"items_purchased_type":["Card","Relic"],"build_version":"2020-12-22","purchased_purges":1,"victory":false,"max_hp_per_floor":[70,70,70,70,70,70,70,70,70,70,70,70,70,70,70,70,70,70,70,70,70,70,70,70,70,70,70,70,70,70,70,70,70,75,75,75,75,75],"card_choices":[{"not_picked":["Bloodbath","QueenBee"],"picked":"QueenOfHatred","floor":1.0},{"not_picked":["Kuuga_GouramAttack","Decade_Dash2"],"picked":"Kiva_Bats","floor":1.0},{"not_picked":["UnarmedAttack1","Decade_Dash1"],"picked":"UnarmedAttack8","floor":1.0},{"not_picked":["ShyLook","MHz","Porccubus"],"picked":"Singing Bowl","floor":2.0},{"not_picked":["WhitesApple","ShyLook"],"picked":"OSAHOGD","floor":2.0},{"not_picked":["TimeVent","DenO_Ax","DenO_Sword","PhotonAcceleration"],"picked":"FormRideTitan","floor":2.0},{"not_picked":["DenO_Gun","RideBooker","FormRideDogga","FormRideFlame"],"picked":"KamenRideKuuga","floor":2.0},{"not_picked":["OldLady","BlackSwan","DreamingCurrent"],"picked":"Singing Bowl","floor":3.0},{"not_picked":["ShyLook","MeatLantern","FairyFestival"],"picked":"Singing Bowl","floor":6.0},{"not_picked":["UnarmedAttack6","DenO_Rod","Hibiki_Attack2","Kuuga_GouramAttack","MirrorWorld"],"picked":"UnarmedAttack1","floor":6.0},{"not_picked":["FairyFestival","Wellcheers","CrumblingArmor"],"picked":"Singing Bowl","floor":7.0},{"not_picked":["BigBadWolf","HeroicMonk"],"picked":"PunishingBird","floor":7.0},{"not_picked":["FormRideStorm","KamenRideDenO","DenO_Rod","Blade_Metal","RideBooker_Skill_3"],"picked":"Blade_Beat","floor":7.0},{"not_picked":["FormRideDragon","DragClaw","DenO_Gun","NMDAZYYGL","KamenRideDenO"],"picked":"UnarmedAttack7","floor":7.0},{"not_picked":["GreedKing","LittleHelper","Scarecrow"],"picked":"Singing Bowl","floor":8.0},{"not_picked":["CherryBlossoms","MeatLantern"],"picked":"Freischutz","floor":8.0},{"not_picked":["RideBooker_Skill_1","KamenRideDecade","Blade_Slash","KamenRideFaiz","Kiva_Swallow"],"picked":"FormRideTitan","floor":8.0},{"not_picked":["LittlePrince","WallGazer","OldLady"],"picked":"Singing Bowl","floor":12.0},{"not_picked":["Wellcheers","VoidDream"],"picked":"LittleHelper","floor":12.0},{"not_picked":["Decade_Dash2","FormRideJack","DenO_Sword","Blade_Beat","UnarmedAttack1"],"picked":"Decade_Defend3","floor":12.0},{"not_picked":["RideBooker+1","DecadeViolentEmotion+1","UnarmedAttack4","MirrorWorld+1","FormRideAxel+1"],"picked":"Decade_Defend2+1","floor":12.0},{"not_picked":["Funeral","CherryBlossoms","BeautyBeast"],"picked":"Singing Bowl","floor":13.0},{"not_picked":["LongBird","Bloodbath"],"picked":"Mercenary","floor":13.0},{"not_picked":["Hibiki_Attack3","MirrorWorld+1","Blade_Beat+1","Kiva_Eat+1","KamenRideDenO"],"picked":"UnarmedAttack8","floor":13.0},{"not_picked":["DenO_Rod+1","FormRideStorm+1","Blade_Metal+1","FormRideGaruru+1","FormRidePegasus+1"],"picked":"FormRideDragon+1","floor":13.0},{"not_picked":["NothingThere","Rudolta","CherryBlossoms"],"picked":"Singing Bowl","floor":16.0},{"not_picked":["Kiva_Swallow","Kabuto_ClockUp+1","NMDAZYYGL+1","TimeVent+1","Kiva_Eat+1"],"picked":"Kuuga_Rising+1","floor":16.0},{"not_picked":["Kiva_Eat+1","NMDAZYYGL+1","Kuuga_Rising+1","UnarmedAttack9","Hibiki_FEVER+1"],"picked":"Kiva_Swallow","floor":16.0},{"not_picked":["Alriune","BlackArmy","GreedKing"],"picked":"Singing Bowl","floor":18.0},{"not_picked":["Blade_Slash+1","KamenRideFaiz","PhotonAcceleration+1","Hibiki_Attack2+1","UnarmedAttack1"],"picked":"UnarmedAttack3","floor":18.0},{"not_picked":["RideBooker_Skill_1+1","KamenRideBlade+1","FormRideDogga+1","PrometheusPower+1","Hibiki_Attack1"],"picked":"Decade_Defend3+1","floor":18.0},{"not_picked":["Variant","Alriune"],"picked":"CENSORED","floor":22.0},{"not_picked":["UnarmedAttack1","PhotonAcceleration","Hibiki_Attack1+1","Hibiki_Attack2","Blade_Slash+1"],"picked":"Blade_Mach+1","floor":22.0},{"not_picked":["Bloodbath","Woodsman","Scorched"],"picked":"Singing Bowl","floor":24.0},{"not_picked":["Decade_Defend2+1","FormRidePegasus+1","FormRideDragon+1","FormRideStorm+1","PhotonAcceleration"],"picked":"UnarmedAttack1+1","floor":24.0},{"not_picked":["UniverseFragment","GalaxyChild","Woodsman"],"picked":"Singing Bowl","floor":28.0},{"not_picked":["UniverseFragment","MHz"],"picked":"CrumblingArmor","floor":28.0},{"not_picked":["FormRideDogga+1","UnarmedAttack6","KamenRideDecade","KamenRideBlade","KamenRideFaiz"],"picked":"Blade_Metal+1","floor":28.0},{"not_picked":["Decade_Dash2+1","Hibiki_Attack3+1","UnarmedAttack4","Blade_Kick+1","DenO_Sword+1"],"picked":"AutoVajin+1","floor":28.0},{"not_picked":["BlackArmy","BodiesMountain","Murderer"],"picked":"Singing Bowl","floor":29.0},{"not_picked":["UnarmedAttack1","RideBooker_Skill_1+1","AutoVajin+1","FormRideGaruru+1","FormRideStorm+1"],"picked":"FormRidePegasus+1","floor":29.0},{"not_picked":["WhitesApple","LittlePrince","Murderer"],"picked":"Singing Bowl","floor":30.0},{"not_picked":["Rudolta","Funeral","SpiderBud"],"picked":"Singing Bowl","floor":31.0},{"not_picked":["LittlePrince","BlackSwan"],"picked":"BlueStar","floor":31.0},{"not_picked":["FairyFestival","LaLuna"],"picked":"Woodsman","floor":33.0},{"not_picked":["Kuuga_Rising+1","UnarmedAttack9","Kabuto_ClockUp+1","Hibiki_FEVER+1","DecadeViolentEmotion+1"],"picked":"Kiva_Swallow","floor":33.0},{"not_picked":["Blade_Slash+1","Decade_Dash1+1","Dragreder+1","Blade_Kick+1","KamenRideKiva"],"picked":"Decade_Defend3+1","floor":34.0},{"not_picked":["WallGazer","CENSORED","CherryBlossoms"],"picked":"Singing Bowl","floor":35},{"not_picked":["Blade_Beat+1","RideBooker_Skill_1+1","DragClaw","FormRideStorm+1","AutoVajin+1"],"picked":"Decade_Defend2+1","floor":35}],"player_experience":182332,"relics_obtained":[{"floor":1.0,"key":"SynthV:TestCard"},{"floor":1.0,"key":"LetterFromLob"},{"floor":5.0,"key":"Question Card"},{"floor":6.0,"key":"Darkstone Periapt"},{"floor":8.0,"key":"Lizard Tail"},{"floor":9.0,"key":"Replay:Rubber Ducky"},{"floor":12.0,"key":"Toxic Egg 2"},{"floor":14.0,"key":"infinitespire:CheckeredPen"},{"floor":24.0,"key":"infinitespire:Lucky Rock"},{"floor":26.0,"key":"Replay:Mystery Machine"},{"floor":28.0,"key":"Blue Candle"},{"floor":31.0,"key":"DaCapo"}],"event_choices":[{"damage_healed":4.0,"max_hp_gain":0.0,"max_hp_loss":0.0,"gold_gain":0.0,"event_name":"betterSkull:BetterSkull","player_choice":"LEAVE ","floor":11.0,"gold_loss":0.0,"damage_taken":0.0,"cards_upgraded":[],"relics_obtained":[]},{"damage_healed":0.0,"max_hp_gain":0.0,"max_hp_loss":0.0,"gold_gain":0.0,"event_name":"betterMatch:BetterMatch","player_choice":"3","floor":20.0,"gold_loss":0.0,"damage_taken":0.0,"cards_obtained":[]}],"is_beta":false,"boss_relics":[{"not_picked":["Ectoplasm","NightmareShop"],"picked":"HereWithMe"},{"not_picked":["Replay:Ancient Bell","TimeKeys"],"picked":"Tiny House"}],"items_purged_floors":[36],"is_endless":false,"potions_floor_spawned":[1,6,7,8,16,22,28,30,31,33],"killed_by":"Gensokyo:AncientGuardian","ascension_level":1}}