{"host":"8a72fthmlk1o8pdb","time":1612311264,"event":{"mods":["AchievementEnabler","Aspiration","Astrologer","Bard","BaseMod","Beaked The Cultist","Better Sensory Stone","Better Skull","Better Third Choice","ChefMod","Colored Map","Colored Powertips","Dark Map","Downfall","Evolution","Friendly Minions","GifTheSpireLib","Googly Eyes","Gremlin Mod","Hermit","JesterMod","Jorbs\u0027s Wanderer Trilogy","Marisa????????","Minty Spire (QoL Compilation)","Permanent Neow","Random Character Button","Rare Cards Sparkle","Relic Stats","Reliquary","Robot Space Explorer","Shade Mod","Shop Mod","Somnambulant","StSLib","The Alterego","The Animator","The Blue Laboratory","The Construct","The Cursed","The Disciple","The Hayseed","The Hierophant","The Marked","The Necromancer","The Poker Player","The Problem Sleuth","The Runesmith","thorton"],"gold_per_floor":[113,113,113,128,145,145,170,170,170,185,211,231,231,244,244,343,343,360,37,37,37,50,76,76,76,128,128,143,75,94,113,113,113,113],"floor_reached":33,"language":"ENG","playtime":1466,"items_purged":["Strike_G"],"score":277,"play_id":"573ebc62-13ad-44b4-ab99-23cc165ea8c2","local_time":"20210202161424","is_ascension_mode":false,"campfire_choices":[{"data":"Dagger Spray","floor":6,"key":"SMITH"},{"data":"Caltrops","floor":8,"key":"SMITH"},{"data":"Backflip","floor":13,"key":"SMITH"},{"data":"Deflect","floor":15,"key":"SMITH"},{"data":"Caltrops","floor":25,"key":"SMITH"},{"data":"A Thousand Cuts","floor":27,"key":"SMITH"},{"floor":32,"key":"REST"}],"circlet_count":0,"master_deck":["Strike_G","Strike_G","Defend_G","Defend_G","Defend_G","Defend_G","Defend_G","Survivor","Neutralize+1","Dagger Spray+1","Slice","Skewer","Caltrops+1","Quick Slash","Die Die Die","Backflip+1","Deflect+1","A Thousand Cuts+1","CurseOfTheBell","Crippling Poison","Caltrops+1","Eviscerate","Dodge and Roll+1","Acrobatics+1","Dagger Spray","Caltrops","PiercingWail+1","PiercingWail+1"],"relics":["Ring of the Snake","EVO:Axolotl","PreservedInsect","Runesmith:Nanobots","reliquary:Boomerang","aspiration:ChemicalBlood","Pantograph","theSleuth:ElfEgg","MerchantsRug","Toxic Egg 2"],"acts_visited":["Exordium","TheCity"],"potions_floor_usage":[7,16,18,23,28,30,30,31,33,33,33],"damage_taken":[{"damage":0,"enemies":"2 Louse","floor":1,"turns":2},{"damage":2,"enemies":"Small Slimes","floor":4,"turns":3},{"damage":3,"enemies":"Jaw Worm","floor":5,"turns":3},{"damage":4,"enemies":"Gremlin Nob","floor":7,"turns":3},{"damage":5,"enemies":"3 Louse","floor":10,"turns":2},{"damage":3,"enemies":"3 Sentries","floor":11,"turns":4},{"damage":0,"enemies":"2 Fungi Beasts","floor":12,"turns":1},{"damage":0,"enemies":"Large Slime","floor":14,"turns":3},{"damage":32,"enemies":"The Guardian","floor":16,"turns":11},{"damage":10,"enemies":"Spheric Guardian","floor":18,"turns":3},{"damage":0,"enemies":"3 Byrds","floor":22,"turns":3},{"damage":23,"enemies":"Gremlin Leader","floor":23,"turns":6},{"damage":19,"enemies":"Cultist and Chosen","floor":28,"turns":6},{"damage":8,"enemies":"Centurion and Healer","floor":30,"turns":5},{"damage":6,"enemies":"Snecko","floor":31,"turns":5},{"damage":79,"enemies":"Automaton","floor":33,"turns":6}],"seed_played":"-4990866510222133640","potions_obtained":[{"floor":4,"key":"Strength Potion"},{"floor":7,"key":"hexamod:SoulburnPotion"},{"floor":12,"key":"blueLaboratory:EnragingPotion"},{"floor":14,"key":"blueLaboratory:ForbiddenFruitJuice"},{"floor":16,"key":"Fire Potion"},{"floor":22,"key":"ColorlessPotion"},{"floor":30,"key":"champ:CounterPotion"}],"is_trial":false,"path_per_floor":["M","?","?","M","M","R","E","R","T","M","E","M","R","M","R","B",null,"M","$","?","?","M","E","?","R","T","R","M","$","M","M","R","B"],"character_chosen":"THE_SILENT","items_purchased":["Caltrops","MerchantsRug","blueLaboratory:Virophage","Caltrops"],"campfire_rested":1,"item_purchase_floors":[19,19,19,29],"current_hp_per_floor":[70,70,70,68,65,65,61,61,61,56,53,53,53,53,53,21,70,60,60,60,60,60,37,37,40,40,43,24,24,16,10,36,0,0],"gold":113,"neow_bonus":"UPGRADE_CARD","is_daily":false,"chose_seed":false,"campfire_upgraded":6,"win_rate":0.0,"timestamp":1612311264,"path_taken":["M","?","?","M","M","R","E","R","T","M","E","M","R","?","R","BOSS","M","$","?","?","M","E","?","R","T","R","?","?","M","M","R","BOSS"],"items_purchased_type":["Card","Relic","Potion","Card"],"build_version":"2020-12-22","purchased_purges":1,"victory":false,"max_hp_per_floor":[70,70,70,70,70,70,70,70,70,70,70,70,70,70,70,70,70,70,70,70,70,70,70,70,73,73,76,76,76,76,76,79,79,79],"relic_stats":{"counters":[16,66],"Pantograph":25,"PreservedInsect":79,"obtain_stats":[{"Calling Bell":17,"MerchantsRug":19,"Runesmith:Nanobots":9,"reliquary:Boomerang":11,"Pantograph":17,"theSleuth:ElfEgg":17,"PreservedInsect":7,"EVO:Axolotl":0,"Toxic Egg 2":23,"Ring of the Snake":0,"aspiration:ChemicalBlood":17},{"Calling Bell":9,"MerchantsRug":10,"Runesmith:Nanobots":4,"reliquary:Boomerang":6,"Pantograph":9,"theSleuth:ElfEgg":9,"PreservedInsect":4,"EVO:Axolotl":0,"Toxic Egg 2":12,"Ring of the Snake":0,"aspiration:ChemicalBlood":9},{"Calling Bell":32,"MerchantsRug":35,"Runesmith:Nanobots":11,"reliquary:Boomerang":17,"Pantograph":32,"theSleuth:ElfEgg":32,"PreservedInsect":11,"EVO:Axolotl":0,"Toxic Egg 2":44,"Ring of the Snake":0,"aspiration:ChemicalBlood":32}],"Ring of the Snake":[32]},"card_choices":[{"not_picked":["Reflex","Dodge and Roll"],"picked":"Dagger Spray","floor":1},{"not_picked":["Predator","Acrobatics"],"picked":"Slice","floor":4},{"not_picked":["Slice","Prepared"],"picked":"Skewer","floor":5},{"not_picked":["Riddle With Holes","Poisoned Stab"],"picked":"Caltrops","floor":7},{"not_picked":["Masterful Stab","Acrobatics"],"picked":"Quick Slash","floor":10},{"not_picked":["Acrobatics","Blade Dance"],"picked":"Die Die Die","floor":11},{"not_picked":["Prepared","Endless Agony"],"picked":"Backflip","floor":12},{"not_picked":["Predator","Deadly Poison"],"picked":"Deflect","floor":14},{"not_picked":["Die Die Die","Wraith Form v2"],"picked":"A Thousand Cuts","floor":16},{"not_picked":["Noxious Fumes","Eviscerate"],"picked":"Crippling Poison","floor":18},{"not_picked":["Outmaneuver","Eviscerate+1","Calculated Gamble"],"picked":"SKIP","floor":22},{"not_picked":["Prepared+1","Bouncing Flask+1"],"picked":"Acrobatics+1","floor":23},{"not_picked":["Tactician+1","Poisoned Stab"],"picked":"Dagger Spray","floor":28},{"not_picked":["Blur+1","Quick Slash+1"],"picked":"PiercingWail+1","floor":30},{"not_picked":["Crippling Poison+1","Prepared+1"],"picked":"PiercingWail+1","floor":31}],"player_experience":115430,"relics_obtained":[{"floor":7,"key":"PreservedInsect"},{"floor":9,"key":"Runesmith:Nanobots"},{"floor":11,"key":"reliquary:Boomerang"},{"floor":17,"key":"aspiration:ChemicalBlood"},{"floor":17,"key":"Pantograph"},{"floor":17,"key":"theSleuth:ElfEgg"},{"floor":23,"key":"Toxic Egg 2"}],"event_choices":[{"damage_healed":0,"gold_gain":0,"player_choice":"Ignored","damage_taken":0,"max_hp_gain":0,"max_hp_loss":0,"event_name":"Golden Idol","floor":2,"gold_loss":0},{"damage_healed":0,"gold_gain":0,"player_choice":"Ignored","damage_taken":0,"max_hp_gain":0,"max_hp_loss":0,"event_name":"Golden Wing","floor":3,"gold_loss":0},{"damage_healed":0,"gold_gain":0,"cards_transformed":["Strike_G","Strike_G"],"player_choice":"Became Test Subject","damage_taken":0,"max_hp_gain":0,"max_hp_loss":0,"event_name":"Drug Dealer","floor":20,"gold_loss":0,"cards_obtained":["Eviscerate","Dodge and Roll"]},{"damage_healed":0,"gold_gain":0,"player_choice":"Forge","damage_taken":0,"max_hp_gain":0,"max_hp_loss":0,"event_name":"Accursed Blacksmith","floor":24,"gold_loss":0,"cards_upgraded":["Dodge and Roll"]}],"is_beta":false,"boss_relics":[{"not_picked":["aspiration:DefectSkillbook","Fusion Hammer"],"picked":"Calling Bell"}],"items_purged_floors":[19],"is_endless":false,"potions_floor_spawned":[4,7,12,14,16,22,30],"killed_by":"Automaton","ascension_level":0}}