{"host":"am9dcwhv7hq2nlsk","time":1612350247,"event":{"mods":["ATMod(阿瑾Mod)","AchievementEnabler","Act Like it!","Ascension Reborn","Aspiration","BaseMod","BetterRewards","Conspire","Custom Start","Dota2Spire","Marisa（F雨　魔理沙）","Minty Spire (QoL Compilation)","Reimu（博丽灵梦）","Remilia（蕾米莉亚）","Replay The Spire","RumiaBox-露米娅的神秘盒子","Shop Mod","Spicy Shops","StSLib","TestMod","The Cursed","The Hierophant","UnlockEverythingMod","[IsaacMod]以撒尖塔","noobMod","【遗物卡牌】REMEMod","篝火指南"],"gold_per_floor":[111,36,36,46,61,61,87,100,100,100,113,162,162,193,193,265,265,278,278,288,300,315,340,340,367,367,367,397,414,428,445,445,521,521,533,533,533,584,647,681,698,726,752,776,776,801,815,815,815,815,815,815,815,815,839,839],"floor_reached":57,"language":"ZHS","playtime":2781,"items_purged":["Strike_G","Strike_G","Defend_G","Strike_G","Defend_G","Defend_G","Defend_G","Survivor","Strike_G","testmod-Bloodthirsty"],"score":4005,"play_id":"cc331a9e-b424-4e6c-9d68-18510d925626","local_time":"20210203190407","is_ascension_mode":true,"campfire_choices":[{"data":"After Image","floor":6.0,"key":"SMITH"},{"floor":15.0,"key":"RECALL"},{"data":"Defend_G","floor":24.0,"key":"PURGE"},{"data":"Strike_G+1","floor":32.0,"key":"PURGE"}],"circlet_count":0,"master_deck":["Neutralize+1","Bouncing Flask+1","AT_EssenceShift+1","Burst+1","After Image+1","Master of Strategy+1","Backflip","Catalyst","Escape Plan","Trip+1","REME_Flogging","Acrobatics","testmod-BackupPower","Barricade","Adrenaline","Eviscerate"],"relics":["Ring of the Snake","testmod-TestBox","HushsDoor","REME_ComplimentaryCards","AT_ATBox","ice","testmod-PortableAltar","BookOfRevelations","testmod-RainbowHikingShoes","SteamSale","testmod-CasingShield","Chemical X","testmod-ArcanaOfDestiny","Toy Ornithopter","Membership Card","Replay:Mystery Machine","BlankCard","Dota2Spire:AghanimScepter","SSSystem","aspiration:Nostalgia","Iron Core","Replay:Ringing Soul","Void","MerchantsRug","GodSword4","Omamori","Magic Flower","REME_OnlineShoppingPlatform","testmod-ConstraintPeriapt","Guide Book","BelialBook","Orrery","testmod-HeartOfStrike","MealTicket","testmod-Maize","Vampiric Spirits","Oddly Smooth Stone","REME_LimitBreaker","PokeGo","Lee\u0027s Waffle","testmod-Justice","Dota2Spire:Mjollnir","BookofShadows","BFFS","TheBible","testmod-IntensifyImprint","Mummified Hand","NineVolt","TheBattery","Dota2Spire:Butterfly","Bird Faced Urn","REME_CardOfGreed","Blue Candle","Replay:Multitool","testmod-EqualTreatment","Habit","TheBean","testmod-Charity","YumHeart","AT_RedNoBalance","Iron Hammer","Happy Flower","ClockworkSouvenir","Vajra","Dota2Spire:PhaseBoots","Bag of Preparation","Replay:Baseball","conspire:DecoderRing","GuppysHead","Matryoshka","Whetstone","aspiration:HummingbirdHeart","REME_ChargedStone","GuppysHairball","Replay:Bandana","SatanicBible","conspire:Dentures","Nunchaku","Bottled Tornado","Leech","Pandora\u0027s Box","GuppysPaw","OrangePellets","InkBottle","War Paint","CatCart","Mirror","Pear","AT_ArchangelStaff","AT_BellDemon","SharpPlug","AT_BladeRuinedKing","Pen Nib","Bag of Marbles","PreservedInsect","Meat on the Bone","testmod-IndustrialRevolution","DeadEye","ReplayTheSpireMod:Lightbulb","Dota2Spire:PowerTreads","RuthlessExorcism:ReiMu"],"acts_visited":["Exordium","TheCity","TheBeyond","TheEnding"],"potions_floor_usage":[],"damage_taken":[{"damage":3.0,"enemies":"Small Slimes","floor":1.0,"turns":1.0},{"damage":2.0,"enemies":"conspire:RoseBush","floor":4.0,"turns":1.0},{"damage":0.0,"enemies":"Cultist","floor":5.0,"turns":1.0},{"damage":0.0,"enemies":"Lagavulin","floor":7.0,"turns":1.0},{"damage":0.0,"enemies":"3 Louse","floor":8.0,"turns":1.0},{"damage":0.0,"enemies":"conspire:2 RoseBushes","floor":11.0,"turns":1.0},{"damage":0.0,"enemies":"Hiden Room Battle","floor":12.0,"turns":1.0},{"damage":0.0,"enemies":"Gremlin Nob","floor":14.0,"turns":1.0},{"damage":0.0,"enemies":"Hexaghost","floor":16.0,"turns":1.0},{"damage":0.0,"enemies":"2 Thieves","floor":18.0,"turns":1.0},{"damage":0.0,"enemies":"Spheric Guardian","floor":20.0,"turns":1.0},{"damage":0.0,"enemies":"Snake Plant","floor":21.0,"turns":1.0},{"damage":0.0,"enemies":"Sentry and Sphere","floor":22.0,"turns":1.0},{"damage":0.0,"enemies":"conspire:Head Lice","floor":23.0,"turns":1.0},{"damage":0.0,"enemies":"conspire:SneckoGhost","floor":25.0,"turns":1.0},{"damage":0.0,"enemies":"Replay:Snechameleon","floor":28.0,"turns":1.0},{"damage":0.0,"enemies":"3 Cultists","floor":29.0,"turns":1.0},{"damage":0.0,"enemies":"Shelled Parasite and Fungi","floor":30.0,"turns":1.0},{"damage":0.0,"enemies":"Snake Plant","floor":31.0,"turns":1.0},{"damage":0.0,"enemies":"Automaton","floor":33.0,"turns":1.0},{"damage":0.0,"enemies":"Orb Walker","floor":35.0,"turns":1.0},{"damage":0.0,"enemies":"Orin","floor":38.0,"turns":2.0},{"damage":0.0,"enemies":"R_Hoarder","floor":40.0,"turns":1.0},{"damage":0.0,"enemies":"3 Shapes","floor":41.0,"turns":1.0},{"damage":0.0,"enemies":"Reptomancer","floor":42.0,"turns":1.0},{"damage":0.0,"enemies":"Giant Head","floor":44.0,"turns":1.0},{"damage":0.0,"enemies":"R_Hoarder","floor":46.0,"turns":2.0},{"damage":0.0,"enemies":"Sphere and 2 Shapes","floor":47.0,"turns":1.0},{"damage":0,"enemies":"Awakened One","floor":50,"turns":2},{"damage":0,"enemies":"conspire:OrnateMirror","floor":51,"turns":1},{"damage":0,"enemies":"Shield and Spear","floor":55,"turns":1},{"damage":0,"enemies":"Delirium","floor":56,"turns":1}],"seed_played":"87508930958377559","potions_obtained":[],"is_trial":false,"path_per_floor":["M","?","$","M","M","R","E","M","T","?","M","?","?","E","R","B",null,"M","?","M","M","M","E","R","E","T","$","E","M","M","M","R","B",null,"M","?","$","?","?","E","M","E","T","E","R","E","M","$","R","B","B",null,"R","$","E","B",null],"character_chosen":"THE_SILENT","items_purchased":["SteamSale","Chemical X","testmod-ArcanaOfDestiny","Toy Ornithopter","Membership Card","Replay:Mystery Machine","Bouncing Flask","Dota2Spire:AghanimScepter","SSSystem","aspiration:Nostalgia","Replay:Ringing Soul","MerchantsRug","testmod-Bloodthirsty","GodSword4","Omamori","Magic Flower","REME_OnlineShoppingPlatform","AT_EssenceShift","Guide Book","BelialBook","Orrery","MealTicket","Master of Strategy","testmod-Maize","Oddly Smooth Stone","REME_LimitBreaker","Lee\u0027s Waffle","testmod-Justice","Backflip","BookofShadows","Bomb","BFFS","TheBible","Catalyst","Escape Plan","Trip","Mummified Hand","NineVolt","TheBattery","REME_Flogging","REME_CardOfGreed","Blue Candle","Replay:Multitool","Habit","Catalyst","TheBean","testmod-Charity","AT_SilverBalance","Iron Hammer","Happy Flower","ClockworkSouvenir","Vajra","Dota2Spire:PhaseBoots","Bag of Preparation","testmod-BackupPower","Replay:Baseball","GuppysHairball","Nunchaku","Bottled Tornado","GuppysPaw","OrangePellets","InkBottle","War Paint","PreservedInsect","Meat on the Bone","testmod-IndustrialRevolution","DeadEye","ReplayTheSpireMod:Lightbulb"],"campfire_rested":0,"item_purchase_floors":[0,0,0,0,0,0,0,0,0,0,0,0,0,0,0,0,0,0,0,0,0,0,0,0,0,0,0,0,0,0,0,0,0,0,0,0,0,0,0,0,0,0,0,0,0,0,0,0,0,0,0,3,3,3,3,3,17,27,27,34,37,37,37,48,48,54,54,54],"current_hp_per_floor":[47,47,65,40,47,47,67,79,78,77,77,77,76,76,75,78,67,67,66,66,66,66,66,65,69,68,67,73,79,85,89,88,93,82,86,85,84,100,100,110,116,122,122,126,125,131,133,132,131,138,137,136,135,134,139,192],"gold":839,"neow_bonus":"","is_daily":false,"chose_seed":false,"campfire_upgraded":1,"win_rate":0.0,"timestamp":1612350247,"path_taken":["M","?","$","M","M","R","E","M","T","?","M","?","?","E","R","BOSS","M","?","M","M","M","E","R","E","T","?","E","M","M","?","R","BOSS","M","?","$","?","?","E","M","E","T","E","R","E","?","?","R","BOSS","BOSS","R","$","E","BOSS"],"items_purchased_type":["Relic","Relic","Relic","Relic","Relic","Relic","Card","Relic","Relic","Relic","Relic","Relic","Card","Relic","Relic","Relic","Relic","Card","Relic","Relic","Relic","Relic","Card","Relic","Relic","Relic","Relic","Relic","Card","Relic","Card","Relic","Relic","Card","Card","Card","Relic","Relic","Relic","Card","Relic","Relic","Relic","Relic","Card","Relic","Relic","Relic","Relic","Relic","Relic","Relic","Relic","Relic","Card","Relic","Relic","Relic","Relic","Relic","Relic","Relic","Relic","Relic","Relic","Relic","Relic","Relic"],"build_version":"2020-12-22","purchased_purges":10,"victory":true,"max_hp_per_floor":[79,78,80,80,80,79,79,79,78,77,77,77,76,76,75,78,67,67,66,66,66,66,66,65,69,68,67,73,79,85,89,88,93,82,86,85,84,100,100,110,116,122,122,126,125,131,133,132,131,138,137,136,135,134,139,192],"card_choices":[{"not_picked":["Hidden Blade","AT_ShadowStep"],"picked":"Burst","floor":0.0},{"not_picked":["Masterful Stab","Whirlwind"],"picked":"After Image","floor":0.0},{"not_picked":["Beam Cell","Prepared"],"picked":"Acrobatics","floor":1.0},{"not_picked":["WeaponsOverheat","Expertise","Turbo"],"picked":"SKIP","floor":4.0},{"not_picked":["Force Field","Blade Dance","Bullet Time"],"picked":"SKIP","floor":5.0},{"not_picked":["AT_Desolate","Bane","Blade Dance"],"picked":"SKIP","floor":7.0},{"not_picked":["Cloak And Dagger","Gash","Warcry"],"picked":"SKIP","floor":8.0},{"not_picked":["Cold Snap","Sucker Punch","ReplayTheSpireMod:From All Sides"],"picked":"SKIP","floor":11.0},{"not_picked":["ReplayTheSpireMod:Tripwire","Caltrops","Gash"],"picked":"SKIP","floor":14.0},{"not_picked":["Wraith Form v2","REME_LeechingPoison"],"picked":"Barricade","floor":16.0},{"not_picked":["Underhanded Strike","Flying Knee+1","Backflip"],"picked":"SKIP","floor":18.0},{"not_picked":["Underhanded Strike","Quick Slash+1","AT_TwilightShroud"],"picked":"SKIP","floor":20.0},{"not_picked":["AT_WindFlip","Heel Hook","AT_ArcaneSupremacy"],"picked":"SKIP","floor":21.0},{"not_picked":["Blade Dance","AT_WindFlip","Outmaneuver+1"],"picked":"SKIP","floor":22.0},{"not_picked":["Acrobatics","Deadly Poison","AT_ShadowStep"],"picked":"SKIP","floor":23.0},{"not_picked":["Dodge and Roll","Sneak Up","ReplayTheSpireMod:Scrap Shanks"],"picked":"SKIP","floor":25.0},{"not_picked":["Prepared","Concentrate","Bullet Time"],"picked":"SKIP","floor":28.0},{"not_picked":["Dash","Cloak And Dagger","Dodge and Roll"],"picked":"SKIP","floor":29.0},{"not_picked":["Backflip","ReplayTheSpireMod:Necrosis","PiercingWail"],"picked":"SKIP","floor":30.0},{"not_picked":["Deadly Poison","REME_GreenPollution","Terror"],"picked":"SKIP","floor":31.0},{"not_picked":["ReplayTheSpireMod:Necrosis","A Thousand Cuts"],"picked":"Adrenaline","floor":33.0},{"not_picked":["Hidden Blade","Slice+1","Dagger Throw+1"],"picked":"SKIP","floor":35.0},{"not_picked":["Prepared","Setup","Deadly Poison"],"picked":"SKIP","floor":40.0},{"not_picked":["Endless Agony+1","Bane","Quick Slash"],"picked":"SKIP","floor":41.0},{"not_picked":["AT_ThistleTea","Quick Slash+1","Acrobatics"],"picked":"SKIP","floor":42.0},{"not_picked":["Blade Dance","PiercingWail","Wraith Form v2"],"picked":"SKIP","floor":44.0},{"not_picked":["AT_ThistleTea","Deflect","AT_KingSlayer"],"picked":"SKIP","floor":46.0},{"not_picked":["conspire:PoisonWeapons+1","Underhanded Strike+1","Concentrate+1"],"picked":"SKIP","floor":47.0},{"not_picked":["Slice+1","Setup+1"],"picked":"Eviscerate","floor":55}],"player_experience":534130,"relics_obtained":[{"floor":7.0,"key":"conspire:DecoderRing"},{"floor":9.0,"key":"GuppysHead"},{"floor":12.0,"key":"Matryoshka"},{"floor":12.0,"key":"Whetstone"},{"floor":14.0,"key":"aspiration:HummingbirdHeart"},{"floor":23.0,"key":"Replay:Bandana"},{"floor":25.0,"key":"SatanicBible"},{"floor":26.0,"key":"conspire:Dentures"},{"floor":28.0,"key":"Leech"},{"floor":38.0,"key":"CatCart"},{"floor":39.0,"key":"Mirror"},{"floor":40.0,"key":"Pear"},{"floor":42.0,"key":"AT_ArchangelStaff"},{"floor":43.0,"key":"AT_BellDemon"},{"floor":44.0,"key":"SharpPlug"},{"floor":46.0,"key":"AT_BladeRuinedKing"},{"floor":46.0,"key":"Pen Nib"},{"floor":47.0,"key":"Bag of Marbles"},{"floor":55,"key":"Dota2Spire:PowerTreads"},{"floor":55,"key":"RuthlessExorcism:ReiMu"}],"event_choices":[{"cards_removed":["Catalyst"],"damage_healed":0.0,"max_hp_gain":0.0,"max_hp_loss":0.0,"gold_gain":0.0,"event_name":"The Cleric","player_choice":"Card Removal","floor":2.0,"gold_loss":75.0,"damage_taken":0.0},{"damage_healed":0.0,"max_hp_gain":0.0,"max_hp_loss":0.0,"gold_gain":0.0,"event_name":"Liars Game","player_choice":"Ignored","floor":10.0,"gold_loss":0.0,"damage_taken":0.0},{"damage_healed":0.0,"max_hp_gain":0.0,"max_hp_loss":0.0,"gold_gain":0.0,"event_name":"HidenRoomEvent","player_choice":"Fight","floor":12.0,"gold_loss":0.0,"damage_taken":0.0},{"damage_healed":0.0,"max_hp_gain":0.0,"max_hp_loss":0.0,"gold_gain":0.0,"event_name":"Lab","player_choice":"Got Potions","floor":19.0,"gold_loss":0.0,"damage_taken":0.0},{"damage_healed":0.0,"max_hp_gain":0.0,"max_hp_loss":0.0,"gold_gain":0.0,"event_name":"SensoryStone","player_choice":"Memory 1","floor":36.0,"gold_loss":0.0,"damage_taken":0.0},{"damage_healed":0.0,"max_hp_gain":0.0,"max_hp_loss":0.0,"gold_gain":0.0,"event_name":"OrinTheCat","player_choice":"Fight","floor":38.0,"gold_loss":0.0,"damage_taken":0.0},{"damage_healed":0.0,"max_hp_gain":0.0,"max_hp_loss":0.0,"gold_gain":0.0,"event_name":"Match and Keep!","player_choice":"0 cards matched","floor":45.0,"gold_loss":0.0,"damage_taken":0.0,"cards_obtained":[]},{"damage_healed":0,"gold_gain":0,"player_choice":"Ignored","damage_taken":0,"max_hp_gain":0,"max_hp_loss":0,"event_name":"给自己的盒子","floor":49,"gold_loss":0}],"is_beta":false,"boss_relics":[{"not_picked":["Runic Pyramid","conspire:SeveredTorchhead"],"picked":"REME_ChargedStone"},{"not_picked":[]},{"not_picked":["testmod-KeyOfTheVoid","conspire:RunicOctahedron"],"picked":"Pandora\u0027s Box"},{"not_picked":[]}],"items_purged_floors":[0,0,0,0,0,0,0,0,0,27],"is_endless":false,"potions_floor_spawned":[4,11,14,18,20,23,28,33,38,46,47],"ascension_level":20}}