{"host":"v4tuy5ykrbdcm9o9","time":1612325920,"event":{"mods":["BaseMod","Duelist Mod","Minty Spire (QoL Compilation)","Replay The Spire","StSLib"],"gold_per_floor":[114,114,131,131,131,131,141,166,189,207,207,242,255,270,270,370,370,382,398,398,29,29,59,71,71,71,82,110,122,122,137,137,137,137],"floor_reached":33,"language":"ENG","playtime":2402,"items_purged":[],"score":454,"play_id":"23d50bbd-58ea-4b8e-8419-184fb179560d","local_time":"20210202231840","is_ascension_mode":true,"campfire_choices":[{"floor":6,"key":"RECALL"},{"floor":11,"key":"REST"},{"floor":15,"key":"REST"},{"floor":25,"key":"REST"},{"floor":30,"key":"REST"},{"floor":32,"key":"REST"}],"circlet_count":0,"master_deck":["Strike_B","Strike_B","Strike_B","Strike_B","Defend_B+1","Defend_B","Defend_B","Zap+1","Dualcast","Redo","Leap","Cold Snap","Sweeping Beam","Doom and Gloom","Cold Snap","Ball Lightning","Beam Cell","Streamline","Echo Form","Ball Lightning+1","Compile Driver+1","Static Discharge+1","Turbo","Gash+1","Melter","Loop+1","Rebound+1","Rebound","Self Repair+1"],"relics":["Cracked Core","Omamori","Pear","Bronze Scales","Cursed Key","Toy Ornithopter","Geode","Nunchaku","Mango"],"acts_visited":["Exordium","TheCity"],"potions_floor_usage":[8,12,14,19,19,23,27,28,33,33],"damage_taken":[{"damage":0,"enemies":"Small Slimes","floor":1,"turns":2},{"damage":7,"enemies":"Jaw Worm","floor":3,"turns":3},{"damage":0,"enemies":"2 Louse","floor":7,"turns":2},{"damage":17,"enemies":"3 Sentries","floor":8,"turns":7},{"damage":0,"enemies":"Exordium Thugs","floor":10,"turns":4},{"damage":10,"enemies":"Lagavulin","floor":12,"turns":6},{"damage":5,"enemies":"Large Slime","floor":13,"turns":4},{"damage":0,"enemies":"Lots of Slimes","floor":14,"turns":1},{"damage":17,"enemies":"The Guardian","floor":16,"turns":10},{"damage":3,"enemies":"3 Byrds","floor":18,"turns":2},{"damage":13,"enemies":"2 Thieves","floor":19,"turns":2},{"damage":7,"enemies":"theDuelist:KaibaA2","floor":23,"turns":4},{"damage":10,"enemies":"3 Cultists","floor":24,"turns":3},{"damage":6,"enemies":"Chosen and Byrds","floor":27,"turns":3},{"damage":40,"enemies":"Slavers","floor":28,"turns":3},{"damage":39,"enemies":"Snake Plant","floor":29,"turns":3},{"damage":21,"enemies":"Snecko","floor":31,"turns":5},{"damage":76,"enemies":"Champ","floor":33,"turns":8}],"seed_played":"6496388370060619216","potions_obtained":[{"floor":1,"key":"Milkshake"},{"floor":3,"key":"Swift Potion"},{"floor":12,"key":"GamblersBrew"},{"floor":13,"key":"FocusPotion"},{"floor":16,"key":"LiquidMemories"},{"floor":18,"key":"FearPotion"},{"floor":23,"key":"BlessingOfTheForge"},{"floor":31,"key":"Energy Potion"}],"is_trial":false,"path_per_floor":["M","?","M","?","?","R","M","E","T","M","R","E","M","M","R","B",null,"M","M","?","$","?","E","M","R","T","M","E","M","R","M","R","B"],"character_chosen":"DEFECT","items_purchased":["Static Discharge","Toy Ornithopter","Turbo","Regen Potion","Explosive Potion"],"campfire_rested":5,"item_purchase_floors":[21,21,21,21,21],"current_hp_per_floor":[75,59,52,49,49,49,49,42,42,42,69,59,54,54,81,64,85,82,69,51,51,51,61,51,80,80,79,58,19,52,31,64,0,0],"gold":137,"neow_bonus":"TEN_PERCENT_HP_BONUS","is_daily":false,"chose_seed":false,"campfire_upgraded":0,"win_rate":0.0,"timestamp":1612325920,"path_taken":["M","?","M","?","?","R","M","E","T","M","R","E","M","M","R","BOSS","M","M","?","$","?","E","M","R","T","M","E","M","R","?","R","BOSS"],"items_purchased_type":["Card","Relic","Card","Potion","Potion"],"build_version":"2020-12-22","purchased_purges":0,"victory":false,"max_hp_per_floor":[82,82,82,82,82,82,82,92,92,92,92,92,92,92,92,92,92,92,92,97,97,97,97,97,97,97,97,111,111,111,111,111,111,111],"card_choices":[{"not_picked":["Recycle","Undo"],"picked":"Redo","floor":1},{"not_picked":["Crystallizer","Barrage"],"picked":"Leap","floor":3},{"not_picked":["FIFO Queue","Cold Snap"],"picked":"Sweeping Beam","floor":7},{"not_picked":["Stack","Time Bomb"],"picked":"Doom and Gloom","floor":8},{"not_picked":["Glacier","Redo"],"picked":"Cold Snap","floor":10},{"not_picked":["Leap","Auto Shields"],"picked":"Ball Lightning","floor":12},{"not_picked":["Coolheaded","Compile Driver"],"picked":"Beam Cell","floor":13},{"not_picked":["Machine Learning","Reprogram"],"picked":"Streamline","floor":14},{"not_picked":["ReplayTheSpireMod:Fabricate Wheel","Multi-Cast"],"picked":"Echo Form","floor":16},{"not_picked":["Gash","Reinforced Body"],"picked":"Ball Lightning+1","floor":18},{"not_picked":["Time Bomb+1","Stack"],"picked":"Compile Driver+1","floor":19},{"not_picked":["Panic Button","ReplayGash"],"picked":"Gash+1","floor":23},{"not_picked":["ReplayTheSpireMod:Reroute Power","BasicCrystalCard+1"],"picked":"Melter","floor":24},{"not_picked":["Beam Cell+1","Streamline"],"picked":"Loop+1","floor":27},{"not_picked":["Time Bomb","Tempest"],"picked":"Rebound+1","floor":28},{"not_picked":["Creative AI","Steam"],"picked":"Rebound","floor":29},{"not_picked":["Darkness","Barrage"],"picked":"Self Repair+1","floor":31}],"player_experience":740400,"relics_obtained":[{"floor":8,"key":"Pear"},{"floor":12,"key":"Bronze Scales"},{"floor":23,"key":"Geode"},{"floor":26,"key":"Nunchaku"},{"floor":28,"key":"Mango"}],"event_choices":[{"damage_healed":0,"gold_gain":0,"player_choice":"Entered Light","damage_taken":16,"max_hp_gain":0,"max_hp_loss":0,"event_name":"Shining Light","floor":2,"gold_loss":0,"cards_upgraded":["Defend_B","Zap"]},{"damage_healed":0,"gold_gain":0,"player_choice":"Success","damage_taken":3,"relics_obtained":["Omamori"],"max_hp_gain":0,"max_hp_loss":0,"event_name":"Scrap Ooze","floor":4,"gold_loss":0},{"damage_healed":0,"gold_gain":0,"cards_transformed":["Defend_B"],"player_choice":"Transformed","damage_taken":0,"max_hp_gain":0,"max_hp_loss":0,"event_name":"Transmorgrifier","floor":5,"gold_loss":0,"cards_obtained":["Cold Snap"]},{"damage_healed":0,"gold_gain":0,"player_choice":"Shed Blood","damage_taken":23,"max_hp_gain":5,"max_hp_loss":0,"event_name":"Forgotten Altar","floor":20,"gold_loss":0},{"damage_healed":0,"gold_gain":0,"player_choice":"Upgraded","damage_taken":0,"max_hp_gain":0,"max_hp_loss":0,"event_name":"Upgrade Shrine","floor":22,"gold_loss":0,"cards_upgraded":["Static Discharge"]}],"is_beta":false,"boss_relics":[{"not_picked":["SacredBark","Astrolabe"],"picked":"Cursed Key"}],"items_purged_floors":[],"is_endless":false,"potions_floor_spawned":[1,3,12,13,16,18,23,31],"killed_by":"Champ","ascension_level":7}}