{"host":"pesfwaef25r60kxm","time":1612344824,"event":{"mods":["ATMod(阿瑾Mod)","Act Like it!","Arknights","BaseMod","Colored Powertips","Downfall","Gensokyo","Hunter 猎人","Minty Spire (QoL Compilation)","Pale of the Ancients","Replay The Spire","RumiaBox-露米娅的神秘盒子","Shop Mod","Spicy Shops","StSLib","Waifu the Spire","WarShipGirlsR/战舰少女R mod","Youmu（魂魄妖梦）","[IsaacMod]以撒尖塔","noobMod","【功能Mod】聪明的最终Boss","【遗物卡牌】REMEMod"],"gold_per_floor":[240,257,2,48,59,59,148,148,218,303,3,36,382,410,410,540,540,540,540],"floor_reached":18,"language":"ZHS","playtime":645,"items_purged":["Strike_Giant"],"score":210,"play_id":"d3f36f9d-079f-4887-b6fa-c81ff5847dca","local_time":"20210203173344","is_ascension_mode":true,"campfire_choices":[{"data":"ByrdPetCall","floor":6.0,"key":"SMITH"},{"floor":8.0,"key":"RECALL"},{"data":"HPGrowth_Giant","floor":15.0,"key":"SMITH"}],"circlet_count":0,"master_deck":["Strike_Giant","Defend_Giant","Defend_Giant","Defend_Giant","Defend_Giant","CultistPetCall","EagleFirst","EagleFirst","EagleSecond","AT_FamilyPortrait","Mana Growth","EagleFirst","ByrdPetCall+1","TakeAction_Giant","HPGrowth_Giant+1","Upgrade_Giant","Purity"],"relics":["GiantSoulBox","HushsDoor","ice","REME_ComplimentaryCards","AT_ATBox","GuppysTail","AddBug","SecretRecord","SecretRecord"],"acts_visited":["Exordium","TheCity"],"potions_floor_usage":[],"damage_taken":[{"damage":6.0,"enemies":"Gensokyo:3_Fairies","floor":1.0,"turns":4.0},{"damage":5.0,"enemies":"Gensokyo:Python","floor":2.0,"turns":5.0},{"damage":3.0,"enemies":"Gensokyo:2_Kodama","floor":5.0,"turns":4.0},{"damage":10.0,"enemies":"Gensokyo:Mamizou","floor":7.0,"turns":5.0},{"damage":26.0,"enemies":"Gensokyo:Aya","floor":12.0,"turns":4.0},{"damage":17.0,"enemies":"Gensokyo:CorruptedTreant","floor":13.0,"turns":5.0},{"damage":18.0,"enemies":"Gensokyo:Cirno","floor":14.0,"turns":6.0},{"damage":40.0,"enemies":"Gensokyo:Kokoro","floor":16.0,"turns":7.0},{"damage":0,"enemies":"Chosen","floor":18,"turns":1}],"seed_played":"-4372014719600652489","potions_obtained":[{"floor":5.0,"key":"EntropicBrew"},{"floor":12.0,"key":"Languid Potion"},{"floor":13.0,"key":"ColorlessPotion"},{"floor":16.0,"key":"GamblersBrew"}],"is_trial":false,"path_per_floor":["M","M","$","?","M","R","E","R","T","?","COS","E","M","E","R","B",null,"M"],"character_chosen":"Giant","items_purchased":["AT_BellowingDragoncrestRing","FairyPotion","Purity"],"campfire_rested":0,"item_purchase_floors":[3,17,17],"current_hp_per_floor":[59,54,54,54,51,51,46,46,46,31,31,5,62,44,44,9,85,85,85],"gold":540,"neow_bonus":"HUNDRED_GOLD","is_daily":false,"chose_seed":false,"campfire_upgraded":2,"win_rate":0.0,"timestamp":1612344824,"path_taken":["M","M","?","?","M","R","E","R","T","?","COS","E","M","E","R","BOSS","M"],"items_purchased_type":["Relic","Potion","Card"],"build_version":"2020-12-22","purchased_purges":1,"victory":false,"max_hp_per_floor":[65,65,65,65,65,65,70,70,70,70,70,70,77,85,85,96,85,85,85],"card_choices":[{"not_picked":["ByrdPetCall","Struggle Attack"],"picked":"Mana Growth","floor":1.0},{"not_picked":["Trace_Giant","Echo Defend Giant","Duplicate Hand"],"picked":"SKIP","floor":2.0},{"not_picked":["Echo Attack","Combo Recycle"],"picked":"ByrdPetCall","floor":4.0},{"not_picked":["Clone Minion","Combo Recycle"],"picked":"TakeAction_Giant","floor":5.0},{"not_picked":["Duplicate Hand","EagleThird","Rupture Giant"],"picked":"SKIP","floor":7.0},{"not_picked":["Fanatic Cultist","GhostForm_Giant","CultistPetCall"],"picked":"SKIP","floor":12.0},{"not_picked":["Struggle Attack","Protect_Giant","Ready_Giant"],"picked":"SKIP","floor":13.0},{"not_picked":["Pummel Giant","Encourage_Giant"],"picked":"HPGrowth_Giant","floor":14.0},{"not_picked":["Time Travel","TakeAll_Giant"],"picked":"Upgrade_Giant","floor":16.0}],"player_experience":163860,"relics_obtained":[{"floor":1.0,"key":"AddBug"},{"floor":4.0,"key":"LastBattle"},{"floor":7.0,"key":"Tiny Chest"},{"floor":12.0,"key":"BelialBook"},{"floor":13.0,"key":"SecretRecord"},{"floor":14.0,"key":"Diplopia"},{"floor":16.0,"key":"GiantSoulStone"}],"event_choices":[],"is_beta":false,"boss_relics":[{"not_picked":["SlaversCollar","Busted Crown"],"picked":"MagicMushroom"},{"not_picked":[]}],"items_purged_floors":[17],"is_endless":false,"potions_floor_spawned":[5,12,13,16],"killed_by":"Chosen","ascension_level":1}}