{"host":"2qyxu97h6u4ukicb","time":1612391757,"event":{"mods":["AchievementEnabler","BaseMod","BetterRewards","Colored Map","Colored Powertips","Minty Spire (QoL Compilation)","Replay The Spire","Shop Mod","StSLib"],"gold_per_floor":[118,118,118,136,148,148,168,168,168,168,188,188,215,233,233,233,233],"floor_reached":16,"language":"ENG","playtime":598,"items_purged":[],"score":92,"play_id":"9941c51e-81f4-4435-b20a-253ed9b5b798","local_time":"20210203163557","is_ascension_mode":false,"campfire_choices":[{"data":"FlyingSleeves","floor":6,"key":"SMITH"},{"floor":10,"key":"REST"},{"floor":15,"key":"REST"}],"circlet_count":0,"master_deck":["Strike_P","Strike_P","Strike_P+1","Strike_P","Defend_P","Defend_P","Defend_P","Defend_P","Eruption","Vigilance+1","Replay:BluntJabs","FlyingSleeves+1","Consecrate","Consecrate"],"relics":["PureWater","NeowsBlessing","Orichalcum"],"acts_visited":["Exordium"],"potions_floor_usage":[16,16],"damage_taken":[{"damage":0,"enemies":"Cultist","floor":1,"turns":1},{"damage":0,"enemies":"2 Louse","floor":4,"turns":1},{"damage":0,"enemies":"Small Slimes","floor":5,"turns":1},{"damage":34,"enemies":"Exordium Thugs","floor":7,"turns":3},{"damage":7,"enemies":"3 Louse","floor":11,"turns":3},{"damage":0,"enemies":"Gremlin Gang","floor":14,"turns":3},{"damage":59,"enemies":"The Guardian","floor":16,"turns":12}],"seed_played":"2263989331660313739","potions_obtained":[{"floor":1,"key":"Dexterity Potion"},{"floor":11,"key":"Milkshake"}],"is_trial":false,"path_per_floor":["M","?","?","M","M","R","M","$","T","R","M","$","T","M","R","B"],"character_chosen":"WATCHER","items_purchased":[],"campfire_rested":2,"item_purchase_floors":[],"current_hp_per_floor":[72,58,58,58,58,58,24,24,24,45,38,38,38,38,59,0,0],"gold":233,"neow_bonus":"THREE_ENEMY_KILL","is_daily":false,"chose_seed":false,"campfire_upgraded":1,"win_rate":0.0,"timestamp":1612391757,"path_taken":["M","?","?","M","?","R","M","?","T","R","M","$","?","M","R","BOSS"],"items_purchased_type":[],"build_version":"2020-12-22","purchased_purges":0,"victory":false,"max_hp_per_floor":[72,72,72,72,72,72,72,72,72,72,72,72,72,72,72,72,72],"card_choices":[{"not_picked":["Swivel","EmptyFist","Replay:AtTheReady"],"picked":"SKIP","floor":1},{"not_picked":["Replay:AtTheReady","ClearTheMind"],"picked":"Replay:BluntJabs","floor":4},{"not_picked":["Halt","Indignation"],"picked":"FlyingSleeves","floor":5},{"not_picked":["DeceiveReality","Blasphemy"],"picked":"Consecrate","floor":7},{"not_picked":["Replay:DivineShield","Replay:Battleflow","ThirdEye"],"picked":"SKIP","floor":11},{"not_picked":["Perseverance","SashWhip"],"picked":"Consecrate","floor":14}],"player_experience":776458,"relics_obtained":[{"floor":13,"key":"Orichalcum"}],"event_choices":[{"damage_healed":0,"gold_gain":0,"player_choice":"Entered Light","damage_taken":14,"max_hp_gain":0,"max_hp_loss":0,"event_name":"Shining Light","floor":2,"gold_loss":0,"cards_upgraded":["Strike_P","Vigilance"]},{"damage_healed":0,"gold_gain":0,"player_choice":"Ignored","damage_taken":0,"max_hp_gain":0,"max_hp_loss":0,"event_name":"NoteForYourself","floor":3,"gold_loss":0}],"is_beta":false,"boss_relics":[],"items_purged_floors":[],"is_endless":false,"potions_floor_spawned":[1,11],"killed_by":"The Guardian","ascension_level":0}}