{"host":"61ejhfsushs0xmcl","time":1612350112,"event":{"mods":["ATMod(°¢èªMod)","Act Like it!","BaseMod","Colored Map","Gold Saver","Minty Spire (QoL Compilation)","MostiFishMod","Reliquary","Spicy Shops","StSLib","TestMod","[IsaacMod]ÒÔÈö¼âËþ","¡¾ÒÅÎï¿¨ÅÆ¡¿REMEMod","óô»ðÖ¸ÄÏ"],"gold_per_floor":[4383,4383,4433,4448,3394,3436,3459,3493,3493,3534,3558,3595,3617,3626,3077,3159,3159,3173,2667,2692,2719,2774,1893,1270,1312,1312,986,998,998,1030,1040,594,680,680,693,712,275,275,291,317,317,353,379,390,399,427,461,479,479,479,479,479,479,61,105,105],"floor_reached":57,"language":"ZHS","playtime":1933,"items_purged":["Defend_B","Strike_B","Strike_B","Defend_B","Defend_B","Defend_B","Strike_B+1","Zap","Dualcast","Force Field"],"score":3649,"play_id":"d9835877-8ce5-495c-aca8-aeda66c6d38a","local_time":"20210203190152","is_ascension_mode":true,"campfire_choices":[{"floor":41,"key":"RECALL"},{"data":"MostiFishMod:LinkProtocol","floor":49,"key":"SMITH"},{"data":"testmod-ShutDown","floor":53,"key":"SMITH"}],"circlet_count":0,"master_deck":["AscendersBane","REME_SelfUpgrade","AT_StudyProgram","Defragment","Storm","AT_RightCognition+1","MostiFishMod:LinkProtocol+1","Glacier+1","MostiFishMod:ActiveDefenseSystem","Skim","MostiFishMod:Culaccino+1","AT_ThunderBolt","Creative AI","Capacitor","AT_EMC2","MostiFishMod:GatherIntelligence+1","Capacitor+1","Ball Lightning","Creative AI","Electrodynamics","MostiFishMod:SeaWaves","testmod-ShutDown+1","Storm","Machine Learning","Multi-Cast"],"relics":["Cracked Core","testmod-TestBox","DaveBox","AT_ATBox","REME_ComplimentaryCards","HushsDoor","YumHeart","testmod-CardMagician","Orichalcum","RhineSuit","SynthV:TestCard","Ancient Tea Set","testmod-HeartOfDaVinci","CeramicFish","Omamori","Civilization","Habit","testmod-EqualTreatment","AnarchistCookbook","reliquary:PrincelyHelmet","reliquary:JackalopeAntler","AT_ForceNature","Mummified Hand","Orrery","testmod-NegativeEmotionEnhancer","MomsKnife","Whetstone","testmod-IndustrialRevolution","AT_LudenTempest","AT_ChloranthyRing","Medical Kit","testmod-CyclicPeriapt","DeathBook","DollysMirror","testmod-InjuryResistance","Strawberry","reliquary:LoveEmittingDiode","reliquary:Buckler","Bag of Preparation","Bag of Marbles","War Paint","AT_SunfireAegis","TheBattery","Calipers","Akabeko"],"acts_visited":["Exordium","TheCity","TheBeyond","TheEnding"],"potions_floor_usage":[6,15,24,56,56],"damage_taken":[{"damage":0,"enemies":"Cultist","floor":1,"turns":3},{"damage":23,"enemies":"Hiden Room Battle","floor":3,"turns":4},{"damage":0,"enemies":"2 Louse","floor":4,"turns":2},{"damage":10,"enemies":"Lagavulin","floor":6,"turns":5},{"damage":0,"enemies":"Small Slimes","floor":7,"turns":2},{"damage":0,"enemies":"Gremlin Nob","floor":8,"turns":2},{"damage":7,"enemies":"3 Sentries","floor":10,"turns":3},{"damage":0,"enemies":"Looter","floor":11,"turns":2},{"damage":6,"enemies":"Gremlin Nob","floor":12,"turns":3},{"damage":0,"enemies":"Lots of Slimes","floor":13,"turns":1},{"damage":0,"enemies":"The Guardian","floor":16,"turns":6},{"damage":0,"enemies":"Spheric Guardian","floor":18,"turns":3},{"damage":5,"enemies":"Chosen","floor":20,"turns":2},{"damage":2,"enemies":"Centurion and Healer","floor":21,"turns":2},{"damage":6,"enemies":"Gremlin Leader","floor":25,"turns":2},{"damage":0,"enemies":"Shelled Parasite and Fungi","floor":28,"turns":1},{"damage":0,"enemies":"Book of Stabbing","floor":30,"turns":1},{"damage":0,"enemies":"Snake Plant","floor":31,"turns":2},{"damage":0,"enemies":"Collector","floor":33,"turns":3},{"damage":0,"enemies":"Orb Walker","floor":35,"turns":3},{"damage":0,"enemies":"3 Shapes","floor":36,"turns":1},{"damage":0,"enemies":"Writhing Mass","floor":39,"turns":2},{"damage":0,"enemies":"Reptomancer","floor":40,"turns":3},{"damage":0,"enemies":"Nemesis","floor":42,"turns":3},{"damage":0,"enemies":"Spire Growth","floor":44,"turns":3},{"damage":0,"enemies":"3 Darklings","floor":46,"turns":1},{"damage":0,"enemies":"Giant Head","floor":47,"turns":2},{"damage":0,"enemies":"Transient","floor":48,"turns":3},{"damage":22,"enemies":"Awakened One","floor":50,"turns":3},{"damage":11,"enemies":"Donu and Deca","floor":51,"turns":2},{"damage":0,"enemies":"Shield and Spear","floor":55,"turns":2},{"damage":0,"enemies":"Delirium","floor":56,"turns":4}],"seed_played":"5833179138178510058","potions_obtained":[{"floor":4,"key":"SteroidPotion"},{"floor":7,"key":"GamblersBrew"},{"floor":16,"key":"Explosive Potion"},{"floor":20,"key":"PowerPotion"},{"floor":25,"key":"Energy Potion"},{"floor":28,"key":"BlessingOfTheForge"},{"floor":42,"key":"testmod-TimePotion"}],"is_trial":false,"path_per_floor":["M","T","?","M","$","E","M","E","T","E","M","E","M","?","R","B",null,"M","$","M","M","?","R","$","E","T","R","M","?","E","M","R","B",null,"M","M","$","?","M","E","R","E","T","M","?","M","E","M","R","B","B",null,"R","$","E","B",null],"character_chosen":"DEFECT","items_purchased":["CeramicFish","Omamori","Civilization","Habit","testmod-EqualTreatment","FocusPotion","Mummified Hand","Fruit Juice","Skim","Orrery","MomsKnife","Capacitor","Whetstone","testmod-IndustrialRevolution","AT_LudenTempest","AT_ChloranthyRing","Medical Kit","testmod-SpacePotion","Capacitor","DollysMirror","Strawberry","reliquary:LoveEmittingDiode","reliquary:Buckler","TheBattery","Calipers"],"campfire_rested":0,"item_purchase_floors":[5,5,5,5,5,5,15,15,15,15,17,19,19,23,23,24,24,24,24,27,32,37,37,54,54],"current_hp_per_floor":[64,64,48,48,48,39,42,46,46,69,74,94,99,99,104,109,72,78,78,80,90,83,83,83,86,86,86,94,94,101,108,115,124,126,133,139,139,149,155,161,161,167,167,173,168,179,185,191,191,178,175,196,196,196,204,215],"gold":105,"neow_bonus":"RANDOM_COMMON_RELIC","is_daily":false,"chose_seed":false,"campfire_upgraded":2,"win_rate":0.0,"timestamp":1612350112,"path_taken":["M","?","?","M","$","E","M","E","T","E","M","E","M","?","R","BOSS","M","$","M","?","?","R","$","E","T","R","?","?","E","?","R","BOSS","M","M","?","?","M","E","R","E","T","M","?","M","E","M","R","BOSS","BOSS","R","$","E","BOSS"],"items_purchased_type":["Relic","Relic","Relic","Relic","Relic","Potion","Relic","Potion","Card","Relic","Relic","Card","Relic","Relic","Relic","Relic","Relic","Potion","Card","Relic","Relic","Relic","Relic","Relic","Relic"],"build_version":"2020-12-22","purchased_purges":10,"victory":true,"max_hp_per_floor":[71,71,71,71,71,72,75,79,79,84,89,94,99,99,104,109,72,78,78,84,90,90,90,90,96,96,96,102,102,108,114,121,127,127,133,139,139,149,155,161,161,167,167,173,173,179,185,191,191,197,203,203,203,203,209,215],"card_choices":[{"not_picked":["MostiFishMod:Exploitation","Hologram","Doom and Gloom"],"picked":"SKIP","floor":1},{"not_picked":["Streamline","Hologram","Gash","Leap"],"picked":"Force Field","floor":3},{"not_picked":["Sunder","Conserve Battery","Turbo","Cancel"],"picked":"REME_SelfUpgrade","floor":4},{"not_picked":["Conserve Battery","Compile Driver","MostiFishMod:FluxCapactior","Aggregate","Chaos"],"picked":"AT_StudyProgram","floor":6},{"not_picked":["Pulse","Core Surge","Self Repair","Stack"],"picked":"Defragment","floor":7},{"not_picked":["Reinforced Body","Rebound","Hologram","MostiFishMod:LinkProtocol"],"picked":"Storm","floor":8},{"not_picked":["Steam","Stack","Distribution","Turbo","Aggregate"],"picked":"AT_RightCognition","floor":10},{"not_picked":["Beam Cell","Barrage","Gash","Rebound"],"picked":"MostiFishMod:LinkProtocol","floor":11},{"not_picked":["Turbo","Consume","Streamline","BootSequence","Coolheaded"],"picked":"Bomb","floor":12},{"not_picked":["REME_DataAnalysis","Hologram","Bomb","Coolheaded"],"picked":"Glacier","floor":13},{"not_picked":["Conserve Battery","Ball Lightning","Reprogram","Defragment"],"picked":"MostiFishMod:Culaccino","floor":15},{"not_picked":["Stack","AT_DarkMatter","AT_HeatAcrobatics","Sweeping Beam"],"picked":"AT_ThunderBolt","floor":15},{"not_picked":["Thunder Strike","MostiFishMod:TalkingToTheRain","Rainbow","MostiFishMod:Culaccino","All For One"],"picked":"Creative AI","floor":16},{"not_picked":["Hello World","Cold Snap","Auto Shields","Conserve Battery","Rip and Tear"],"picked":"SKIP","floor":18},{"not_picked":["Fan+1","Self Repair","Hologram","Compile Driver","Fusion"],"picked":"AT_EMC2","floor":20},{"not_picked":["Coolheaded","Sweeping Beam","Chaos","Rip and Tear","Barrage"],"picked":"MostiFishMod:GatherIntelligence+1","floor":21},{"not_picked":["MostiFishMod:Nova","AT_EMC2","AT_WarpDrive","Sweeping Beam","Compile Driver"],"picked":"Ball Lightning","floor":25},{"not_picked":["FTL","Coolheaded","Turbo","Streamline","Pulse"],"picked":"SKIP","floor":28},{"not_picked":["AT_StudyProgram","Pulse","Go for the Eyes","Steam Power","Ball Lightning"],"picked":"SKIP","floor":30},{"not_picked":["Beam Cell","Redo","Conserve Battery","Go for the Eyes+1","Sweeping Beam"],"picked":"SKIP","floor":31},{"not_picked":["Thunder Strike","MostiFishMod:Hijack","Meteor Strike","MostiFishMod:IntelligentEquipment","AT_WaterDrop","MostiFishMod:Culaccino"],"picked":"Electrodynamics","floor":33},{"not_picked":["Reprogram","Auto Shields","Hologram+1","Go for the Eyes","Coolheaded","AT_ThunderBolt"],"picked":"SKIP","floor":35},{"not_picked":["Lockon","Fusion","Stack","Gash","Streamline"],"picked":"SKIP","floor":36},{"not_picked":["Cold Snap","Conserve Battery+1","AT_ThunderBolt","Hologram","Go for the Eyes"],"picked":"SKIP","floor":39},{"not_picked":["Leap","Go for the Eyes","Compile Driver","Streamline+1","Cold Snap"],"picked":"SKIP","floor":40},{"not_picked":["REME_DataAnalysis","REME_Shoggoth","Conserve Battery","Hologram","Streamline"],"picked":"MostiFishMod:SeaWaves","floor":42},{"not_picked":["REME_Whirling+1","Melter+1","Streamline","Stack+1","Redo","Rebound"],"picked":"SKIP","floor":44},{"not_picked":["testmod-BackupPower","MostiFishMod:TheLastGuard","Madness","AT_LightSaberMaster"],"picked":"testmod-ShutDown","floor":45},{"not_picked":["Cold Snap","Ball Lightning","Steam+1","Rebound+1"],"picked":"Storm","floor":46},{"not_picked":["Skim","Loop","Gash","Barrage","Go for the Eyes+1"],"picked":"Machine Learning","floor":47},{"not_picked":["Sweeping Beam","Chill","Streamline","Steam","Defragment","Redo+1"],"picked":"SKIP","floor":48},{"not_picked":["Hologram","Tempest","Conserve Battery","Rebound+1"],"picked":"Multi-Cast","floor":55}],"player_experience":837780,"relics_obtained":[{"floor":1,"key":"SynthV:TestCard"},{"floor":3,"key":"Ancient Tea Set"},{"floor":3,"key":"testmod-HeartOfDaVinci"},{"floor":6,"key":"AnarchistCookbook"},{"floor":8,"key":"reliquary:PrincelyHelmet"},{"floor":10,"key":"reliquary:JackalopeAntler"},{"floor":12,"key":"AT_ForceNature"},{"floor":25,"key":"testmod-CyclicPeriapt"},{"floor":26,"key":"DeathBook"},{"floor":30,"key":"testmod-InjuryResistance"},{"floor":40,"key":"Bag of Preparation"},{"floor":42,"key":"Bag of Marbles"},{"floor":43,"key":"War Paint"},{"floor":47,"key":"AT_SunfireAegis"},{"floor":55,"key":"Akabeko"}],"event_choices":[{"damage_healed":0,"gold_gain":0,"player_choice":"Fight","damage_taken":0,"max_hp_gain":0,"max_hp_loss":0,"event_name":"HidenRoomEvent","floor":3,"gold_loss":0},{"damage_healed":0,"gold_gain":0,"cards_transformed":["Strike_B"],"player_choice":"Change","damage_taken":0,"max_hp_gain":0,"max_hp_loss":0,"event_name":"Living Wall","floor":14,"gold_loss":0,"cards_obtained":["MostiFishMod:ActiveDefenseSystem"]},{"damage_healed":0,"gold_gain":0,"player_choice":"Ignored","damage_taken":0,"max_hp_gain":0,"max_hp_loss":0,"event_name":"The Mausoleum","floor":29,"gold_loss":0},{"cards_removed":["MostiFishMod:Nova"],"damage_healed":0,"gold_gain":0,"player_choice":"Offered Rare","damage_taken":0,"max_hp_gain":10,"max_hp_loss":0,"event_name":"Bonfire Elementals","floor":38,"gold_loss":0},{"damage_healed":0,"gold_gain":0,"player_choice":"Memory 3","damage_taken":10,"max_hp_gain":0,"max_hp_loss":0,"event_name":"SensoryStone","floor":45,"gold_loss":0}],"is_beta":false,"boss_relics":[{"not_picked":["FixedStarFall","MoonlightInvasionPlan"],"picked":"testmod-NegativeEmotionEnhancer"},{"not_picked":[]},{"not_picked":["testmod-KeyOfTheVoid","testmod-StringDisintegrator","testmod-TimeTraveler"]}],"items_purged_floors":[5,15,17,19,19,23,23,24,27,32],"is_endless":false,"potions_floor_spawned":[4,7,8,11,12,16,20,25,28,36,42,55],"ascension_level":20}}