{"host":"rz8ryyppw1rffr47","time":1612382363,"event":{"mods":["BaseMod","BetterRewards","Downfall","Googly Eyes","Minty Spire (QoL Compilation)","Quick Restart","Replay The Spire","StSLib","everything is the same but u backflip on backflip","slay the spire mod where everything is the same but ironclad has a cowboy hat"],"gold_per_floor":[112,31,44,54,67,87,99,99,124,124,37,55,55,9,9,112,112,127,127,226,22,22,36,36,61,61,72,72,97,139,191,191,307,307,345,6,59,89,127,127,188,188,211,211,211,211,211,243,243,247],"floor_reached":51,"language":"ENG","playtime":2494,"items_purged":["Strike_G","ReplayTheSpireMod:Exploit Weakness"],"score":932,"play_id":"21332f79-4a5e-4b25-bfe0-962247c788ed","local_time":"20210203195923","is_ascension_mode":false,"campfire_choices":[{"floor":8.0,"key":"REST"},{"floor":13.0,"key":"REST"},{"data":"Footwork","floor":15.0,"key":"SMITH"},{"data":"Infinite Blades","floor":24,"key":"SMITH"},{"data":"Cloak And Dagger","floor":28,"key":"SMITH"},{"floor":32,"key":"REST"},{"data":"Storm of Steel","floor":40,"key":"SMITH"},{"data":"Dodge and Roll","floor":42,"key":"SMITH"},{"data":"Cloak And Dagger","floor":44,"key":"SMITH"}],"circlet_count":0,"master_deck":["Strike_G+1","Strike_G+1","Defend_G+1","Defend_G+1","Defend_G+1","Defend_G+1","Defend_G+1","Survivor","Neutralize","Blade Dance+1","Terror","Dagger Spray+1","Master of Strategy","Secret Technique+1","Footwork+1","ReplayTheSpireMod:The Works","Cloak And Dagger+1","Cloak And Dagger+1","Dodge and Roll+1","Infinite Blades+1","Acrobatics+1","Blade Dance","Phantasmal Killer","Accuracy+1","Prepared+1","Hidden Blade+1","ReplayTheSpireMod:Shiv Toss","Dodge and Roll+1","Calculated Gamble","Storm of Steel+1","ReplayTheSpireMod:Splinters"],"relics":["Ring of the Snake","Molten Egg 2","WingedGreaves","Replay:Baseball","WristBlade","Oddly Smooth Stone","War Paint","Replay:Kaleidoscope","Replay:Bandana","Busted Crown","Snack Pack","Potion Belt","Smiling Mask"],"acts_visited":["Exordium","TheCity","TheBeyond"],"potions_floor_usage":[16,25,33,33,33,50,50],"damage_taken":[{"damage":0.0,"enemies":"2 Louse","floor":1.0,"turns":2.0},{"damage":6.0,"enemies":"Jaw Worm","floor":3.0,"turns":4.0},{"damage":0.0,"enemies":"Cultist","floor":4.0,"turns":2.0},{"damage":0.0,"enemies":"Looter","floor":5.0,"turns":3.0},{"damage":0.0,"enemies":"Exordium Wildlife","floor":6.0,"turns":3.0},{"damage":2.0,"enemies":"Exordium Thugs","floor":7.0,"turns":5.0},{"damage":0.0,"enemies":"Looter","floor":12.0,"turns":2.0},{"damage":15,"enemies":"Hexaghost","floor":16,"turns":9},{"damage":4,"enemies":"Shell Parasite","floor":18,"turns":3},{"damage":14,"enemies":"3 Byrds","floor":23,"turns":4},{"damage":4,"enemies":"Gremlin Leader","floor":25,"turns":4},{"damage":0,"enemies":"Centurion and Healer","floor":27,"turns":3},{"damage":14,"enemies":"Replay:Snechameleon","floor":29,"turns":4},{"damage":9,"enemies":"Cultist and Chosen","floor":30,"turns":5},{"damage":4,"enemies":"3 Cultists","floor":31,"turns":4},{"damage":29,"enemies":"Champ","floor":33,"turns":7},{"damage":7,"enemies":"Orb Walker","floor":35,"turns":3},{"damage":0,"enemies":"3 Shapes","floor":38,"turns":3},{"damage":10,"enemies":"3 Darklings","floor":39,"turns":4},{"damage":0,"enemies":"Giant Head","floor":41,"turns":5},{"damage":13,"enemies":"Jaw Worm Horde","floor":48,"turns":4},{"damage":53,"enemies":"Time Eater","floor":50,"turns":7}],"seed_played":"3924959869576426775","potions_obtained":[{"floor":1.0,"key":"ColorlessPotion"},{"floor":3.0,"key":"LiquidMemories"},{"floor":16,"key":"hexamod:SoulburnPotion"},{"floor":18,"key":"BlessingOfTheForge"},{"floor":23,"key":"bronze:BurnAndBuffPotion"},{"floor":30,"key":"bronze:BurnAndBuffPotion"},{"floor":31,"key":"DuplicationPotion"},{"floor":33,"key":"Slimebound:ThreeZeroPotion"},{"floor":35,"key":"SpeedPotion"},{"floor":37,"key":"CultistPotion"},{"floor":37,"key":"Elixir"},{"floor":41,"key":"SteroidPotion"}],"is_trial":false,"path_per_floor":["M","$","M","M","M","M","M","R","T","?","$","M","R","$","R","B",null,"M","?","?","$","$","M","R","E","T","M","R","E","M","M","R","B",null,"M","$","?","M","M","R","E","R","T","R","$","?","$","M","R","B",null],"character_chosen":"THE_SILENT","items_purchased":["Molten Egg 2","Blade Dance","Terror","Dagger Spray+1","Footwork","Infinite Blades","Acrobatics","Blade Dance","Accuracy+1","Oddly Smooth Stone","Snack Pack"],"campfire_rested":3,"item_purchase_floors":[0,0,0,0,2,11,11,14,21,21,36],"current_hp_per_floor":[34,34,28,28,28,28,26,45,45,38,38,38,57,57,57,42,65,61,61,61,61,61,47,47,43,43,43,43,29,20,16,35,6,65,58,58,58,64,60,60,65,65,65,65,65,65,65,56,65,18],"gold":247,"neow_bonus":"","is_daily":false,"chose_seed":false,"campfire_upgraded":6,"win_rate":0.0,"timestamp":1612382363,"path_taken":["M","$","M","M","M","M","M","R","T","?","?","M","R","$","R","BOSS","M","?","?","?","$","M","R","E","T","M","R","E","M","?","R","BOSS","M","$","?","M","M","R","E","R","T","R","$","?","$","M","R","BOSS"],"items_purchased_type":["Relic","Card","Card","Card","Card","Card","Card","Card","Card","Relic","Relic"],"build_version":"2020-12-22","purchased_purges":2,"victory":true,"max_hp_per_floor":[65,65,65,65,65,65,65,65,65,65,65,65,65,65,65,65,65,65,65,65,65,65,65,65,65,65,65,65,65,65,65,65,65,65,65,65,65,65,65,65,65,65,65,65,65,65,65,65,65,65],"card_choices":[{"not_picked":["Catalyst","Prepared","Leg Sweep"],"picked":"SKIP","floor":1.0},{"not_picked":["Slice+1","Dodge and Roll"],"picked":"ReplayTheSpireMod:The Works","floor":3.0},{"not_picked":["PiercingWail","Underhanded Strike+1"],"picked":"Cloak And Dagger","floor":4.0},{"not_picked":["Wraith Form v2","Outmaneuver","Masterful Stab+1"],"picked":"SKIP","floor":5.0},{"not_picked":["Poisoned Stab+1","Deflect"],"picked":"Cloak And Dagger","floor":6.0},{"not_picked":["Dagger Spray+1","Underhanded Strike+1"],"picked":"Dodge and Roll","floor":7.0},{"not_picked":["Dagger Throw+1","Deadly Poison","Noxious Fumes"],"picked":"SKIP","floor":12.0},{"not_picked":["ReplayTheSpireMod:Necrosis","Wraith Form v2"],"picked":"Phantasmal Killer","floor":16},{"not_picked":["All Out Attack+1","Blade Dance+1","Noxious Fumes+1"],"picked":"SKIP","floor":18},{"not_picked":["Bouncing Flask","Tactician"],"picked":"Prepared+1","floor":23},{"not_picked":["Setup+1","Night Terror","Bane+1"],"picked":"SKIP","floor":25},{"not_picked":["ReplayTheSpireMod:The Works","Flying Knee+1"],"picked":"Hidden Blade+1","floor":27},{"not_picked":["Corpse Explosion","PiercingWail"],"picked":"ReplayTheSpireMod:Shiv Toss","floor":29},{"not_picked":["Eviscerate+1","Hidden Blade"],"picked":"Dodge and Roll+1","floor":30},{"not_picked":["Leg Sweep","Escape Plan"],"picked":"Calculated Gamble","floor":31},{"not_picked":["Burst","Poison Darts"],"picked":"Storm of Steel","floor":33},{"not_picked":["Deflect+1"],"picked":"SKIP","floor":35},{"not_picked":["ReplayTheSpireMod:The Works+1"],"picked":"SKIP","floor":38},{"not_picked":["Bouncing Flask+1"],"picked":"SKIP","floor":39},{"not_picked":["Quick Slash+1"],"picked":"SKIP","floor":41},{"not_picked":["Dash+1"],"picked":"SKIP","floor":48}],"player_experience":401610,"relics_obtained":[{"floor":9.0,"key":"Replay:Baseball"},{"floor":25,"key":"War Paint"},{"floor":26,"key":"Replay:Kaleidoscope"},{"floor":29,"key":"Replay:Bandana"},{"floor":41,"key":"Potion Belt"},{"floor":43,"key":"Smiling Mask"}],"event_choices":[{"cards_removed":["Strike_G"],"damage_healed":0.0,"max_hp_gain":0.0,"max_hp_loss":0.0,"gold_gain":0.0,"event_name":"Golden Wing","player_choice":"Card Removal","floor":10.0,"gold_loss":0.0,"damage_taken":7.0},{"damage_healed":0,"gold_gain":0,"player_choice":"Simplicity","damage_taken":0,"max_hp_gain":0,"max_hp_loss":0,"event_name":"Back to Basics","floor":19,"gold_loss":0,"cards_upgraded":["Strike_G","Strike_G","Defend_G","Defend_G","Defend_G","Defend_G","Defend_G"]},{"damage_healed":0,"gold_gain":99,"player_choice":"Stole From Cult","damage_taken":0,"max_hp_gain":0,"max_hp_loss":0,"event_name":"Nest","floor":20,"gold_loss":0},{"damage_healed":0,"gold_gain":0,"player_choice":"Memory 1","damage_taken":0,"max_hp_gain":0,"max_hp_loss":0,"event_name":"SensoryStone","floor":46,"gold_loss":0}],"is_beta":false,"boss_relics":[{"not_picked":["Replay:Ancient Bell","Replay:Grab Bag"],"picked":"WristBlade"},{"not_picked":["Replay:Wanted Poster","Astrolabe"],"picked":"Busted Crown"}],"items_purged_floors":[0,36],"is_endless":false,"potions_floor_spawned":[1,3,16,18,23,30,31,33,35,41],"ascension_level":0}}