{"host":"nowlnq08cups5y6x","time":1612322236,"event":{"mods":["2.2 Compatiblity","AchievementEnabler","Aspiration","BaseMod","Beaked The Cultist","Better Altar","Better Match","Better Note","Better Sensory Stone","Better Silent Start","Better Skull","Better Third Choice","BetterRewards","Card Forge","Colored Map","Colored Powertips","Conspire","Curses Come First","Defuse TimeMaze Blight","Energized Spire","Gold Saver","Grow up Mod","Halation","Hero for Fun","Highlight Path","Hubris","Infinite Spire","Minty Spire (QoL Compilation)","Permanent Neow","Rare Cards Sparkle","Reliquary","Remove Card Discount Mod","Replay The Spire","SacredBarkPlus","Shop Mod","Spicy Shops","StS++","StSLib","The Cursed","Transform Curses","UnlockEverythingMod"],"gold_per_floor":[1,1,1,14,14,14,29,45,71,50,67,129,230,246,246,343,343,355,371,421,471,483,512,582,702,702,730,780,830,848,866,937,1039,1039,1050,1114,1124,1174,1189,1189,1239,1252,1276,1301,1313,1363,1468,1501,1513,1525],"floor_reached":51,"language":"ENG","playtime":467,"items_purged":[],"score":1320,"play_id":"c9ed13a6-ec45-4f71-81f3-74a2b284172c","local_time":"20210202221716","is_ascension_mode":false,"campfire_choices":[{"data":"Strike_Y","floor":6,"key":"SMITH"},{"floor":15,"key":"REST"},{"data":"Strike_Y","floor":40,"key":"SMITH"},{"data":"Strike_Y","floor":49,"key":"SMITH"},{"data":"Strike_Y","floor":49,"key":"SMITH"}],"circlet_count":0,"master_deck":["Strike_Y+1","Strike_Y+1","Strike_Y+1","Strike_Y+1"],"relics":["Hammer of Thor","Seething Fire","Anvil of the Gods","SsserpentHead","ReplayTheSpireMod:TigerMarble","hubris:ToyBattleship","Busted Crown","Nloth\u0027s Gift","Garlic","hubris:BottledRain","ReplayTheSpireMod:Shallot","Replay:Ringing Soul","aspiration:SecretTechniqueScroll","Mercury Hourglass","War Paint","Replay:Arrowhead","StSpp:XCola","MawBank"],"acts_visited":["Exordium","TheCity","TheBeyond"],"potions_floor_usage":[16],"damage_taken":[{"damage":0,"enemies":"Small Slimes","floor":1,"turns":1},{"damage":0,"enemies":"Cultist","floor":2,"turns":1},{"damage":0,"enemies":"conspire:RoseBush","floor":4,"turns":1},{"damage":0,"enemies":"Exordium Thugs","floor":7,"turns":1},{"damage":0,"enemies":"2 Fungi Beasts","floor":8,"turns":2},{"damage":0,"enemies":"Exordium Wildlife","floor":11,"turns":1},{"damage":0,"enemies":"Large Slime","floor":12,"turns":1},{"damage":0,"enemies":"2 Fungi Beasts","floor":14,"turns":1},{"damage":0,"enemies":"Hexaghost","floor":16,"turns":1},{"damage":0,"enemies":"2 Thieves","floor":18,"turns":1},{"damage":0,"enemies":"conspire:FuzzyDice","floor":19,"turns":1},{"damage":0,"enemies":"Chosen and Byrds","floor":22,"turns":1},{"damage":0,"enemies":"Gremlin Leader","floor":23,"turns":1},{"damage":0,"enemies":"Centurion and Healer","floor":24,"turns":1},{"damage":0,"enemies":"conspire:Head Lice","floor":27,"turns":1},{"damage":0,"enemies":"Shelled Parasite and Fungi","floor":30,"turns":1},{"damage":0,"enemies":"Cultist and Chosen","floor":31,"turns":1},{"damage":0,"enemies":"hubris:MusketHawk","floor":33,"turns":1},{"damage":0,"enemies":"3 Shapes","floor":35,"turns":1},{"damage":0,"enemies":"Orb Walker","floor":36,"turns":1},{"damage":0,"enemies":"Maw","floor":37,"turns":1},{"damage":0,"enemies":"Sphere and 2 Shapes","floor":39,"turns":1},{"damage":0,"enemies":"Spire Growth","floor":42,"turns":1},{"damage":0,"enemies":"Nemesis","floor":44,"turns":1},{"damage":0,"enemies":"4 Shapes","floor":45,"turns":1},{"damage":0,"enemies":"2 Orb Walkers","floor":47,"turns":1},{"damage":0,"enemies":"Reptomancer","floor":48,"turns":1},{"damage":0,"enemies":"Time Eater","floor":50,"turns":1}],"seed_played":"-6886299190733018484","potions_obtained":[{"floor":13,"key":"Fruit Juice"},{"floor":45,"key":"SpeedPotion"}],"is_trial":false,"path_per_floor":["M","M","?","M","?","R","M","M","T","$","M","M","?","M","R","B",null,"M","M","?","?","M","E","M","T","T","E","?","?","M","M","R_BF","B",null,"M","M","M","T","M","R","?","M","T","E","M","?","?","E","R","B",null],"character_chosen":"OPM","items_purchased":["ReplayTheSpireMod:TigerMarble"],"campfire_rested":1,"item_purchase_floors":[10],"current_hp_per_floor":[1019,1029,1039,1049,1059,1069,1079,1089,1099,1109,1119,1129,1139,1149,1159,1174,1184,1194,1204,1214,1224,1234,1244,1254,1264,1274,1284,1294,1304,1314,1324,1334,1344,1354,1364,1374,1384,1394,1404,1414,1424,1434,1444,1454,1464,1474,1484,1494,1504,1514],"gold":1537,"neow_bonus":"RANDOM_COLORLESS","is_daily":false,"chose_seed":false,"campfire_upgraded":4,"win_rate":0.0,"timestamp":1612322236,"path_taken":["M","M","?","?","?","R","M","M","T","?","M","?","?","M","R","BOSS","M","M","?","?","M","E","?","?","T","E","?","?","M","M","R_BF","BOSS","M","?","M","?","M","R","?","M","T","E","M","?","?","E","R","BOSS"],"items_purchased_type":["Relic"],"build_version":"2020-12-22","purchased_purges":0,"victory":true,"max_hp_per_floor":[1019,1029,1039,1049,1059,1069,1079,1089,1099,1109,1119,1129,1139,1149,1159,1174,1184,1194,1204,1214,1224,1234,1244,1254,1264,1274,1284,1294,1304,1314,1324,1334,1344,1354,1364,1374,1384,1394,1404,1414,1424,1434,1444,1454,1464,1474,1484,1494,1504,1514],"card_choices":[{"not_picked":["StSpp:Unbreakable","Replay:Sssssssssshield"],"picked":"Survey Options","floor":0},{"not_picked":["Yawn","Slap","Side_Hop"],"picked":"SKIP","floor":1},{"not_picked":["Slap","Consecutive_Normal_Punch","Normal_Punch"],"picked":"SKIP","floor":2},{"not_picked":["Side_Hop","Consecutive_Normal_Punch","Yawn"],"picked":"SKIP","floor":4},{"not_picked":["Slap","Hop","Yawn"],"picked":"SKIP","floor":7},{"not_picked":["Yawn","Do_Nothing","Slap"],"picked":"SKIP","floor":8},{"not_picked":["Yawn","Toss_Stone","Slap"],"picked":"SKIP","floor":11},{"not_picked":["Yawn","Toss_Stone","Slap"],"picked":"SKIP","floor":11},{"not_picked":["Ignore","Slap","Normal_Punch"],"picked":"SKIP","floor":12},{"not_picked":["Yawn","Do_Nothing","Consecutive_Normal_Punch"],"picked":"SKIP","floor":14},{"not_picked":["Do_Nothing+1"],"picked":"SKIP","floor":18},{"not_picked":["Yawn"],"picked":"SKIP","floor":19},{"not_picked":["Do_Nothing"],"picked":"SKIP","floor":22},{"not_picked":["Yawn"],"picked":"SKIP","floor":23},{"not_picked":["Do_Nothing"],"picked":"SKIP","floor":24},{"not_picked":["Hop+1"],"picked":"SKIP","floor":27},{"not_picked":["Hop"],"picked":"SKIP","floor":30},{"not_picked":["Normal_Punch+1"],"picked":"SKIP","floor":31},{"not_picked":["Ignore+1"],"picked":"SKIP","floor":35},{"not_picked":["Slap+1"],"picked":"SKIP","floor":36},{"not_picked":["Toss_Stone"],"picked":"SKIP","floor":37},{"not_picked":["Side_Hop+1"],"picked":"SKIP","floor":39},{"not_picked":["Wear_Disguise+1"],"picked":"SKIP","floor":42},{"not_picked":["Get_Hopes_Up"],"picked":"SKIP","floor":44},{"not_picked":["Side_Hop+1"],"picked":"SKIP","floor":45},{"not_picked":["Ignore+1"],"picked":"SKIP","floor":48}],"player_experience":532001,"relics_obtained":[{"floor":13,"key":"hubris:ToyBattleship"},{"floor":23,"key":"Garlic"},{"floor":25,"key":"hubris:BottledRain"},{"floor":26,"key":"ReplayTheSpireMod:Shallot"},{"floor":27,"key":"Replay:Ringing Soul"},{"floor":38,"key":"Mercury Hourglass"},{"floor":43,"key":"War Paint"},{"floor":44,"key":"Replay:Arrowhead"},{"floor":47,"key":"StSpp:XCola"},{"floor":48,"key":"MawBank"}],"event_choices":[{"damage_healed":0,"gold_gain":0,"player_choice":"Upgraded","damage_taken":0,"max_hp_gain":0,"max_hp_loss":0,"event_name":"Upgrade Shrine","floor":3,"gold_loss":0,"cards_upgraded":["Defend_Y"]},{"damage_healed":0,"gold_gain":0,"player_choice":"Trade","damage_taken":0,"relics_obtained":["SsserpentHead"],"max_hp_gain":0,"max_hp_loss":0,"event_name":"FaceTrader","floor":5,"gold_loss":0},{"damage_healed":0,"gold_gain":0,"player_choice":"Traded Relic","damage_taken":0,"relics_obtained":["Nloth\u0027s Gift"],"max_hp_gain":0,"max_hp_loss":0,"event_name":"N\u0027loth","floor":20,"relics_lost":["Cape"],"gold_loss":0},{"damage_healed":0,"gold_gain":0,"player_choice":"Ignored","damage_taken":0,"max_hp_gain":0,"max_hp_loss":0,"event_name":"Purifier","floor":21,"gold_loss":0},{"damage_healed":0,"gold_gain":0,"player_choice":"Ignored","damage_taken":0,"max_hp_gain":0,"max_hp_loss":0,"event_name":"betterNote:BetterNote","floor":28,"gold_loss":0,"cards_obtained":["Panache"]},{"cards_removed":["Strike_Y"],"damage_healed":0,"gold_gain":0,"player_choice":"Removed Attack","damage_taken":0,"max_hp_gain":0,"max_hp_loss":0,"event_name":"Falling","floor":46,"gold_loss":0},{"damage_healed":0,"gold_gain":0,"player_choice":"Fight","damage_taken":0,"max_hp_gain":0,"max_hp_loss":0,"event_name":"Mysterious Sphere","floor":47,"gold_loss":0}],"is_beta":false,"boss_relics":[{"not_picked":["halation:Yufonium","Astrolabe"],"picked":"Busted Crown"},{"not_picked":["Cursed Key","conspire:SlowCooker"],"picked":"aspiration:SecretTechniqueScroll"}],"items_purged_floors":[],"is_endless":false,"potions_floor_spawned":[1,2,11,12,16,18,19,23,24,35,39,45],"ascension_level":0}}