{"host":"vhu12qr9yy4p5pn7","time":1612320237,"event":{"mods":["Arknights","BaseMod","Decade(Õı–°√˜)","GungeonMod","KinomotoSakuraMod(ƒæ÷Æ±æ”£)","Kratos Character Expansion","Minty Spire (QoL Compilation)","Pikachu Mod","Reimu£®≤©¿ˆ¡È√Œ£©","Replay The Spire","StSLib","The Bug Knight","The Dragon Tamer","Warlord Emblem","Youmu£®ªÍ∆«—˝√Œ£©"],"gold_per_floor":[119,269,269,286,182,182,182],"floor_reached":6,"language":"ZHS","playtime":303,"items_purged":[],"score":34,"play_id":"ddb9a2c3-431a-489d-abb3-70bdf77ebc30","local_time":"20210203104357","is_ascension_mode":false,"campfire_choices":[],"circlet_count":0,"master_deck":["WarlordEmblem:RuneStrike","WarlordEmblem:RuneStrike","WarlordEmblem:RuneStrike","WarlordEmblem:RuneStrike","WarlordEmblem:Defend_DK","WarlordEmblem:Defend_DK","WarlordEmblem:Defend_DK","WarlordEmblem:Defend_DK","WarlordEmblem:RuneDefend","WarlordEmblem:FrozenStrike","WarlordEmblem:WillOfTheNecropolis","WarlordEmblem:EvilPower","WarlordEmblem:EvilSee","WarlordEmblem:FrostbiteStrike","WarlordEmblem:RuneRegen"],"relics":["WarlordEmblem:RuneSword","WarlordEmblem:IceRealm","KratosMod:chalice"],"acts_visited":["Exordium"],"potions_floor_usage":[],"damage_taken":[{"damage":13,"enemies":"Jaw Worm","floor":1,"turns":9},{"damage":6,"enemies":"Small Slimes","floor":4,"turns":6},{"damage":94,"enemies":"Gremlin Nob","floor":6,"turns":6}],"seed_played":"4438301509035437272","potions_obtained":[{"floor":1,"key":"Regen Potion"}],"is_trial":false,"path_per_floor":["M","?","?","M","$","E"],"character_chosen":"DeathKnight","items_purchased":["WarlordEmblem:FrostbiteStrike","WarlordEmblem:RuneRegen"],"campfire_rested":0,"item_purchase_floors":[5,5],"current_hp_per_floor":[67,67,72,66,66,0,0],"gold":182,"neow_bonus":"THREE_CARDS","is_daily":false,"chose_seed":false,"campfire_upgraded":0,"win_rate":0.0,"timestamp":1612320237,"path_taken":["M","?","?","M","$","E"],"items_purchased_type":["Card","Card"],"build_version":"2020-12-22","purchased_purges":0,"victory":false,"max_hp_per_floor":[80,80,85,85,85,85,85],"card_choices":[{"not_picked":["WarlordEmblem:RuneDiffer","WarlordEmblem:DeathCoil"],"picked":"WarlordEmblem:WillOfTheNecropolis","floor":0},{"not_picked":["WarlordEmblem:NoLightShield","WarlordEmblem:DeathStrike"],"picked":"WarlordEmblem:EvilPower","floor":1},{"not_picked":["WarlordEmblem:HeartStrike","WarlordEmblem:Infect"],"picked":"WarlordEmblem:EvilSee","floor":4}],"player_experience":165442,"relics_obtained":[],"event_choices":[{"damage_healed":0,"gold_gain":0,"player_choice":"Donut","damage_taken":0,"max_hp_gain":5,"max_hp_loss":0,"event_name":"Big Fish","floor":3,"gold_loss":0}],"is_beta":false,"boss_relics":[],"items_purged_floors":[],"is_endless":false,"potions_floor_spawned":[1],"killed_by":"Gremlin Nob","ascension_level":0}}