{"host":"noo4i9da5rqp3a2i","time":1612362375,"event":{"mods":["AchievementEnabler","Aspiration","Bard","BaseMod","Beaked The Cultist","Better Altar","Better Match","Better Note","Better Sensory Stone","Better Skull","Better Third Choice","BetterRewards","CCEM2","Card Forge","Colored Map","Conspire","Custom Start","GifTheSpireLib","Googly Eyes","Halation","Highlight Path","Hubris","Infinite Spire","Jedi Mod","Jorbs\u0027s Wanderer Trilogy","Mad Scientist","Mari Mod (Legacy)","Mari\u0027s V1 Patch","Mimic Mod","Minty Spire (QoL Compilation)","Permanent Neow","Replay The Spire","Shop Mod","StSLib","Stuff the Spire","The Administrix","The Blackbeard","The Construct","The Gatherer","The Jungle","The Necromancer","The Servant 0.9.4","Unceasing Turn Reminder"],"gold_per_floor":[170,245,245,288,563,668,752,881,904,928,928,338,412,505,505,673,673,829,829,571,571,660,660,660],"floor_reached":22,"language":"ENG","playtime":18300,"items_purged":[],"score":496,"play_id":"39294284-8b96-4dd6-af8f-f9b1a50196c6","local_time":"20210203152615","is_ascension_mode":false,"metric_token":2769,"campfire_choices":[{"floor":11.0,"key":"RECALL"},{"data":"Gatherer:UpgradeBag","floor":15.0,"key":"SMITH"}],"circlet_count":0,"master_deck":["Gatherer:Strike_Gatherer+1","Gatherer:Strike_Gatherer+1","Gatherer:Strike_Gatherer+1","Gatherer:Strike_Gatherer+1","Gatherer:Strike_Gatherer+1","Gatherer:Defend_Gatherer+1","Gatherer:Defend_Gatherer+1","Gatherer:Defend_Gatherer+1","Gatherer:Defend_Gatherer+1","Gatherer:Defend_Gatherer+1","Gatherer:Centralize+1","Gatherer:FlowerWhip+3","Metallicize+1","Venomology+1","After Image+1","Demon Form+1","Feed+1","Inflame+1","Life Link+1","Seeing Red+1","Creative AI+1","StuffTheSpire:Coldhearted+1","Hello World+1","Loop+1","Machine Learning+1","Self Repair+1","Devotion+1","DevaForm+1","Establishment+1","Wireheading+1","Nirvana+1","conspire:Banana+1","ReplayTheSpireMod:Brewmster+1","hubris:EnhanceAbility+1","MadScienceMod:FoamTrinket+1","Magnetism+1","Panacea+1","ReplayTheSpireMod:Private Reserves+1","MadScienceMod:SpikyTrinket+1","conspire:SpireCoStock+1","MadScienceMod:ShinyTrinket+1","MadScienceMod:TastyTrinket+1","conspire:Treasure","bard:CovetousAura+1","Gatherer:BalancedGrowth+1","Gatherer:AlchemyTrial+1","Gatherer:Liquidism+1","Gatherer:LuckyClover+1","Gatherer:Overflowing+1","Gatherer:Pollute+1","Gatherer:PoisonMastery+1","Gatherer:Uplift+1","theextravagant:GlyphOfTime+1","theextravagant:Radiance+1","MadScienceMod:BandageBot+1","MadScienceMod:AssemblyLine+1","MadScienceMod:CloneVats+1","beaked:AwakenedForm+1","beaked:BraceForImpact+1","beaked:Ceremony+1","beaked:Daydream+1","beaked:Insight+1","beaked:MachineEssence+1","beaked:NobsRage+1","beaked:RitualOfBody+1","beaked:WalkersFury+1","construct:DefenseMode+1","construct:Hazardproof+1","stsjorbsmod:OakLeaf+1","stsjorbsmod:StrangePendant+1","BestPractice+1","Barrier+1","Duplication+1","Embodiment+1","FlawlessForm+1","MoonPhase+1","Luminosity+1","MurderousAura+1","infinitespire:NeuralNetwork+1","infinitespire:UltimateForm+1","blackbeard:Anchor+1","blackbeard:BoostMorale+1","blackbeard:BrownPants+1","blackbeard:BuriedTreasure+1","blackbeard:CaptainsHat+1","blackbeard:PirateEarring+1","blackbeard:PirateStrength+1","blackbeard:RemoveScurvy+1","blackbeard:Rum+1","blackbeard:Provisioning+1","blackbeard:WoodenLeg+1","AdministrixMod:WifeLightning+1","StuffTheSpire:Harmony+1","Exhume+1","Inflame+1","Metallicize+1","Seeing Red+1","jedi:harder+1","Limit Break+1","Venomology+1","Adrenaline+1","Deflect+1","Footwork+1","Hologram+1","StuffTheSpire:ShieldGenerator+21","Devotion+1","conspire:Banana+1","Bandage Up+1","Enlightenment+1","hubris:EnhanceAbility+1","Panacea+1","ReplayTheSpireMod:Private Reserves+1","MadScienceMod:ShinyTrinket+1","Gatherer:Convert+1","Gatherer:Centralize+1","Gatherer:EnergyBasket+1","Gatherer:FlamingBottle+1","Gatherer:FlowerShield+3","Gatherer:FlowerWhip+3","Gatherer:FlowerBeam+3","Gatherer:GatherMaterial+1","Gatherer:Overflowing+1","Gatherer:LuckyClover+1","Gatherer:QuickSynthesis+1","Gatherer:RecoveryHerb+1","Gatherer:ScherryThrow+1","MadScienceMod:Tune+1","beaked:BraceForImpact+1","beaked:Ceremony+1","beaked:Evade+1","beaked:KnowThyFoe+1","beaked:Inspiration","beaked:MachineEssence+1","beaked:MimicWarrior+1","beaked:MimicMachine+1","beaked:MimicHuntress+1","beaked:NobsRage+1","beaked:RitualOfBody+1","beaked:ScreechingChant+1","beaked:SacrificialScars+1","beaked:WalkersFury+1","construct:BatteryAcid+1","construct:AttackMode+1","construct:Enhance+1","construct:Hazardproof+1","construct:MetalShell+1","stsjorbsmod:OakLeaf+1","Barrier+1","stsjorbsmod:Withdraw+1","Contraction+1","Duplication+1","Luminosity+1","hubris:Fate+1","infinitespire:Starlight+1","blackbeard:BoostMorale+1","blackbeard:BrownPants+1","blackbeard:BuriedTreasure+1","blackbeard:CaptainsHat+1","blackbeard:PirateEarring+1","blackbeard:PirateStrength+1","blackbeard:Provisioning+1","blackbeard:Rum+1","AdministrixMod:TouchOfCinnabar+1","StuffTheSpire:Harmony+1","Gatherer:OddSpoils+1","Gatherer:ScherryThrow+1","Gatherer:QuickSynthesis+1","Gatherer:VenomBarrier+1","Gatherer:SaveValuables+1","Gatherer:WoolGloves+1","Gatherer:BigPouch+1","Gatherer:QuickSynthesis+1","Gatherer:BigPouch+1","Gatherer:QuickSynthesis+1","Gatherer:UpgradeBag+1","Gatherer:SmartManeuver+1","Gatherer:UpgradeBag+1","Gatherer:SaveValuables+1","Gatherer:GrowBook+1","Gatherer:Convert+1","Gatherer:Convert+1","Gatherer:Convert+1","MadScienceMod:CloneVats+1","Gatherer:Transmute+1","Bones_to_Steel+1","Bone_Armory+1","Siphon_Strength+1","MadScienceMod:FumeHood+1","MadScienceMod:MinatureWeapons+1","MadScienceMod:PowerArmor+1","beaked:ScreechingChant+1","beaked:Ceremony+1","beaked:Inspiration","beaked:MaddeningMurmurs+1","beaked:WalkersFury+1","construct:Bunker+1","construct:SpinDrive+1","StarChef+1"],"relics":["Gatherer:AlchemyBag","Hammer of Thor","Seething Fire","Anvil of the Gods","Anchor","Prayer Wheel","Prayer Wheel","Prayer Wheel","Golden Idol","Gatherer:Leftovers","MerchantsRug","Regal Pillow","Gambling Chip","HornCleat","conspire:RoyalGoblet","CCEMRelics:IronFruit"],"acts_visited":["Exordium","theJungle:Jungle"],"potions_floor_usage":[18,18,18,18,18,18,18,18,22,22,22,22,22,22,22,22,22,22,22,22,22,22,22,22,22,22,22,22,22,22,22],"damage_taken":[{"damage":0.0,"enemies":"Jaw Worm","floor":1.0,"turns":14.0},{"damage":0.0,"enemies":"2 Louse","floor":4.0,"turns":8.0},{"damage":209.0,"enemies":"Gremlin Nob","floor":6.0,"turns":32.0},{"damage":0.0,"enemies":"Cultist","floor":7.0,"turns":25.0},{"damage":0.0,"enemies":"Exordium Wildlife","floor":8.0,"turns":35.0},{"damage":0.0,"enemies":"conspire:2 RoseBushes","floor":10.0,"turns":3.0},{"damage":0.0,"enemies":"Lots of Slimes","floor":13.0,"turns":10.0},{"damage":0.0,"enemies":"Lagavulin","floor":14.0,"turns":26.0},{"damage":0.0,"enemies":"Slime Boss","floor":16.0,"turns":8.0},{"damage":0,"enemies":"theJungle:5_Spyders","floor":18,"turns":24},{"damage":0,"enemies":"theJungle:MUSHROOMGANG","floor":22,"turns":34}],"seed_played":"1491222979672773828","potions_obtained":[{"floor":4.0,"key":"Adrenaline Potion"},{"floor":6.0,"key":"FearPotion"},{"floor":8.0,"key":"SteroidPotion"},{"floor":14.0,"key":"GamblersBrew"}],"is_trial":false,"path_per_floor":["M","?","?","M","?","E","M","M","T","M","R","$","M","E","R","B",null,"M","?","$","?","M"],"character_chosen":"THE_GATHERER","items_purchased":["MerchantsRug","Regal Pillow","Gambling Chip","Gatherer:UpgradeBag","CCEMRelics:IronFruit"],"campfire_rested":0,"item_purchase_floors":[12,12,12,12,20],"current_hp_per_floor":[76,65,65,76,76,91,104,115,115,115,115,115,119,134,134,138,138,157,157,162,162,173,173,173],"gold":660,"neow_bonus":"RANDOM_COMMON_RELIC","is_daily":false,"chose_seed":false,"campfire_upgraded":1,"win_rate":0.0,"timestamp":1612362375,"path_taken":["M","?","?","?","?","E","M","M","T","?","R","?","?","E","R","BOSS","M","?","$","?","M"],"items_purchased_type":["Relic","Relic","Relic","Card","Relic"],"build_version":"2020-12-22","purchased_purges":0,"victory":false,"max_hp_per_floor":[76,76,76,76,76,91,104,115,115,115,115,115,119,134,134,138,138,157,157,162,162,173,173,173],"card_choices":[{"not_picked":["Gatherer:FeelingFine","Gatherer:Solidify"],"picked":"Gatherer:OddSpoils","floor":1.0},{"not_picked":["Gatherer:UpgradeBag","Gatherer:SaveValuables"],"picked":"Gatherer:ScherryThrow","floor":1.0},{"not_picked":["Gatherer:DrugPower","Gatherer:PotentialSlash","Gatherer:Polymorphism"],"picked":"SKIP","floor":1.0},{"not_picked":["Gatherer:AromaProtection","Gatherer:EchoOfNature","Gatherer:Snatch"],"picked":"SKIP","floor":1.0},{"not_picked":["Gatherer:Bulldoze","Gatherer:GatherMaterial"],"picked":"Gatherer:QuickSynthesis","floor":4.0},{"not_picked":["Gatherer:BambuSword","Gatherer:WoolGloves"],"picked":"Gatherer:VenomBarrier","floor":4.0},{"not_picked":["Gatherer:AlchemyTrial","Gatherer:FeelingFine","Gatherer:Frenzy"],"picked":"SKIP","floor":4.0},{"not_picked":["Gatherer:FlowerPower","Gatherer:WitheringStrike","Gatherer:Snatch"],"picked":"SKIP","floor":4.0},{"not_picked":["Gatherer:AlchemyTrial","Gatherer:AcidicSpray"],"picked":"Gatherer:SaveValuables","floor":6.0},{"not_picked":["Gatherer:Snatch","Gatherer:Nutrients"],"picked":"Gatherer:WoolGloves","floor":7.0},{"not_picked":["Gatherer:AlchemyTrial","Gatherer:EnergyBasket"],"picked":"Gatherer:BigPouch","floor":7.0},{"not_picked":["Gatherer:AcidicSpray","Gatherer:SmartManeuver"],"picked":"Gatherer:QuickSynthesis","floor":7.0},{"not_picked":["Gatherer:ScherryThrow","Gatherer:TacticalStrike","Gatherer:CarefulStrike"],"picked":"SKIP","floor":7.0},{"not_picked":["Gatherer:Overflowing","Gatherer:Pollute"],"picked":"Gatherer:BigPouch","floor":8.0},{"not_picked":["Gatherer:EnergyBasket","Gatherer:ScrollOfWall"],"picked":"Gatherer:QuickSynthesis","floor":8.0},{"not_picked":["Gatherer:EnergyBasket","Gatherer:FlowerFalling"],"picked":"Gatherer:UpgradeBag","floor":8.0},{"not_picked":["Gatherer:TreeGrowth","Gatherer:Nutrients","Gatherer:Snatch"],"picked":"SKIP","floor":8.0},{"not_picked":["Gatherer:TreeGrowth","Gatherer:Nutrients","Gatherer:Snatch"],"picked":"SKIP","floor":8.0},{"not_picked":["Gatherer:EchoOfNature","Gatherer:PotentialSlash"],"picked":"Gatherer:SmartManeuver","floor":10.0},{"not_picked":["Gatherer:VenomBarrier","Gatherer:Solidify","Gatherer:Duality"],"picked":"SKIP","floor":10.0},{"not_picked":["Gatherer:ScherryThrow","Gatherer:BambuSword","Gatherer:PotentialSlash"],"picked":"SKIP","floor":10.0},{"not_picked":["Gatherer:AlchemyTrial","Gatherer:FlowerFalling","Gatherer:Frenzy"],"picked":"SKIP","floor":10.0},{"not_picked":["Gatherer:RottenStipe","Gatherer:TacticalStrike","Gatherer:FlowerFalling"],"picked":"SKIP","floor":13.0},{"not_picked":["Gatherer:BlackTea","Gatherer:ScrollOfWall","Gatherer:TacticalStrike"],"picked":"SKIP","floor":13.0},{"not_picked":["Gatherer:ScherryThrow","Gatherer:Duality","Gatherer:EnergyBasket"],"picked":"SKIP","floor":13.0},{"not_picked":["Gatherer:VenomBarrier","Gatherer:FlowerPower","Gatherer:CollectorsShot"],"picked":"SKIP","floor":13.0},{"not_picked":["Gatherer:Photoscythe","Gatherer:BambuSword"],"picked":"Gatherer:SaveValuables","floor":14.0},{"not_picked":["Gatherer:Bulldoze","Gatherer:FinishingStrike"],"picked":"Gatherer:GrowBook","floor":16.0},{"not_picked":["Gatherer:CollectorsShot+1","Gatherer:VenomBarrier"],"picked":"Gatherer:Convert","floor":18},{"not_picked":["Gatherer:Frenzy+1","Gatherer:TreeGrowth"],"picked":"Gatherer:Convert","floor":18},{"not_picked":["Gatherer:TacticalStrike","Gatherer:FinishingStrike"],"picked":"Gatherer:Convert+1","floor":18},{"not_picked":["Gatherer:AcidicSpray","Gatherer:CarefulStrike+1","Gatherer:FragileHammer"],"picked":"SKIP","floor":18},{"not_picked":["Gatherer:AcidicSpray","Gatherer:TacticalStrike+1","Gatherer:DrugPower"],"picked":"SKIP","floor":22},{"not_picked":["Gatherer:ScherryThrow+1","Gatherer:SaveValuables","Gatherer:GrowBook"],"picked":"SKIP","floor":22},{"not_picked":["Gatherer:TreeGrowth","Gatherer:Snatch+1","Gatherer:AlchemyTrial+1"],"picked":"SKIP","floor":22},{"not_picked":["Gatherer:Liquidism","Gatherer:TacticalStrike","Gatherer:Herbalism"],"picked":"SKIP","floor":22}],"player_experience":272015,"relics_obtained":[{"floor":6.0,"key":"Gatherer:Leftovers"},{"floor":14.0,"key":"HornCleat"}],"event_choices":[{"damage_healed":0.0,"max_hp_gain":0.0,"max_hp_loss":0.0,"gold_gain":75.0,"event_name":"betterThird:BetterGoop","player_choice":"Gold","floor":2.0,"gold_loss":0.0,"damage_taken":11.0},{"damage_healed":0.0,"max_hp_gain":0.0,"max_hp_loss":0.0,"gold_gain":0.0,"event_name":"Golden Idol","player_choice":"Take Wound","floor":3.0,"gold_loss":0.0,"damage_taken":0.0,"relics_obtained":["Golden Idol"],"cards_obtained":["Injury"]},{"damage_healed":0.0,"max_hp_gain":0.0,"max_hp_loss":0.0,"gold_gain":275.0,"event_name":"Golden Shrine","player_choice":"Desecrate","floor":5.0,"gold_loss":0.0,"damage_taken":0.0,"cards_obtained":["Regret"]},{"damage_healed":0,"gold_gain":0,"player_choice":"Ignored","damage_taken":0,"max_hp_gain":0,"max_hp_loss":0,"event_name":"betterNote:BetterNote","floor":19,"gold_loss":0,"cards_obtained":["infinitespire:NeuralNetwork"]}],"is_beta":false,"boss_relics":[{"not_picked":["Philosopher\u0027s Stone","aspiration:WatcherSkillbook"],"picked":"conspire:RoyalGoblet"}],"items_purged_floors":[],"is_endless":false,"potions_floor_spawned":[1,4,6,8,14],"killed_by":"theJungle:MUSHROOMGANG","ascension_level":0}}