{"host":"6gl4z8x6qhx9xtfj","time":1612344815,"event":{"mods":["2.2 Compatiblity","AchievementEnabler","BaseMod","Bestiary","Colored Map","Colored Powertips","Evolution","Minty Spire (QoL Compilation)","Quick Restart","Relic Stats","StSLib","SuperFastMode"],"gold_per_floor":[116,116,133,149,166,200,200,259,259,259,301,333,110,168,168,293,293,335,350,350,411,411,411,438,38,38,38,65,108,108,108,108,238,238,250,250,288,143,143,143,143,197,224,268,268,283,333,27,27,27],"floor_reached":51,"language":"RUS","playtime":2266,"items_purged":[],"score":1309,"play_id":"8d4f8ad6-ae2a-441b-bc59-48ffed13840c","local_time":"20210203123335","is_ascension_mode":true,"campfire_choices":[{"data":"Fasting2","floor":7,"key":"SMITH"},{"data":"Eruption","floor":10,"key":"SMITH"},{"floor":15,"key":"REST"},{"floor":23,"key":"REST"},{"floor":27,"key":"REST"},{"floor":32,"key":"REST"},{"data":"Vault","floor":40,"key":"SMITH"},{"data":"Vigilance","floor":45,"key":"SMITH"},{"floor":49,"key":"REST"}],"circlet_count":0,"master_deck":["FollowUp","EmptyFist","SashWhip","BowlingBash","EmptyBody","Evaluate","ThirdEye","Eruption+1","Vigilance+1","Fasting2+1","BattleHymn","Wish","Prostrate","Consecrate","Pray","Ragnarok","Omniscience","Wireheading+1","FollowUp+1","Conclude","Weave+1","LikeWater","Prostrate+1","Vault+1","TalkToTheHand","RitualDagger","Protect","Tantrum+1","WheelKick"],"relics":["EVO:Axolotl","Sozu","Dream Catcher","Toy Ornithopter","InkBottle","Bottled Lightning","Medical Kit","Bronze Scales","Runic Pyramid","PreservedInsect","StoneCalendar","Omamori","StrikeDummy","Juzu Bracelet","Strawberry","Runic Dome","Ancient Tea Set","Frozen Egg 2","Singing Bowl","Blood Vial","Gambling Chip","Akabeko","Orrery"],"acts_visited":["Exordium","TheCity","TheBeyond"],"potions_floor_usage":[],"damage_taken":[{"damage":0,"enemies":"2 Louse","floor":1,"turns":2},{"damage":4,"enemies":"Jaw Worm","floor":3,"turns":3},{"damage":0,"enemies":"Small Slimes","floor":4,"turns":3},{"damage":1,"enemies":"Red Slaver","floor":5,"turns":4},{"damage":0,"enemies":"Lagavulin","floor":6,"turns":4},{"damage":12,"enemies":"3 Sentries","floor":8,"turns":8},{"damage":13,"enemies":"Exordium Thugs","floor":11,"turns":5},{"damage":8,"enemies":"Gremlin Nob","floor":12,"turns":3},{"damage":12,"enemies":"Lagavulin","floor":14,"turns":6},{"damage":0,"enemies":"Slime Boss","floor":16,"turns":7},{"damage":1,"enemies":"Shell Parasite","floor":18,"turns":5},{"damage":32,"enemies":"2 Thieves","floor":19,"turns":3},{"damage":15,"enemies":"Centurion and Healer","floor":21,"turns":4},{"damage":15,"enemies":"Book of Stabbing","floor":24,"turns":3},{"damage":31,"enemies":"Slavers","floor":28,"turns":3},{"damage":0,"enemies":"Cultist and Chosen","floor":29,"turns":4},{"damage":27,"enemies":"Collector","floor":33,"turns":8},{"damage":14,"enemies":"3 Shapes","floor":35,"turns":4},{"damage":3,"enemies":"Orb Walker","floor":37,"turns":3},{"damage":0,"enemies":"Giant Head","floor":42,"turns":6},{"damage":17,"enemies":"Sphere and 2 Shapes","floor":44,"turns":4},{"damage":7,"enemies":"Writhing Mass","floor":46,"turns":4},{"damage":14,"enemies":"Nemesis","floor":47,"turns":4},{"damage":47,"enemies":"Donu and Deca","floor":50,"turns":7}],"seed_played":"-884451379710730349","potions_obtained":[],"is_trial":false,"path_per_floor":["M","?","M","M","M","E","R","E","T","R","M","E","$","E","R","B",null,"M","M","?","M","?","R","E","$","T","R","E","M","?","?","R","B",null,"M","?","M","$","?","R","?","E","T","M","R","M","E","$","R","B",null],"character_chosen":"WATCHER","items_purchased":["Pray","Medical Kit","Omamori","StrikeDummy","Ancient Tea Set","Akabeko","Orrery"],"campfire_rested":5,"item_purchase_floors":[13,13,25,25,38,48,48],"current_hp_per_floor":[69,62,58,58,57,57,57,45,45,45,32,24,24,12,34,34,66,65,33,19,4,4,28,13,13,13,37,13,13,13,7,33,6,68,54,54,51,51,51,51,51,53,53,38,38,35,25,31,63,18],"gold":27,"neow_bonus":"BOSS_RELIC","is_daily":false,"chose_seed":false,"campfire_upgraded":4,"win_rate":0.0,"timestamp":1612344815,"path_taken":["M","?","M","M","M","E","R","E","T","R","M","E","$","E","R","BOSS","M","M","?","M","?","R","E","$","T","R","E","M","?","?","R","BOSS","M","?","M","$","?","R","?","E","T","M","R","M","E","?","R","BOSS"],"items_purchased_type":["Card","Relic","Relic","Relic","Relic","Relic","Relic"],"build_version":"2020-12-22","purchased_purges":0,"victory":true,"max_hp_per_floor":[76,76,76,76,76,76,76,76,76,76,76,76,76,76,76,76,76,76,76,81,81,81,81,81,81,81,81,88,88,88,88,88,88,88,88,88,88,88,88,88,88,90,90,90,90,92,94,100,102,102],"relic_stats":{"Singing Bowl":14,"counters":[24,107],"StoneCalendar":[52],"PreservedInsect":263,"Juzu Bracelet":1,"Medical Kit":[0],"Sozu":10,"Blood Vial":8,"Dream Catcher":5,"Bronze Scales":[162],"Gambling Chip":[2],"obtain_stats":[{"Singing Bowl":42,"StoneCalendar":24,"PreservedInsect":22,"Omamori":25,"Juzu Bracelet":26,"EVO:Axolotl":0,"Frozen Egg 2":41,"Medical Kit":13,"Ancient Tea Set":38,"Akabeko":48,"Sozu":0,"Blood Vial":43,"Runic Dome":34,"Dream Catcher":6,"Bronze Scales":14,"Strawberry":28,"Gambling Chip":47,"Orrery":48,"Bottled Lightning":12,"PureWater":0,"StrikeDummy":25,"Toy Ornithopter":8,"InkBottle":9,"Runic Pyramid":17},{"Singing Bowl":20,"StoneCalendar":14,"PreservedInsect":13,"Omamori":14,"Juzu Bracelet":14,"EVO:Axolotl":0,"Frozen Egg 2":19,"Medical Kit":8,"Ancient Tea Set":19,"Akabeko":23,"Sozu":0,"Blood Vial":20,"Runic Dome":17,"Dream Catcher":5,"Bronze Scales":9,"Strawberry":15,"Gambling Chip":23,"Orrery":23,"Bottled Lightning":8,"PureWater":0,"StrikeDummy":14,"Toy Ornithopter":6,"InkBottle":6,"Runic Pyramid":10},{"Singing Bowl":88,"StoneCalendar":60,"PreservedInsect":57,"Omamori":60,"Juzu Bracelet":60,"EVO:Axolotl":0,"Frozen Egg 2":82,"Medical Kit":32,"Ancient Tea Set":82,"Akabeko":100,"Sozu":0,"Blood Vial":88,"Runic Dome":75,"Dream Catcher":16,"Bronze Scales":38,"Strawberry":63,"Gambling Chip":100,"Orrery":100,"Bottled Lightning":32,"PureWater":0,"StrikeDummy":60,"Toy Ornithopter":24,"InkBottle":24,"Runic Pyramid":45}],"Toy Ornithopter":0,"InkBottle":[36]},"card_choices":[{"not_picked":["ForeignInfluence","ThirdEye"],"picked":"Fasting2","floor":1},{"not_picked":["JustLucky","ThirdEye"],"picked":"BattleHymn","floor":3},{"not_picked":["ClearTheMind","FlurryOfBlows","Meditate"],"picked":"SKIP","floor":4},{"not_picked":["Judgement","BattleHymn","JustLucky"],"picked":"SKIP","floor":5},{"not_picked":["FlyingSleeves","Fasting2"],"picked":"Wish","floor":6},{"not_picked":["FlyingSleeves","BattleHymn","PathToVictory"],"picked":"SKIP","floor":8},{"not_picked":["FollowUp","Evaluate"],"picked":"Prostrate","floor":11},{"not_picked":["Consecrate","MentalFortress","JustLucky"],"picked":"SKIP","floor":12},{"not_picked":["MentalFortress","JustLucky"],"picked":"Consecrate","floor":12},{"not_picked":["Consecrate","Evaluate"],"picked":"Ragnarok","floor":14},{"not_picked":["Blasphemy","DeusExMachina"],"picked":"Omniscience","floor":16},{"not_picked":["SashWhip+1","InnerPeace"],"picked":"Wireheading+1","floor":18},{"not_picked":["ForeignInfluence","SashWhip"],"picked":"FollowUp+1","floor":19},{"not_picked":["CrushJoints","FlurryOfBlows"],"picked":"Conclude","floor":21},{"not_picked":["ForeignInfluence","FlyingSleeves"],"picked":"Weave+1","floor":23},{"not_picked":["EmptyFist+1","EmptyBody"],"picked":"LikeWater","floor":24},{"not_picked":["Swivel","BowlingBash"],"picked":"Prostrate+1","floor":27},{"not_picked":["PathToVictory","ForeignInfluence","Sanctity"],"picked":"SKIP","floor":28},{"not_picked":["FlyingSleeves","FollowUp+1"],"picked":"Vault","floor":29},{"not_picked":["TalkToTheHand","FollowUp+1"],"picked":"Protect+1","floor":32},{"not_picked":["Blasphemy","Scrawl"],"picked":"DeusExMachina","floor":33},{"not_picked":["Weave+1","ForeignInfluence","Consecrate+1"],"picked":"SKIP","floor":35},{"not_picked":["CutThroughFate+1","ThirdEye","Evaluate"],"picked":"SKIP","floor":37},{"not_picked":["Ragnarok","EmptyFist","InnerPeace"],"picked":"Singing Bowl","floor":42},{"not_picked":["Consecrate+1","SashWhip+1"],"picked":"Protect","floor":44},{"not_picked":["Evaluate","CrushJoints","SandsOfTime+1"],"picked":"Singing Bowl","floor":46},{"not_picked":["Sanctity+1","FlurryOfBlows+1","Study+1"],"picked":"Singing Bowl","floor":47},{"not_picked":["FlyingSleeves+1","Evaluate"],"picked":"Tantrum+1","floor":48},{"not_picked":["Indignation","Blasphemy"],"picked":"WheelKick","floor":48},{"not_picked":["FollowUp+1","BowlingBash","CrushJoints"],"picked":"Singing Bowl","floor":48},{"not_picked":["Halt","SashWhip+1","InnerPeace+1"],"picked":"Singing Bowl","floor":48},{"not_picked":["Fasting2+1","DeusExMachina","ClearTheMind+1"],"picked":"Singing Bowl","floor":48},{"not_picked":["Crescendo","Perseverance+1","FollowUp"],"picked":"Singing Bowl","floor":49}],"player_experience":127584,"relics_obtained":[{"floor":6,"key":"Dream Catcher"},{"floor":8,"key":"Toy Ornithopter"},{"floor":9,"key":"InkBottle"},{"floor":12,"key":"Bottled Lightning"},{"floor":14,"key":"Bronze Scales"},{"floor":24,"key":"StoneCalendar"},{"floor":26,"key":"Juzu Bracelet"},{"floor":28,"key":"Strawberry"},{"floor":42,"key":"Singing Bowl"},{"floor":43,"key":"Blood Vial"},{"floor":47,"key":"Gambling Chip"}],"event_choices":[{"cards_removed":["EmptyBody"],"damage_healed":0,"gold_gain":0,"player_choice":"Card Removal","damage_taken":7,"max_hp_gain":0,"max_hp_loss":0,"event_name":"Golden Wing","floor":2,"gold_loss":0},{"damage_healed":0,"gold_gain":0,"player_choice":"Shed Blood","damage_taken":19,"max_hp_gain":5,"max_hp_loss":0,"event_name":"Forgotten Altar","floor":20,"gold_loss":0},{"damage_healed":0,"gold_gain":0,"player_choice":"Opened","damage_taken":0,"relics_obtained":["PreservedInsect"],"max_hp_gain":0,"max_hp_loss":0,"event_name":"The Mausoleum","floor":22,"gold_loss":0},{"damage_healed":0,"gold_gain":0,"player_choice":"Read","damage_taken":0,"max_hp_gain":0,"max_hp_loss":0,"event_name":"The Library","floor":30,"gold_loss":0,"cards_obtained":["TalkToTheHand"]},{"damage_healed":0,"gold_gain":0,"player_choice":"Joined the Cult","damage_taken":6,"max_hp_gain":0,"max_hp_loss":0,"event_name":"Nest","floor":31,"gold_loss":0,"cards_obtained":["RitualDagger"]},{"cards_removed":["Protect"],"damage_healed":0,"gold_gain":0,"player_choice":"Removed Skill","damage_taken":0,"max_hp_gain":0,"max_hp_loss":0,"event_name":"Falling","floor":36,"gold_loss":0},{"damage_healed":0,"gold_gain":0,"player_choice":"Cursed","damage_taken":0,"max_hp_gain":0,"max_hp_loss":0,"event_name":"Wheel of Change","floor":39,"gold_loss":0,"cards_obtained":["Decay"]},{"cards_removed":["DeusExMachina"],"damage_healed":0,"gold_gain":0,"player_choice":"Gave Card","damage_taken":0,"relics_obtained":["Frozen Egg 2"],"max_hp_gain":0,"max_hp_loss":0,"event_name":"WeMeetAgain","floor":41,"gold_loss":0}],"is_beta":false,"boss_relics":[{"not_picked":["Tiny House","Empty Cage"],"picked":"Runic Pyramid"},{"not_picked":["SacredBark","Snecko Eye"],"picked":"Runic Dome"}],"items_purged_floors":[],"is_endless":false,"potions_floor_spawned":[1,5,8,14,19,24,28,35,44,47],"ascension_level":8}}