{"host":"xg4r5pv6chpuampg","time":1612350671,"event":{"mods":["AchievementEnabler","BaseMod","Googly Eyes","Minty Spire (QoL Compilation)"],"gold_per_floor":[109,124,144,319,419,419,447,465,534,554,570,585,597,607,607,607,607],"floor_reached":16,"language":"ENG","playtime":1131,"items_purged":[],"score":108,"play_id":"7c5c6374-88c9-46e3-a28c-1346a5408793","local_time":"20210203141111","is_ascension_mode":false,"campfire_choices":[{"data":"Flying Knee","floor":6,"key":"SMITH"},{"floor":15,"key":"REST"}],"circlet_count":0,"master_deck":["Strike_G","Strike_G","Strike_G","Strike_G","Strike_G","Defend_G","Defend_G","Defend_G","Defend_G","Defend_G","Survivor","Neutralize","Flying Knee+1","Doubt","Backflip","Doppelganger","Backstab","Sucker Punch"],"relics":["Ring of the Snake","NeowsBlessing","Pocketwatch","Meat on the Bone"],"acts_visited":["Exordium"],"potions_floor_usage":[8,11,12,16,16],"damage_taken":[{"damage":0,"enemies":"Cultist","floor":1,"turns":1},{"damage":0,"enemies":"2 Louse","floor":2,"turns":1},{"damage":0,"enemies":"Jaw Worm","floor":3,"turns":1},{"damage":50,"enemies":"3 Sentries","floor":7,"turns":15},{"damage":0,"enemies":"Large Slime","floor":8,"turns":6},{"damage":0,"enemies":"Exordium Wildlife","floor":10,"turns":2},{"damage":10,"enemies":"Lots of Slimes","floor":11,"turns":6},{"damage":12,"enemies":"Gremlin Gang","floor":12,"turns":7},{"damage":8,"enemies":"2 Fungi Beasts","floor":13,"turns":4},{"damage":4,"enemies":"3 Louse","floor":14,"turns":3},{"damage":74,"enemies":"Hexaghost","floor":16,"turns":15}],"seed_played":"3988224059490210785","potions_obtained":[{"floor":2,"key":"PowerPotion"},{"floor":8,"key":"Energy Potion"},{"floor":10,"key":"LiquidMemories"},{"floor":11,"key":"Energy Potion"},{"floor":14,"key":"Fruit Juice"}],"is_trial":false,"path_per_floor":["M","M","M","?","?","R","E","M","T","M","M","M","M","M","R","B"],"character_chosen":"THE_SILENT","items_purchased":[],"campfire_rested":1,"item_purchase_floors":[],"current_hp_per_floor":[70,70,70,70,70,70,20,20,20,32,34,34,38,46,67,0,0],"gold":607,"neow_bonus":"THREE_ENEMY_KILL","is_daily":false,"chose_seed":false,"campfire_upgraded":1,"win_rate":0.0,"timestamp":1612350671,"path_taken":["M","?","M","?","?","R","E","M","T","M","M","M","M","M","R","BOSS"],"items_purchased_type":[],"build_version":"2020-12-22","purchased_purges":0,"victory":false,"max_hp_per_floor":[70,70,70,70,70,70,70,70,70,70,70,70,70,70,70,75,75],"card_choices":[{"not_picked":["Dodge and Roll","Finisher","Outmaneuver"],"picked":"SKIP","floor":1},{"not_picked":["Choke","Dash","Slice"],"picked":"SKIP","floor":2},{"not_picked":["Dagger Throw","Endless Agony"],"picked":"Flying Knee","floor":3},{"not_picked":["Distraction","Acrobatics","Underhanded Strike"],"picked":"SKIP","floor":7},{"not_picked":["Slice","Expertise"],"picked":"Backflip","floor":8},{"not_picked":["Concentrate","Tactician"],"picked":"Doppelganger","floor":10},{"not_picked":["Backflip","Reflex"],"picked":"Backstab","floor":11},{"not_picked":["Blade Dance","Outmaneuver","Acrobatics"],"picked":"SKIP","floor":12},{"not_picked":["Blade Dance","Cloak And Dagger","Outmaneuver"],"picked":"SKIP","floor":13},{"not_picked":["Dagger Throw","Blur"],"picked":"Sucker Punch","floor":14}],"player_experience":55018,"relics_obtained":[{"floor":7,"key":"Pocketwatch"},{"floor":9,"key":"Meat on the Bone"}],"event_choices":[{"damage_healed":0,"gold_gain":175,"player_choice":"AGREE","damage_taken":0,"max_hp_gain":0,"max_hp_loss":0,"event_name":"Liars Game","floor":4,"gold_loss":0,"cards_obtained":["Doubt"]},{"damage_healed":0,"gold_gain":100,"player_choice":"Gold","damage_taken":0,"max_hp_gain":0,"max_hp_loss":0,"event_name":"Wheel of Change","floor":5,"gold_loss":0}],"is_beta":false,"boss_relics":[],"items_purged_floors":[],"is_endless":false,"potions_floor_spawned":[2,8,10,11,14],"killed_by":"Hexaghost","ascension_level":0}}