{"host":"x8sop9v6zw8yitbt","time":1612396059,"event":{"mods":["BaseMod","Best Route Mod","Block Reminder","Challenge The Spire","Colored Powertips","Dark Map","DeckTracker","Minty Spire (QoL Compilation)","Permanent Neow","Quick Restart","Rare Cards Sparkle","Reliquary","Spicy Shops","Spikes Relics","StSLib","Virulent Crown"],"gold_per_floor":[115,115,44,61,72,72,107,107,107,142,158,158,158,173,173,302,302,325,345,260,185,258,258,289,289,312,312,330,330,330],"floor_reached":29,"language":"ENG","playtime":879,"items_purged":[],"score":290,"play_id":"3dae923b-2bbb-46e6-8c84-939cbc0f4139","local_time":"20210203184739","is_ascension_mode":true,"campfire_choices":[{"data":"InfectiousVector","floor":6,"key":"SMITH"},{"data":"Dodge and Roll","floor":8,"key":"SMITH"},{"data":"Backflip","floor":13,"key":"SMITH"},{"data":"Survivor","floor":15,"key":"SMITH"},{"data":"Corpse Explosion","floor":23,"key":"SMITH"},{"data":"Defend_G","floor":25,"key":"SMITH"},{"data":"Defend_G","floor":27,"key":"SMITH"}],"circlet_count":0,"master_deck":["Strike_G","Strike_G","Strike_G","Strike_G","Defend_G+1","Defend_G","Defend_G","Defend_G+1","Survivor+1","Neutralize+1","InfectiousVector+1","Dodge and Roll+1","Backflip+1","Corpse Explosion+1"],"relics":["Ring of the Serpent","reliquary:Firecrackers","Dream Catcher","Mummified Hand","Golden Idol","Du-Vu Doll","White Beast Statue","Unceasing Top","Tough Bandages"],"acts_visited":["Exordium","TheCity"],"potions_floor_usage":[10,16],"damage_taken":[{"damage":0,"enemies":"Jaw Worm","floor":1,"turns":4},{"damage":0,"enemies":"Small Slimes","floor":4,"turns":3},{"damage":0,"enemies":"2 Louse","floor":5,"turns":3},{"damage":18,"enemies":"3 Sentries","floor":7,"turns":12},{"damage":5,"enemies":"Lagavulin","floor":10,"turns":7},{"damage":0,"enemies":"2 Fungi Beasts","floor":11,"turns":4},{"damage":2,"enemies":"Lots of Slimes","floor":14,"turns":2},{"damage":6,"enemies":"The Guardian","floor":16,"turns":13},{"damage":4,"enemies":"Chosen","floor":18,"turns":6},{"damage":8,"enemies":"Spheric Guardian","floor":19,"turns":6},{"damage":13,"enemies":"Book of Stabbing","floor":24,"turns":8},{"damage":8,"enemies":"Centurion and Healer","floor":28,"turns":7},{"damage":0,"enemies":"Snecko","floor":29,"turns":1}],"seed_played":"7775392096193471814","potions_obtained":[{"floor":1,"key":"AttackPotion"},{"floor":11,"key":"Strength Potion"},{"floor":14,"key":"FearPotion"},{"floor":19,"key":"Dexterity Potion"},{"floor":24,"key":"Swift Potion"}],"is_trial":false,"path_per_floor":["M","?","$","M","M","R","E","R","T","E","M","?","R","M","R","B",null,"M","M","?","?","T","R","E","R","T","R","M","M"],"character_chosen":"THE_SILENT","items_purchased":["Dodge and Roll"],"campfire_rested":0,"item_purchase_floors":[3],"current_hp_per_floor":[70,63,63,63,63,63,45,45,45,40,40,40,40,38,38,32,65,61,53,53,53,53,53,40,40,40,40,32,32,32],"gold":330,"neow_bonus":"UPGRADE_CARD","is_daily":false,"chose_seed":false,"campfire_upgraded":7,"win_rate":0.0,"timestamp":1612396059,"path_taken":["M","?","$","M","M","R","E","R","T","E","M","?","R","M","R","BOSS","M","M","?","?","?","R","E","R","T","R","?","M"],"items_purchased_type":["Card"],"build_version":"2020-12-22","purchased_purges":0,"victory":false,"max_hp_per_floor":[70,70,70,70,70,70,70,70,70,70,70,65,65,65,65,65,65,65,65,65,65,65,65,65,65,65,65,65,65,65],"card_choices":[{"not_picked":["All Out Attack","Acrobatics"],"picked":"InfectiousVector","floor":1},{"not_picked":["Dagger Throw","PiercingWail","Calculated Gamble"],"picked":"SKIP","floor":4},{"not_picked":["Crippling Poison","Underhanded Strike","Dodge and Roll"],"picked":"SKIP","floor":5},{"not_picked":["Quick Slash","After Image","Wraith Form v2"],"picked":"SKIP","floor":7},{"not_picked":["Pace","Underhanded Strike","All Out Attack"],"picked":"SKIP","floor":10},{"not_picked":["Slice","Dagger Throw"],"picked":"Backflip","floor":11},{"not_picked":["Deflect","Poisoned Stab","Cloak And Dagger"],"picked":"SKIP","floor":14},{"not_picked":["Wraith Form v2","Night Terror"],"picked":"Corpse Explosion","floor":16},{"not_picked":["Dagger Spray","Dodge and Roll","Quick Slash+1"],"picked":"SKIP","floor":18},{"not_picked":["Sucker Punch","Pace","Prepared+1"],"picked":"SKIP","floor":19},{"not_picked":["ShadowRift","Backflip","Expertise+1"],"picked":"SKIP","floor":24},{"not_picked":["Reflex","Glass Knife","Underhanded Strike+1"],"picked":"SKIP","floor":28}],"player_experience":882987,"relics_obtained":[{"floor":7,"key":"reliquary:Firecrackers"},{"floor":9,"key":"Dream Catcher"},{"floor":10,"key":"Mummified Hand"},{"floor":22,"key":"White Beast Statue"},{"floor":24,"key":"Unceasing Top"},{"floor":26,"key":"reliquary:FerryPass"},{"floor":28,"key":"Tough Bandages"}],"event_choices":[{"cards_removed":["Strike_G"],"damage_healed":0,"gold_gain":0,"player_choice":"Card Removal","damage_taken":7,"max_hp_gain":0,"max_hp_loss":0,"event_name":"Golden Wing","floor":2,"gold_loss":0},{"damage_healed":0,"gold_gain":0,"player_choice":"Lose Max HP","damage_taken":0,"relics_obtained":["Golden Idol"],"max_hp_gain":0,"max_hp_loss":5,"event_name":"Golden Idol","floor":12,"gold_loss":0},{"damage_healed":0,"gold_gain":0,"player_choice":"Obtained Relic","damage_taken":0,"relics_obtained":["Du-Vu Doll"],"max_hp_gain":0,"max_hp_loss":0,"event_name":"Addict","floor":20,"gold_loss":85},{"cards_removed":["Defend_G"],"damage_healed":0,"gold_gain":0,"player_choice":"Gave Gold","damage_taken":0,"max_hp_gain":0,"max_hp_loss":0,"event_name":"Beggar","floor":21,"gold_loss":75}],"is_beta":false,"boss_relics":[{"not_picked":["reliquary:WritOfMandamus","Velvet Choker"],"picked":"Ring of the Serpent"}],"items_purged_floors":[],"is_endless":false,"potions_floor_spawned":[1,11,14,19,24,28],"killed_by":"Snecko","ascension_level":1}}