{"host":"m3qxensetu6036ua","time":1612371833,"event":{"mods":["2.2 Compatiblity","AchievementEnabler","BaseMod","Better Altar","Better Match","Better Sensory Stone","Better Skull","Better Third Choice","Better Vampires","Block Reminder","Colored Powertips","Displayed Cursed Tome","Evolution","Good Game Mod","GungeonMod","Hubris","Jedi Mod","Minty Spire (QoL Compilation)","Rare Cards Sparkle","Remove Card Discount Mod","Replay The Spire","Spicy Shops","StSLib","The Cursed"],"gold_per_floor":[119,119,132,146,146,181,196,196,219,235,235,235,270,282,282,383,383,402,3,3,3,21,53,64,77,77,90,150,140,66,100,100,199,249,268,318,167,180,198,224,224,251,251,281,296,346,346,396,396,396],"floor_reached":51,"language":"ENG","playtime":3660,"items_purged":["jedi:suffering"],"score":746,"play_id":"dad7fc5d-9284-4580-b2e0-8c7a655670de","local_time":"20210203180353","is_ascension_mode":true,"campfire_choices":[{"data":"jedi:forcepull","floor":8,"key":"SMITH"},{"data":"Pot Of Greed","floor":11,"key":"SMITH"},{"data":"Pot Of Greed","floor":15,"key":"SMITH"},{"floor":32,"key":"REST"},{"floor":41,"key":"REST"},{"data":"Pot Of Greed","floor":47,"key":"SMITH"},{"floor":49,"key":"REST"}],"circlet_count":0,"master_deck":["Cleave","Cleave+1","Cleave+1","Defend_R","Defend_R","Defend_R","Defend_R","Bash","Pummel","jedi:forcepull+1","Clothesline","Twin Strike","Pot Of Greed+1","Pot Of Greed+1","Inflame","Feed","Panacea+1","Sword Boomerang+1","Disarm+1","hubris:DuctTapeCard","Impervious","Flame Barrier","Pot Of Greed+1","Shockwave+1","Iron Wave+1"],"relics":["Burning Blood","EVO:Axolotl","REME:ComplimentaryCards","Omamori","Grinning Jar","Bag of Marbles","hubris:Backtick","jedi:firstaidkit","Cauldron","hubris:BottledRain","DemoMod:Metronome","SsserpentHead","Replay:WaspNest","jedi:archwizardhat","hubris:DuctTape","Tiny House","Bronze Scales","Whetstone","Oddly Smooth Stone","Molten Egg 2","Gambling Chip"],"acts_visited":["Exordium","TheCity","TheBeyond"],"potions_floor_usage":[10,13,16,22,23,31,33,38,46,50],"damage_taken":[{"damage":0,"enemies":"2 Louse","floor":1,"turns":1},{"damage":0,"enemies":"Small Slimes","floor":3,"turns":2},{"damage":0,"enemies":"Cultist","floor":4,"turns":3},{"damage":12,"enemies":"Replay:BlueRogue","floor":6,"turns":7},{"damage":3,"enemies":"Blue Slaver","floor":7,"turns":3},{"damage":6,"enemies":"Large Slime","floor":10,"turns":4},{"damage":17,"enemies":"3 Sentries","floor":13,"turns":4},{"damage":8,"enemies":"Red Slaver","floor":14,"turns":2},{"damage":0,"enemies":"Slime Boss","floor":16,"turns":5},{"damage":36,"enemies":"Shell Parasite","floor":18,"turns":6},{"damage":21,"enemies":"Spheric Guardian","floor":22,"turns":5},{"damage":44,"enemies":"Replay:Snechameleon","floor":23,"turns":7},{"damage":24,"enemies":"Snake Plant","floor":24,"turns":3},{"damage":21,"enemies":"Shelled Parasite and Fungi","floor":25,"turns":4},{"damage":26,"enemies":"Centurion and Healer","floor":27,"turns":4},{"damage":32,"enemies":"Snake Plant","floor":28,"turns":3},{"damage":61,"enemies":"Slavers","floor":31,"turns":5},{"damage":64,"enemies":"hubris:MusketHawk","floor":33,"turns":8},{"damage":30,"enemies":"3 Shapes","floor":35,"turns":6},{"damage":31,"enemies":"Orb Walker","floor":38,"turns":5},{"damage":22,"enemies":"Transient","floor":39,"turns":5},{"damage":53,"enemies":"Nemesis","floor":40,"turns":9},{"damage":62,"enemies":"Reptomancer","floor":42,"turns":6},{"damage":15,"enemies":"R_Hoarder","floor":44,"turns":8},{"damage":32,"enemies":"4 Shapes","floor":45,"turns":2},{"damage":0,"enemies":"3 Darklings","floor":46,"turns":1},{"damage":144,"enemies":"Replay:Hell Engine","floor":50,"turns":12}],"seed_played":"-6239848431340566589","potions_obtained":[{"floor":1,"key":"Swift Potion"},{"floor":6,"key":"jedi:StrikingPotion"},{"floor":7,"key":"SkillPotion"},{"floor":10,"key":"Strength Potion"},{"floor":18,"key":"SteroidPotion"},{"floor":19,"key":"Regen Potion"},{"floor":19,"key":"DuplicationPotion"},{"floor":24,"key":"SpeedPotion"},{"floor":25,"key":"FairyPotion"},{"floor":31,"key":"Energy Potion"},{"floor":34,"key":"SneckoOil"},{"floor":36,"key":"SmokeBomb"},{"floor":36,"key":"Toxic Potion"},{"floor":39,"key":"BloodPotion"}],"is_trial":false,"path_per_floor":["M","?","M","M","?","E","M","R","T","M","R","?","E","M","R","B",null,"M","$","?","?","M","E","M","M","T","M","M","?","$","E","R","B",null,"M","?","$","M","M","E","R","E","T","E","M","M","R","?","R","B",null],"character_chosen":"IRONCLAD","items_purchased":["Cauldron","hubris:BottledRain","Panacea","jedi:archwizardhat","Flame Barrier","Bronze Scales"],"campfire_rested":3,"item_purchase_floors":[19,19,19,30,37,37],"current_hp_per_floor":[80,80,80,80,80,74,77,77,77,77,77,77,66,64,64,70,80,69,69,69,69,64,81,70,67,67,57,37,37,37,21,50,15,103,86,86,86,73,65,41,74,49,49,53,27,33,33,33,68,24],"gold":396,"neow_bonus":"UPGRADE_CARD","is_daily":false,"chose_seed":false,"campfire_upgraded":4,"win_rate":0.0,"timestamp":1612371833,"path_taken":["M","?","?","M","?","E","M","R","T","M","R","?","E","M","R","BOSS","M","$","?","?","M","E","M","M","T","M","?","?","?","E","R","BOSS","M","?","$","M","M","E","R","E","T","E","M","?","R","?","R","BOSS"],"items_purchased_type":["Relic","Relic","Card","Relic","Card","Relic"],"build_version":"2020-12-22","purchased_purges":1,"victory":true,"max_hp_per_floor":[80,80,80,80,80,80,80,80,80,80,80,80,80,80,80,80,80,83,83,83,83,86,89,92,95,95,98,98,98,98,98,98,98,103,106,106,106,109,109,112,112,115,115,118,118,118,118,118,118,118],"card_choices":[{"not_picked":["Flex","True Grit","Wild Strike"],"picked":"SKIP","floor":1},{"not_picked":["jedi:LeechingStrike","Survey Options"],"picked":"jedi:forcepull","floor":2},{"not_picked":["Thunderclap","Clash"],"picked":"Spot Weakness","floor":3},{"not_picked":["Clash","Power Through"],"picked":"Clothesline","floor":4},{"not_picked":["ReplayTheSpireMod:LeadingStrike","Clash"],"picked":"Twin Strike","floor":6},{"not_picked":["Carnage","Exhume","Warcry"],"picked":"SKIP","floor":7},{"not_picked":["Havoc","Warcry","Battle Trance"],"picked":"SKIP","floor":10},{"not_picked":["Feel No Pain","Run Through"],"picked":"Spot Weakness","floor":13},{"not_picked":["Body Slam","Replay:Undeath\u0027s Touch"],"picked":"Inflame","floor":14},{"not_picked":["jedi:unlimitedpower","Reaper"],"picked":"Feed","floor":16},{"not_picked":["Inflame","Anger+1","Twin Strike"],"picked":"SKIP","floor":18},{"not_picked":["Havoc","Power Through","Twin Strike"],"picked":"SKIP","floor":22},{"not_picked":["Havoc","Power Through","Twin Strike"],"picked":"SKIP","floor":22},{"not_picked":["Abandon","Infernal Blade","Warcry"],"picked":"SKIP","floor":23},{"not_picked":["Flex","Carnage"],"picked":"Sword Boomerang","floor":24},{"not_picked":["Perfected Strike+1","Shrug It Off"],"picked":"Disarm+1","floor":25},{"not_picked":["Replay:Undeath\u0027s Touch","Replay:Many Hands","hubris:CleavingFinish+1"],"picked":"SKIP","floor":27},{"not_picked":["jedi:collectorstrike+1","Warcry","Cleave"],"picked":"SKIP","floor":28},{"not_picked":["Dropkick","Metallicize","Bloodletting"],"picked":"SKIP","floor":31},{"not_picked":["Immolate","Barricade"],"picked":"Impervious","floor":33},{"not_picked":["Armaments","jedi:hate+1","Sever Soul+1"],"picked":"SKIP","floor":35},{"not_picked":["jedi:fear","Body Slam+1","Feed"],"picked":"SKIP","floor":38},{"not_picked":["jedi:fear","hubris:ReadiedAction+1","Life Link"],"picked":"SKIP","floor":39},{"not_picked":["Pommel Strike+1","hubris:ReadiedAction+1"],"picked":"Shockwave+1","floor":40},{"not_picked":["Hemokinesis+1","Headbutt+1","Body Slam"],"picked":"SKIP","floor":42},{"not_picked":["Twin Strike+1","ReplayTheSpireMod:Strike From Hell+1","Sword Boomerang+1"],"picked":"SKIP","floor":44},{"not_picked":["Perfected Strike+1","Wild Strike+1"],"picked":"Iron Wave+1","floor":45}],"player_experience":208357,"relics_obtained":[{"floor":6,"key":"Omamori"},{"floor":9,"key":"Grinning Jar"},{"floor":13,"key":"Bag of Marbles"},{"floor":20,"key":"DemoMod:Metronome"},{"floor":23,"key":"Replay:WaspNest"},{"floor":31,"key":"hubris:DuctTape"},{"floor":40,"key":"Whetstone"},{"floor":42,"key":"Oddly Smooth Stone"},{"floor":43,"key":"Molten Egg 2"},{"floor":44,"key":"Gambling Chip"}],"event_choices":[{"damage_healed":0,"gold_gain":1,"player_choice":"1","damage_taken":0,"max_hp_gain":0,"max_hp_loss":0,"event_name":"betterStone:BetterStone","floor":2,"gold_loss":0},{"damage_healed":0,"gold_gain":0,"cards_transformed":["Strike_R"],"player_choice":"Change","damage_taken":0,"max_hp_gain":0,"max_hp_loss":0,"event_name":"Living Wall","floor":5,"gold_loss":0,"cards_obtained":["jedi:suffering"]},{"damage_healed":0,"gold_gain":0,"player_choice":"Cursed","damage_taken":0,"max_hp_gain":0,"max_hp_loss":0,"event_name":"Wheel of Change","floor":12,"gold_loss":0,"cards_obtained":["Decay"]},{"damage_healed":0,"gold_gain":0,"player_choice":"Trade","damage_taken":0,"relics_obtained":["SsserpentHead"],"max_hp_gain":0,"max_hp_loss":0,"event_name":"FaceTrader","floor":21,"gold_loss":0},{"damage_healed":0,"gold_gain":0,"player_choice":"Got Potions","damage_taken":0,"max_hp_gain":0,"max_hp_loss":0,"event_name":"Lab","floor":36,"gold_loss":0},{"cards_removed":["Strike_R"],"damage_healed":0,"gold_gain":0,"player_choice":"Purged","damage_taken":0,"max_hp_gain":0,"max_hp_loss":0,"event_name":"Purifier","floor":48,"gold_loss":0}],"is_beta":false,"boss_relics":[{"not_picked":["Runic Dome","hubris:ScarierMask"],"picked":"hubris:Backtick"},{"not_picked":["hubris:Stopwatch","Pandora\u0027s Box"],"picked":"Tiny House"}],"items_purged_floors":[19],"is_endless":false,"potions_floor_spawned":[1,6,7,10,18,24,25,28,31,39,40,44,45,46],"ascension_level":1}}