{"host":"uc8wz0q199a7d901","time":1612337062,"event":{"mods":["2.2 Compatiblity","BaseMod","Colored Map","DeckTracker","Highlight Path","Minty Spire (QoL Compilation)","Permanent Neow","Quick Restart","SuperFastMode"],"gold_per_floor":[134,174,214,254,294,294,324,324,349,389,744,248,198,238,238,338,338,353,13,48,63,103,133,133,33,58,73,73,103,143,167,167,276,276,300,324,324,140,164,164,203,218,218,218,218],"floor_reached":44,"language":"KOR","playtime":1629,"items_purged":["Strike_B","Strike_B","Defend_B"],"score":596,"play_id":"a82884c8-88df-4936-9f59-2fb97917d42c","local_time":"20210203162422","daily_mods":["Allstar","Purple Cards","Lethality"],"is_ascension_mode":false,"campfire_choices":[{"data":"Apotheosis","floor":6.0,"key":"SMITH"},{"floor":15,"key":"REST"},{"floor":24,"key":"REST"},{"floor":32,"key":"REST"},{"floor":40,"key":"REST"}],"circlet_count":0,"master_deck":["Strike_B","Strike_B","Defend_B+1","Defend_B","Zap","Dualcast","Bandage Up","Apotheosis+1","Secret Weapon","Secret Technique","HandOfGreed","Conserve Battery","Ball Lightning","Coolheaded","Double Energy+1","Defragment","Consume","Loop","Leap","Glacier","Rainbow","Core Surge","Go for the Eyes+1","Master of Strategy","EmptyMind","Capacitor","Auto Shields+1","Thunder Strike","Hologram+1","Creative AI","Storm","Fission","Scrawl"],"relics":["Cracked Core","Ornamental Fan","Omamori","Dream Catcher","Nuclear Battery","Runic Capacitor","Boot","CeramicFish","Nloth\u0027s Gift","Strawberry","Fusion Hammer","HornCleat","Bag of Preparation"],"acts_visited":["Exordium","TheCity","TheBeyond"],"potions_floor_usage":[14,16,22,27,29,35,41,42],"damage_taken":[{"damage":0.0,"enemies":"Cultist","floor":1.0,"turns":2.0},{"damage":9.0,"enemies":"2 Louse","floor":2.0,"turns":3.0},{"damage":7.0,"enemies":"Jaw Worm","floor":3.0,"turns":3.0},{"damage":9.0,"enemies":"Large Slime","floor":4.0,"turns":3.0},{"damage":6.0,"enemies":"Red Slaver","floor":5.0,"turns":2.0},{"damage":0.0,"enemies":"Gremlin Nob","floor":7.0,"turns":2.0},{"damage":18.0,"enemies":"Lots of Slimes","floor":10.0,"turns":4.0},{"damage":14.0,"enemies":"3 Sentries","floor":11.0,"turns":4.0},{"damage":19,"enemies":"Exordium Thugs","floor":14,"turns":3},{"damage":38,"enemies":"The Guardian","floor":16,"turns":8},{"damage":5,"enemies":"Spheric Guardian","floor":18,"turns":4},{"damage":10,"enemies":"2 Thieves","floor":20,"turns":3},{"damage":12,"enemies":"Sentry and Sphere","floor":21,"turns":4},{"damage":8,"enemies":"Cultist and Chosen","floor":22,"turns":5},{"damage":8,"enemies":"Book of Stabbing","floor":23,"turns":5},{"damage":28,"enemies":"Chosen and Byrds","floor":27,"turns":5},{"damage":18,"enemies":"Gremlin Leader","floor":29,"turns":6},{"damage":5,"enemies":"Sentry and Sphere","floor":30,"turns":4},{"damage":26,"enemies":"Centurion and Healer","floor":31,"turns":5},{"damage":0,"enemies":"Champ","floor":33,"turns":10},{"damage":9,"enemies":"3 Darklings","floor":35,"turns":5},{"damage":0,"enemies":"3 Shapes","floor":36,"turns":5},{"damage":17,"enemies":"Transient","floor":39,"turns":5},{"damage":68,"enemies":"Nemesis","floor":41,"turns":5},{"damage":14,"enemies":"Spire Growth","floor":42,"turns":4},{"damage":16,"enemies":"4 Shapes","floor":44,"turns":1}],"seed_played":"4031875728642390749","potions_obtained":[{"floor":2.0,"key":"SkillPotion"},{"floor":4.0,"key":"BlessingOfTheForge"},{"floor":14,"key":"BlessingOfTheForge"},{"floor":16,"key":"Regen Potion"},{"floor":20,"key":"LiquidBronze"},{"floor":21,"key":"GamblersBrew"},{"floor":22,"key":"Weak Potion"},{"floor":31,"key":"Weak Potion"},{"floor":33,"key":"DuplicationPotion"},{"floor":36,"key":"Energy Potion"}],"is_trial":false,"path_per_floor":["M","M","M","M","M","R","E","?","T","M","E","$","?","M","R","B",null,"M","$","M","M","M","E","R","$","T","M","?","E","M","M","R","B",null,"M","M","?","$","M","R","E","M","T","M"],"character_chosen":"DEFECT","items_purchased":["Loop","Dream Catcher","SkillPotion","CultistPotion","Leap","Runic Capacitor","Master of Strategy","Storm"],"campfire_rested":4,"item_purchase_floors":[12,12,12,12,12,19,19,38],"current_hp_per_floor":[75,66,63,60,54,54,60,45,45,33,25,25,25,12,34,2,75,70,70,64,58,56,54,75,75,75,53,53,60,61,41,65,71,82,73,79,79,79,66,82,20,10,10,0,0],"gold":218,"neow_bonus":"","is_daily":true,"chose_seed":false,"campfire_upgraded":1,"win_rate":0.0,"timestamp":1612337062,"path_taken":["M","M","?","M","M","R","E","?","T","M","E","$","?","M","R","BOSS","M","$","M","M","M","E","R","$","T","M","?","E","M","M","R","BOSS","M","M","?","$","M","R","E","M","T","M"],"items_purchased_type":["Card","Relic","Potion","Potion","Card","Relic","Card","Card"],"build_version":"2020-12-22","purchased_purges":3,"victory":false,"max_hp_per_floor":[75,75,75,75,75,75,75,75,75,75,75,75,75,75,75,75,75,75,75,75,75,75,75,75,75,75,75,75,82,82,82,82,82,82,82,82,82,82,82,82,82,82,82,82,82],"card_choices":[{"not_picked":["Coolheaded","Stack"],"picked":"Conserve Battery","floor":1.0},{"not_picked":["ClearTheMind","Swivel"],"picked":"Ball Lightning","floor":2.0},{"not_picked":["Lockon","Cold Snap"],"picked":"Coolheaded","floor":3.0},{"not_picked":["Halt","Crescendo"],"picked":"Double Energy","floor":4.0},{"not_picked":["Sanctity","Aggregate"],"picked":"Defragment","floor":5.0},{"not_picked":["Gash","Compile Driver","Sweeping Beam"],"picked":"SKIP","floor":7.0},{"not_picked":["Ball Lightning","Aggregate"],"picked":"Consume","floor":10.0},{"not_picked":["PathToVictory","Redo","ThirdEye"],"picked":"SKIP","floor":11.0},{"not_picked":["Redo","Capacitor"],"picked":"Glacier","floor":14},{"not_picked":["Skim","Turbo"],"picked":"Rainbow","floor":15},{"not_picked":["Meteor Strike","Multi-Cast"],"picked":"Core Surge","floor":16},{"not_picked":["SashWhip","Steam+1"],"picked":"Go for the Eyes+1","floor":18},{"not_picked":["Hello World+1","SashWhip","Barrage"],"picked":"SKIP","floor":20},{"not_picked":["EmptyBody+1","Weave+1","EmptyMind"],"picked":"SKIP","floor":21},{"not_picked":["EmptyBody+1","Weave+1"],"picked":"EmptyMind","floor":21},{"not_picked":["Leap","Reprogram","ThirdEye"],"picked":"SKIP","floor":22},{"not_picked":["Cold Snap","Consecrate","Steam"],"picked":"SKIP","floor":23},{"not_picked":["Beam Cell","ThirdEye"],"picked":"Capacitor","floor":24},{"not_picked":["Beam Cell","Prostrate","Cold Snap"],"picked":"SKIP","floor":27},{"not_picked":["Streamline","Tantrum","Establishment"],"picked":"SKIP","floor":29},{"not_picked":["JustLucky","Adaptation","Compile Driver+1"],"picked":"SKIP","floor":30},{"not_picked":["Coolheaded","Leap"],"picked":"Auto Shields+1","floor":31},{"not_picked":["ConjureBlade","Machine Learning"],"picked":"Thunder Strike","floor":33},{"not_picked":["EmptyBody+1","Redo+1"],"picked":"Hologram+1","floor":35},{"not_picked":["Crescendo","Protect"],"picked":"Creative AI","floor":36},{"not_picked":["Crescendo+1","Cold Snap"],"picked":"Fission","floor":39},{"not_picked":["Conserve Battery","Go for the Eyes+1"],"picked":"Scrawl","floor":41},{"not_picked":["MentalFortress","Tantrum","BootSequence"],"picked":"SKIP","floor":42}],"player_experience":717464,"relics_obtained":[{"floor":7.0,"key":"Ornamental Fan"},{"floor":9.0,"key":"Omamori"},{"floor":11.0,"key":"Old Coin"},{"floor":23,"key":"Boot"},{"floor":26,"key":"CeramicFish"},{"floor":29,"key":"Strawberry"},{"floor":41,"key":"HornCleat"},{"floor":43,"key":"Bag of Preparation"}],"event_choices":[{"damage_healed":0.0,"max_hp_gain":0.0,"max_hp_loss":0.0,"gold_gain":0.0,"event_name":"Shining Light","player_choice":"Entered Light","floor":8.0,"gold_loss":0.0,"damage_taken":15.0,"cards_upgraded":["Defend_B","Double Energy"]},{"cards_removed":["Defend_B"],"damage_healed":0.0,"max_hp_gain":0.0,"max_hp_loss":0.0,"gold_gain":0.0,"event_name":"The Cleric","player_choice":"Card Removal","floor":13.0,"gold_loss":50.0,"damage_taken":0.0},{"damage_healed":0,"gold_gain":0,"player_choice":"Traded Relic","damage_taken":0,"relics_obtained":["Nloth\u0027s Gift"],"max_hp_gain":0,"max_hp_loss":0,"event_name":"N\u0027loth","floor":28,"relics_lost":["Old Coin"],"gold_loss":0},{"damage_healed":0,"gold_gain":0,"player_choice":"Bought 0 Potions","damage_taken":0,"max_hp_gain":0,"max_hp_loss":0,"event_name":"The Woman in Blue","floor":37,"gold_loss":0}],"is_beta":false,"boss_relics":[{"not_picked":["Busted Crown","Snecko Eye"],"picked":"Nuclear Battery"},{"not_picked":["SacredBark","Runic Pyramid"],"picked":"Fusion Hammer"}],"items_purged_floors":[12,25,38],"is_endless":false,"potions_floor_spawned":[2,4,14,16,20,21,22,31,33,36,39],"killed_by":"4 Shapes","ascension_level":0}}