{"host":"lip44byzewa3adv8","time":1612359829,"event":{"mods":["BaseMod","Curses Come First","Minty Spire (QoL Compilation)","Relic Sorter","Relic Stats","StSLib","Synergy Search"],"gold_per_floor":[17,33,52,65,79,107,107,142,142,142,172,186,201,211,211,314,314,324,335,349,361,49,49,49],"floor_reached":23,"language":"ENG","playtime":1887,"items_purged":[],"score":321,"play_id":"48c27a52-769b-4e6f-a303-52f900611e03","local_time":"20210203084349","is_ascension_mode":true,"campfire_choices":[{"floor":7.0,"key":"REST"},{"data":"Feel No Pain","floor":15.0,"key":"SMITH"}],"circlet_count":0,"master_deck":["Strike_R","Strike_R","Strike_R","Strike_R","Strike_R","Defend_R","Defend_R","Defend_R","Defend_R","Bash","Corruption","Shrug It Off","Battle Trance","Clothesline","Sword Boomerang","Disarm","Feed","Twin Strike","Twin Strike","Feel No Pain+1","True Grit","Impervious","Reaper","Flame Barrier","Armaments","Shrug It Off+1","Armaments+1"],"relics":["Burning Blood","Regal Pillow","Art of War","Gremlin Horn","The Courier","Philosopher\u0027s Stone","Vajra","Singing Bowl"],"acts_visited":["Exordium","TheCity"],"potions_floor_usage":[16,19,19,21],"damage_taken":[{"damage":9.0,"enemies":"2 Louse","floor":1.0,"turns":3.0},{"damage":0.0,"enemies":"Cultist","floor":2.0,"turns":4.0},{"damage":6.0,"enemies":"Jaw Worm","floor":3.0,"turns":4.0},{"damage":3.0,"enemies":"Looter","floor":4.0,"turns":4.0},{"damage":5.0,"enemies":"2 Fungi Beasts","floor":5.0,"turns":5.0},{"damage":60.0,"enemies":"Gremlin Nob","floor":6.0,"turns":6.0},{"damage":27.0,"enemies":"Lagavulin","floor":8.0,"turns":9.0},{"damage":27.0,"enemies":"Gremlin Nob","floor":11.0,"turns":5.0},{"damage":7.0,"enemies":"Red Slaver","floor":12.0,"turns":4.0},{"damage":6.0,"enemies":"Lots of Slimes","floor":13.0,"turns":6.0},{"damage":0.0,"enemies":"Blue Slaver","floor":14.0,"turns":4.0},{"damage":42,"enemies":"Slime Boss","floor":16,"turns":17},{"damage":9,"enemies":"Chosen","floor":18,"turns":7},{"damage":0,"enemies":"3 Byrds","floor":19,"turns":1},{"damage":50,"enemies":"Cultist and Chosen","floor":20,"turns":11},{"damage":18,"enemies":"Sentry and Sphere","floor":21,"turns":10},{"damage":51,"enemies":"Book of Stabbing","floor":23,"turns":7}],"seed_played":"-3601959903652505187","potions_obtained":[{"floor":2.0,"key":"LiquidMemories"},{"floor":3.0,"key":"Swift Potion"},{"floor":6.0,"key":"ElixirPotion"},{"floor":8.0,"key":"Strength Potion"},{"floor":10.0,"key":"DuplicationPotion"},{"floor":10.0,"key":"EntropicBrew"},{"floor":13.0,"key":"Explosive Potion"},{"floor":14.0,"key":"Dexterity Potion"},{"floor":18,"key":"LiquidBronze"},{"floor":20,"key":"Explosive Potion"}],"is_trial":false,"path_per_floor":["M","M","M","M","M","E","R","E","T","?","E","M","M","M","R","B",null,"M","M","M","M","$","E"],"character_chosen":"IRONCLAD","items_purchased":["Vajra","Singing Bowl"],"campfire_rested":1,"item_purchase_floors":[22,22],"current_hp_per_floor":[69,75,75,78,79,25,64,46,46,46,28,30,33,42,42,9,76,80,86,51,42,42,0,0],"gold":49,"neow_bonus":"THREE_RARE_CARDS","is_daily":false,"chose_seed":false,"campfire_upgraded":1,"win_rate":0.0,"timestamp":1612359829,"path_taken":["M","M","M","M","M","E","R","E","T","?","E","M","?","M","R","BOSS","M","M","M","?","$","E"],"items_purchased_type":["Relic","Relic"],"build_version":"2020-12-22","purchased_purges":0,"victory":false,"max_hp_per_floor":[80,80,80,80,80,80,80,83,83,83,86,89,92,95,95,98,98,101,101,104,107,107,107,107],"relic_stats":{"Regal Pillow":15,"Gremlin Horn":[10,11],"Singing Bowl":0,"counters":[17,107],"Art of War":[6],"obtain_stats":[{"Regal Pillow":6,"Gremlin Horn":9,"Singing Bowl":22,"Vajra":22,"Philosopher\u0027s Stone":17,"The Courier":11,"Art of War":8,"Burning Blood":0},{"Regal Pillow":6,"Gremlin Horn":7,"Singing Bowl":16,"Vajra":16,"Philosopher\u0027s Stone":12,"The Courier":8,"Art of War":7,"Burning Blood":0},{"Regal Pillow":26,"Gremlin Horn":35,"Singing Bowl":100,"Vajra":100,"Philosopher\u0027s Stone":71,"The Courier":40,"Art of War":35,"Burning Blood":0}],"Burning Blood":96},"card_choices":[{"not_picked":["Double Tap","Barricade"],"picked":"Corruption","floor":0.0},{"not_picked":["Cleave","Iron Wave"],"picked":"Shrug It Off","floor":1.0},{"not_picked":["Pommel Strike","Armaments"],"picked":"Battle Trance","floor":2.0},{"not_picked":["Thunderclap","Metallicize"],"picked":"Clothesline","floor":3.0},{"not_picked":["Carnage","Pommel Strike"],"picked":"Sword Boomerang","floor":4.0},{"not_picked":["Shrug It Off","Intimidate"],"picked":"Disarm","floor":5.0},{"not_picked":["Hemokinesis","Ghostly Armor"],"picked":"Feed","floor":6.0},{"not_picked":["Dual Wield","Intimidate"],"picked":"Twin Strike","floor":8.0},{"not_picked":["Body Slam","Flex"],"picked":"Twin Strike","floor":11.0},{"not_picked":["Rampage","Havoc"],"picked":"Feel No Pain","floor":12.0},{"not_picked":["Pommel Strike","Flex"],"picked":"True Grit","floor":13.0},{"not_picked":["Thunderclap","Body Slam"],"picked":"Impervious","floor":14.0},{"not_picked":["Brutality","Bludgeon"],"picked":"Reaper","floor":16},{"not_picked":["Havoc+1","Pommel Strike"],"picked":"Flame Barrier","floor":18},{"not_picked":["Flex+1","Havoc"],"picked":"Armaments","floor":19},{"not_picked":["Second Wind","Perfected Strike"],"picked":"Shrug It Off+1","floor":20},{"not_picked":["Warcry","Havoc"],"picked":"Armaments+1","floor":21}],"player_experience":794424,"relics_obtained":[{"floor":6.0,"key":"Regal Pillow"},{"floor":8.0,"key":"Art of War"},{"floor":9.0,"key":"Gremlin Horn"},{"floor":11.0,"key":"The Courier"}],"event_choices":[{"damage_healed":0.0,"max_hp_gain":0.0,"max_hp_loss":0.0,"gold_gain":0.0,"event_name":"Lab","player_choice":"Got Potions","floor":10.0,"gold_loss":0.0,"damage_taken":0.0}],"is_beta":false,"boss_relics":[{"not_picked":["Coffee Dripper","Runic Pyramid"],"picked":"Philosopher\u0027s Stone"}],"items_purged_floors":[],"is_endless":false,"potions_floor_spawned":[2,3,6,8,12,13,14,18,20],"killed_by":"Book of Stabbing","ascension_level":7}}