{"host":"1nniobf0g4s2td4e","time":1612322708,"event":{"mods":["2.2 Compatiblity","BaseMod","Minty Spire (QoL Compilation)","StSLib","SuperFastMode"],"gold_per_floor":[110,110,127,152,152,152,182,182,182,182,182,182,235,57,57,187,187,206,206,156,156,255,255,255,255,278,578,578,528,528,542,542,642,642,655,655,230,230,285,285,297,309,321,333,345,357,369,431,443,455],"floor_reached":51,"language":"ENG","playtime":686,"items_purged":["Strike_R","Strike_R","Body Slam"],"score":840,"play_id":"352c6898-8704-4165-9380-f19850050529","local_time":"20210202212508","daily_mods":["Flight"],"is_ascension_mode":false,"campfire_choices":[{"floor":6,"key":"DIG"},{"data":"1","floor":8,"key":"LIFT"},{"data":"2","floor":10,"key":"LIFT"},{"data":"3","floor":15,"key":"LIFT"},{"floor":23,"key":"DIG"},{"floor":24,"key":"DIG"},{"floor":25,"key":"DIG"},{"floor":27,"key":"DIG"},{"floor":32,"key":"DIG"},{"floor":40,"key":"DIG"},{"floor":41,"key":"DIG"},{"floor":42,"key":"DIG"},{"floor":44,"key":"DIG"},{"floor":47,"key":"DIG"},{"floor":49,"key":"DIG"}],"circlet_count":0,"master_deck":["Strike_R","Strike_R","Defend_R","Defend_R","Defend_R","Bash","Cleave","Double Tap","Iron Wave","Limit Break","Shockwave","Sword Boomerang+1","Pummel","Flash of Steel","Thunderclap"],"relics":["Burning Blood","Shovel","Juzu Bracelet","Pantograph","Girya","Odd Mushroom","Ice Cream","Bloody Idol","Smiling Mask","Bag of Marbles","Sozu","Question Card","PreservedInsect","Pear","Vajra","Old Coin","HornCleat","Enchiridion","Nunchaku","Mark of Pain","Membership Card","Ginger","Akabeko","CaptainsWheel","MawBank","Pen Nib","Letter Opener","Du-Vu Doll","InkBottle","Art of War","Thread and Needle","Mercury Hourglass"],"acts_visited":["Exordium","TheCity","TheBeyond"],"potions_floor_usage":[],"damage_taken":[{"damage":4,"enemies":"Small Slimes","floor":1,"turns":4},{"damage":6,"enemies":"Jaw Worm","floor":3,"turns":3},{"damage":20,"enemies":"The Mushroom Lair","floor":7,"turns":4},{"damage":65,"enemies":"The Guardian","floor":16,"turns":13},{"damage":14,"enemies":"Spheric Guardian","floor":18,"turns":4},{"damage":5,"enemies":"3 Byrds","floor":31,"turns":3},{"damage":44,"enemies":"Champ","floor":33,"turns":7},{"damage":0,"enemies":"3 Darklings","floor":35,"turns":3},{"damage":17,"enemies":"2 Orb Walkers","floor":39,"turns":3},{"damage":0,"enemies":"Mind Bloom Boss Battle","floor":48,"turns":1},{"damage":52,"enemies":"Awakened One","floor":50,"turns":6}],"seed_played":"-4783645778690659781","potions_obtained":[{"floor":3,"key":"SkillPotion"}],"is_trial":true,"path_per_floor":["M","?","M","T","?","R","?","R","T","R","?","?","T","$","R","B",null,"M","?","$","?","?","R","R","R","T","R","T","$","?","M","R","B",null,"M","?","$","?","?","R","R","R","T","R","?","?","R","?","R","B",null],"character_chosen":"IRONCLAD","items_purchased":["Bag of Marbles","Iron Wave","Membership Card","Ginger","Akabeko"],"campfire_rested":0,"item_purchase_floors":[14,14,37,37,37],"current_hp_per_floor":[80,80,80,80,77,77,63,63,63,63,68,47,47,47,47,13,85,77,77,77,77,82,82,82,92,95,95,95,95,79,85,85,62,95,95,95,95,95,89,89,94,95,95,95,95,95,95,95,95,49],"gold":467,"neow_bonus":"","is_daily":false,"chose_seed":false,"campfire_upgraded":0,"win_rate":0.0,"timestamp":1612322708,"path_taken":["M","?","M","?","?","R","?","R","T","R","?","?","?","$","R","BOSS","M","?","$","?","?","R","R","R","T","R","?","$","?","M","R","BOSS","M","?","$","?","?","R","R","R","T","R","?","?","R","?","R","BOSS"],"items_purchased_type":["Relic","Card","Relic","Relic","Relic"],"build_version":"2020-12-22","purchased_purges":3,"victory":true,"max_hp_per_floor":[80,80,80,80,80,80,80,80,80,80,85,85,85,85,85,85,85,85,85,85,85,85,85,85,95,95,95,95,95,95,95,95,95,95,95,95,95,95,95,95,95,95,95,95,95,95,95,95,95,95],"card_choices":[{"not_picked":["Wild Strike","Evolve"],"picked":"Cleave","floor":1},{"not_picked":["Pommel Strike","Feel No Pain","Sentinel"],"picked":"SKIP","floor":3},{"not_picked":["Reaper","Demon Form"],"picked":"Limit Break","floor":16},{"not_picked":["Carnage","Sentinel","Armaments"],"picked":"SKIP","floor":18},{"not_picked":["Searing Blow+1","Shrug It Off","Inflame+1"],"picked":"Shockwave","floor":31},{"not_picked":["Clothesline+1","Blood for Blood+1","Heavy Blade"],"picked":"Sword Boomerang+1","floor":35},{"not_picked":["Clothesline+1","Sentinel+1","Spot Weakness+1"],"picked":"Pummel","floor":39},{"not_picked":["Purity","Mind Blast","Discovery"],"picked":"Flash of Steel","floor":46},{"not_picked":["Clothesline","Heavy Blade+1","Wild Strike+1"],"picked":"Thunderclap","floor":48}],"player_experience":769363,"relics_obtained":[{"floor":4,"key":"Juzu Bracelet"},{"floor":6,"key":"Girya"},{"floor":7,"key":"Odd Mushroom"},{"floor":9,"key":"Ice Cream"},{"floor":13,"key":"Smiling Mask"},{"floor":23,"key":"Question Card"},{"floor":24,"key":"PreservedInsect"},{"floor":25,"key":"Pear"},{"floor":26,"key":"Vajra"},{"floor":27,"key":"Old Coin"},{"floor":28,"key":"HornCleat"},{"floor":30,"key":"Enchiridion"},{"floor":32,"key":"Nunchaku"},{"floor":39,"key":"CaptainsWheel"},{"floor":40,"key":"MawBank"},{"floor":41,"key":"Pen Nib"},{"floor":42,"key":"Letter Opener"},{"floor":43,"key":"Du-Vu Doll"},{"floor":44,"key":"InkBottle"},{"floor":47,"key":"Art of War"},{"floor":48,"key":"Thread and Needle"},{"floor":49,"key":"Mercury Hourglass"}],"event_choices":[{"damage_healed":0,"gold_gain":0,"cards_transformed":["Strike_R"],"player_choice":"Change","damage_taken":0,"max_hp_gain":0,"max_hp_loss":0,"event_name":"Living Wall","floor":2,"gold_loss":0,"cards_obtained":["Double Tap"]},{"damage_healed":0,"gold_gain":0,"player_choice":"Success","damage_taken":3,"relics_obtained":["Pantograph"],"max_hp_gain":0,"max_hp_loss":0,"event_name":"Scrap Ooze","floor":5,"gold_loss":0},{"damage_healed":0,"gold_gain":0,"player_choice":"Fought Mushrooms","damage_taken":0,"max_hp_gain":0,"max_hp_loss":0,"event_name":"Mushrooms","floor":7,"gold_loss":0},{"damage_healed":0,"gold_gain":0,"player_choice":"Donut","damage_taken":0,"max_hp_gain":5,"max_hp_loss":0,"event_name":"Big Fish","floor":11,"gold_loss":0},{"damage_healed":0,"gold_gain":0,"player_choice":"Take Damage","damage_taken":21,"relics_obtained":["Golden Idol"],"max_hp_gain":0,"max_hp_loss":0,"event_name":"Golden Idol","floor":12,"gold_loss":0},{"damage_healed":0,"gold_gain":0,"player_choice":"Ignored","damage_taken":0,"max_hp_gain":0,"max_hp_loss":0,"event_name":"Vampires","floor":19,"gold_loss":0},{"damage_healed":0,"gold_gain":0,"player_choice":"Gave Idol","damage_taken":0,"relics_obtained":["Bloody Idol"],"max_hp_gain":0,"max_hp_loss":0,"event_name":"Forgotten Altar","floor":21,"relics_lost":["Golden Idol"],"gold_loss":0},{"damage_healed":0,"gold_gain":99,"player_choice":"Stole From Cult","damage_taken":0,"max_hp_gain":0,"max_hp_loss":0,"event_name":"Nest","floor":22,"gold_loss":0},{"damage_healed":0,"gold_gain":0,"player_choice":"Obtained Book","damage_taken":16,"max_hp_gain":0,"max_hp_loss":0,"event_name":"Cursed Tome","floor":30,"gold_loss":0},{"damage_healed":0,"gold_gain":0,"player_choice":"1 cards matched","damage_taken":0,"max_hp_gain":0,"max_hp_loss":0,"event_name":"Match and Keep!","floor":36,"gold_loss":0,"cards_obtained":["Body Slam"]},{"cards_removed":["Defend_R"],"damage_healed":0,"gold_gain":0,"player_choice":"Removed Skill","damage_taken":0,"max_hp_gain":0,"max_hp_loss":0,"event_name":"Falling","floor":38,"gold_loss":0},{"damage_healed":0,"gold_gain":0,"player_choice":"Fight","damage_taken":0,"max_hp_gain":0,"max_hp_loss":0,"event_name":"Mysterious Sphere","floor":39,"gold_loss":0},{"damage_healed":0,"gold_gain":0,"player_choice":"Ignored","damage_taken":0,"max_hp_gain":0,"max_hp_loss":0,"event_name":"Tomb of Lord Red Mask","floor":45,"gold_loss":0},{"damage_healed":0,"gold_gain":0,"player_choice":"Memory 1","damage_taken":0,"max_hp_gain":0,"max_hp_loss":0,"event_name":"SensoryStone","floor":46,"gold_loss":0},{"damage_healed":0,"gold_gain":0,"player_choice":"Fight","damage_taken":0,"max_hp_gain":0,"max_hp_loss":0,"event_name":"MindBloom","floor":48,"gold_loss":0}],"is_beta":false,"boss_relics":[{"not_picked":["SlaversCollar","Astrolabe"],"picked":"Sozu"},{"not_picked":["Empty Cage","Snecko Eye"],"picked":"Mark of Pain"}],"items_purged_floors":[20,29,37],"is_endless":false,"potions_floor_spawned":[3,18,48],"ascension_level":0}}