{"host":"6pfj0wha12yu6wq3","time":1612393675,"event":{"mods":["AchievementEnabler","BaseMod","Colored Map","Colored Powertips","Curses Come First","DeckTracker","Minty Spire (QoL Compilation)","RNG Fix","Relic Sorter","Relic Stats","StSLib","UnlockEverythingMod","ojb\u0027s Better Paths Mod","ojb\u0027s Info Mod"],"gold_per_floor":[113,113,78,97,110,142,192,192,192],"floor_reached":8,"language":"ENG","playtime":245,"items_purged":[],"score":112,"play_id":"e5bc644c-8899-4c48-b640-33b9999f5d0f","local_time":"20210203180755","is_ascension_mode":true,"campfire_choices":[],"circlet_count":0,"master_deck":["AscendersBane","Strike_G","Strike_G","Strike_G","Strike_G","Strike_G","Defend_G","Defend_G","Defend_G","Defend_G","Survivor","Neutralize","Quick Slash","Dash","Dash","Corpse Explosion"],"relics":["Ring of the Snake","NeowsBlessing","Meat on the Bone"],"acts_visited":["Exordium"],"potions_floor_usage":[8],"damage_taken":[{"damage":0,"enemies":"Jaw Worm","floor":1,"turns":1},{"damage":0,"enemies":"2 Louse","floor":4,"turns":1},{"damage":0,"enemies":"Small Slimes","floor":5,"turns":1},{"damage":28,"enemies":"Gremlin Nob","floor":6,"turns":5},{"damage":48,"enemies":"Lagavulin","floor":8,"turns":10}],"seed_played":"3701997432360142422","potions_obtained":[{"floor":1,"key":"SpeedPotion"}],"is_trial":false,"path_per_floor":["M","?","?","M","M","E","?","E"],"character_chosen":"THE_SILENT","items_purchased":[],"campfire_rested":0,"item_purchase_floors":[],"current_hp_per_floor":[59,52,66,66,66,38,32,0,0],"gold":192,"neow_bonus":"THREE_ENEMY_KILL","is_daily":false,"chose_seed":false,"campfire_upgraded":0,"win_rate":0.0,"timestamp":1612393675,"path_taken":["M","?","?","M","?","E","?","E"],"items_purchased_type":[],"build_version":"2020-12-22","purchased_purges":0,"victory":false,"max_hp_per_floor":[66,66,66,66,66,66,66,66,66],"relic_stats":{"counters":[5,18],"obtain_stats":[{"NeowsBlessing":0,"Ring of the Snake":0,"Meat on the Bone":6},{"NeowsBlessing":0,"Ring of the Snake":0,"Meat on the Bone":4},{"NeowsBlessing":0,"Ring of the Snake":0,"Meat on the Bone":8}],"Ring of the Snake":[10],"Meat on the Bone":0},"card_choices":[{"not_picked":["Deflect","Flying Knee"],"picked":"Quick Slash","floor":1},{"not_picked":["Cloak And Dagger","Accuracy"],"picked":"Dash","floor":4},{"not_picked":["Escape Plan","Distraction"],"picked":"Dash","floor":5},{"not_picked":["Cloak And Dagger","Dagger Spray"],"picked":"Corpse Explosion","floor":6}],"player_experience":608205,"relics_obtained":[{"floor":6,"key":"Meat on the Bone"}],"event_choices":[{"cards_removed":["Defend_G"],"damage_healed":0,"gold_gain":0,"player_choice":"Card Removal","damage_taken":7,"max_hp_gain":0,"max_hp_loss":0,"event_name":"Golden Wing","floor":2,"gold_loss":0},{"damage_healed":16,"gold_gain":0,"player_choice":"Healed","damage_taken":0,"max_hp_gain":0,"max_hp_loss":0,"event_name":"The Cleric","floor":3,"gold_loss":35},{"damage_healed":0,"gold_gain":50,"player_choice":"Touch","damage_taken":6,"max_hp_gain":0,"max_hp_loss":0,"event_name":"FaceTrader","floor":7,"gold_loss":0}],"is_beta":false,"boss_relics":[],"items_purged_floors":[],"is_endless":false,"potions_floor_spawned":[1],"killed_by":"Lagavulin","ascension_level":20}}