{"host":"3498uni0c31c9bdm","time":1612377299,"event":{"mods":["BaseMod","Better Third Choice","Minty Spire (QoL Compilation)","Replay The Spire","StSLib"],"gold_per_floor":[119,182,182,194,204,204,61,90,90,103,132,132,165,22,22,22,22],"floor_reached":16,"language":"ENG","playtime":483,"items_purged":[],"score":215,"play_id":"69c09adf-d9aa-4811-9123-074e57379337","local_time":"20210204053459","is_ascension_mode":true,"campfire_choices":[{"floor":6,"key":"RECALL"},{"floor":15,"key":"REST"}],"circlet_count":0,"master_deck":["AscendersBane","Strike_G","Strike_G","Strike_G","Strike_G","Strike_G","Defend_G","Defend_G","Defend_G","Defend_G","Defend_G","Survivor","Neutralize","ReplayTheSpireMod:Scrap Shanks","ReplayTheSpireMod:Splinters","Flechettes","Tactician","Bane","Blade Dance","PiercingWail","Calculated Gamble","Replay:Poison Smokescreen","Quick Slash"],"relics":["Ring of the Snake","NeowsBlessing","HornCleat","Sling","CaptainsWheel","Mango","NlothsMask","Toy Ornithopter","HandDrill"],"acts_visited":["Exordium"],"potions_floor_usage":[8,11,16,16],"damage_taken":[{"damage":0,"enemies":"Jaw Worm","floor":1,"turns":1},{"damage":0,"enemies":"Small Slimes","floor":4,"turns":1},{"damage":0,"enemies":"Cultist","floor":5,"turns":1},{"damage":12,"enemies":"3 Sentries","floor":8,"turns":7},{"damage":24,"enemies":"Red Slaver","floor":10,"turns":5},{"damage":0,"enemies":"Gremlin Nob","floor":11,"turns":3},{"damage":7,"enemies":"3 Sentries","floor":13,"turns":6},{"damage":75,"enemies":"Fading Forest","floor":16,"turns":9}],"seed_played":"-389371694705959421","potions_obtained":[{"floor":1,"key":"Strength Potion"},{"floor":3,"key":"AttackPotion"},{"floor":3,"key":"FearPotion"},{"floor":8,"key":"Swift Potion"}],"is_trial":false,"path_per_floor":["M","?","?","M","M","R","$","E","T","M","E","?","E","$","R","B"],"character_chosen":"THE_SILENT","items_purchased":["Sling","HandDrill"],"campfire_rested":1,"item_purchase_floors":[7,14],"current_hp_per_floor":[63,63,63,63,63,63,63,51,51,27,41,41,34,34,59,0,0],"gold":22,"neow_bonus":"THREE_ENEMY_KILL","is_daily":false,"chose_seed":false,"campfire_upgraded":0,"win_rate":0.0,"timestamp":1612377299,"path_taken":["M","?","?","M","?","R","?","E","T","M","E","?","E","$","R","BOSS"],"items_purchased_type":["Relic","Relic"],"build_version":"2020-12-22","purchased_purges":0,"victory":false,"max_hp_per_floor":[70,70,70,70,70,70,70,70,70,70,84,84,84,84,84,84,84],"card_choices":[{"not_picked":["Choke","Distraction"],"picked":"ReplayTheSpireMod:Scrap Shanks","floor":1},{"not_picked":["Eviscerate","Flying Knee"],"picked":"Flechettes","floor":2},{"not_picked":["Hidden Blade","Outmaneuver"],"picked":"Tactician","floor":2},{"not_picked":["Dodge and Roll","Grand Finale"],"picked":"Bane","floor":4},{"not_picked":["Endless Agony","ReplayTheSpireMod:Scrap Shanks"],"picked":"Blade Dance","floor":5},{"not_picked":["Reflex","Dodge and Roll"],"picked":"PiercingWail","floor":8},{"not_picked":["Deflect","PiercingWail"],"picked":"Calculated Gamble","floor":10},{"not_picked":["Sneak Up","Reflex"],"picked":"Replay:Poison Smokescreen","floor":11},{"not_picked":["Flying Knee","Storm of Steel"],"picked":"Quick Slash","floor":13}],"player_experience":827276,"relics_obtained":[{"floor":2,"key":"HornCleat"},{"floor":8,"key":"CaptainsWheel"},{"floor":11,"key":"Mango"},{"floor":13,"key":"Toy Ornithopter"}],"event_choices":[{"damage_healed":0,"gold_gain":0,"player_choice":"Got Potions","damage_taken":0,"max_hp_gain":0,"max_hp_loss":0,"event_name":"Lab","floor":3,"gold_loss":0},{"damage_healed":0,"gold_gain":0,"player_choice":"Trade","damage_taken":0,"relics_obtained":["NlothsMask"],"max_hp_gain":0,"max_hp_loss":0,"event_name":"FaceTrader","floor":12,"gold_loss":0}],"is_beta":false,"boss_relics":[],"items_purged_floors":[],"is_endless":false,"potions_floor_spawned":[1,5,8,10],"killed_by":"Fading Forest","ascension_level":10}}