{"host":"1mv6gj0zv8k9e9tz","time":1612364240,"event":{"mods":["AchievementEnabler","BaseMod","Better Third Choice","Colored Map","DeckTracker","Highlight Path","KOR Keyword Fix","Keyboard Shortcuts","Minty Spire (QoL Compilation)","Permanent Neow","Quick Restart","Rare Cards Sparkle","StSLib","SuperFastMode","everything is the same but u backflip on backflip"],"gold_per_floor":[112,32,32,48,58,58,58,58],"floor_reached":7,"language":"KOR","playtime":79,"items_purged":[],"score":72,"play_id":"4a392dd2-3345-42e3-aafa-0fd75da20cb5","local_time":"20210203235720","is_ascension_mode":true,"campfire_choices":[{"data":"Static Discharge","floor":6.0,"key":"SMITH"}],"circlet_count":0,"master_deck":["AscendersBane","Strike_B","Strike_B","Strike_B","Strike_B","Defend_B","Defend_B","Defend_B","Defend_B","Zap","Dualcast","Self Repair","Glacier","Fission","Static Discharge+1"],"relics":["Cracked Core","NeowsBlessing"],"acts_visited":["Exordium"],"potions_floor_usage":[],"damage_taken":[{"damage":0.0,"enemies":"2 Louse","floor":1.0,"turns":1.0},{"damage":0.0,"enemies":"Cultist","floor":4.0,"turns":1.0},{"damage":0.0,"enemies":"Small Slimes","floor":5.0,"turns":1.0},{"damage":15,"enemies":"3 Sentries","floor":7,"turns":3}],"seed_played":"7913393981598790947","potions_obtained":[{"floor":4.0,"key":"Swift Potion"}],"is_trial":false,"path_per_floor":["M","$","?","M","M","R","E"],"character_chosen":"DEFECT","items_purchased":["Glacier"],"campfire_rested":0,"item_purchase_floors":[2],"current_hp_per_floor":[64,64,64,64,64,64,49,49],"gold":58,"neow_bonus":"THREE_ENEMY_KILL","is_daily":false,"chose_seed":false,"campfire_upgraded":1,"win_rate":0.0,"timestamp":1612364240,"path_taken":["M","$","?","?","M","R","E"],"items_purchased_type":["Card"],"build_version":"2020-12-22","purchased_purges":0,"victory":false,"max_hp_per_floor":[71,71,71,71,71,71,71,71],"card_choices":[{"not_picked":["Turbo","Genetic Algorithm"],"picked":"Self Repair","floor":1.0},{"not_picked":["Turbo","Go for the Eyes","Streamline"],"picked":"SKIP","floor":4.0},{"not_picked":["Go for the Eyes","Streamline"],"picked":"Static Discharge","floor":5.0}],"player_experience":616872,"relics_obtained":[],"event_choices":[{"damage_healed":0.0,"max_hp_gain":0.0,"max_hp_loss":0.0,"gold_gain":0.0,"event_name":"Match and Keep!","player_choice":"1 cards matched","floor":3.0,"gold_loss":0.0,"damage_taken":0.0,"cards_obtained":["Fission"]}],"is_beta":false,"boss_relics":[],"items_purged_floors":[],"is_endless":false,"potions_floor_spawned":[4],"killed_by":"3 Sentries","ascension_level":15}}