{"host":"DrTrollPool","time":1612365778,"event":{"mods":["2.2 Compatiblity","BaseMod","BetterRewards","Colored Map","DeckTracker","Downfall","Googly Eyes","Hermit","HexUI Lib","Highlight Path","Hubris","Infinite Spire","Minty Spire (QoL Compilation)","Potionbrewer","Replay The Spire","StSLib","SuperFastMode","The Construct","The Cursed","The Disciple","The Hierophant","The Jungle","The Necromancer","The Runesmith","The Servant 0.9.4"],"gold_per_floor":[109,109,122,41,41,70,70,102,102,67,79,79,79,97,97,192,192,207,207,243,262,311,311,311,311,311,356,47,64,82,96,96,96,96],"floor_reached":33,"language":"ENG","playtime":787,"items_purged":[],"score":303,"play_id":"b8c39204-8bbb-447e-89a2-b615d0d8718a","local_time":"20210203162258","is_ascension_mode":false,"campfire_choices":[{"data":"hermit:CursedWeapon","floor":7,"key":"SMITH"},{"data":"hermit:Snapshot","floor":12,"key":"SMITH"},{"floor":15,"key":"REST"},{"data":"hermit:Horror","floor":23,"key":"SMITH"},{"data":"hermit:Covet","floor":25,"key":"SMITH"},{"floor":32,"key":"REST"}],"circlet_count":0,"master_deck":["hermit:Strike_Hermit","hermit:Strike_Hermit+1","hermit:Strike_Hermit","hermit:Strike_Hermit","hermit:Defend_Hermit","hermit:Defend_Hermit","hermit:Defend_Hermit","hermit:Defend_Hermit","hermit:Snapshot+1","hermit:Covet+1","hermit:CursedWeapon+1","hermit:Horror+1","Regret","hermit:Determination+1","hermit:CursedWeapon+1","hermit:Desperado+1","hermit:Quickdraw","hermit:HighNoon","hermit:Snipe+1"],"relics":["hermit:Momento","NeowsBlessing","Ginger","Singing Bowl","hubris:CrystalStatue","infinitespire:Bottled Soul","Replay:Towering Pillar of Hats","SacredBark","Tiny Chest","Whetstone","potionbrewer:MortarAndPestle","hubris:SlimyHat","Prayer Wheel"],"acts_visited":["Exordium","TheCity"],"potions_floor_usage":[8,16,16,21,29,30],"damage_taken":[{"damage":0,"enemies":"Jaw Worm","floor":1,"turns":1},{"damage":2,"enemies":"Small Slimes","floor":3,"turns":1},{"damage":2,"enemies":"Gremlin Nob","floor":6,"turns":1},{"damage":36,"enemies":"3 Sentries","floor":8,"turns":12},{"damage":3,"enemies":"Cultist","floor":11,"turns":3},{"damage":2,"enemies":"3 Louse","floor":14,"turns":3},{"damage":53,"enemies":"The Guardian","floor":16,"turns":10},{"damage":9,"enemies":"2 Thieves","floor":18,"turns":3},{"damage":4,"enemies":"Chosen","floor":21,"turns":2},{"damage":19,"enemies":"Centurion and Healer","floor":29,"turns":3},{"damage":13,"enemies":"Shelled Parasite and Fungi","floor":30,"turns":3},{"damage":12,"enemies":"Snake Plant","floor":31,"turns":3},{"damage":88,"enemies":"Collector","floor":33,"turns":5}],"seed_played":"7467986291645114885","potions_obtained":[{"floor":3,"key":"potionbrewer:DiscountPotion"},{"floor":11,"key":"Weak Potion"},{"floor":14,"key":"potionbrewer:BarricadePotion"},{"floor":18,"key":"Explosive Potion"},{"floor":20,"key":"Swift Potion"},{"floor":29,"key":"SkillPotion"}],"is_trial":false,"path_per_floor":["M","?","M","$","?","E","R","E","T","?","M","R","$","M","R","B",null,"M","?","?","M","T","R","?","R","T","T","$","M","M","M","R","B"],"character_chosen":"HERMIT","items_purchased":["hermit:Horror","Prayer Wheel"],"campfire_rested":2,"item_purchase_floors":[4,28],"current_hp_per_floor":[75,75,73,73,73,73,73,39,39,58,57,57,57,57,81,30,85,76,76,78,74,74,74,74,74,74,74,74,59,48,36,63,0,0],"gold":96,"neow_bonus":"THREE_ENEMY_KILL","is_daily":false,"chose_seed":false,"campfire_upgraded":4,"win_rate":0.0,"timestamp":1612365778,"path_taken":["M","?","M","$","?","E","R","E","T","?","?","R","?","M","R","BOSS","M","?","?","?","?","R","?","R","T","?","$","M","?","M","R","BOSS"],"items_purchased_type":["Card","Relic"],"build_version":"2020-12-18","purchased_purges":0,"victory":false,"max_hp_per_floor":[75,75,75,75,75,77,77,79,79,79,81,81,81,83,83,85,85,85,85,87,87,87,87,87,87,87,87,87,91,93,93,93,93,93],"card_choices":[{"not_picked":["hermit:ItchyTrigger","hermit:Misfire"],"picked":"hermit:CursedWeapon","floor":1},{"not_picked":["hermit:Feint","hermit:Dive","hermit:CalledShot"],"picked":"SKIP","floor":3},{"not_picked":["hermit:TrackingShot","hermit:TakeCover","hermit:NoHoldsBarred"],"picked":"Singing Bowl","floor":6},{"not_picked":["hermit:Shortfuse","hermit:OverwhelmingPower","hermit:LuckOfTheDraw"],"picked":"Singing Bowl","floor":8},{"not_picked":["hermit:BodyArmor","hermit:Coalescence","hermit:LowProfile"],"picked":"Singing Bowl","floor":11},{"not_picked":["hermit:BigShot","hermit:Roulette","hermit:CursedWeapon"],"picked":"Singing Bowl","floor":14},{"not_picked":["hermit:EternalForm","hermit:BlackWind","hermit:FinalCanter"],"picked":"Singing Bowl","floor":16},{"not_picked":["hermit:Combo+1","hermit:Headshot"],"picked":"hermit:Determination","floor":18},{"not_picked":["hermit:Feint","hermit:Vantage+1","hermit:TrackingShot"],"picked":"Singing Bowl","floor":20},{"not_picked":["hermit:TrackingShot","hermit:Roulette"],"picked":"hermit:CursedWeapon+1","floor":20},{"not_picked":["hermit:Feint","hermit:Midnight"],"picked":"hermit:Desperado","floor":21},{"not_picked":["hermit:LowProfile","hermit:Vantage","hermit:Grudge"],"picked":"Singing Bowl","floor":29},{"not_picked":["hermit:EyeOfTheStorm","hermit:BigShot","hermit:Spite"],"picked":"Singing Bowl","floor":29},{"not_picked":["hermit:LowProfile+1","hermit:Spite","hermit:GoldenBullet"],"picked":"Singing Bowl","floor":30},{"not_picked":["hermit:Roulette","hermit:ItchyTrigger+1"],"picked":"hermit:Quickdraw","floor":30},{"not_picked":["hermit:Snipe","hermit:ItchyTrigger"],"picked":"hermit:HighNoon","floor":31},{"not_picked":["hermit:Coalescence","hermit:Maintenance"],"picked":"hermit:Snipe+1","floor":31}],"player_experience":133683,"relics_obtained":[{"floor":2,"key":"Ginger"},{"floor":6,"key":"hubris:CrystalStatue"},{"floor":8,"key":"infinitespire:Bottled Soul"},{"floor":9,"key":"Replay:Towering Pillar of Hats"},{"floor":20,"key":"Tiny Chest"},{"floor":22,"key":"Whetstone"},{"floor":26,"key":"potionbrewer:MortarAndPestle"},{"floor":27,"key":"hubris:SlimyHat"}],"event_choices":[{"damage_healed":0,"gold_gain":0,"player_choice":"Box","damage_taken":0,"relics_obtained":["Singing Bowl"],"max_hp_gain":0,"max_hp_loss":0,"event_name":"Big Fish","floor":5,"gold_loss":0,"cards_obtained":["Regret"]},{"damage_healed":19,"gold_gain":0,"player_choice":"Healed","damage_taken":0,"max_hp_gain":0,"max_hp_loss":0,"event_name":"The Cleric","floor":10,"gold_loss":35},{"damage_healed":0,"gold_gain":0,"player_choice":"Ignored","damage_taken":0,"max_hp_gain":0,"max_hp_loss":0,"event_name":"Ghosts","floor":24,"gold_loss":0}],"is_beta":true,"boss_relics":[{"not_picked":["hubris:VirtuousBlindfold","Painkiller Herb"],"picked":"SacredBark"}],"items_purged_floors":[],"is_endless":false,"potions_floor_spawned":[3,11,14,18,29],"killed_by":"Collector","ascension_level":0}}