{"host":"y1oqg7uy0jc6f5mb","time":1612374879,"event":{"mods":["AchievementEnabler","BaseMod","Better Altar","Better Match","Better Note","Better Sensory Stone","Better Skull","Better Third Choice","BetterRewards","Colored Map","Colored Powertips","Downfall","Highlight Path","Ironclad Rager","Minty Spire (QoL Compilation)","Permanent Neow","Quick Restart","Relic Stats","Replay The Spire","Shop Mod","Smile Girya","StSLib"],"gold_per_floor":[114,114,126,0,13,13,48,66,66,185,185,185,185,195,195,295,295,314,332,332,332,332,332,347,15,15,35,35,35,53,72,72,172,172,188,188,39,52,71,71,105,105,105,125,150,161,21,35,35,35],"floor_reached":51,"language":"ENG","playtime":4258,"items_purged":["Strike_R","Writhe","Replay:Hysterical Blindness"],"score":1464,"play_id":"bcbbdeb0-36ec-400d-8bb9-eacfb6cc74cc","local_time":"20210204015439","is_ascension_mode":true,"campfire_choices":[{"data":"True Grit","floor":6.0,"key":"SMITH"},{"data":"Pommel Strike","floor":11.0,"key":"SMITH"},{"data":"Disarm","floor":13.0,"key":"SMITH"},{"data":"Clothesline","floor":15.0,"key":"SMITH"},{"floor":23.0,"key":"REST"},{"floor":28.0,"key":"REST"},{"floor":32.0,"key":"REST"},{"floor":40.0,"key":"REST"},{"floor":42,"key":"REST"},{"floor":49,"key":"REST"}],"circlet_count":0,"master_deck":["AscendersBane","Strike_R","Strike_R","Strike_R","Defend_R","Defend_R","Defend_R","Defend_R","Bash","Clothesline+1","Shockwave","Rampage","True Grit+1","Life Link","Pommel Strike+1","Disarm+1","Demon Form","Heavy Blade+1","Iron Wave+1","CommonCold","Barricade","Replay:Many Hands","Iron Wave+1","Burning Pact","Rupture+1","Feed","Fire Breathing+1","Flame Barrier","Offering","Shrug It Off+1","Body Slam+1","ReplayTheSpireMod:LeadingStrike+1","Dual Wield","Reckless Charge","True Grit+1","Juggernaut+1","Disarm"],"relics":["Burning Blood","Prayer Wheel","Ice Cream","Pocketwatch","Fusion Hammer","Ring of Searing","Frozen Egg 2","Divine Protection","Cursed Key","The Courier","HornCleat","Anchor"],"acts_visited":["Exordium","TheCity","TheBeyond"],"potions_floor_usage":[41,41,45],"damage_taken":[{"damage":6.0,"enemies":"Jaw Worm","floor":1.0,"turns":6.0},{"damage":2.0,"enemies":"Cultist","floor":3.0,"turns":4.0},{"damage":0.0,"enemies":"2 Louse","floor":5.0,"turns":3.0},{"damage":33.0,"enemies":"3 Sentries","floor":7.0,"turns":10.0},{"damage":10.0,"enemies":"Looter","floor":8.0,"turns":4.0},{"damage":1.0,"enemies":"3 Louse","floor":14.0,"turns":4.0},{"damage":28.0,"enemies":"The Guardian","floor":16.0,"turns":11.0},{"damage":24.0,"enemies":"2 Thieves","floor":18.0,"turns":4.0},{"damage":10.0,"enemies":"Shell Parasite","floor":19.0,"turns":7.0},{"damage":50.0,"enemies":"Sentry and Sphere","floor":24.0,"turns":7.0},{"damage":1.0,"enemies":"Snecko","floor":27.0,"turns":4.0},{"damage":9.0,"enemies":"Snake Plant","floor":30.0,"turns":5.0},{"damage":14.0,"enemies":"3 Cultists","floor":31.0,"turns":6.0},{"damage":37.0,"enemies":"Pondfish","floor":33.0,"turns":8.0},{"damage":11.0,"enemies":"Orb Walker","floor":35.0,"turns":4.0},{"damage":27.0,"enemies":"3 Darklings","floor":38.0,"turns":6.0},{"damage":15.0,"enemies":"Writhing Mass","floor":39.0,"turns":3.0},{"damage":25,"enemies":"Reptomancer","floor":41,"turns":6},{"damage":52,"enemies":"Spire Growth","floor":44,"turns":5},{"damage":44,"enemies":"Nemesis","floor":45,"turns":7},{"damage":8,"enemies":"Sphere and 2 Shapes","floor":46,"turns":5},{"damage":14,"enemies":"Transient","floor":48,"turns":5},{"damage":28,"enemies":"Awakened One","floor":50,"turns":11}],"seed_played":"6127792441114770318","potions_obtained":[{"floor":3.0,"key":"Adrenaline Potion"},{"floor":7.0,"key":"CultistPotion"},{"floor":16.0,"key":"ColorlessPotion"},{"floor":19.0,"key":"CultistPotion"},{"floor":27.0,"key":"sneckomod:MuddlingPotion"},{"floor":31.0,"key":"Milkshake"},{"floor":38.0,"key":"SkillPotion"},{"floor":39.0,"key":"SkillPotion"},{"floor":41,"key":"BloodPotion"}],"is_trial":false,"path_per_floor":["M","?","M","$","M","R","E","M","T","?","R","?","R","M","R","B",null,"M","M","?","?","?","R","M","$","T","M","R","$","M","M","R","B",null,"M","?","$","M","M","R","E","R","T","M","E","M","$","M","R","B",null],"character_chosen":"IRONCLAD","items_purchased":["True Grit","Frozen Egg 2","Rupture+1","Adrenaline Potion","Energy Potion"],"campfire_rested":6,"item_purchase_floors":[4,25,25,37,47],"current_hp_per_floor":[72,72,76,76,80,80,53,49,49,49,49,49,49,54,54,32,68,50,46,46,46,46,70,26,26,26,31,55,55,52,47,71,40,72,67,83,83,65,56,81,62,86,86,40,22,23,23,15,42,23],"gold":35,"neow_bonus":"RANDOM_COLORLESS","is_daily":false,"chose_seed":false,"campfire_upgraded":4,"win_rate":0.0,"timestamp":1612374879,"path_taken":["M","?","M","$","?","R","E","M","T","?","R","?","R","M","R","BOSS","M","M","?","?","?","R","M","$","T","M","R","?","M","M","R","BOSS","M","?","$","M","M","R","E","R","T","M","E","M","$","M","R","BOSS"],"items_purchased_type":["Card","Relic","Card","Potion","Potion"],"build_version":"2020-12-22","purchased_purges":3,"victory":true,"max_hp_per_floor":[80,80,80,80,80,80,80,80,80,80,80,80,80,80,80,80,80,80,80,80,80,80,80,80,80,80,80,80,80,80,83,83,83,83,83,83,83,86,86,86,86,86,86,86,89,92,92,92,92,95],"relic_stats":{"counters":[23,135],"Prayer Wheel":16,"Cursed Key":1,"obtain_stats":[{"Ice Cream":7,"Divine Protection":26,"Anchor":45,"HornCleat":43,"Prayer Wheel":2,"Fusion Hammer":17,"The Courier":41,"Frozen Egg 2":25,"Cursed Key":34,"Burning Blood":0,"Pocketwatch":9,"Ring of Searing":20},{"Ice Cream":4,"Divine Protection":10,"Anchor":20,"HornCleat":18,"Prayer Wheel":1,"Fusion Hammer":7,"The Courier":18,"Frozen Egg 2":10,"Cursed Key":14,"Burning Blood":0,"Pocketwatch":5,"Ring of Searing":9},{"Ice Cream":23,"Divine Protection":60,"Anchor":114,"HornCleat":102,"Prayer Wheel":6,"Fusion Hammer":42,"The Courier":102,"Frozen Egg 2":60,"Cursed Key":83,"Burning Blood":0,"Pocketwatch":27,"Ring of Searing":53}],"Burning Blood":136,"Pocketwatch":[126]},"card_choices":[{"not_picked":["Purity","Survey Options"],"picked":"Dark Shackles","floor":0.0},{"not_picked":["Armaments","Cleave"],"picked":"Clothesline","floor":1.0},{"not_picked":["Brutality","Rupture"],"picked":"Shockwave","floor":3.0},{"not_picked":["Iron Wave","Warcry"],"picked":"Rampage","floor":3.0},{"not_picked":["Rampage","Feel No Pain"],"picked":"Hemokinesis","floor":5.0},{"not_picked":["Clothesline","Armaments"],"picked":"Life Link","floor":5.0},{"not_picked":["Heavy Blade","Fiend Fire"],"picked":"Pommel Strike","floor":7.0},{"not_picked":["Dual Wield","Power Through"],"picked":"Perfected Strike","floor":8.0},{"not_picked":["Searing Blow","Carnage","Wild Strike"],"picked":"SKIP","floor":8.0},{"not_picked":["Thunderclap","Iron Wave"],"picked":"Disarm","floor":10.0},{"not_picked":["Body Slam","Replay:Undeath\u0027s Touch","ReplayTheSpireMod:Strike From Hell"],"picked":"SKIP","floor":14.0},{"not_picked":["Perfected Strike","Hemokinesis","Flex"],"picked":"SKIP","floor":14.0},{"not_picked":["Body Slam","Replay:Undeath\u0027s Touch","ReplayTheSpireMod:Strike From Hell"],"picked":"SKIP","floor":14.0},{"not_picked":["Perfected Strike","Hemokinesis","Flex"],"picked":"SKIP","floor":14.0},{"not_picked":["Impervious","Corruption"],"picked":"Demon Form","floor":16.0},{"not_picked":["Carnage","ReplayTheSpireMod:LeadingStrike","Heavy Blade"],"picked":"SKIP","floor":18.0},{"not_picked":["ReplayTheSpireMod:Strike From Hell","Anger","Shockwave"],"picked":"SKIP","floor":18.0},{"not_picked":["Clash","Body Slam"],"picked":"Heavy Blade+1","floor":19.0},{"not_picked":["Perfected Strike","Headbutt"],"picked":"Iron Wave+1","floor":19.0},{"not_picked":["Cleave","Juggernaut"],"picked":"Iron Wave+1","floor":24.0},{"not_picked":["Body Slam","Headbutt"],"picked":"Burning Pact","floor":24.0},{"not_picked":["Infernal Blade","ReplayTheSpireMod:Corrosion Curse"],"picked":"Feed","floor":27.0},{"not_picked":["Hemokinesis","Thunderclap","Bloodletting"],"picked":"SKIP","floor":27.0},{"not_picked":["Clash","Twin Strike"],"picked":"Fire Breathing+1","floor":30.0},{"not_picked":["Twin Strike","True Grit","Wild Strike+1"],"picked":"SKIP","floor":30.0},{"not_picked":["Sentinel","Immolate"],"picked":"Flame Barrier","floor":31.0},{"not_picked":["Clash","Bloodletting","Abandon"],"picked":"SKIP","floor":31.0},{"not_picked":["Barricade+1","Eclipse"],"picked":"Offering","floor":33.0},{"not_picked":["Flex","Warcry"],"picked":"Shrug It Off+1","floor":35.0},{"not_picked":["Infernal Blade+1","Pummel"],"picked":"Body Slam+1","floor":35.0},{"not_picked":["Iron Wave","Evolve+1"],"picked":"ReplayTheSpireMod:LeadingStrike+1","floor":38.0},{"not_picked":["Body Slam","ReplayReversal","Pummel"],"picked":"SKIP","floor":38.0},{"not_picked":["Body Slam","ReplayReversal","Pummel"],"picked":"SKIP","floor":38.0},{"not_picked":["Run Through+1","True Grit"],"picked":"Dual Wield","floor":39.0},{"not_picked":["Sever Soul+1","Fire Breathing+1","Massacre"],"picked":"SKIP","floor":39.0},{"not_picked":["Shrug It Off+1","ReplayTheSpireMod:Corrosion Curse"],"picked":"Reckless Charge","floor":41},{"not_picked":["Twin Strike","Armaments"],"picked":"True Grit+1","floor":44},{"not_picked":["Entrench","ReplayTheSpireMod:LeadingStrike"],"picked":"Juggernaut+1","floor":44},{"not_picked":["Body Slam+1","Rupture+1"],"picked":"Disarm","floor":45},{"not_picked":["Seeing Red","Run Through+1","Sword Boomerang"],"picked":"SKIP","floor":46},{"not_picked":["Sever Soul+1","Headbutt","Rampage+1"],"picked":"SKIP","floor":46},{"not_picked":["Berserk+1","Rage","Warcry"],"picked":"SKIP","floor":48},{"not_picked":["Thunderclap","Cleave","Havoc+1"],"picked":"SKIP","floor":48}],"player_experience":348999,"relics_obtained":[{"floor":7.0,"key":"Ice Cream"},{"floor":9.0,"key":"Pocketwatch"},{"floor":20.0,"key":"Ring of Searing"},{"floor":26.0,"key":"Divine Protection"},{"floor":41,"key":"The Courier"},{"floor":43,"key":"HornCleat"},{"floor":45,"key":"Anchor"}],"event_choices":[{"cards_removed":["Dark Shackles"],"damage_healed":0.0,"max_hp_gain":0.0,"max_hp_loss":0.0,"gold_gain":0.0,"event_name":"WeMeetAgain","player_choice":"Gave Card","floor":2.0,"gold_loss":0.0,"damage_taken":0.0,"relics_obtained":["Prayer Wheel"]},{"damage_healed":0.0,"max_hp_gain":0.0,"max_hp_loss":0.0,"gold_gain":0.0,"event_name":"betterThird:BetterSerpent","player_choice":"Ignored","floor":12.0,"gold_loss":0.0,"damage_taken":185.0},{"damage_healed":0.0,"max_hp_gain":0.0,"max_hp_loss":0.0,"gold_gain":0.0,"cards_transformed":["Strike_R","Perfected Strike"],"event_name":"Drug Dealer","player_choice":"Became Test Subject","floor":22.0,"gold_loss":0.0,"damage_taken":0.0,"cards_obtained":["Barricade","Replay:Many Hands"]},{"damage_healed":21.0,"max_hp_gain":0.0,"max_hp_loss":0.0,"gold_gain":0.0,"event_name":"Winding Halls","player_choice":"Writhe","floor":36.0,"gold_loss":0.0,"damage_taken":0.0,"cards_obtained":["Writhe"]}],"is_beta":false,"boss_relics":[{"not_picked":["Runic Dome","Painkiller Herb"],"picked":"Fusion Hammer"},{"not_picked":["Replay:Wanted Poster","Snecko Eye"],"picked":"Cursed Key"}],"items_purged_floors":[4,37,47],"is_endless":false,"potions_floor_spawned":[3,7,16,19,27,31,38,39,41],"ascension_level":12}}