{"host":"cjhtzh7tp54jdfyv","time":1612312335,"event":{"mods":["AchievementEnabler","BaseMod","Colored Map","Colored Powertips","Curses Come First","DeckTracker","Minty Spire (QoL Compilation)","RNG Fix","Relic Sorter","Relic Stats","StSLib","UnlockEverythingMod","ojb\u0027s Better Paths Mod","ojb\u0027s Info Mod"],"gold_per_floor":[112,125,143,162,162,162,193,193,217,235,235,260,260,280,280,280,280],"floor_reached":16,"language":"ENG","playtime":982,"items_purged":[],"score":224,"play_id":"a8bc3f2a-cb95-408d-a341-fe2700c1880f","local_time":"20210202193215","is_ascension_mode":true,"campfire_choices":[{"floor":6,"key":"REST"},{"floor":8,"key":"REST"},{"data":"Corpse Explosion","floor":13,"key":"SMITH"},{"data":"Poisoned Stab","floor":15,"key":"SMITH"}],"circlet_count":0,"master_deck":["AscendersBane","Strike_G+1","Strike_G","Strike_G","Strike_G","Strike_G","Defend_G","Defend_G","Defend_G","Defend_G","Survivor+1","Neutralize","Corpse Explosion+1","Underhanded Strike","Calculated Gamble","Dagger Spray","Poisoned Stab+1","Backflip","Slice"],"relics":["Ring of the Snake","The Specimen","Oddly Smooth Stone","Eternal Feather"],"acts_visited":["Exordium"],"potions_floor_usage":[12,12,16],"damage_taken":[{"damage":8,"enemies":"Cultist","floor":1,"turns":6},{"damage":6,"enemies":"Small Slimes","floor":2,"turns":5},{"damage":2,"enemies":"Jaw Worm","floor":3,"turns":5},{"damage":0,"enemies":"2 Fungi Beasts","floor":4,"turns":2},{"damage":22,"enemies":"3 Sentries","floor":7,"turns":3},{"damage":6,"enemies":"Exordium Thugs","floor":10,"turns":3},{"damage":17,"enemies":"Lagavulin","floor":12,"turns":9},{"damage":0,"enemies":"Gremlin Gang","floor":14,"turns":2},{"damage":39,"enemies":"Slime Boss","floor":16,"turns":7}],"seed_played":"-1002896003656538561","potions_obtained":[{"floor":7,"key":"SkillPotion"},{"floor":10,"key":"Regen Potion"},{"floor":14,"key":"CunningPotion"}],"is_trial":false,"path_per_floor":["M","M","M","M","?","R","E","R","T","M","?","E","R","M","R","B"],"character_chosen":"THE_SILENT","items_purchased":[],"campfire_rested":2,"item_purchase_floors":[],"current_hp_per_floor":[36,30,28,28,21,40,18,37,37,31,11,9,18,18,27,0,0],"gold":280,"neow_bonus":"THREE_RARE_CARDS","is_daily":false,"chose_seed":false,"campfire_upgraded":2,"win_rate":0.0,"timestamp":1612312335,"path_taken":["M","M","M","?","?","R","E","R","T","M","?","E","R","M","R","BOSS"],"items_purchased_type":[],"build_version":"2020-12-22","purchased_purges":0,"victory":false,"max_hp_per_floor":[66,66,66,66,66,66,66,66,66,66,66,66,66,66,66,66,66],"relic_stats":{"counters":[9,42],"Eternal Feather":18,"obtain_stats":[{"The Specimen":7,"Oddly Smooth Stone":9,"Eternal Feather":12,"Ring of the Snake":0},{"The Specimen":5,"Oddly Smooth Stone":5,"Eternal Feather":7,"Ring of the Snake":0},{"The Specimen":21,"Oddly Smooth Stone":21,"Eternal Feather":33,"Ring of the Snake":0}],"Ring of the Snake":[18]},"card_choices":[{"not_picked":["Night Terror","Burst"],"picked":"Corpse Explosion","floor":0},{"not_picked":["Concentrate","Prepared","Cloak And Dagger"],"picked":"SKIP","floor":1},{"not_picked":["PiercingWail","Cloak And Dagger"],"picked":"Underhanded Strike","floor":2},{"not_picked":["Finisher","Escape Plan"],"picked":"Calculated Gamble","floor":3},{"not_picked":["Dodge and Roll","Concentrate"],"picked":"Dagger Spray","floor":4},{"not_picked":["Choke","Flying Knee"],"picked":"Poisoned Stab","floor":7},{"not_picked":["Dagger Spray","Dodge and Roll","Skewer"],"picked":"SKIP","floor":10},{"not_picked":["Cloak And Dagger","All Out Attack"],"picked":"Backflip","floor":12},{"not_picked":["Well Laid Plans","PiercingWail"],"picked":"Slice","floor":14}],"player_experience":4687691,"relics_obtained":[{"floor":7,"key":"The Specimen"},{"floor":9,"key":"Oddly Smooth Stone"},{"floor":12,"key":"Eternal Feather"}],"event_choices":[{"cards_removed":["Defend_G"],"damage_healed":0,"gold_gain":0,"player_choice":"Card Removal","damage_taken":7,"max_hp_gain":0,"max_hp_loss":0,"event_name":"Golden Wing","floor":5,"gold_loss":0},{"damage_healed":0,"gold_gain":0,"player_choice":"Entered Light","damage_taken":20,"max_hp_gain":0,"max_hp_loss":0,"event_name":"Shining Light","floor":11,"gold_loss":0,"cards_upgraded":["Survivor","Strike_G"]}],"is_beta":false,"boss_relics":[],"items_purged_floors":[],"is_endless":false,"potions_floor_spawned":[7,10,14],"killed_by":"Slime Boss","ascension_level":20}}