{"host":"ftw8honmdnhsve3j","time":1612387516,"event":{"mods":["BaseMod","Colored Powertips","Minty Spire (QoL Compilation)","StSLib","The Wild Card"],"gold_per_floor":[117,192,192,192,206,206,63,63,63,63,86,119,142,142,142,271,271,285,200,193,193,193,193,193,193],"floor_reached":24,"language":"ENG","playtime":677,"items_purged":[],"score":240,"play_id":"457b3fb7-1bc9-4495-8b93-919d24008adc","local_time":"20210203222516","is_ascension_mode":true,"campfire_choices":[{"data":"theWildCard:Abstinence","floor":6,"key":"SMITH"},{"data":"theWildCard:CallToAdventure","floor":8,"key":"SMITH"},{"floor":10,"key":"REST"},{"data":"theWildCard:Unburden","floor":15,"key":"SMITH"},{"data":"theWildCard:Arsene","floor":23,"key":"SMITH"}],"circlet_count":0,"master_deck":["theWildCard:BasicStrike","theWildCard:BasicStrike","theWildCard:BasicStrike","theWildCard:BasicDefend","theWildCard:BasicDefend","theWildCard:BasicDefend","theWildCard:BasicDefend","theWildCard:CallToAdventure+1","theWildCard:Arsene+1","theWildCard:Abstinence+1","theWildCard:Unburden+1"],"relics":["Snecko Eye","Golden Idol","Chemical X","Pen Nib","Kunai","Black Star","Blood Vial"],"acts_visited":["Exordium","TheCity"],"potions_floor_usage":[20,20,24],"damage_taken":[{"damage":3,"enemies":"Cultist","floor":1,"turns":4},{"damage":0,"enemies":"2 Louse","floor":5,"turns":3},{"damage":0,"enemies":"Small Slimes","floor":11,"turns":2},{"damage":10,"enemies":"Gremlin Nob","floor":12,"turns":3},{"damage":0,"enemies":"3 Louse","floor":13,"turns":3},{"damage":3,"enemies":"Slime Boss","floor":16,"turns":9},{"damage":0,"enemies":"Chosen","floor":18,"turns":6},{"damage":12,"enemies":"2 Thieves","floor":20,"turns":4},{"damage":56,"enemies":"Gremlin Leader","floor":24,"turns":8}],"seed_played":"9048177674855714020","potions_obtained":[{"floor":1,"key":"DistilledChaos"},{"floor":12,"key":"Weak Potion"},{"floor":13,"key":"ColorlessPotion"}],"is_trial":false,"path_per_floor":["M","?","?","?","M","R","$","R","T","R","M","E","M","?","R","B",null,"M","?","M","?","?","R","E"],"character_chosen":"THE_WILD_CARD","items_purchased":["Chemical X"],"campfire_rested":1,"item_purchase_floors":[7],"current_hp_per_floor":[57,46,31,31,31,31,31,31,31,49,49,39,39,39,39,36,54,54,54,44,44,44,44,0,0],"gold":193,"neow_bonus":"BOSS_RELIC","is_daily":false,"chose_seed":false,"campfire_upgraded":4,"win_rate":0.0,"timestamp":1612387516,"path_taken":["M","?","?","?","M","R","$","R","T","R","M","E","M","?","R","BOSS","M","?","M","?","?","R","E"],"items_purchased_type":["Relic"],"build_version":"2020-12-22","purchased_purges":0,"victory":false,"max_hp_per_floor":[60,60,60,60,60,60,60,60,60,60,60,60,60,60,60,60,60,60,60,60,60,60,60,60,60],"card_choices":[{"not_picked":["theWildCard:PowerOfTheArcana","theWildCard:Scathach","theWildCard:CryOfAgony"],"picked":"SKIP","floor":1},{"not_picked":["theWildCard:EnergizedStroke","theWildCard:PowerOfTheArcana"],"picked":"theWildCard:Abstinence","floor":5},{"not_picked":["theWildCard:Sakuya","theWildCard:SeveringSlash","theWildCard:ArcanaArtistry"],"picked":"SKIP","floor":11},{"not_picked":["theWildCard:ArcanaArtistry","theWildCard:Impatience"],"picked":"theWildCard:Unburden","floor":12},{"not_picked":["theWildCard:Patience","theWildCard:MagicMettle","theWildCard:Sakuya"],"picked":"SKIP","floor":13},{"not_picked":["theWildCard:StingingStrike","theWildCard:ArcaneArts","theWildCard:PaleRider"],"picked":"SKIP","floor":18},{"not_picked":["theWildCard:ArcanaArtistry+1","theWildCard:Proficiency","theWildCard:SacrificialStroke+1"],"picked":"SKIP","floor":20}],"player_experience":553318,"relics_obtained":[{"floor":9,"key":"Pen Nib"},{"floor":12,"key":"Kunai"}],"event_choices":[{"damage_healed":0,"gold_gain":75,"player_choice":"Gather Gold","damage_taken":11,"max_hp_gain":0,"max_hp_loss":0,"event_name":"World of Goop","floor":2,"gold_loss":0},{"damage_healed":0,"gold_gain":0,"player_choice":"Take Damage","damage_taken":15,"relics_obtained":["Golden Idol"],"max_hp_gain":0,"max_hp_loss":0,"event_name":"Golden Idol","floor":3,"gold_loss":0},{"damage_healed":0,"gold_gain":0,"player_choice":"Ignored","damage_taken":0,"max_hp_gain":0,"max_hp_loss":0,"event_name":"Golden Wing","floor":4,"gold_loss":0},{"damage_healed":0,"gold_gain":0,"player_choice":"Bought 0 Potions","damage_taken":0,"max_hp_gain":0,"max_hp_loss":0,"event_name":"The Woman in Blue","floor":14,"gold_loss":0},{"damage_healed":0,"gold_gain":0,"player_choice":"Obtained Relic","damage_taken":0,"relics_obtained":["Blood Vial"],"max_hp_gain":0,"max_hp_loss":0,"event_name":"Addict","floor":19,"gold_loss":85},{"damage_healed":0,"gold_gain":0,"player_choice":"Ignored","damage_taken":0,"max_hp_gain":0,"max_hp_loss":0,"event_name":"Beggar","floor":21,"gold_loss":0},{"cards_removed":["theWildCard:BasicStrike"],"damage_healed":0,"gold_gain":0,"player_choice":"Offered Basic","damage_taken":0,"max_hp_gain":0,"max_hp_loss":0,"event_name":"Bonfire Elementals","floor":22,"gold_loss":0}],"is_beta":false,"boss_relics":[{"not_picked":["SlaversCollar","Astrolabe"],"picked":"Black Star"}],"items_purged_floors":[],"is_endless":false,"potions_floor_spawned":[1,12,13],"killed_by":"Gremlin Leader","ascension_level":5}}