{"host":"xsuxkwaivmtd234a","time":1612375897,"event":{"mods":["BaseMod","Colored Map","Filter the Spire","Minty Spire (QoL Compilation)","Relic Stats","StSLib"],"gold_per_floor":[111,37,56,72,87,87,116,116,116,116,116,150,161,161,161,263,263,279,279,76,76,86,86,113,113,137,171,171,189,18,45,45,146,146,146,146,61,71,83,83,108,122,148,148,175,191,191,206,206,206,206,206,40,67,67,67],"floor_reached":55,"language":"ENG","playtime":3951,"items_purged":["Strike_P","Strike_P"],"score":990,"play_id":"7f2716f0-6270-4d7d-af43-1901c62f821a","local_time":"20210203131137","is_ascension_mode":true,"campfire_choices":[{"data":"Tantrum","floor":6.0,"key":"SMITH"},{"data":"Vault","floor":8.0,"key":"SMITH"},{"data":"Conclude","floor":11.0,"key":"SMITH"},{"data":"Eruption","floor":15.0,"key":"SMITH"},{"data":"Tantrum","floor":23.0,"key":"SMITH"},{"data":"MentalFortress","floor":25.0,"key":"SMITH"},{"data":"Vault","floor":28.0,"key":"SMITH"},{"data":"Halt","floor":32.0,"key":"SMITH"},{"floor":44,"key":"RECALL"},{"data":"Wallop","floor":49,"key":"SMITH"},{"data":"Vigilance","floor":52,"key":"SMITH"}],"circlet_count":0,"master_deck":["Strike_P+1","Strike_P","Defend_P+1","Defend_P","Defend_P","Eruption+1","Vigilance+1","Conclude+1","CarveReality","Tantrum+1","FlurryOfBlows","CutThroughFate","JustLucky+1","Vault+1","Vault+1","Tantrum+1","MentalFortress+1","FollowUp","CutThroughFate","FlurryOfBlows","Halt+1","Blasphemy","Weave","Wallop+1","ThirdEye+1","Wireheading+1","JustLucky","MentalFortress+1","MasterReality"],"relics":["PureWater","Blue Candle","Letter Opener","Ornamental Fan","Runic Pyramid","Bag of Preparation","MealTicket","FossilizedHelix","Membership Card","Bronze Scales","Busted Crown","PreservedInsect","Toy Ornithopter","DollysMirror","Pen Nib"],"acts_visited":["Exordium","TheCity","TheBeyond","TheEnding"],"potions_floor_usage":[45,55,55,55],"damage_taken":[{"damage":0.0,"enemies":"Cultist","floor":1.0,"turns":2.0},{"damage":0.0,"enemies":"Jaw Worm","floor":3.0,"turns":1.0},{"damage":0.0,"enemies":"2 Louse","floor":4.0,"turns":1.0},{"damage":6.0,"enemies":"Large Slime","floor":5.0,"turns":3.0},{"damage":0.0,"enemies":"3 Sentries","floor":7.0,"turns":2.0},{"damage":0.0,"enemies":"Gremlin Nob","floor":12.0,"turns":1.0},{"damage":0.0,"enemies":"Exordium Thugs","floor":13.0,"turns":2.0},{"damage":14.0,"enemies":"Hexaghost","floor":16.0,"turns":7.0},{"damage":0.0,"enemies":"Shell Parasite","floor":18.0,"turns":3.0},{"damage":0.0,"enemies":"Chosen","floor":22.0,"turns":3.0},{"damage":0.0,"enemies":"Gremlin Leader","floor":24.0,"turns":4.0},{"damage":14.0,"enemies":"Slavers","floor":27.0,"turns":3.0},{"damage":0.0,"enemies":"Snake Plant","floor":29.0,"turns":2.0},{"damage":12.0,"enemies":"Book of Stabbing","floor":31.0,"turns":4.0},{"damage":0.0,"enemies":"Collector","floor":33.0,"turns":5.0},{"damage":0.0,"enemies":"3 Darklings","floor":35.0,"turns":2.0},{"damage":0.0,"enemies":"3 Shapes","floor":38.0,"turns":2.0},{"damage":0,"enemies":"Sphere and 2 Shapes","floor":39,"turns":2},{"damage":0,"enemies":"Reptomancer","floor":41,"turns":5},{"damage":0,"enemies":"Jaw Worm Horde","floor":42,"turns":2},{"damage":0,"enemies":"Giant Head","floor":45,"turns":4},{"damage":0,"enemies":"3 Darklings","floor":46,"turns":4},{"damage":0,"enemies":"Transient","floor":48,"turns":7},{"damage":21,"enemies":"Donu and Deca","floor":50,"turns":8},{"damage":0,"enemies":"Shield and Spear","floor":54,"turns":5},{"damage":127,"enemies":"The Heart","floor":55,"turns":10}],"seed_played":"8392535496807808331","potions_obtained":[{"floor":1.0,"key":"Strength Potion"},{"floor":3.0,"key":"SmokeBomb"},{"floor":5.0,"key":"FearPotion"},{"floor":12.0,"key":"LiquidMemories"},{"floor":16.0,"key":"Fire Potion"},{"floor":18.0,"key":"GamblersBrew"},{"floor":31.0,"key":"Ancient Potion"},{"floor":38.0,"key":"Block Potion"},{"floor":40,"key":"Ambrosia"},{"floor":45,"key":"Weak Potion"}],"is_trial":false,"path_per_floor":["M","$","M","M","M","R","E","R","T","?","R","E","M","?","R","B",null,"M","?","$","?","M","R","E","R","T","E","R","M","$","E","R","B",null,"M","?","$","M","M","?","E","M","T","R","E","M","?","M","R","B",null,"R","$","E","B"],"character_chosen":"WATCHER","items_purchased":["Tantrum","MentalFortress","FollowUp","Membership Card","PowerPotion","Weave","JustLucky","DollysMirror","MasterReality"],"campfire_rested":0,"item_purchase_floors":[2,20,20,30,30,37,53,53,53],"current_hp_per_floor":[72,72,72,72,66,66,66,66,66,66,66,66,66,52,52,38,72,72,72,72,72,72,72,72,72,72,58,58,58,72,60,60,60,72,72,72,72,72,72,72,72,72,72,72,72,72,72,72,72,51,72,72,72,72,0,0],"gold":67,"neow_bonus":"THREE_CARDS","is_daily":false,"chose_seed":false,"campfire_upgraded":10,"win_rate":0.0,"timestamp":1612375897,"path_taken":["M","$","M","M","M","R","E","R","T","?","R","E","M","?","R","BOSS","M","?","$","?","M","R","E","R","T","E","R","M","$","E","R","BOSS","M","?","?","M","M","?","E","?","T","R","E","M","?","?","R","BOSS","R","$","E","BOSS"],"items_purchased_type":["Card","Card","Card","Relic","Potion","Card","Card","Relic","Card"],"build_version":"2020-12-22","purchased_purges":2,"victory":false,"max_hp_per_floor":[72,72,72,72,72,72,72,72,72,72,72,72,72,72,72,72,72,72,72,72,72,72,72,72,72,72,72,72,72,72,72,72,72,72,72,72,72,72,72,72,72,72,72,72,72,72,72,72,72,72,72,72,72,72,72,72],"relic_stats":{"Busted Crown":16,"counters":[26,94],"Ornamental Fan":[348],"Blue Candle":[0],"Bronze Scales":[150],"MealTicket":14,"PreservedInsect":193,"Pen Nib":[5],"Bag of Preparation":[30],"Letter Opener":[34],"obtain_stats":[{"Blue Candle":7,"PreservedInsect":41,"Pen Nib":54,"Bag of Preparation":24,"Letter Opener":9,"Busted Crown":34,"Ornamental Fan":12,"DollysMirror":53,"Bronze Scales":31,"MealTicket":26,"Membership Card":30,"PureWater":0,"FossilizedHelix":27,"Toy Ornithopter":45,"Runic Pyramid":17},{"Blue Candle":5,"PreservedInsect":19,"Pen Nib":25,"Bag of Preparation":11,"Letter Opener":5,"Busted Crown":15,"Ornamental Fan":6,"DollysMirror":24,"Bronze Scales":14,"MealTicket":11,"Membership Card":13,"PureWater":0,"FossilizedHelix":12,"Toy Ornithopter":21,"Runic Pyramid":8},{"Blue Candle":9,"PreservedInsect":54,"Pen Nib":84,"Bag of Preparation":29,"Letter Opener":9,"Busted Crown":43,"Ornamental Fan":10,"DollysMirror":79,"Bronze Scales":38,"MealTicket":29,"Membership Card":34,"PureWater":0,"FossilizedHelix":32,"Toy Ornithopter":60,"Runic Pyramid":19}],"Toy Ornithopter":10},"card_choices":[{"not_picked":["WaveOfTheHand","Perseverance"],"picked":"Conclude","floor":0.0},{"not_picked":["Worship","Prostrate"],"picked":"CarveReality","floor":1.0},{"not_picked":["CarveReality","Vengeance"],"picked":"FlurryOfBlows","floor":3.0},{"not_picked":["FlurryOfBlows","Fasting2"],"picked":"CutThroughFate","floor":4.0},{"not_picked":["FlyingSleeves","Conclude"],"picked":"JustLucky","floor":5.0},{"not_picked":["DeceiveReality","Halt"],"picked":"Vault","floor":7.0},{"not_picked":["SashWhip","CrushJoints","CarveReality"],"picked":"SKIP","floor":12.0},{"not_picked":["Fasting2","ThirdEye","CutThroughFate"],"picked":"SKIP","floor":13.0},{"not_picked":["Establishment","Ragnarok"],"picked":"Vault","floor":16.0},{"not_picked":["Protect","EmptyBody"],"picked":"Tantrum","floor":18.0},{"not_picked":["Consecrate","FollowUp","Evaluate"],"picked":"SKIP","floor":22.0},{"not_picked":["EmptyBody","Brilliance","Prostrate"],"picked":"SKIP","floor":24.0},{"not_picked":["Sanctity","Prostrate"],"picked":"CutThroughFate","floor":27.0},{"not_picked":["JustLucky","Indignation"],"picked":"FlurryOfBlows","floor":29.0},{"not_picked":["FlyingSleeves","CrushJoints+1"],"picked":"Halt","floor":31.0},{"not_picked":["DeusExMachina","SpiritShield"],"picked":"Blasphemy","floor":33.0},{"not_picked":[],"picked":"Wallop","floor":38.0},{"not_picked":["BowlingBash"],"picked":"SKIP","floor":39},{"not_picked":["Prostrate+1"],"picked":"SKIP","floor":41},{"not_picked":["Conclude"],"picked":"SKIP","floor":42},{"not_picked":[],"picked":"ThirdEye+1","floor":45},{"not_picked":[],"picked":"Wireheading+1","floor":46},{"not_picked":["Swivel"],"picked":"SKIP","floor":48},{"not_picked":["BowlingBash+1"],"picked":"SKIP","floor":54}],"player_experience":1202284,"relics_obtained":[{"floor":7.0,"key":"Blue Candle"},{"floor":9.0,"key":"Letter Opener"},{"floor":12.0,"key":"Ornamental Fan"},{"floor":24.0,"key":"Bag of Preparation"},{"floor":26.0,"key":"MealTicket"},{"floor":27.0,"key":"FossilizedHelix"},{"floor":31.0,"key":"Bronze Scales"},{"floor":41,"key":"PreservedInsect"},{"floor":45,"key":"Toy Ornithopter"},{"floor":54,"key":"Pen Nib"}],"event_choices":[{"damage_healed":0.0,"max_hp_gain":0.0,"max_hp_loss":0.0,"gold_gain":0.0,"event_name":"Liars Game","player_choice":"Ignored","floor":10.0,"gold_loss":0.0,"damage_taken":0.0},{"damage_healed":0.0,"max_hp_gain":0.0,"max_hp_loss":0.0,"gold_gain":0.0,"event_name":"Shining Light","player_choice":"Entered Light","floor":14.0,"gold_loss":0.0,"damage_taken":14.0,"cards_upgraded":["Defend_P","Strike_P"]},{"damage_healed":0.0,"max_hp_gain":0.0,"max_hp_loss":0.0,"gold_gain":0.0,"event_name":"Vampires","player_choice":"Ignored","floor":19.0,"gold_loss":0.0,"damage_taken":0.0},{"damage_healed":0.0,"max_hp_gain":0.0,"max_hp_loss":0.0,"gold_gain":0.0,"event_name":"NoteForYourself","player_choice":"Ignored","floor":21.0,"gold_loss":0.0,"damage_taken":0.0},{"cards_removed":["Defend_P"],"damage_healed":0.0,"max_hp_gain":0.0,"max_hp_loss":0.0,"gold_gain":0.0,"event_name":"Bonfire Elementals","player_choice":"Offered Basic","floor":36.0,"gold_loss":0.0,"damage_taken":0.0},{"damage_healed":0,"gold_gain":0,"player_choice":"Got Potions","damage_taken":0,"max_hp_gain":0,"max_hp_loss":0,"event_name":"Lab","floor":40,"gold_loss":0},{"damage_healed":0,"gold_gain":0,"player_choice":"Forge","damage_taken":0,"max_hp_gain":0,"max_hp_loss":0,"event_name":"Accursed Blacksmith","floor":47,"gold_loss":0,"cards_upgraded":["JustLucky"]}],"is_beta":false,"boss_relics":[{"not_picked":["Astrolabe","Coffee Dripper"],"picked":"Runic Pyramid"},{"not_picked":["Sozu","Snecko Eye"],"picked":"Busted Crown"}],"items_purged_floors":[20,37],"is_endless":false,"potions_floor_spawned":[1,3,5,12,16,18,27,31,38,41,45,46],"killed_by":"The Heart","ascension_level":1}}