{"host":"8is2j71l4wmybkoi","time":1612355471,"event":{"mods":["AchievementEnabler","BaseMod","Colored Map","Minty Spire (QoL Compilation)","Rare Cards Sparkle","StSLib","SuperFastMode"],"gold_per_floor":[18,32,45,45,56,56,91,91,118,144,144,158,158,178,178,254,254,254,254,24,24,24,24,24,24,24,24,24,24,24,24,24,24,24,24,24,24,24,24,24,24,24,24,24,24,24,24,24,24,24,24,24,24,24,24,24],"floor_reached":55,"language":"KOR","playtime":2813,"items_purged":["Strike_R"],"score":1695,"play_id":"9f2d76f3-2bca-4775-a274-54a406c30940","local_time":"20210203213111","is_ascension_mode":true,"campfire_choices":[{"data":"Uppercut","floor":6.0,"key":"SMITH"},{"data":"Blood for Blood","floor":8.0,"key":"SMITH"},{"data":"Barricade","floor":15.0,"key":"SMITH"},{"data":"Seeing Red","floor":23.0,"key":"SMITH"},{"data":"Entrench","floor":32.0,"key":"SMITH"},{"floor":46,"key":"RECALL"},{"data":"Deep Breath","floor":49,"key":"SMITH"},{"data":"Impervious","floor":52,"key":"SMITH"}],"circlet_count":0,"master_deck":["AscendersBane","Strike_R","Strike_R","Strike_R+1","Strike_R","Defend_R","Defend_R+1","Defend_R","Defend_R+1","Bash+1","Master of Strategy","Iron Wave","Hemokinesis","Uppercut+1","Barricade+1","Blood for Blood+1","Seeing Red+1","Anger+1","Sword Boomerang+1","Impervious+1","Body Slam+1","Necronomicurse","Ghostly Armor+1","Entrench+1","Uppercut+1","Warcry+1","Feed+1","Finesse","Dramatic Entrance+1","Deep Breath+1","Headbutt+1","Shrug It Off+1","Shrug It Off","Armaments+1"],"relics":["Burning Blood","Centennial Puzzle","Whetstone","Red Skull","Molten Egg 2","Matryoshka","Ectoplasm","Necronomicon","Anchor","Nunchaku","Smiling Mask","Bag of Preparation","Question Card","Red Mask","Runic Pyramid","Du-Vu Doll","Toy Ornithopter","Blood Vial","War Paint"],"acts_visited":["Exordium","TheCity","TheBeyond","TheEnding"],"potions_floor_usage":[54,55],"damage_taken":[{"damage":11.0,"enemies":"Cultist","floor":1.0,"turns":4.0},{"damage":2.0,"enemies":"2 Louse","floor":2.0,"turns":3.0},{"damage":2.0,"enemies":"Small Slimes","floor":3.0,"turns":2.0},{"damage":13.0,"enemies":"Exordium Thugs","floor":5.0,"turns":4.0},{"damage":14.0,"enemies":"Gremlin Nob","floor":7.0,"turns":3.0},{"damage":14.0,"enemies":"Lagavulin","floor":10.0,"turns":6.0},{"damage":0.0,"enemies":"Exordium Wildlife","floor":12.0,"turns":3.0},{"damage":4.0,"enemies":"Large Slime","floor":14.0,"turns":2.0},{"damage":2.0,"enemies":"Slime Boss","floor":16.0,"turns":3.0},{"damage":20.0,"enemies":"3 Byrds","floor":18.0,"turns":5.0},{"damage":0.0,"enemies":"Chosen","floor":21.0,"turns":3.0},{"damage":2.0,"enemies":"Book of Stabbing","floor":24.0,"turns":3.0},{"damage":8.0,"enemies":"3 Cultists","floor":25.0,"turns":4.0},{"damage":2.0,"enemies":"Gremlin Leader","floor":27.0,"turns":4.0},{"damage":0.0,"enemies":"Cultist and Chosen","floor":29.0,"turns":4.0},{"damage":2.0,"enemies":"Snake Plant","floor":30.0,"turns":2.0},{"damage":0.0,"enemies":"Masked Bandits","floor":31.0,"turns":2.0},{"damage":22.0,"enemies":"Collector","floor":33.0,"turns":7.0},{"damage":0.0,"enemies":"3 Shapes","floor":35.0,"turns":4.0},{"damage":2.0,"enemies":"3 Darklings","floor":38.0,"turns":3.0},{"damage":1.0,"enemies":"Jaw Worm Horde","floor":39.0,"turns":4.0},{"damage":2,"enemies":"Nemesis","floor":40,"turns":5},{"damage":2,"enemies":"Transient","floor":41,"turns":5},{"damage":2,"enemies":"Giant Head","floor":42,"turns":6},{"damage":2,"enemies":"Spire Growth","floor":45,"turns":3},{"damage":22,"enemies":"Maw","floor":48,"turns":5},{"damage":4,"enemies":"Time Eater","floor":50,"turns":9},{"damage":20,"enemies":"Shield and Spear","floor":54,"turns":9},{"damage":93,"enemies":"The Heart","floor":55,"turns":11}],"seed_played":"6819548125684206130","potions_obtained":[{"floor":1.0,"key":"DistilledChaos"},{"floor":2.0,"key":"DistilledChaos"},{"floor":10.0,"key":"Explosive Potion"},{"floor":14.0,"key":"ColorlessPotion"},{"floor":16.0,"key":"SpeedPotion"},{"floor":21.0,"key":"PowerPotion"},{"floor":29.0,"key":"Strength Potion"},{"floor":33.0,"key":"LiquidMemories"},{"floor":35.0,"key":"Dexterity Potion"}],"is_trial":false,"path_per_floor":["M","M","M","?","M","R","E","R","T","E","?","M","?","M","R","B",null,"M","?","$","M","?","R","E","M","T","E","?","M","M","?","R","B",null,"M","?","?","M","M","E","M","E","T","?","M","R","?","M","R","B",null,"R","$","E","B"],"character_chosen":"IRONCLAD","items_purchased":["Anchor"],"campfire_rested":0,"item_purchase_floors":[20],"current_hp_per_floor":[63,67,71,45,38,38,30,30,30,22,22,28,28,30,30,34,65,51,30,30,36,36,36,40,38,38,42,21,27,31,37,37,21,65,75,65,65,73,78,86,88,92,92,92,92,92,92,76,76,84,93,93,93,86,0,0],"gold":24,"neow_bonus":"RANDOM_COLORLESS_2","is_daily":false,"chose_seed":false,"campfire_upgraded":7,"win_rate":0.0,"timestamp":1612355471,"path_taken":["M","M","M","?","M","R","E","R","T","E","?","M","?","?","R","BOSS","M","?","$","M","?","R","E","?","T","E","?","M","M","?","R","BOSS","M","?","?","M","M","E","M","E","T","?","M","R","?","M","R","BOSS","R","$","E","BOSS"],"items_purchased_type":["Relic"],"build_version":"2020-12-22","purchased_purges":1,"victory":false,"max_hp_per_floor":[75,75,75,75,75,75,75,75,75,75,75,75,75,75,75,75,75,75,75,75,75,75,75,75,75,75,75,80,80,80,80,80,80,80,84,84,80,84,84,88,88,92,92,92,92,92,92,92,92,96,96,96,96,100,100,100],"card_choices":[{"not_picked":["Panache","Thinking Ahead"],"picked":"Master of Strategy","floor":0.0},{"not_picked":["Dark Embrace","Heavy Blade"],"picked":"Iron Wave","floor":1.0},{"not_picked":["Flex","Shrug It Off"],"picked":"Hemokinesis","floor":2.0},{"not_picked":["Warcry","Twin Strike"],"picked":"Uppercut","floor":3.0},{"not_picked":["Headbutt","Perfected Strike"],"picked":"Barricade","floor":5.0},{"not_picked":["Flex","Armaments"],"picked":"Blood for Blood","floor":7.0},{"not_picked":["Flame Barrier","Evolve"],"picked":"Seeing Red","floor":10.0},{"not_picked":["Wild Strike+1","Searing Blow+1"],"picked":"Anger+1","floor":12.0},{"not_picked":["Blood for Blood+1","Dark Embrace"],"picked":"Sword Boomerang+1","floor":14.0},{"not_picked":["Double Tap","Corruption"],"picked":"Impervious","floor":16.0},{"not_picked":["Dark Embrace","Thunderclap+1"],"picked":"Body Slam+1","floor":18.0},{"not_picked":["Rampage+1","Perfected Strike+1","Wild Strike+1"],"picked":"SKIP","floor":21.0},{"not_picked":["Body Slam+1","Rage+1"],"picked":"Ghostly Armor+1","floor":24.0},{"not_picked":["Battle Trance","Armaments"],"picked":"Entrench","floor":25.0},{"not_picked":["Clothesline+1","Hemokinesis+1","Clash+1"],"picked":"SKIP","floor":27.0},{"not_picked":["Wild Strike+1","Pommel Strike+1","Perfected Strike+1"],"picked":"Uppercut+1","floor":29.0},{"not_picked":["Hemokinesis+1","Armaments","Iron Wave+1","Wild Strike+1"],"picked":"SKIP","floor":30.0},{"not_picked":["Pommel Strike+1","Disarm","Clothesline+1"],"picked":"Warcry+1","floor":31.0},{"not_picked":["Limit Break","Fiend Fire+1","Brutality"],"picked":"Feed+1","floor":33.0},{"not_picked":["Headbutt+1","Heavy Blade+1","Havoc","Fire Breathing+1"],"picked":"SKIP","floor":35.0},{"not_picked":["Headbutt+1","Heavy Blade+1","Havoc","Fire Breathing+1"],"picked":"SKIP","floor":35.0},{"not_picked":["Mind Blast+1","Transmutation","Enlightenment"],"picked":"Finesse","floor":36.0},{"not_picked":["Swift Strike+1","Blind","Bandage Up"],"picked":"Dramatic Entrance+1","floor":36.0},{"not_picked":["Impatience","Violence","Discovery"],"picked":"Deep Breath","floor":36.0},{"not_picked":["Searing Blow+1","Battle Trance","Rupture"],"picked":"Headbutt+1","floor":38.0},{"not_picked":["Searing Blow+1","Wild Strike+1","Intimidate"],"picked":"Shrug It Off","floor":39.0},{"not_picked":["Fire Breathing","Heavy Blade+1","Wild Strike+1","Dark Embrace"],"picked":"SKIP","floor":40},{"not_picked":["Intimidate","Sever Soul+1","Fire Breathing","Dual Wield"],"picked":"SKIP","floor":41},{"not_picked":["Hemokinesis+1","Iron Wave+1","Thunderclap+1"],"picked":"Shrug It Off","floor":42},{"not_picked":["Havoc","Double Tap","Warcry"],"picked":"Armaments+1","floor":45},{"not_picked":["Anger+1","Perfected Strike+1","Thunderclap+1","Clash+1"],"picked":"SKIP","floor":48},{"not_picked":["Uppercut+1","Dual Wield","Dropkick+1","Clash+1"],"picked":"SKIP","floor":54}],"player_experience":947281,"relics_obtained":[{"floor":7.0,"key":"Whetstone"},{"floor":9.0,"key":"Red Skull"},{"floor":10.0,"key":"Molten Egg 2"},{"floor":19.0,"key":"Necronomicon"},{"floor":24.0,"key":"Nunchaku"},{"floor":26.0,"key":"Smiling Mask"},{"floor":26.0,"key":"Bag of Preparation"},{"floor":27.0,"key":"Question Card"},{"floor":31.0,"key":"Red Mask"},{"floor":40,"key":"Du-Vu Doll"},{"floor":42,"key":"Toy Ornithopter"},{"floor":43,"key":"Blood Vial"},{"floor":54,"key":"War Paint"}],"event_choices":[{"damage_healed":0.0,"max_hp_gain":0.0,"max_hp_loss":0.0,"gold_gain":0.0,"event_name":"Scrap Ooze","player_choice":"Success","floor":4.0,"gold_loss":0.0,"damage_taken":26.0,"relics_obtained":["Centennial Puzzle"]},{"damage_healed":0.0,"max_hp_gain":0.0,"max_hp_loss":0.0,"gold_gain":0.0,"event_name":"Dead Adventurer","player_choice":"Searched \u00271\u0027 times","floor":11.0,"gold_loss":0.0,"damage_taken":0.0,"relics_obtained":["Matryoshka"]},{"damage_healed":0.0,"max_hp_gain":0.0,"max_hp_loss":0.0,"gold_gain":0.0,"event_name":"Liars Game","player_choice":"Ignored","floor":13.0,"gold_loss":0.0,"damage_taken":0.0},{"damage_healed":0.0,"max_hp_gain":0.0,"max_hp_loss":0.0,"gold_gain":0.0,"event_name":"Cursed Tome","player_choice":"Obtained Book","floor":19.0,"gold_loss":0.0,"damage_taken":21.0},{"damage_healed":0.0,"max_hp_gain":0.0,"max_hp_loss":0.0,"gold_gain":50.0,"event_name":"Golden Shrine","player_choice":"Pray","floor":22.0,"gold_loss":0.0,"damage_taken":0.0},{"damage_healed":0.0,"max_hp_gain":5.0,"max_hp_loss":0.0,"gold_gain":0.0,"event_name":"Forgotten Altar","player_choice":"Shed Blood","floor":28.0,"gold_loss":0.0,"damage_taken":26.0},{"damage_healed":0.0,"max_hp_gain":0.0,"max_hp_loss":0.0,"gold_gain":0.0,"event_name":"Masked Bandits","player_choice":"Fought Bandits","floor":31.0,"gold_loss":0.0,"damage_taken":0.0},{"damage_healed":0.0,"max_hp_gain":0.0,"max_hp_loss":0.0,"gold_gain":0.0,"event_name":"SensoryStone","player_choice":"Memory 3","floor":36.0,"gold_loss":0.0,"damage_taken":10.0},{"damage_healed":0.0,"max_hp_gain":0.0,"max_hp_loss":4.0,"gold_gain":0.0,"event_name":"Winding Halls","player_choice":"Max HP","floor":37.0,"gold_loss":0.0,"damage_taken":0.0},{"damage_healed":0,"gold_gain":222,"player_choice":"Wore Mask","damage_taken":0,"max_hp_gain":0,"max_hp_loss":0,"event_name":"Tomb of Lord Red Mask","floor":44,"gold_loss":0},{"damage_healed":0,"gold_gain":0,"player_choice":"Forge","damage_taken":0,"max_hp_gain":0,"max_hp_loss":0,"event_name":"Accursed Blacksmith","floor":47,"gold_loss":0,"cards_upgraded":["Shrug It Off"]}],"is_beta":false,"boss_relics":[{"not_picked":["SacredBark","Runic Dome"],"picked":"Ectoplasm"},{"not_picked":["Mark of Pain","Coffee Dripper"],"picked":"Runic Pyramid"}],"items_purged_floors":[20],"is_endless":false,"potions_floor_spawned":[1,2,10,14,16,21,29,33,35,39,40,41],"killed_by":"The Heart","ascension_level":15}}