{"host":"627up2rvtmm0cf0r","time":1612355493,"event":{"mods":["ATMod(°¢èªMod)","Act Like it!","BaseMod","Better Vampires","CapriCore","Card Filter","Card Forge","Colored Powertips","DeckTracker","Dota2Spire","Downfall","Energized Spire","Friendly Minions","Highlight Path","Infinite Spire","Jedi Mod","Minty Spire (QoL Compilation)","MostiFishMod","Permanent Neow","Practice Mode","Quick Restart","Relic Stats","Reliquary","Shop Mod","Spicy Shops","StSLib","SuperFastMode","TestMod","Warlord Emblem","¡¾ÒÅÎï¿¨ÅÆ¡¿REMEMod","óô»ðÖ¸ÄÏ"],"gold_per_floor":[99,118,132,132,147,177,177,194,210,221,253,270,303,61,73,173,173,73,93,110,110,122,150,175,210,229,229,242,42,53,53,65,162,162,62,74,93,93,112,302,302,330,330,349,378,394,124,124,138,138,138,164,164,164,164,164,164],"floor_reached":55,"language":"ZHS","playtime":4551,"items_purged":["Guardian:Strike_Guardian","Guardian:Defend_Guardian","Guardian:Defend_Guardian","Guardian:CurlUp","Guardian:Defend_Guardian","Guardian:Defend_Guardian"],"score":1252,"play_id":"857ca4a7-4677-4d9d-9ff1-24a0c5f82bef","local_time":"20210203203133","is_ascension_mode":true,"campfire_choices":[{"data":"Guardian:CompilePackage","floor":1,"key":"SMITH"},{"floor":29,"key":"RECALL"},{"data":"infinitespire:Collect","floor":35,"key":"SMITH"},{"data":"infinitespire:UltimateForm","floor":54,"key":"SMITH"}],"circlet_count":0,"master_deck":["Guardian:Strike_Guardian","Guardian:TwinSlam","Guardian:CompilePackage+1","Guardian:ExploitGems","infinitespire:Collect+1","Guardian:PolyBeam","infinitespire:UltimateForm+1"],"relics":["Guardian:ModeShifterPlus","Hammer of Thor","Seething Fire","Anvil of the Gods","DaveBox","testmod-TestBox","REME_ComplimentaryCards","AT_ATBox","MostiFishMod:Haymaker","testmod-Fanaticism","Dota2Spire:Mjollnir","Kunai","Shuriken","Dota2Spire:EchoSabre","MostiFishMod:AdaptiveDefenses","infinitespire:Beetle Shell","reliquary:IridiumChain","Bottled Lightning","downfall:HeartBlessingGreen","downfall:HeartBlessingBlue","SlaversCollar","downfall:HeartBlessingRed","jedi:heavyjacket","reliquary:QuartzCube","reliquary:BallBearing","reliquary:WeakTea","AT_TimeSand","reliquary:Knoch"],"acts_visited":["Exordium","TheCity","TheBeyond","TheEnding"],"potions_floor_usage":[],"damage_taken":[{"damage":24,"enemies":"Jaw Worm","floor":2,"turns":3},{"damage":0,"enemies":"Cultist","floor":3,"turns":2},{"damage":2,"enemies":"2 Louse","floor":5,"turns":2},{"damage":19,"enemies":"Lagavulin","floor":6,"turns":6},{"damage":6,"enemies":"Lots of Slimes","floor":8,"turns":2},{"damage":11,"enemies":"Blue Slaver","floor":9,"turns":3},{"damage":0,"enemies":"Red Slaver","floor":10,"turns":1},{"damage":0,"enemies":"3 Sentries","floor":11,"turns":2},{"damage":0,"enemies":"Lots of Slimes","floor":12,"turns":1},{"damage":0,"enemies":"Gremlin Nob","floor":13,"turns":2},{"damage":4,"enemies":"downfall:FleeingMerchant","floor":14,"turns":4},{"damage":26,"enemies":"Exordium Thugs","floor":15,"turns":3},{"damage":39,"enemies":"WA_ARCHETYPE_RETAIN","floor":16,"turns":6},{"damage":28,"enemies":"Shell Parasite","floor":19,"turns":3},{"damage":15,"enemies":"Chosen and Byrds","floor":20,"turns":3},{"damage":22,"enemies":"Shelled Parasite and Fungi","floor":22,"turns":3},{"damage":11,"enemies":"Slavers","floor":23,"turns":3},{"damage":77,"enemies":"Nightmare","floor":25,"turns":8},{"damage":4,"enemies":"Cultist and Chosen","floor":26,"turns":4},{"damage":30,"enemies":"Sentry and Sphere","floor":28,"turns":4},{"damage":52,"enemies":"Snake Plant","floor":30,"turns":4},{"damage":0,"enemies":"Snecko","floor":32,"turns":2},{"damage":96,"enemies":"SI_MIRROR_ARCHETYPE","floor":33,"turns":6},{"damage":68,"enemies":"3 Darklings","floor":36,"turns":3},{"damage":19,"enemies":"Orb Walker","floor":37,"turns":3},{"damage":0,"enemies":"Sphere and 2 Shapes","floor":39,"turns":4},{"damage":0,"enemies":"downfall:FleeingMerchant","floor":40,"turns":2},{"damage":0,"enemies":"Nemesis","floor":42,"turns":3},{"damage":0,"enemies":"Transient","floor":44,"turns":3},{"damage":0,"enemies":"Reptomancer","floor":45,"turns":2},{"damage":0,"enemies":"3 Darklings","floor":46,"turns":3},{"damage":24,"enemies":"Sphere and 2 Shapes","floor":49,"turns":3},{"damage":46,"enemies":"IC_BLOCK_ARCHETYPE","floor":50,"turns":3},{"damage":27,"enemies":"downfall:CharBossMerchant","floor":52,"turns":4},{"damage":4,"enemies":"downfall:NeowBoss","floor":55,"turns":7}],"seed_played":"-6564194283691626065","potions_obtained":[{"floor":5,"key":"EntropicBrew"},{"floor":6,"key":"BlessingOfTheForge"},{"floor":10,"key":"FearPotion"},{"floor":11,"key":"Fire Potion"}],"is_trial":false,"path_per_floor":["R","M","M","?","M","E","T","M","M","M","E","M","E","$","M","B",null,"R","M","M","?","M","E","T","NM","M","AVR","M","R","M","?","M","B",null,"R","M","M","AVR","M","$","T","E","?","M","E","M","R","?","M","B",null,"E","$","R","B"],"character_chosen":"GUARDIAN","items_purchased":["MostiFishMod:AdaptiveDefenses","AT_TimeSand"],"campfire_rested":0,"item_purchase_floors":[14,47],"current_hp_per_floor":[72,56,56,56,54,51,51,45,36,36,36,36,36,32,45,78,80,80,80,79,79,80,69,69,80,80,80,60,70,66,66,66,39,77,77,90,90,90,90,90,90,90,90,90,90,90,90,68,46,27,74,76,76,76,76,76,76],"gold":164,"neow_bonus":"ONE_RANDOM_RARE_CARD","is_daily":false,"chose_seed":false,"campfire_upgraded":3,"win_rate":0.0,"timestamp":1612355493,"path_taken":["R","M","M","?","M","E","T","M","?","M","E","M","E","$","M","BOSS","R","M","M","?","?","E","T","NM","M","AVR","M","R","M","?","M","BOSS","R","M","M","AVR","M","$","T","E","?","?","E","M","R","?","M","BOSS","E","$","R","BOSS"],"items_purchased_type":["Relic","Relic"],"build_version":"2020-12-22","purchased_purges":6,"victory":false,"max_hp_per_floor":[80,80,80,80,80,80,80,80,80,80,80,80,80,80,80,80,80,80,80,80,80,80,80,80,80,80,80,80,90,90,90,90,90,90,90,90,90,90,90,90,90,90,90,90,90,90,90,90,90,90,90,90,90,90,90,90,90],"relic_stats":{"counters":[35,117],"Shuriken":[61],"Kunai":[63],"obtain_stats":[{"Dota2Spire:EchoSabre":13,"AT_ATBox":0,"DaveBox":0,"MostiFishMod:Haymaker":0,"Guardian:ModeShifterPlus":17,"MostiFishMod:AdaptiveDefenses":14,"downfall:HeartBlessingGreen":29,"Hammer of Thor":0,"AT_TimeSand":47,"reliquary:QuartzCube":41,"testmod-Fanaticism":0,"downfall:HeartBlessingBlue":29,"Dota2Spire:Mjollnir":6,"Kunai":7,"testmod-TestBox":0,"downfall:HeartBlessingRed":35,"Guardian:ModeShifter":0,"infinitespire:Beetle Shell":23,"Seething Fire":0,"reliquary:WeakTea":45,"reliquary:IridiumChain":25,"SlaversCollar":34,"jedi:heavyjacket":38,"Anvil of the Gods":0,"Shuriken":11,"reliquary:BallBearing":42,"Bottled Lightning":27,"reliquary:Knoch":52,"REME_ComplimentaryCards":0},{"Dota2Spire:EchoSabre":10,"AT_ATBox":0,"DaveBox":0,"MostiFishMod:Haymaker":0,"Guardian:ModeShifterPlus":13,"MostiFishMod:AdaptiveDefenses":11,"downfall:HeartBlessingGreen":20,"Hammer of Thor":0,"AT_TimeSand":31,"reliquary:QuartzCube":27,"testmod-Fanaticism":0,"downfall:HeartBlessingBlue":20,"Dota2Spire:Mjollnir":4,"Kunai":4,"testmod-TestBox":0,"downfall:HeartBlessingRed":23,"Guardian:ModeShifter":0,"infinitespire:Beetle Shell":17,"Seething Fire":0,"reliquary:WeakTea":30,"reliquary:IridiumChain":18,"SlaversCollar":23,"jedi:heavyjacket":25,"Anvil of the Gods":0,"Shuriken":8,"reliquary:BallBearing":28,"Bottled Lightning":19,"reliquary:Knoch":34,"REME_ComplimentaryCards":0},{"Dota2Spire:EchoSabre":24,"AT_ATBox":0,"DaveBox":0,"MostiFishMod:Haymaker":0,"Guardian:ModeShifterPlus":37,"MostiFishMod:AdaptiveDefenses":28,"downfall:HeartBlessingGreen":65,"Hammer of Thor":0,"AT_TimeSand":100,"reliquary:QuartzCube":89,"testmod-Fanaticism":0,"downfall:HeartBlessingBlue":65,"Dota2Spire:Mjollnir":13,"Kunai":13,"testmod-TestBox":0,"downfall:HeartBlessingRed":77,"Guardian:ModeShifter":0,"infinitespire:Beetle Shell":49,"Seething Fire":0,"reliquary:WeakTea":97,"reliquary:IridiumChain":57,"SlaversCollar":77,"jedi:heavyjacket":83,"Anvil of the Gods":0,"Shuriken":21,"reliquary:BallBearing":92,"Bottled Lightning":61,"reliquary:Knoch":110,"REME_ComplimentaryCards":0}]},"card_choices":[{"not_picked":["Guardian:ChargeCore","Guardian:RollAttack","Guardian:Suspension"],"picked":"SKIP","floor":2},{"not_picked":["Guardian:Recover","Guardian:PrismaticBeam","Guardian:Gem_Purple"],"picked":"SKIP","floor":3},{"not_picked":["Guardian:Gem_Purple","Guardian:TemporalShield","Guardian:Gem_Yellow"],"picked":"SKIP","floor":5},{"not_picked":["Guardian:Orbwalk","Guardian:CrystalBeam","Guardian:Recover"],"picked":"SKIP","floor":6},{"not_picked":["Guardian:Orbwalk","Guardian:CrystalBeam","Guardian:Recover"],"picked":"SKIP","floor":6},{"not_picked":["Guardian:Suspension","Guardian:Orbwalk","Guardian:BodySlam"],"picked":"SKIP","floor":8},{"not_picked":["Guardian:RollAttack","Guardian:MultiBeam","Guardian:CompilePackage"],"picked":"SKIP","floor":9},{"not_picked":["Guardian:ChargeCore","Guardian:PrimingBeam","Guardian:Gem_Lightblue"],"picked":"SKIP","floor":10},{"not_picked":["Guardian:Clone","Guardian:VentSteam","Guardian:Repulse"],"picked":"SKIP","floor":11},{"not_picked":["Guardian:PiercingHide","Guardian:Incinerate","Guardian:AncientConstruct"],"picked":"SKIP","floor":12},{"not_picked":["Guardian:StasisField","Guardian:Incinerate","Guardian:Reroute"],"picked":"SKIP","floor":13},{"not_picked":["Guardian:Gem_Blue","Guardian:Suspension","Guardian:Gem_Fragmented"],"picked":"SKIP","floor":14},{"not_picked":["Guardian:Gem_Red","Guardian:ShieldCharger","Guardian:Gem_Yellow"],"picked":"SKIP","floor":15},{"not_picked":["Guardian:GemFire","Guardian:FierceBash"],"picked":"Guardian:ExploitGems","floor":16},{"not_picked":["Guardian:Gem_Crimson","Guardian:RollAttack+1"],"picked":"Guardian:Gem_White","floor":19},{"not_picked":["Guardian:CrystalBeam","Guardian:Gem_Blue","Guardian:PrismaticBarrier"],"picked":"SKIP","floor":20},{"not_picked":["Guardian:PiercingHide+1","Guardian:PrismaticBarrier","Guardian:ChargeUp"],"picked":"SKIP","floor":22},{"not_picked":["Guardian:Gem_Lightblue","Guardian:PrismaticBeam","Guardian:ArmoredProtocol"],"picked":"SKIP","floor":23},{"not_picked":["Guardian:Incinerate","Guardian:PolyBeam","Guardian:DonusPower"],"picked":"SKIP","floor":25},{"not_picked":["Guardian:Gem_Crimson","Guardian:SpikerProtocol","Guardian:PolyBeam"],"picked":"SKIP","floor":26},{"not_picked":["Guardian:VentSteam","Guardian:Gem_Crimson","Guardian:Gem_Purple"],"picked":"SKIP","floor":28},{"not_picked":["Guardian:RollAttack","Guardian:Gem_Purple","Guardian:Gem_Red"],"picked":"SKIP","floor":30},{"not_picked":["Guardian:Reroute","Guardian:Incinerate","Guardian:Planning"],"picked":"SKIP","floor":32},{"not_picked":["Guardian:WalkerClaw+1","Guardian:EvasiveProtocol","Guardian:Orbwalk+1"],"picked":"SKIP","floor":36},{"not_picked":["Guardian:Suspension","Guardian:PrismaticBeam+1","Guardian:Gem_Blue"],"picked":"SKIP","floor":37},{"not_picked":["Guardian:Gem_White","Guardian:CrystalBeam+1","Guardian:ChargeCore+1"],"picked":"SKIP","floor":39},{"not_picked":["Guardian:BaubleBeam","Guardian:Gem_Red","Guardian:Gem_Lightblue"],"picked":"SKIP","floor":40},{"not_picked":["Guardian:WalkerClaw+1","Guardian:Planning+1","Guardian:Incinerate+1"],"picked":"SKIP","floor":42},{"not_picked":["Guardian:Gem_Lightblue","Guardian:StasisStrike","Guardian:TemporalStrike+1"],"picked":"SKIP","floor":44},{"not_picked":["Guardian:PolyBeam","Guardian:Clone","Guardian:CrystalBeam+1"],"picked":"SKIP","floor":45},{"not_picked":["Guardian:Gem_Lightblue","Guardian:Incinerate+1","Guardian:Gem_Fragmented"],"picked":"SKIP","floor":46},{"not_picked":["infinitespire:Collect","infinitespire:SevenWalls"],"picked":"infinitespire:UltimateForm","floor":48},{"not_picked":["Guardian:DonusPower","Guardian:Gem_Green","Guardian:Clone"],"picked":"SKIP","floor":49},{"not_picked":["Guardian:Incinerate","Guardian:TemporalShield+1","Guardian:ChargeUp"],"picked":"SKIP","floor":52}],"player_experience":139488,"relics_obtained":[{"floor":6,"key":"Dota2Spire:Mjollnir"},{"floor":7,"key":"Kunai"},{"floor":11,"key":"Shuriken"},{"floor":13,"key":"Dota2Spire:EchoSabre"},{"floor":23,"key":"infinitespire:Beetle Shell"},{"floor":25,"key":"reliquary:IridiumChain"},{"floor":41,"key":"reliquary:QuartzCube"},{"floor":42,"key":"reliquary:BallBearing"},{"floor":45,"key":"reliquary:WeakTea"},{"floor":52,"key":"reliquary:Knoch"}],"event_choices":[{"damage_healed":0,"gold_gain":0,"player_choice":"Read","damage_taken":0,"max_hp_gain":0,"max_hp_loss":0,"event_name":"The Library","floor":31,"gold_loss":0,"cards_obtained":["Guardian:Gem_White"]}],"is_beta":false,"boss_relics":[{"not_picked":["energizedSpire:EnergizedDie","energizedSpire:MagnifyingGlass"],"picked":"Guardian:ModeShifterPlus"},{"not_picked":["Cursed Key","GreenFoldingFan"],"picked":"SlaversCollar"}],"items_purged_floors":[14,18,27,38,40,47],"is_endless":false,"potions_floor_spawned":[5,6,10,11,12,15,22,25,28,30,32,33,36,39,42,45],"killed_by":"downfall:NeowBoss","ascension_level":7}}