{"host":"a3oe3gstxz77c7qu","time":1612373418,"event":{"mods":["2.2 Compatiblity","Act Like it!","Astrologer","BaseMod","Bestiary","Better Altar","Better Match","Better Note","Better Skull","Better Third Choice","Block Reminder","Curses Come First","Custom Start","Dark Map","Downfall","Friendly Minions","GifTheSpireLib","Hallownest","Hermit","Jorbs\u0027s Wanderer Trilogy","Lobotomy","LobotomyExtend","Marisa????????","Minty Spire (QoL Compilation)","Permanent Neow","Quick Restart","Relic Filter Mod","Relic Stats","Reliquary","Replay The Spire","Smile Girya","Spire Arcade","StSLib","The Bug Knight","The Cursed","The Disciple","The Jungle","Uncapped","Unknown Chances","Wandering Minibosses"],"gold_per_floor":[113,123,48,65,65,65,99,115,166,191,63,63,96,106,106,106,106],"floor_reached":16,"language":"ENG","playtime":865,"items_purged":["Defend_P"],"score":174,"play_id":"1fa20b4a-beb1-4746-a910-97883ac89c52","local_time":"20210203173018","is_ascension_mode":true,"campfire_choices":[{"data":"BowlingBash","floor":6,"key":"SMITH"},{"data":"LessonLearned","floor":15,"key":"SMITH"}],"circlet_count":0,"master_deck":["Strike_P","Strike_P+1","Strike_P","Defend_P","Defend_P","Defend_P","Eruption","Vigilance","BowlingBash+1","Woodsman","FlyingSleeves","MeatLantern","Ragnarok","FollowUp","Scorched","LessonLearned+1"],"relics":["PureWater","CogitoBucket","RabbitCall","LetterFromLob","Iron Hammer","Juzu Bracelet","MawBank","MagicBullet_r","Smiling Mask","FleshIdol"],"acts_visited":["Exordium"],"potions_floor_usage":[7,7,16],"damage_taken":[{"damage":7,"enemies":"Cultist","floor":1,"turns":6},{"damage":4,"enemies":"Small Slimes","floor":2,"turns":2},{"damage":8,"enemies":"2 Louse","floor":4,"turns":3},{"damage":37,"enemies":"Gremlin Nob","floor":7,"turns":2},{"damage":5,"enemies":"Exordium Wildlife","floor":8,"turns":3},{"damage":18,"enemies":"Replay:BlueRogue","floor":10,"turns":6},{"damage":21,"enemies":"Lagavulin","floor":13,"turns":11},{"damage":26,"enemies":"3 Louse","floor":14,"turns":3},{"damage":61,"enemies":"The Guardian","floor":16,"turns":7}],"seed_played":"5497716015001845849","potions_obtained":[{"floor":1,"key":"DistilledChaos"},{"floor":2,"key":"Fire Potion"},{"floor":8,"key":"BlessingOfTheForge"},{"floor":10,"key":"FearPotion"}],"is_trial":false,"path_per_floor":["M","M","$","M","?","R","E","M","T","E","$","?","E","M","R","B"],"character_chosen":"WATCHER","items_purchased":["LessonLearned"],"campfire_rested":0,"item_purchase_floors":[11],"current_hp_per_floor":[58,66,66,70,70,70,39,46,46,34,34,55,46,44,44,0,0],"gold":106,"neow_bonus":"","is_daily":false,"chose_seed":false,"campfire_upgraded":2,"win_rate":0.0,"timestamp":1612373418,"path_taken":["M","M","?","M","?","R","E","M","T","E","$","?","E","M","R","BOSS"],"items_purchased_type":["Card"],"build_version":"2020-12-22","purchased_purges":1,"victory":false,"max_hp_per_floor":[72,72,72,72,72,72,72,72,72,72,72,72,72,72,72,72,72],"relic_stats":{"counters":[10,44],"Juzu Bracelet":1,"MawBank":12,"Smiling Mask":0,"obtain_stats":[{"RabbitCall":0,"CogitoBucket":0,"MagicBullet_r":12,"FleshIdol":14,"Iron Hammer":7,"LetterFromLob":1,"Juzu Bracelet":9,"PureWater":0,"MawBank":10,"Smiling Mask":13},{"RabbitCall":0,"CogitoBucket":0,"MagicBullet_r":6,"FleshIdol":9,"Iron Hammer":4,"LetterFromLob":1,"Juzu Bracelet":5,"PureWater":0,"MawBank":6,"Smiling Mask":7},{"RabbitCall":0,"CogitoBucket":0,"MagicBullet_r":22,"FleshIdol":37,"Iron Hammer":13,"LetterFromLob":6,"Juzu Bracelet":16,"PureWater":0,"MawBank":22,"Smiling Mask":33}]},"card_choices":[{"not_picked":["Replay:AtTheReady","Replay:ManipulateFuture"],"picked":"BowlingBash","floor":1},{"not_picked":["CrumblingArmor","CherryBlossoms"],"picked":"Woodsman","floor":1},{"not_picked":["PunishingBird","OldLady","MHz"],"picked":"Singing Bowl","floor":2},{"not_picked":["Protect","BowlingBash","Replay:AtTheReady"],"picked":"SKIP","floor":2},{"not_picked":["CrushJoints","CarveReality"],"picked":"FlyingSleeves","floor":4},{"not_picked":["Mercenary","BigBadWolf"],"picked":"MeatLantern","floor":4},{"not_picked":["Protect","Consecrate"],"picked":"Ragnarok","floor":7},{"not_picked":["CrumblingArmor","OldLady","SingingMachine"],"picked":"Singing Bowl","floor":7},{"not_picked":["Wellcheers","LongBird","CherryBlossoms"],"picked":"Singing Bowl","floor":8},{"not_picked":["Crescendo","Protect"],"picked":"FollowUp","floor":8},{"not_picked":["BeautyBeast","OSAHOGD"],"picked":"Scorched","floor":10},{"not_picked":["CrushJoints","Halt","EmptyMind"],"picked":"SKIP","floor":10},{"not_picked":["WallGazer","Funeral","Wellcheers"],"picked":"Singing Bowl","floor":13},{"not_picked":["EmptyFist","CrushJoints","ClearTheMind"],"picked":"SKIP","floor":13},{"not_picked":["FairyFestival","CrumblingArmor","HeroicMonk"],"picked":"Singing Bowl","floor":14},{"not_picked":["Pray","MentalFortress","Replay:DivineShield"],"picked":"SKIP","floor":14}],"player_experience":1142096,"relics_obtained":[{"floor":1,"key":"LetterFromLob"},{"floor":7,"key":"Iron Hammer"},{"floor":9,"key":"Juzu Bracelet"},{"floor":10,"key":"MawBank"},{"floor":13,"key":"Smiling Mask"}],"event_choices":[{"cards_removed":["Strike_P"],"damage_healed":0,"gold_gain":0,"player_choice":"Offered Basic","damage_taken":0,"max_hp_gain":0,"max_hp_loss":0,"event_name":"Bonfire Elementals","floor":5,"gold_loss":0}],"is_beta":false,"boss_relics":[],"items_purged_floors":[3],"is_endless":false,"potions_floor_spawned":[1,2,8,10],"killed_by":"The Guardian","ascension_level":9}}