{"host":"nolo0osttpwefhwj","time":1612372023,"event":{"mods":["AchievementEnabler","BaseMod","Bestiary","Colored Powertips","Minty Spire (QoL Compilation)","Permanent Neow","Quick Restart","Relic Stats"],"gold_per_floor":[109,126,142,142,292,292,323,323,323,323,248,280,291,308,308,308,308],"floor_reached":16,"language":"ENG","playtime":499,"items_purged":[],"score":220,"play_id":"99d546c6-4e29-420c-8746-2dff0cb7b8d9","local_time":"20210203180703","is_ascension_mode":true,"campfire_choices":[{"data":"Bouncing Flask","floor":6.0,"key":"SMITH"},{"data":"Corpse Explosion","floor":10,"key":"SMITH"},{"data":"Neutralize","floor":15,"key":"SMITH"}],"circlet_count":0,"master_deck":["AscendersBane","Strike_G","Strike_G","Strike_G","Strike_G","Strike_G","Defend_G","Defend_G","Defend_G","Defend_G","Defend_G","Survivor","Neutralize+1","Bouncing Flask+1","Doubt","Escape Plan","Corpse Explosion+1","PiercingWail"],"relics":["Ring of the Snake","Juzu Bracelet","Paper Crane","MealTicket","Anchor","Bronze Scales"],"acts_visited":["Exordium"],"potions_floor_usage":[13,16],"damage_taken":[{"damage":1.0,"enemies":"Cultist","floor":1.0,"turns":4.0},{"damage":0.0,"enemies":"Jaw Worm","floor":2.0,"turns":4.0},{"damage":0.0,"enemies":"Small Slimes","floor":3.0,"turns":4.0},{"damage":19.0,"enemies":"Lagavulin","floor":7.0,"turns":6.0},{"damage":30,"enemies":"Gremlin Nob","floor":12,"turns":4},{"damage":1,"enemies":"Exordium Thugs","floor":13,"turns":3},{"damage":1,"enemies":"Looter","floor":14,"turns":3},{"damage":9,"enemies":"Hexaghost","floor":16,"turns":4}],"seed_played":"-2181060558275680104","potions_obtained":[{"floor":1.0,"key":"Explosive Potion"},{"floor":2.0,"key":"Weak Potion"},{"floor":13,"key":"CultistPotion"},{"floor":14,"key":"Energy Potion"}],"is_trial":false,"path_per_floor":["M","M","M","?","?","R","E","?","T","R","?","E","M","M","R","B"],"character_chosen":"THE_SILENT","items_purchased":[],"campfire_rested":0,"item_purchase_floors":[],"current_hp_per_floor":[58,58,58,58,58,58,39,39,39,39,39,9,8,7,7,0,0],"gold":308,"neow_bonus":"RANDOM_COMMON_RELIC","is_daily":false,"chose_seed":false,"campfire_upgraded":3,"win_rate":0.0,"timestamp":1612372023,"path_taken":["M","M","M","?","?","R","E","?","T","R","?","E","M","M","R","BOSS"],"items_purchased_type":[],"build_version":"2020-12-22","purchased_purges":0,"victory":false,"max_hp_per_floor":[66,66,66,66,66,66,66,66,66,66,66,66,66,66,66,66,66],"relic_stats":{"counters":[8,32],"Bronze Scales":[36],"MealTicket":0,"Juzu Bracelet":1,"obtain_stats":[{"Anchor":9,"Bronze Scales":12,"MealTicket":7,"Juzu Bracelet":0,"Paper Crane":4,"Ring of the Snake":0},{"Anchor":4,"Bronze Scales":5,"MealTicket":4,"Juzu Bracelet":0,"Paper Crane":3,"Ring of the Snake":0},{"Anchor":18,"Bronze Scales":22,"MealTicket":18,"Juzu Bracelet":0,"Paper Crane":12,"Ring of the Snake":0}],"Ring of the Snake":[16]},"card_choices":[{"not_picked":["Blur","Accuracy"],"picked":"Bouncing Flask","floor":1.0},{"not_picked":["Quick Slash","Backflip","Cloak And Dagger"],"picked":"SKIP","floor":2.0},{"not_picked":["Choke","Outmaneuver","Terror"],"picked":"SKIP","floor":3.0},{"not_picked":["All Out Attack","Finisher"],"picked":"Escape Plan","floor":7.0},{"not_picked":["Dagger Throw","Dodge and Roll","Prepared"],"picked":"SKIP","floor":12},{"not_picked":["Prepared","Sucker Punch"],"picked":"PiercingWail","floor":13},{"not_picked":["Dagger Spray","Finisher","Storm of Steel"],"picked":"SKIP","floor":14}],"player_experience":292094,"relics_obtained":[{"floor":7.0,"key":"MealTicket"},{"floor":9,"key":"Anchor"},{"floor":12,"key":"Bronze Scales"}],"event_choices":[{"damage_healed":0.0,"max_hp_gain":0.0,"max_hp_loss":0.0,"gold_gain":0.0,"event_name":"Big Fish","player_choice":"Box","floor":4.0,"gold_loss":0.0,"damage_taken":0.0,"relics_obtained":["Paper Crane"],"cards_obtained":["Regret"]},{"damage_healed":0.0,"max_hp_gain":0.0,"max_hp_loss":0.0,"gold_gain":150.0,"event_name":"Liars Game","player_choice":"AGREE","floor":5.0,"gold_loss":0.0,"damage_taken":0.0,"cards_obtained":["Doubt"]},{"damage_healed":0,"gold_gain":0,"player_choice":"1 cards matched","damage_taken":0,"max_hp_gain":0,"max_hp_loss":0,"event_name":"Match and Keep!","floor":8,"gold_loss":0,"cards_obtained":["Corpse Explosion"]},{"cards_removed":["Regret"],"damage_healed":0,"gold_gain":0,"player_choice":"Card Removal","damage_taken":0,"max_hp_gain":0,"max_hp_loss":0,"event_name":"The Cleric","floor":11,"gold_loss":75}],"is_beta":false,"boss_relics":[],"items_purged_floors":[],"is_endless":false,"potions_floor_spawned":[1,2,13,14],"killed_by":"Hexaghost","ascension_level":20}}