{"host":"yck2t2q3ro7hf56e","time":1612390667,"event":{"mods":["2.2 Compatiblity","AchievementEnabler","Act Like it!","Aspiration","BaseMod","Better Altar","Better Match","Better Note","Better Sensory Stone","Better Skull","Better Third Choice","Better Vampires","BetterRewards","Block Reminder","Bossed Relics","CCEM2","Challenge The Spire","Colored Powertips","Conspire","Curses Come First","DNKmod","Energized Spire","Friendly Minions","GifTheSpireLib","Glutton Mod","Halation","Hubris","Infinite Spire","Marked Mod","Minty Spire (QoL Compilation)","Permanent Neow","Practice Mode","Quick Restart","Rare Cards Sparkle","RatMod","Relic Sorter","Relic Stats","Reliquary","Replay The Spire","Shade Mod","Shop Mod","Spicy Shops","Spikes Relics","StSLib","Stuff the Spire","Synergy Search","The Blue Laboratory","The Construct","TheSurvivalist","Thieving Mod","Unceasing Turn Reminder","Unknown Chances","everything is the same but u backflip on backflip","??????REMEMod"],"gold_per_floor":[6013,6027,6043,6059,6079,6113,6113,6138,6138,6150,6325,6325,6325,5808,5048,5066,5066,5171,5171,5171,5171],"floor_reached":20,"language":"ENG","playtime":5495,"items_purged":["Doubt"],"score":259,"play_id":"3f095a9e-0120-4e77-bad0-8f538b20ec3f","local_time":"20210203221747","is_ascension_mode":false,"campfire_choices":[{"floor":7,"key":"RECALL"},{"data":"infinitespire:SevenWalls","floor":17,"key":"SMITH"}],"circlet_count":0,"master_deck":["Strike_R","Strike_R","Strike_R","Strike_R","Strike_R","Defend_R","Defend_R","Defend_R","Defend_R","Bash","Defend_R","ReplayReversal","Ghostly Armor","Invigoration","infinitespire:SevenWalls+1","Invigoration"],"relics":["Burning Blood","REME_ComplimentaryCards","StuffTheSpire:PointBlank","ReplayTheSpireMod:TigerMarble","Prayer Wheel","Meat on the Bone","Lee\u0027s Waffle"],"acts_visited":["Exordium","TheCity"],"potions_floor_usage":[8],"damage_taken":[{"damage":1,"enemies":"Jaw Worm","floor":1,"turns":3},{"damage":7,"enemies":"2 Louse","floor":2,"turns":3},{"damage":0,"enemies":"conspire:RoseBush","floor":3,"turns":3},{"damage":6,"enemies":"Lots of Slimes","floor":4,"turns":5},{"damage":2,"enemies":"3 Louse","floor":5,"turns":4},{"damage":28,"enemies":"Gremlin Nob","floor":6,"turns":5},{"damage":20,"enemies":"Replay:BlueRogue","floor":8,"turns":8},{"damage":0,"enemies":"conspire:2 RoseBushes","floor":10,"turns":6},{"damage":6,"enemies":"Exordium Thugs","floor":16,"turns":6},{"damage":0,"enemies":"Fading Forest","floor":18,"turns":11},{"damage":9,"enemies":"Shell Parasite","floor":20,"turns":2}],"seed_played":"2582325161347548485","potions_obtained":[{"floor":1,"key":"blueLaboratory:LouseDecoction"},{"floor":6,"key":"ColorlessPotion"}],"is_trial":false,"path_per_floor":["M","M","M","M","M","E","R","E","T","M","?","PTL","PTL","?","$","M","R","B",null,"M"],"character_chosen":"IRONCLAD","items_purchased":["Prayer Wheel","Meat on the Bone","Invigoration","Lee\u0027s Waffle"],"campfire_rested":0,"item_purchase_floors":[15,15,15,15],"current_hp_per_floor":[100,99,100,100,100,78,78,64,64,70,70,70,70,70,107,107,107,107,107,100,100],"gold":5171,"neow_bonus":"RANDOM_EVENT","is_daily":false,"chose_seed":false,"campfire_upgraded":1,"win_rate":0.0,"timestamp":1612390667,"path_taken":["M","M","M","M","M","E","R","E","T","M","?","PTL","PTL","?","$","M","R","BOSS","M"],"items_purchased_type":["Relic","Relic","Card","Relic"],"build_version":"2020-12-22","purchased_purges":1,"victory":false,"max_hp_per_floor":[100,100,100,100,100,100,100,100,100,100,100,100,100,100,107,107,107,107,107,109,109],"relic_stats":{"Lee\u0027s Waffle":37,"counters":[11,56],"Prayer Wheel":1,"obtain_stats":[{"Lee\u0027s Waffle":15,"Prayer Wheel":15,"StuffTheSpire:PointBlank":6,"ReplayTheSpireMod:TigerMarble":8,"Burning Blood":0,"REME_ComplimentaryCards":0,"Meat on the Bone":15},{"Lee\u0027s Waffle":8,"Prayer Wheel":8,"StuffTheSpire:PointBlank":6,"ReplayTheSpireMod:TigerMarble":7,"Burning Blood":0,"REME_ComplimentaryCards":0,"Meat on the Bone":8},{"Lee\u0027s Waffle":37,"Prayer Wheel":37,"StuffTheSpire:PointBlank":23,"ReplayTheSpireMod:TigerMarble":31,"Burning Blood":0,"REME_ComplimentaryCards":0,"Meat on the Bone":37}],"Burning Blood":40,"Meat on the Bone":0},"card_choices":[{"not_picked":["infinitespire:OneForAll","Clothesline"],"picked":"ReplayReversal","floor":1},{"not_picked":["Anger","ReplayTheSpireMod:Limb From Limb","Havoc"],"picked":"SKIP","floor":2},{"not_picked":["Spot Weakness","Blood for Blood"],"picked":"Ghostly Armor","floor":3},{"not_picked":["rat:Decimate","infinitespire:OneForAll","ReplayTheSpireMod:Limb From Limb"],"picked":"SKIP","floor":4},{"not_picked":["Warcry","Wild Strike","Replay:Undeath\u0027s Touch"],"picked":"SKIP","floor":5},{"not_picked":["Clash","hubris:StunningStrike","Reaper"],"picked":"SKIP","floor":6},{"not_picked":["Flex","Thunderclap"],"picked":"Invigoration","floor":8},{"not_picked":["Warcry","BarbarianYell","Berserk"],"picked":"SKIP","floor":10},{"not_picked":["hubris:Rewind","infinitespire:Oblivion"],"picked":"infinitespire:SevenWalls","floor":14},{"not_picked":["Replay:Undeath\u0027s Touch","Clothesline","hubris:SharpeningStone"],"picked":"SKIP","floor":16},{"not_picked":["Sword Boomerang","REME_FearOfPain","Havoc"],"picked":"SKIP","floor":16}],"player_experience":217057,"relics_obtained":[{"floor":6,"key":"StuffTheSpire:PointBlank"},{"floor":8,"key":"ReplayTheSpireMod:TigerMarble"}],"event_choices":[{"damage_healed":0,"gold_gain":175,"player_choice":"AGREE","damage_taken":6150,"max_hp_gain":0,"max_hp_loss":0,"event_name":"betterThird:BetterSerpent","floor":11,"gold_loss":0}],"is_beta":false,"boss_relics":[{"not_picked":["energizedSpire:MagnifyingGlass","Mark of Pain","hubris:CrackedHourglass"]}],"items_purged_floors":[15],"is_endless":false,"potions_floor_spawned":[1,4,6,10],"killed_by":"Shell Parasite","ascension_level":0}}