{"host":"osfffw6eu3utmcte","time":1612347080,"event":{"mods":["AchievementEnabler","BaseMod","Downfall","Hermit","Jorbs\u0027s Wanderer Trilogy","Minty Spire (QoL Compilation)","StSLib","The Cursed"],"gold_per_floor":[99,116,135,135,153,165,235,235,245,145,176,193,212,15,29,130,130,130,130,130,148,162,162,185,14,48,61,61,85,85,85,105,105,105,105],"floor_reached":33,"language":"ENG","playtime":3914,"items_purged":["hexamod:Defend"],"score":296,"play_id":"a101fc0d-e2fa-4e8e-92cf-39ec29f7471e","local_time":"20210203111120","is_ascension_mode":false,"campfire_choices":[{"data":"hexamod:Defend","floor":1.0,"key":"SMITH"},{"floor":8.0,"key":"RECALL"},{"data":"hexamod:ShieldOfDarkness","floor":10.0,"key":"SMITH"},{"data":"hexamod:EtherealExpedition","floor":18.0,"key":"SMITH"},{"floor":23.0,"key":"REST"},{"floor":30.0,"key":"REST"}],"circlet_count":0,"master_deck":["hexamod:Strike+1","hexamod:Strike","hexamod:Strike+1","hexamod:Defend","hexamod:Defend+1","hexamod:Defend+1","hexamod:Sear","hexamod:Float","hexamod:GhostShield","hexamod:Hexaguard+1","hexamod:EtherealExpedition+1","hexamod:ShieldOfDarkness+1","hexamod:FourthSeal","hexamod:FastForward+1","hexamod:GhostOfSpireFuture","hexamod:BacktrackSmack","hexamod:AdvancingGuard+1","hexamod:EmpoweredFlame","hexamod:DynamicBlow+1","hexamod:Rewind+1","hexamod:FifthSeal","Slimebound:CheckThePlaybook+1","hexamod:SixthSeal","hexamod:SpectralAdrenaline+1","hexamod:FirstSeal","hexamod:NightmareStrike+1","hexamod:NecessarySacrifice+1","hexamod:GhostOfSpirePresent","hexamod:SecondSeal","downfall:Bewildered","hexamod:SixthSeal","hexamod:FirstSeal","hexamod:ThirdSeal","hexamod:Hexaguard+1"],"relics":["hexamod:SpiritBrand","Toxic Egg 2","downfall:HeartBlessingRed","SlaversCollar","downfall:RedIOU","Ancient Tea Set","Blood Vial","Matryoshka","sneckomod:BabySnecko"],"acts_visited":["Exordium","TheCity"],"potions_floor_usage":[33,33],"damage_taken":[{"damage":0.0,"enemies":"Small Slimes","floor":2.0,"turns":5.0},{"damage":0.0,"enemies":"Cultist","floor":3.0,"turns":3.0},{"damage":0.0,"enemies":"2 Louse","floor":5.0,"turns":3.0},{"damage":5.0,"enemies":"Exordium Wildlife","floor":6.0,"turns":10.0},{"damage":0.0,"enemies":"2 Fungi Beasts","floor":9.0,"turns":5.0},{"damage":0.0,"enemies":"Lagavulin","floor":11.0,"turns":8.0},{"damage":0.0,"enemies":"Large Slime","floor":12.0,"turns":8.0},{"damage":0.0,"enemies":"Red Slaver","floor":13.0,"turns":3.0},{"damage":5.0,"enemies":"downfall:FleeingMerchant","floor":14.0,"turns":4.0},{"damage":3.0,"enemies":"2 Fungi Beasts","floor":15.0,"turns":5.0},{"damage":20.0,"enemies":"DF_ARCHETYPE_STREAMLINE","floor":16.0,"turns":10.0},{"damage":14.0,"enemies":"Shell Parasite","floor":21.0,"turns":8.0},{"damage":19.0,"enemies":"Cultist and Chosen","floor":22.0,"turns":9.0},{"damage":0.0,"enemies":"downfall:FleeingMerchant","floor":25.0,"turns":4.0},{"damage":38.0,"enemies":"Gremlin Leader","floor":26.0,"turns":7.0},{"damage":9.0,"enemies":"Centurion and Healer","floor":27.0,"turns":6.0},{"damage":15.0,"enemies":"Snake Plant","floor":29.0,"turns":4.0},{"damage":17.0,"enemies":"3 Cultists","floor":32.0,"turns":8.0},{"damage":31,"enemies":"IC_MUSHROOM_ARCHETYPE","floor":33,"turns":7}],"seed_played":"5667060892451331173","potions_obtained":[{"floor":3.0,"key":"Swift Potion"},{"floor":11.0,"key":"SpeedPotion"},{"floor":11.0,"key":"champ:CounterPotion"},{"floor":12.0,"key":"Explosive Potion"},{"floor":13.0,"key":"AttackPotion"},{"floor":14.0,"key":"FearPotion"},{"floor":16.0,"key":"Dexterity Potion"},{"floor":22.0,"key":"BlessingOfTheForge"},{"floor":22.0,"key":"Weak Potion"},{"floor":26.0,"key":"SmokeBomb"},{"floor":26.0,"key":"Weak Potion"},{"floor":27.0,"key":"hexamod:InfernoChargePotion"},{"floor":27.0,"key":"hexamod:SoulburnPotion"},{"floor":32.0,"key":"sneckomod:MuddlingPotion"},{"floor":32.0,"key":"Swift Potion"}],"is_trial":false,"path_per_floor":["R","M","M","?","M","M","T","R","M","R","E","M","M","$","M","B",null,"R","?","?","M","M","R","T","$","E","M","?","M","R","?","M","B"],"character_chosen":"THE_SPIRIT","items_purchased":["hexamod:EmpoweredFlame","hexamod:DynamicBlow","Blood Vial"],"campfire_rested":2,"item_purchase_floors":[14,14,25],"current_hp_per_floor":[77,77,77,77,77,72,72,72,72,72,72,72,72,67,64,44,77,77,77,51,37,18,41,41,48,19,19,19,13,36,36,28,0,0,0],"gold":105,"neow_bonus":"TEN_PERCENT_HP_BONUS","is_daily":false,"chose_seed":false,"campfire_upgraded":3,"win_rate":0.0,"timestamp":1612347080,"path_taken":["R","M","M","?","M","?","T","R","M","R","E","M","M","$","M","BOSS","R","?","?","M","M","R","T","$","E","M","?","M","R","?","M","BOSS"],"items_purchased_type":["Card","Card","Relic"],"build_version":"2020-12-22","purchased_purges":1,"victory":false,"max_hp_per_floor":[77,77,77,77,77,77,77,77,77,77,77,77,77,77,77,77,77,77,77,77,77,77,77,77,77,77,77,77,77,77,77,77,77,77,77],"card_choices":[{"not_picked":["hexamod:Incineration","hexamod:Firestarter"],"picked":"hexamod:GhostShield","floor":2.0},{"not_picked":["hexamod:StepThrough","hexamod:NightmareStrike"],"picked":"hexamod:Hexaguard","floor":3.0},{"not_picked":["hexamod:Again","hexamod:NightmareGuise"],"picked":"hexamod:EtherealExpedition","floor":5.0},{"not_picked":["hexamod:HeatMetal","hexamod:SwordOfDarkness"],"picked":"hexamod:ShieldOfDarkness","floor":6.0},{"not_picked":["hexamod:BacktrackSmack","hexamod:Hexaguard+1"],"picked":"hexamod:FourthSeal","floor":9.0},{"not_picked":["hexamod:ThermalTransfer","hexamod:GhostShield+1"],"picked":"hexamod:FastForward+1","floor":11.0},{"not_picked":["hexamod:GhostShield+1","hexamod:GhostLash"],"picked":"hexamod:GhostOfSpireFuture","floor":12.0},{"not_picked":["hexamod:RecurringNightmare+1","hexamod:Hexaguard+1"],"picked":"hexamod:BacktrackSmack","floor":13.0},{"not_picked":["hexamod:GhostflameBarrier+1","hexamod:UnleashSpirits"],"picked":"hexamod:AdvancingGuard+1","floor":14.0},{"not_picked":["hexamod:GhostShield+1","hexamod:HauntingEcho"],"picked":"hexamod:Rewind+1","floor":15.0},{"not_picked":["hexamod:SearingWound+1","hexamod:GhostflameInferno+1"],"picked":"hexamod:FifthSeal","floor":16.0},{"not_picked":["hexamod:FirstSeal","hexamod:SecondSeal"],"picked":"hexamod:SixthSeal","floor":21.0},{"not_picked":["hexamod:SwordOfDarkness","hexamod:ShieldOfDarkness+1"],"picked":"hexamod:SpectralAdrenaline+1","floor":21.0},{"not_picked":["hexamod:SixthSeal","hexamod:ThirdSeal"],"picked":"hexamod:FirstSeal","floor":22.0},{"not_picked":["hexamod:Incineration","hexamod:PhantomCloak"],"picked":"hexamod:NightmareStrike+1","floor":22.0},{"not_picked":["hexamod:SearingWound+1","hexamod:SwordOfDarkness+1"],"picked":"hexamod:NecessarySacrifice+1","floor":25.0},{"not_picked":["hexamod:StepThrough","hexamod:Firestarter"],"picked":"hexamod:GhostOfSpirePresent","floor":26.0},{"not_picked":["hexamod:SwordOfDarkness","hexamod:SpectralAdrenaline+1"],"picked":"hexamod:SecondSeal","floor":27.0},{"not_picked":["hexamod:FourthSeal","hexamod:SecondSeal"],"picked":"hexamod:SixthSeal","floor":29.0},{"not_picked":["hexamod:HeatMetal","hexamod:RadiantFlame"],"picked":"hexamod:FirstSeal","floor":29.0},{"not_picked":["hexamod:FirstSeal","hexamod:FourthSeal"],"picked":"hexamod:ThirdSeal","floor":32.0},{"not_picked":["hexamod:GhostflameInferno+1","hexamod:RecurringNightmare+1"],"picked":"hexamod:Hexaguard+1","floor":32.0}],"player_experience":616854,"relics_obtained":[{"floor":7.0,"key":"Toxic Egg 2"},{"floor":11.0,"key":"Lantern"},{"floor":24.0,"key":"Ancient Tea Set"},{"floor":26.0,"key":"Matryoshka"}],"event_choices":[{"cards_removed":["hexamod:Strike"],"damage_healed":0.0,"max_hp_gain":0.0,"max_hp_loss":0.0,"gold_gain":0.0,"event_name":"Bonfire Elementals","player_choice":"Offered Basic","floor":4.0,"gold_loss":0.0,"damage_taken":0.0},{"damage_healed":0.0,"max_hp_gain":0.0,"max_hp_loss":0.0,"gold_gain":0.0,"event_name":"Accursed Blacksmith","player_choice":"Forge","floor":31.0,"gold_loss":0.0,"damage_taken":0.0,"cards_upgraded":["hexamod:Hexaguard"]}],"is_beta":false,"boss_relics":[{"not_picked":["Pandora\u0027s Box","Coffee Dripper"],"picked":"SlaversCollar"}],"items_purged_floors":[14],"is_endless":false,"potions_floor_spawned":[3,11,13,15,22,26,27,32],"killed_by":"IC_MUSHROOM_ARCHETYPE","ascension_level":0}}