{"host":"3a1ypf1irl30q4k8","time":1612386734,"event":{"mods":["AchievementEnabler","BaseMod","Bestiary","Colored Map","Minty Spire (QoL Compilation)","Relic Stats","ojb\u0027s Info Mod"],"gold_per_floor":[11,28,28,53,72,72,96,96,119,154,254,254,275,290,290,290,290],"floor_reached":16,"language":"ENG","playtime":748,"items_purged":[],"score":125,"play_id":"565d86d8-9e0c-456b-bf21-a6ff4dd696c7","local_time":"20210203211214","is_ascension_mode":true,"campfire_choices":[{"data":"Skewer","floor":6,"key":"SMITH"},{"data":"Dagger Spray","floor":8,"key":"SMITH"},{"data":"Venomology","floor":12,"key":"SMITH"},{"data":"Dash","floor":15,"key":"SMITH"}],"circlet_count":0,"master_deck":["Strike_G","Strike_G","Strike_G","Strike_G","Defend_G","Defend_G","Defend_G","Defend_G","Survivor","Neutralize","Dagger Spray+1","Skewer+1","Slice","Dodge and Roll","Backflip","Venomology+1","Backflip","Dash+1"],"relics":["Ring of the Snake","Golden Idol","Art of War","MealTicket"],"acts_visited":["Exordium"],"potions_floor_usage":[10,10,13,13,14,16,16],"damage_taken":[{"damage":7,"enemies":"Small Slimes","floor":1,"turns":7},{"damage":1,"enemies":"Jaw Worm","floor":2,"turns":3},{"damage":4,"enemies":"Cultist","floor":4,"turns":3},{"damage":0,"enemies":"3 Louse","floor":5,"turns":3},{"damage":0,"enemies":"Looter","floor":7,"turns":2},{"damage":11,"enemies":"Lagavulin","floor":10,"turns":5},{"damage":3,"enemies":"Lots of Slimes","floor":13,"turns":4},{"damage":3,"enemies":"Large Slime","floor":14,"turns":5},{"damage":40,"enemies":"Slime Boss","floor":16,"turns":10}],"seed_played":"7827034557281857736","potions_obtained":[{"floor":1,"key":"Regen Potion"},{"floor":2,"key":"BlessingOfTheForge"},{"floor":5,"key":"Energy Potion"},{"floor":13,"key":"DistilledChaos"}],"is_trial":false,"path_per_floor":["M","M","?","M","M","R","M","R","T","E","?","R","M","M","R","B"],"character_chosen":"THE_SILENT","items_purchased":[],"campfire_rested":0,"item_purchase_floors":[],"current_hp_per_floor":[63,62,45,41,41,41,41,41,41,44,44,44,41,38,38,0,0],"gold":290,"neow_bonus":"REMOVE_TWO","is_daily":false,"chose_seed":false,"campfire_upgraded":4,"win_rate":0.0,"timestamp":1612386734,"path_taken":["M","M","?","M","M","R","M","R","T","E","?","R","M","?","R","BOSS"],"items_purchased_type":[],"build_version":"2020-12-22","purchased_purges":0,"victory":false,"max_hp_per_floor":[70,70,70,70,70,70,70,70,70,70,70,70,70,70,70,70,70],"relic_stats":{"counters":[9,42],"Golden Idol":28,"MealTicket":0,"Art of War":[2],"obtain_stats":[{"Golden Idol":3,"MealTicket":10,"Art of War":9,"Ring of the Snake":0},{"Golden Idol":2,"MealTicket":6,"Art of War":5,"Ring of the Snake":0},{"Golden Idol":10,"MealTicket":23,"Art of War":18,"Ring of the Snake":0}],"Ring of the Snake":[18]},"card_choices":[{"not_picked":["Poisoned Stab","Quick Slash"],"picked":"Dagger Spray","floor":1},{"not_picked":["Underhanded Strike","Dagger Throw"],"picked":"Skewer","floor":2},{"not_picked":["Flechettes","Eviscerate"],"picked":"Slice","floor":4},{"not_picked":["Cloak And Dagger","Underhanded Strike"],"picked":"Dodge and Roll","floor":5},{"not_picked":["Slice","Bane"],"picked":"Backflip","floor":7},{"not_picked":["Skewer","Grand Finale"],"picked":"Venomology","floor":10},{"not_picked":["Bane","Acrobatics"],"picked":"Backflip","floor":13},{"not_picked":["Dagger Throw","Slice"],"picked":"Dash","floor":14}],"player_experience":1306441,"relics_obtained":[{"floor":9,"key":"Art of War"},{"floor":10,"key":"MealTicket"}],"event_choices":[{"damage_healed":0,"gold_gain":0,"player_choice":"Take Damage","damage_taken":17,"relics_obtained":["Golden Idol"],"max_hp_gain":0,"max_hp_loss":0,"event_name":"Golden Idol","floor":3,"gold_loss":0},{"damage_healed":0,"gold_gain":100,"player_choice":"Pray","damage_taken":0,"max_hp_gain":0,"max_hp_loss":0,"event_name":"Golden Shrine","floor":11,"gold_loss":0}],"is_beta":false,"boss_relics":[],"items_purged_floors":[],"is_endless":false,"potions_floor_spawned":[1,2,5,13],"killed_by":"Slime Boss","ascension_level":4}}