{"host":"bf5upntvbdompq33","time":1612391174,"event":{"mods":["BaseMod","Colored Map","Colored Powertips","Curses Come First","Minty Spire (QoL Compilation)","StSLib","The Hierophant","The Mystic"],"gold_per_floor":[109,128,33,33,33,33,63,63,86,114,201,245,276,35,35,35,35],"floor_reached":16,"language":"ENG","playtime":704,"items_purged":["Strike_R"],"score":184,"play_id":"19b2d235-4b09-403b-96f7-a58120522322","local_time":"20210203152614","is_ascension_mode":true,"campfire_choices":[{"data":"Uppercut","floor":6,"key":"SMITH"},{"data":"Carnage","floor":8,"key":"SMITH"},{"floor":15,"key":"REST"}],"circlet_count":0,"master_deck":["AscendersBane","Strike_R","Strike_R","Defend_R","Defend_R","Defend_R","Defend_R","Bash","Carnage+1","Ghostly Armor","Shrug It Off","Armaments","Uppercut+1","Clothesline","Thunderclap","Cleave","Fire Breathing","Dropkick","Flame Barrier"],"relics":["Burning Blood","Bottled Lightning","MawBank","Bag of Preparation","Brimstone"],"acts_visited":["Exordium"],"potions_floor_usage":[12],"damage_taken":[{"damage":11,"enemies":"2 Louse","floor":1,"turns":3},{"damage":0,"enemies":"Cultist","floor":2,"turns":3},{"damage":36,"enemies":"3 Sentries","floor":7,"turns":9},{"damage":2,"enemies":"Small Slimes","floor":10,"turns":3},{"damage":30,"enemies":"Lagavulin","floor":12,"turns":4},{"damage":0,"enemies":"Looter","floor":13,"turns":2},{"damage":77,"enemies":"The Guardian","floor":16,"turns":11}],"seed_played":"4945394532334073189","potions_obtained":[{"floor":7,"key":"AttackPotion"},{"floor":10,"key":"FairyPotion"}],"is_trial":false,"path_per_floor":["M","M","$","?","$","R","E","R","T","M","?","E","M","$","R","B"],"character_chosen":"IRONCLAD","items_purchased":["Uppercut","Clothesline","Flame Barrier","Brimstone"],"campfire_rested":1,"item_purchase_floors":[3,3,14,14],"current_hp_per_floor":[63,68,68,68,68,68,38,38,38,42,31,7,13,13,33,0,0],"gold":35,"neow_bonus":"TRANSFORM_TWO_CARDS","is_daily":false,"chose_seed":false,"campfire_upgraded":2,"win_rate":0.0,"timestamp":1612391174,"path_taken":["M","M","$","?","?","R","E","R","T","M","?","E","M","$","R","BOSS"],"items_purchased_type":["Card","Card","Card","Relic"],"build_version":"2020-12-22","purchased_purges":1,"victory":false,"max_hp_per_floor":[68,68,68,68,68,68,68,68,68,68,68,68,68,68,68,68,68],"card_choices":[{"not_picked":["Sword Boomerang","Sever Soul"],"picked":"Shrug It Off","floor":1},{"not_picked":["Dark Embrace","Heavy Blade"],"picked":"Armaments","floor":2},{"not_picked":["Infernal Blade","Wild Strike"],"picked":"Thunderclap","floor":7},{"not_picked":["Ghostly Armor","Flex"],"picked":"Cleave","floor":10},{"not_picked":["Cleave","Juggernaut"],"picked":"Fire Breathing","floor":12},{"not_picked":["Wild Strike","True Grit"],"picked":"Dropkick","floor":13}],"player_experience":1381946,"relics_obtained":[{"floor":7,"key":"Bottled Lightning"},{"floor":9,"key":"MawBank"},{"floor":12,"key":"Bag of Preparation"}],"event_choices":[{"damage_healed":0,"gold_gain":0,"player_choice":"Full Heal","damage_taken":0,"max_hp_gain":0,"max_hp_loss":0,"event_name":"Wheel of Change","floor":4,"gold_loss":0},{"damage_healed":0,"gold_gain":75,"player_choice":"Gather Gold","damage_taken":11,"max_hp_gain":0,"max_hp_loss":0,"event_name":"World of Goop","floor":11,"gold_loss":0}],"is_beta":false,"boss_relics":[],"items_purged_floors":[14],"is_endless":false,"potions_floor_spawned":[7,10],"killed_by":"The Guardian","ascension_level":14}}