{"host":"1qhzi8r9ejho5yph","time":1612359886,"event":{"mods":["AchievementEnabler","BaseMod","Colored Map","Colored Powertips","Highlight Path","Minty Spire (QoL Compilation)","Permanent Neow","Quick Restart","Random Character Button","StSLib","SuperFastMode"],"gold_per_floor":[112,112,123,142,192,192,226,226,226,226,239,239,258,272,272,346,346,346,199,199,63,63,63,63,63,63,63,63,63,63,63,63,63,63],"floor_reached":33,"language":"ENG","playtime":1162,"items_purged":[],"score":464,"play_id":"c47f9247-784e-4659-a3c9-caee1b65bf2a","local_time":"20210203214446","is_ascension_mode":true,"campfire_choices":[{"data":"Hologram","floor":6,"key":"SMITH"},{"floor":8,"key":"REST"},{"data":"Dualcast","floor":10,"key":"SMITH"},{"data":"Stack","floor":12,"key":"SMITH"},{"data":"Recycle","floor":15,"key":"SMITH"},{"floor":23,"key":"REST"},{"data":"Machine Learning","floor":25,"key":"SMITH"},{"data":"Defragment","floor":27,"key":"SMITH"},{"floor":32,"key":"REST"}],"circlet_count":0,"master_deck":["AscendersBane","Strike_B","Strike_B","Strike_B","Strike_B","Defend_B","Defend_B","Defend_B","Defend_B","Zap","Dualcast+1","Rebound","Hologram+1","Stack+1","Glacier","Rebound","Recycle+1","Blizzard","Machine Learning+1","Glacier","Cold Snap","Hologram","Echo Form","Conserve Battery","Defragment+1","Loop","Pain","Blizzard","Compile Driver"],"relics":["Cracked Core","Anchor","Darkstone Periapt","Strawberry","Ectoplasm","Question Card","Mercury Hourglass"],"acts_visited":["Exordium","TheCity"],"potions_floor_usage":[16,16,19,22,33,33],"damage_taken":[{"damage":0,"enemies":"2 Louse","floor":1,"turns":2},{"damage":0,"enemies":"Jaw Worm","floor":3,"turns":3},{"damage":1,"enemies":"Cultist","floor":4,"turns":3},{"damage":36,"enemies":"Gremlin Nob","floor":7,"turns":5},{"damage":3,"enemies":"Blue Slaver","floor":11,"turns":3},{"damage":0,"enemies":"3 Louse","floor":13,"turns":3},{"damage":0,"enemies":"Large Slime","floor":14,"turns":5},{"damage":19,"enemies":"Slime Boss","floor":16,"turns":12},{"damage":5,"enemies":"Shell Parasite","floor":18,"turns":9},{"damage":24,"enemies":"3 Byrds","floor":20,"turns":8},{"damage":24,"enemies":"Snake Plant","floor":22,"turns":6},{"damage":51,"enemies":"Slavers","floor":28,"turns":8},{"damage":5,"enemies":"Chosen and Byrds","floor":31,"turns":8},{"damage":39,"enemies":"Collector","floor":33,"turns":5}],"seed_played":"-2622992509279313608","potions_obtained":[{"floor":7,"key":"PowerPotion"},{"floor":13,"key":"SkillPotion"},{"floor":16,"key":"Regen Potion"},{"floor":22,"key":"Strength Potion"},{"floor":28,"key":"BlessingOfTheForge"}],"is_trial":false,"path_per_floor":["M","?","M","M","?","R","E","R","T","R","M","R","M","M","R","B",null,"M","$","M","$","M","R","?","R","T","R","E","?","?","M","R","B"],"character_chosen":"DEFECT","items_purchased":["Fruit Juice","Cold Snap","Echo Form"],"campfire_rested":3,"item_purchase_floors":[19,19,21],"current_hp_per_floor":[64,64,64,63,63,63,27,48,55,55,52,52,52,52,52,33,67,62,67,43,43,34,58,58,58,58,58,7,7,13,8,34,0,0],"gold":63,"neow_bonus":"RANDOM_COMMON_RELIC","is_daily":false,"chose_seed":false,"campfire_upgraded":6,"win_rate":0.0,"timestamp":1612359886,"path_taken":["M","?","M","M","?","R","E","R","T","R","?","R","M","M","R","BOSS","M","$","M","$","M","R","?","R","T","R","E","?","?","M","R","BOSS"],"items_purchased_type":["Potion","Card","Card"],"build_version":"2020-12-22","purchased_purges":0,"victory":false,"max_hp_per_floor":[71,71,71,71,71,71,71,71,78,78,78,78,78,78,78,78,78,78,83,83,83,83,83,83,83,83,83,83,83,89,89,89,89,89],"card_choices":[{"not_picked":["Redo","Cold Snap"],"picked":"Rebound","floor":1},{"not_picked":["Heatsinks","Rebound"],"picked":"Hologram","floor":3},{"not_picked":["Ball Lightning","Amplify"],"picked":"Stack","floor":4},{"not_picked":["Static Discharge","Hello World"],"picked":"Glacier","floor":7},{"not_picked":["Ball Lightning","Consume"],"picked":"Rebound","floor":11},{"not_picked":["Doom and Gloom","Undo"],"picked":"Recycle","floor":13},{"not_picked":["Rip and Tear","Double Energy"],"picked":"Blizzard","floor":14},{"not_picked":["Amplify","Rainbow"],"picked":"Machine Learning","floor":16},{"not_picked":["Static Discharge+1","Hello World"],"picked":"Glacier","floor":18},{"not_picked":["Streamline","Steam"],"picked":"Hologram","floor":20},{"not_picked":["Gash+1","Compile Driver"],"picked":"Conserve Battery","floor":22},{"not_picked":["Streamline","Multi-Cast","Go for the Eyes"],"picked":"Loop","floor":28},{"not_picked":["Steam","Rebound","Turbo"],"picked":"Compile Driver","floor":31}],"player_experience":360191,"relics_obtained":[{"floor":7,"key":"Darkstone Periapt"},{"floor":9,"key":"Strawberry"},{"floor":26,"key":"Question Card"},{"floor":28,"key":"Mercury Hourglass"}],"event_choices":[{"damage_healed":0,"gold_gain":0,"player_choice":"Ignored","damage_taken":0,"max_hp_gain":0,"max_hp_loss":0,"event_name":"Liars Game","floor":2,"gold_loss":0},{"damage_healed":0,"gold_gain":50,"player_choice":"Pray","damage_taken":0,"max_hp_gain":0,"max_hp_loss":0,"event_name":"Golden Shrine","floor":5,"gold_loss":0},{"damage_healed":0,"gold_gain":0,"player_choice":"Read","damage_taken":0,"max_hp_gain":0,"max_hp_loss":0,"event_name":"The Library","floor":24,"gold_loss":0,"cards_obtained":["Defragment"]},{"damage_healed":0,"gold_gain":0,"player_choice":"Ignored","damage_taken":0,"max_hp_gain":0,"max_hp_loss":0,"event_name":"Cursed Tome","floor":29,"gold_loss":0},{"damage_healed":0,"gold_gain":0,"player_choice":"2 cards matched","damage_taken":0,"max_hp_gain":0,"max_hp_loss":0,"event_name":"Match and Keep!","floor":30,"gold_loss":0,"cards_obtained":["Pain","Blizzard"]}],"is_beta":false,"boss_relics":[{"not_picked":["Runic Pyramid","Velvet Choker"],"picked":"Ectoplasm"}],"items_purged_floors":[],"is_endless":false,"potions_floor_spawned":[7,13,16,22,28],"killed_by":"Collector","ascension_level":15}}