{"host":"ttx8tv95o5vka1nm","time":1612332368,"event":{"mods":["AchievementEnabler","BaseMod","Colored Map","Downfall","Infinite Spire","Minty Spire (QoL Compilation)","Relic Filter Mod","Replay The Spire","Shop Mod","StSLib","The Jungle"],"gold_per_floor":[349,364,46,56,69,84,134,134,144,44,77,77,77,87,87,115,129,129,129,129],"floor_reached":18,"language":"ENG","playtime":1431,"items_purged":["bronze:Defend"],"score":114,"play_id":"c4224bb3-ce1b-4f85-baf3-b943f4df844c","local_time":"20210203160608","is_ascension_mode":false,"campfire_choices":[{"floor":1,"key":"RECALL"},{"data":"bronze:Repulsor","floor":10,"key":"SMITH"},{"floor":15,"key":"REST"}],"circlet_count":0,"master_deck":["bronze:Strike","bronze:Strike","bronze:Strike","bronze:Strike","bronze:Defend","bronze:Defend","bronze:Defend","bronze:Replicate","bronze:Goto","bronze:Turbo","bronze:Shield","bronze:Repulsor+1","bronze:Assembly","bronze:BuggyMess","bronze:WhirlingStrike","bronze:BronzeArmor","bronze:Shell","bronze:InfiniteBeams","bronze:CloningBeam","bronze:Frontload","bronze:Refactor"],"relics":["bronze:BronzeCore","HandDrill","ReplayTheSpireMod:TigerMarble","downfall:HeartBlessingRed","Dream Catcher","Odd Mushroom"],"acts_visited":["Exordium"],"potions_floor_usage":[6,16,17],"damage_taken":[{"damage":2,"enemies":"2 Louse","floor":2,"turns":3},{"damage":0,"enemies":"downfall:FleeingMerchant","floor":3,"turns":4},{"damage":0,"enemies":"Small Slimes","floor":4,"turns":4},{"damage":11,"enemies":"Jaw Worm","floor":5,"turns":6},{"damage":15,"enemies":"Exordium Thugs","floor":6,"turns":6},{"damage":1,"enemies":"2 Fungi Beasts","floor":9,"turns":3},{"damage":34,"enemies":"Gremlin Nob","floor":11,"turns":5},{"damage":0,"enemies":"Large Slime","floor":14,"turns":6},{"damage":0,"enemies":"The Mushroom Lair","floor":16,"turns":1},{"damage":12,"enemies":"Exordium Thugs","floor":17,"turns":4},{"damage":20,"enemies":"IC_STATUS_ARCHETYPE","floor":18,"turns":6}],"seed_played":"6360873163578928578","potions_obtained":[{"floor":4,"key":"AttackPotion"},{"floor":6,"key":"LiquidMemories"},{"floor":9,"key":"Adrenaline Potion"},{"floor":11,"key":"LiquidBronze"}],"is_trial":false,"path_per_floor":["R","M","$","M","M","M","T","?","M","R","E","PTL","PTL","M","R","?","M","B"],"character_chosen":"THE_AUTOMATON","items_purchased":["bronze:Repulsor","HandDrill"],"campfire_rested":1,"item_purchase_floors":[3,3],"current_hp_per_floor":[49,47,47,47,36,21,21,44,43,43,9,9,9,9,30,30,18,0,0,0],"gold":129,"neow_bonus":"TWO_FIFTY_GOLD","is_daily":false,"chose_seed":false,"campfire_upgraded":1,"win_rate":0.0,"timestamp":1612332368,"path_taken":["R","M","$","M","M","M","T","?","M","R","E","PTL","PTL","M","R","?","M","BOSS"],"items_purchased_type":["Card","Relic"],"build_version":"2020-12-22","purchased_purges":1,"victory":false,"max_hp_per_floor":[70,70,70,70,70,70,70,70,70,70,70,70,70,70,70,70,70,70,70,70],"card_choices":[{"not_picked":["bronze:DigitalCarnage","bronze:BitShift"],"picked":"bronze:Turbo","floor":2},{"not_picked":["bronze:CutThrough","bronze:FineTuning"],"picked":"bronze:Shield","floor":3},{"not_picked":["bronze:DelayedGuard","bronze:WhirlingStrike"],"picked":"bronze:Assembly","floor":4},{"not_picked":["bronze:WildBeam","bronze:DelayedGuard"],"picked":"bronze:BuggyMess","floor":5},{"not_picked":["bronze:ForLoop","bronze:DelayedGuard"],"picked":"bronze:WhirlingStrike","floor":6},{"not_picked":["bronze:BitShift","bronze:Turbo"],"picked":"bronze:BronzeArmor","floor":9},{"not_picked":["bronze:Terminator","bronze:CutThrough"],"picked":"bronze:Shell","floor":11},{"not_picked":["bronze:Terminator","bronze:Iterate"],"picked":"bronze:InfiniteBeams","floor":14},{"not_picked":["bronze:DelayedGuard","bronze:DigitalCarnage"],"picked":"bronze:CloningBeam","floor":15},{"not_picked":["bronze:GetLatest","bronze:DigitalCarnage"],"picked":"bronze:Frontload","floor":16},{"not_picked":["bronze:InfiniteBeams","bronze:Overheat"],"picked":"bronze:Refactor","floor":17}],"player_experience":975443,"relics_obtained":[{"floor":7,"key":"ReplayTheSpireMod:TigerMarble"},{"floor":11,"key":"Dream Catcher"},{"floor":16,"key":"Odd Mushroom"}],"event_choices":[{"damage_healed":23,"gold_gain":0,"player_choice":"Banana","damage_taken":0,"max_hp_gain":0,"max_hp_loss":0,"event_name":"Big Fish","floor":8,"gold_loss":0},{"damage_healed":0,"gold_gain":0,"player_choice":"Fought Mushrooms","damage_taken":0,"max_hp_gain":0,"max_hp_loss":0,"event_name":"Mushrooms","floor":16,"gold_loss":0}],"is_beta":false,"boss_relics":[],"items_purged_floors":[3],"is_endless":false,"potions_floor_spawned":[4,6,9,11,14],"killed_by":"IC_STATUS_ARCHETYPE","ascension_level":0}}