{"host":"erjc6dqs793djrmy","time":1612328184,"event":{"mods":["BaseMod","Minty Spire (QoL Compilation)","StSLib","The Animator"],"gold_per_floor":[129,149,149,1,18,63,93,124,147,147,176,176,251,279,279,279,279],"floor_reached":16,"language":"ENG","playtime":1235,"items_purged":["animator:Strike"],"score":192,"play_id":"eb9035e2-53d3-4968-a0e6-dfb778e706d1","local_time":"20210202235624","is_ascension_mode":true,"campfire_choices":[{"floor":10,"key":"REST"},{"data":"animator:Kuroyukihime","floor":12,"key":"SMITH"},{"floor":15,"key":"REST"}],"circlet_count":0,"master_deck":["AscendersBane","animator:Strike_AccelWorld","animator:Defend_AccelWorld","animator:Strike","animator:Defend","animator:Defend","animator:Defend","animator:Kuroyukihime+1","animator:LimeBell","animator:Shion","animator:Emonzaemon","animator:Megumin+2","animator:Shuna","animator:Millim","animator:Vanir","animator:YachiyoNanami","animator:LizardPriest","animator:Benimaru"],"relics":["animator:LivingPicture","animator:TheMissingPiece","NeowsBlessing","Strawberry","Oddly Smooth Stone","animator:ShionDessert","Nunchaku"],"acts_visited":["Exordium"],"potions_floor_usage":[6,8,8],"damage_taken":[{"damage":0,"enemies":"Cultist","floor":1,"turns":1},{"damage":0,"enemies":"Jaw Worm","floor":2,"turns":1},{"damage":0,"enemies":"Small Slimes","floor":5,"turns":1},{"damage":12,"enemies":"Gremlin Nob","floor":6,"turns":5},{"damage":31,"enemies":"Gremlin Gang","floor":7,"turns":4},{"damage":18,"enemies":"3 Sentries","floor":8,"turns":5},{"damage":0,"enemies":"2 Fungi Beasts","floor":11,"turns":4},{"damage":4,"enemies":"Lagavulin","floor":14,"turns":7},{"damage":36,"enemies":"The Guardian","floor":16,"turns":9}],"seed_played":"-3245774386912434972","potions_obtained":[{"floor":5,"key":"animator:FalseLifePotion"},{"floor":6,"key":"SkillPotion"},{"floor":7,"key":"AttackPotion"}],"is_trial":false,"path_per_floor":["M","M","?","$","M","E","M","E","T","R","M","R","?","E","R","B"],"character_chosen":"THE_ANIMATOR","items_purchased":["animator:Megumin"],"campfire_rested":2,"item_purchase_floors":[4],"current_hp_per_floor":[59,59,59,59,60,55,24,6,6,28,28,28,17,14,36,0,0],"gold":279,"neow_bonus":"THREE_ENEMY_KILL","is_daily":false,"chose_seed":false,"campfire_upgraded":1,"win_rate":0.0,"timestamp":1612328184,"path_taken":["M","?","?","$","?","E","M","E","T","R","M","R","?","E","R","BOSS"],"items_purchased_type":["Card"],"build_version":"2020-12-22","purchased_purges":1,"victory":false,"max_hp_per_floor":[66,66,66,66,67,74,74,74,74,74,74,74,74,75,75,75,75],"card_choices":[{"not_picked":["animator:Arpeggio","animator:MamiTomoe"],"picked":"animator:Shion","floor":1},{"not_picked":["animator:Priestess","animator:Millim"],"picked":"animator:Emonzaemon","floor":2},{"not_picked":["animator:Spearman","animator:RinTohsaka"],"picked":"animator:Shuna","floor":5},{"not_picked":["animator:Shuna","animator:Souei"],"picked":"animator:Millim","floor":6},{"not_picked":["animator:ZankiKiguchi","animator:Shuna"],"picked":"animator:Vanir","floor":7},{"not_picked":["animator:Benimaru","animator:Souei"],"picked":"animator:YachiyoNanami","floor":8},{"not_picked":["animator:Shichika","animator:Tyuule"],"picked":"animator:LizardPriest","floor":11},{"not_picked":["animator:Millim","animator:Shuna"],"picked":"animator:Benimaru","floor":14}],"player_experience":397364,"relics_obtained":[{"floor":6,"key":"Strawberry"},{"floor":8,"key":"Oddly Smooth Stone"},{"floor":9,"key":"animator:ShionDessert"},{"floor":14,"key":"Nunchaku"}],"event_choices":[{"cards_removed":["animator:Strike"],"damage_healed":0,"gold_gain":0,"player_choice":"Offered Basic","damage_taken":0,"max_hp_gain":0,"max_hp_loss":0,"event_name":"Bonfire Elementals","floor":3,"gold_loss":0},{"damage_healed":0,"gold_gain":75,"player_choice":"Gather Gold","damage_taken":11,"max_hp_gain":0,"max_hp_loss":0,"event_name":"World of Goop","floor":13,"gold_loss":0}],"is_beta":false,"boss_relics":[],"items_purged_floors":[4],"is_endless":false,"potions_floor_spawned":[5,6,7],"killed_by":"The Guardian","ascension_level":12}}