{"host":"xm0tf1maiknh0fp9","time":1612335567,"event":{"mods":["BaseMod","Colored Map","Colored Powertips","Googly Eyes","Minty Spire (QoL Compilation)","Replay The Spire","StSLib"],"gold_per_floor":[119,61,61,78,93,93,123,23,23,23,38,38,56,56,252,247,247,260,170,187,203,219,219,238,238,238],"floor_reached":25,"language":"ENG","playtime":606,"items_purged":["Strike_P","Strike_P"],"score":267,"play_id":"9b006ebd-f8e8-4838-b8a2-c52d55eabbde","local_time":"20210203015927","is_ascension_mode":true,"campfire_choices":[{"data":"PathToVictory","floor":6,"key":"SMITH"},{"data":"BowlingBash","floor":10,"key":"SMITH"},{"floor":12,"key":"REST"},{"floor":23,"key":"REST"}],"circlet_count":0,"master_deck":["Strike_P","Defend_P","Defend_P","Defend_P","Defend_P","Eruption","Vigilance","PathToVictory+1","BowlingBash+1","WheelKick+1"],"relics":["Sozu","Replay:Wax Seal","Mirror","Eternal Feather","Painkiller Herb"],"acts_visited":["Exordium","TheCity"],"potions_floor_usage":[],"damage_taken":[{"damage":2,"enemies":"Jaw Worm","floor":1,"turns":4},{"damage":0,"enemies":"Cultist","floor":4,"turns":2},{"damage":4,"enemies":"Small Slimes","floor":5,"turns":5},{"damage":22,"enemies":"Lagavulin","floor":7,"turns":6},{"damage":11,"enemies":"Exordium Wildlife","floor":11,"turns":4},{"damage":0,"enemies":"Gremlin Gang","floor":13,"turns":3},{"damage":18,"enemies":"The Guardian","floor":16,"turns":10},{"damage":2,"enemies":"Chosen","floor":18,"turns":4},{"damage":18,"enemies":"3 Byrds","floor":20,"turns":4},{"damage":17,"enemies":"Cultist and Chosen","floor":21,"turns":4},{"damage":8,"enemies":"Chosen and Byrds","floor":22,"turns":4},{"damage":0,"enemies":"3 Cultists","floor":24,"turns":3},{"damage":39,"enemies":"Book of Stabbing","floor":25,"turns":4}],"seed_played":"-3822527273216564185","potions_obtained":[],"is_trial":false,"path_per_floor":["M","$","?","M","M","R","E","$","T","R","M","R","M","$","R_BF","B",null,"?","?","?","?","?","T","?","E"],"character_chosen":"WATCHER","items_purchased":["Replay:Wax Seal"],"campfire_rested":2,"item_purchase_floors":[2],"current_hp_per_floor":[63,63,56,56,52,52,30,30,30,36,25,52,52,52,30,12,57,55,55,37,20,12,39,39,0,0],"gold":238,"neow_bonus":"BOSS_RELIC","is_daily":false,"chose_seed":false,"campfire_upgraded":2,"win_rate":0.0,"timestamp":1612335567,"path_taken":["M","$","?","M","M","R","E","?","T","R","M","R","?","$","R_BF","BOSS","?","?","?","?","?","T","?","E"],"items_purchased_type":["Relic"],"build_version":"2020-12-22","purchased_purges":2,"victory":false,"max_hp_per_floor":[72,72,72,72,72,72,72,72,72,72,72,72,72,72,72,72,72,72,72,72,72,72,72,72,72,72],"card_choices":[{"not_picked":["Replay:Anticipation","Worship"],"picked":"PathToVictory","floor":1},{"not_picked":["TalkToTheHand","WindmillStrike","FlyingSleeves"],"picked":"SKIP","floor":4},{"not_picked":["Halt","Protect"],"picked":"BowlingBash","floor":5},{"not_picked":["Replay:ManipulateFuture","Perseverance","ClearTheMind"],"picked":"SKIP","floor":7},{"not_picked":["Replay:Battleflow","Wallop","EmptyBody"],"picked":"SKIP","floor":11},{"not_picked":["TalkToTheHand","CutThroughFate","Adaptation"],"picked":"SKIP","floor":13},{"not_picked":["Replay:DivineShield","EmptyBody"],"picked":"WheelKick","floor":15},{"not_picked":["Evaluate","SignatureMove","Prostrate"],"picked":"SKIP","floor":18},{"not_picked":["Replay:ManipulateFuture","Sanctity","Conclude"],"picked":"SKIP","floor":20},{"not_picked":["Replay:ManipulateFuture+1","EmptyFist+1","SignatureMove"],"picked":"SKIP","floor":21},{"not_picked":["JustLucky","Wireheading","Replay:Hum+1"],"picked":"SKIP","floor":22},{"not_picked":["Prostrate","Crescendo","FlurryOfBlows+1"],"picked":"SKIP","floor":24}],"player_experience":172760,"relics_obtained":[{"floor":7,"key":"Mirror"},{"floor":9,"key":"Eternal Feather"}],"event_choices":[{"damage_healed":0,"gold_gain":0,"player_choice":"Damaged","damage_taken":7,"max_hp_gain":0,"max_hp_loss":0,"event_name":"Wheel of Change","floor":3,"gold_loss":0},{"cards_removed":["Strike_P"],"damage_healed":0,"gold_gain":0,"player_choice":"Upgrade and Remove","damage_taken":0,"max_hp_gain":0,"max_hp_loss":0,"event_name":"Designer","floor":19,"gold_loss":90,"cards_upgraded":["WheelKick"]}],"is_beta":false,"boss_relics":[{"not_picked":["Philosopher\u0027s Stone","Black Star"],"picked":"Painkiller Herb"}],"items_purged_floors":[2,8],"is_endless":false,"potions_floor_spawned":[5,13,20,21],"killed_by":"Book of Stabbing","ascension_level":6}}