{"host":"51f0ad793vly1w6u","time":1612360529,"event":{"mods":["BaseMod","Colored Map","DeckTracker","Minty Spire (QoL Compilation)","Replay The Spire","StSLib","SuperFastMode"],"gold_per_floor":[16,91,106,106,119,119,119,119,119,119,163,163,188,32,32,158,158,178,178,178,196,73,114,114,132,132,151,76,119,119,143,143,172,172,186,186,202,220,101,139,17,61,136,136,136,151,151,185,185,185,185,185,25,63,63],"floor_reached":56,"language":"KOR","playtime":1339,"items_purged":["ReplayTheSpireMod:Doomed","Strike_G","Strike_G","Defend_G"],"score":1387,"play_id":"7b0fb5f0-2b1e-4e54-8fd7-0f53767d77b5","local_time":"20210203225529","is_ascension_mode":true,"campfire_choices":[{"floor":6.0,"key":"DIG"},{"data":"Accuracy","floor":8.0,"key":"SMITH"},{"floor":10.0,"key":"DIG"},{"data":"Blade Dance","floor":12.0,"key":"SMITH"},{"floor":15.0,"key":"DIG"},{"data":"Apotheosis","floor":24.0,"key":"SMITH"},{"floor":30.0,"key":"DIG"},{"floor":32.0,"key":"DIG"},{"floor":45.0,"key":"DIG"},{"data":"Strike_G","floor":47.0,"key":"PURGE"},{"data":"Strike_G","floor":49.0,"key":"PURGE"},{"data":"Strike_G","floor":52.0,"key":"PURGE"}],"circlet_count":0,"master_deck":["Defend_G","Defend_G","Defend_G","Defend_G","Survivor","Neutralize","Blade Dance+1","Tactician","Accuracy+1","Storm of Steel","Cloak And Dagger","Phantasmal Killer","Apotheosis+1","Backflip","Blade Dance+1","Well Laid Plans+1","Deflect+1","Sneak Up","After Image","PiercingWail","Burst","Acrobatics+1","Adrenaline"],"relics":["Ring of the Snake","Shovel","Golden Idol","Happy Flower","Divine Protection","Iron Hammer","Eternal Feather","Mirror","Membership Card","Replay:Rubber Ducky","Replay:Ancient Bell","PreservedInsect","ReplayTheSpireMod:Ninjato","Peace Pipe","MealTicket","Bird Faced Urn","ReplayTheSpireMod:Lightbulb","Smiling Mask","Pear","ReplayTheSpireMod:DimensionalGlitch","Blue Candle","Medical Kit","Pondfish Scales","Ninja Scroll","CeramicFish","Gremlin Horn"],"acts_visited":["Exordium","TheCity","TheBeyond","TheEnding"],"potions_floor_usage":[55,55,55],"damage_taken":[{"damage":1.0,"enemies":"Small Slimes","floor":1.0,"turns":4.0},{"damage":2.0,"enemies":"Jaw Worm","floor":3.0,"turns":4.0},{"damage":2.0,"enemies":"2 Louse","floor":5.0,"turns":4.0},{"damage":5.0,"enemies":"Lagavulin","floor":11.0,"turns":5.0},{"damage":0.0,"enemies":"Looter","floor":13.0,"turns":2.0},{"damage":0.0,"enemies":"Fading Forest","floor":16.0,"turns":11.0},{"damage":0.0,"enemies":"Shell Parasite","floor":18.0,"turns":3.0},{"damage":0.0,"enemies":"Spheric Guardian","floor":21.0,"turns":1.0},{"damage":2.0,"enemies":"Book of Stabbing","floor":23.0,"turns":3.0},{"damage":0.0,"enemies":"Centurion and Healer","floor":25.0,"turns":3.0},{"damage":3.0,"enemies":"Snake Plant","floor":27.0,"turns":3.0},{"damage":0.0,"enemies":"Gremlin Leader","floor":29.0,"turns":3.0},{"damage":0.0,"enemies":"Snecko","floor":31.0,"turns":3.0},{"damage":0.0,"enemies":"Collector","floor":33.0,"turns":4.0},{"damage":8.0,"enemies":"3 Shapes","floor":35.0,"turns":3.0},{"damage":0.0,"enemies":"3 Darklings","floor":37.0,"turns":3.0},{"damage":0.0,"enemies":"Transient","floor":38.0,"turns":5.0},{"damage":0.0,"enemies":"Giant Head","floor":40.0,"turns":4.0},{"damage":0.0,"enemies":"Reptomancer","floor":42.0,"turns":6.0},{"damage":0.0,"enemies":"Jaw Worm Horde","floor":46.0,"turns":4.0},{"damage":0.0,"enemies":"Writhing Mass","floor":48.0,"turns":3.0},{"damage":0.0,"enemies":"Replay:Hell Engine","floor":50.0,"turns":5.0},{"damage":0.0,"enemies":"Shield and Spear","floor":54.0,"turns":2.0},{"damage":35,"enemies":"The Heart","floor":55,"turns":4}],"seed_played":"-6962279165166719449","potions_obtained":[{"floor":3.0,"key":"Fire Potion"},{"floor":5.0,"key":"Block Potion"},{"floor":18.0,"key":"Weak Potion"},{"floor":21.0,"key":"SteroidPotion"},{"floor":27.0,"key":"LiquidMemories"},{"floor":37.0,"key":"PowerPotion"},{"floor":42.0,"key":"Energy Potion"},{"floor":48.0,"key":"DuplicationPotion"}],"is_trial":false,"path_per_floor":["M","?","M","?","M","R","T","R","T","R","E","R","M","$","R","B",null,"M","?","?","M","$","E","R","M","T","M","?","E","R","M","R","B",null,"M","?","M","M","$","E","$","E","T","?","R","M","R","M","R","B",null,"R","$","E","B",null],"character_chosen":"THE_SILENT","items_purchased":["Membership Card","Apotheosis","After Image","Medical Kit","Adrenaline","LiquidMemories"],"campfire_rested":0,"item_purchase_floors":[14,22,39,41,53,53],"current_hp_per_floor":[69,58,56,39,37,37,37,37,37,37,32,41,41,41,50,50,70,70,70,70,70,70,68,70,70,70,67,67,69,70,70,80,80,80,72,72,74,76,76,76,76,76,76,76,76,76,76,76,76,76,76,76,76,76,41],"gold":63,"neow_bonus":"ONE_RARE_RELIC","is_daily":false,"chose_seed":false,"campfire_upgraded":3,"win_rate":0.0,"timestamp":1612360529,"path_taken":["M","?","M","?","M","R","?","R","T","R","E","R","M","?","R","BOSS","M","?","?","M","$","E","R","M","T","M","?","E","R","M","R","BOSS","M","?","M","M","$","E","$","E","T","?","R","M","R","M","R","BOSS","R","$","E","BOSS"],"items_purchased_type":["Relic","Card","Card","Relic","Card","Potion"],"build_version":"2020-12-22","purchased_purges":4,"victory":true,"max_hp_per_floor":[70,70,70,70,70,70,70,70,70,70,70,70,70,70,70,70,70,70,70,70,70,70,70,70,70,70,70,70,70,70,70,80,80,80,80,76,76,76,76,76,76,76,76,76,76,76,76,76,76,76,76,76,76,76,76],"card_choices":[{"not_picked":["Dodge and Roll","Prepared"],"picked":"Blade Dance","floor":1.0},{"not_picked":["Endless Agony","Bane"],"picked":"Tactician","floor":3.0},{"not_picked":["Dagger Throw","Dodge and Roll"],"picked":"Accuracy","floor":5.0},{"not_picked":["Crippling Poison","Slice","Fluid Movement"],"picked":"SKIP","floor":11.0},{"not_picked":["Noxious Fumes","Fluid Movement","Draining Mist"],"picked":"SKIP","floor":13.0},{"not_picked":["Venomology","Grand Finale"],"picked":"Storm of Steel","floor":16.0},{"not_picked":["Regret","Sickly"],"picked":"Writhe","floor":17.0},{"not_picked":["ReplayTheSpireMod:Restless Dread","Hallucinations"],"picked":"ReplayTheSpireMod:Doomed","floor":17.0},{"not_picked":["AbeCurse","CurseOfTheBell"],"picked":"ReplayTheSpireMod:IOU","floor":17.0},{"not_picked":["Flechettes","Flying Knee","ReplayTheSpireMod:The Works+1"],"picked":"SKIP","floor":18.0},{"not_picked":["Backflip","Blur"],"picked":"Phantasmal Killer","floor":21.0},{"not_picked":["Sucker Punch","Underhanded Strike"],"picked":"Backflip","floor":23.0},{"not_picked":["Bane+1","Poisoned Stab+1","Fluid Movement"],"picked":"SKIP","floor":25.0},{"not_picked":["Sucker Punch+1","Calculated Gamble+1"],"picked":"Blade Dance+1","floor":27.0},{"not_picked":["Infinite Blades","ReplayTheSpireMod:From All Sides"],"picked":"Well Laid Plans+1","floor":29.0},{"not_picked":["Hidden Blade","Bane+1","Choke"],"picked":"SKIP","floor":31.0},{"not_picked":["Cloak And Dagger","Flying Knee"],"picked":"Deflect+1","floor":35.0},{"not_picked":["Catalyst","Bouncing Flask","Backflip"],"picked":"SKIP","floor":37.0},{"not_picked":["Acrobatics","Backflip"],"picked":"Sneak Up","floor":38.0},{"not_picked":["Heel Hook","Skewer"],"picked":"PiercingWail","floor":40.0},{"not_picked":["Backflip","Dagger Throw"],"picked":"Burst","floor":42.0},{"not_picked":["Blade Dance","Underhanded Strike","Dagger Spray+1"],"picked":"SKIP","floor":46.0},{"not_picked":["Backflip+1","Reflex"],"picked":"Acrobatics+1","floor":48.0},{"not_picked":["ReplayTheSpireMod:Exploit Weakness","Skewer","Flying Knee"],"picked":"SKIP","floor":54.0}],"player_experience":1436600,"relics_obtained":[{"floor":6.0,"key":"Happy Flower"},{"floor":7.0,"key":"Divine Protection"},{"floor":9.0,"key":"Iron Hammer"},{"floor":10.0,"key":"Eternal Feather"},{"floor":11.0,"key":"Mirror"},{"floor":15.0,"key":"Replay:Rubber Ducky"},{"floor":23.0,"key":"MealTicket"},{"floor":26.0,"key":"Bird Faced Urn"},{"floor":29.0,"key":"ReplayTheSpireMod:Lightbulb"},{"floor":30.0,"key":"Smiling Mask"},{"floor":32.0,"key":"Pear"},{"floor":40.0,"key":"Blue Candle"},{"floor":42.0,"key":"Pondfish Scales"},{"floor":43.0,"key":"Ninja Scroll"},{"floor":45.0,"key":"CeramicFish"},{"floor":54.0,"key":"Gremlin Horn"}],"event_choices":[{"damage_healed":0.0,"max_hp_gain":0.0,"max_hp_loss":0.0,"gold_gain":75.0,"event_name":"World of Goop","player_choice":"Gather Gold","floor":2.0,"gold_loss":0.0,"damage_taken":11.0},{"damage_healed":0.0,"max_hp_gain":0.0,"max_hp_loss":0.0,"gold_gain":0.0,"event_name":"Golden Idol","player_choice":"Take Damage","floor":4.0,"gold_loss":0.0,"damage_taken":17.0,"relics_obtained":["Golden Idol"]},{"damage_healed":0.0,"max_hp_gain":0.0,"max_hp_loss":0.0,"gold_gain":0.0,"event_name":"The Library","player_choice":"Read","floor":20.0,"gold_loss":0.0,"damage_taken":0.0,"cards_obtained":["Cloak And Dagger"]},{"cards_removed":["Writhe"],"damage_healed":0.0,"max_hp_gain":0.0,"max_hp_loss":0.0,"gold_gain":0.0,"event_name":"Beggar","player_choice":"Gave Gold","floor":28.0,"gold_loss":75.0,"damage_taken":0.0},{"damage_healed":0.0,"max_hp_gain":0.0,"max_hp_loss":4.0,"gold_gain":0.0,"event_name":"Winding Halls","player_choice":"Max HP","floor":36.0,"gold_loss":0.0,"damage_taken":0.0},{"damage_healed":0.0,"max_hp_gain":0.0,"max_hp_loss":0.0,"gold_gain":0.0,"event_name":"Tomb of Lord Red Mask","player_choice":"Ignored","floor":44.0,"gold_loss":0.0,"damage_taken":0.0}],"is_beta":false,"boss_relics":[{"not_picked":["Snecko Eye","Ectoplasm"],"picked":"Replay:Ancient Bell"},{"not_picked":["Snake Skull","Vajra"],"picked":"PreservedInsect"},{"not_picked":["Shuriken","Replay:Ringing Soul"],"picked":"ReplayTheSpireMod:Ninjato"},{"not_picked":["The Specimen","Replay:Kaleidoscope"],"picked":"Peace Pipe"},{"not_picked":["Black Star","Pandora\u0027s Box"],"picked":"ReplayTheSpireMod:DimensionalGlitch"}],"items_purged_floors":[22,39,41,53],"is_endless":false,"potions_floor_spawned":[3,5,18,21,23,27,31,37,42,48],"ascension_level":2}}