{"host":"mhzgc0zma59jtmoj","time":1612333446,"event":{"mods":["BaseMod","BetterRewards","Custom Start","Glutton Mod","Hermit","Ironclad Rager","Koishi","Luminous","Minty Spire (QoL Compilation)","Shade Mod","Somnambulant","StSLib","The Cursed","The Hierophant","The Jungle","The Marked","The Necromancer","Treasure Hunter"],"gold_per_floor":[120,120,295,315,329,356,373,403,403,328,328,346,346,358,358,461,461,478,492,505,625,525,550,339,371,396,422,422,422,237,256,256,353,353,364,414,261,274,286,314,314,334,334,346,346,363,275,303,303,304],"floor_reached":51,"language":"ENG","playtime":3263,"items_purged":["theMarked:RepellingDischarge","theMarked:WardOff","theMarked:BanishingStrike","theMarked:BindingBlade+1","Parasite"],"score":852,"play_id":"1e188e2e-3091-4400-88be-62a7e58b2ae9","local_time":"20210203012406","daily_mods":["SealedDeck"],"is_ascension_mode":false,"campfire_choices":[{"data":"theMarked:BindingBlade","floor":13.0,"key":"SMITH"},{"data":"theMarked:BanishingWave","floor":15.0,"key":"SMITH"},{"floor":28.0,"key":"REST"},{"floor":32.0,"key":"REST"},{"floor":41,"key":"REST"},{"floor":49,"key":"REST"}],"circlet_count":0,"master_deck":["theMarked:BanishingWave+1","theMarked:WardOff+1","theMarked:Heritage","theMarked:Heritage","theMarked:BanishingStrike","theMarked:BanishingStrike","theMarked:WardOff+1","TH:TreasureMap","TH:Mimic","TH:PixieDust","TH:TreasureMap","TH:Mimic","TH:EnergyPotion","TH:Mimic","TH:BikiniMail","theMarked:Vacuum+1","TH:CopperCoins"],"relics":["theMarked:ArtifactOfAir","Dream Catcher","Potion Belt","War Paint","Empty Cage","StrikeDummy","Membership Card","Bird Faced Urn","Toy Ornithopter","Gremlin Horn","theJungle:Creamberry","Runic Pyramid","Calipers","Oddly Smooth Stone","theMarked:NailFile","Singing Bowl","Vajra"],"acts_visited":["Exordium","Exordium","TheBeyond"],"potions_floor_usage":[40,40,40,42,48,50,50],"damage_taken":[{"damage":0.0,"enemies":"Small Slimes","floor":1.0,"turns":2.0},{"damage":0.0,"enemies":"2 Louse","floor":4.0,"turns":2.0},{"damage":0.0,"enemies":"Cultist","floor":5.0,"turns":3.0},{"damage":17.0,"enemies":"3 Sentries","floor":6.0,"turns":6.0},{"damage":0.0,"enemies":"Exordium Wildlife","floor":7.0,"turns":2.0},{"damage":0.0,"enemies":"Gremlin Nob","floor":8.0,"turns":3.0},{"damage":6.0,"enemies":"Looter","floor":12.0,"turns":3.0},{"damage":7.0,"enemies":"Gremlin Gang","floor":14.0,"turns":3.0},{"damage":18.0,"enemies":"Hexaghost","floor":16.0,"turns":7.0},{"damage":0.0,"enemies":"Shell Parasite","floor":18.0,"turns":5.0},{"damage":0.0,"enemies":"theJungle:MUSHROOMGANG","floor":19.0,"turns":4.0},{"damage":4.0,"enemies":"Snake Plant","floor":20.0,"turns":3.0},{"damage":0.0,"enemies":"theJungle:2_Phrogs","floor":23.0,"turns":5.0},{"damage":9.0,"enemies":"theJungle:Cassacara","floor":25.0,"turns":6.0},{"damage":11.0,"enemies":"theJungle:MamaSnecko","floor":27.0,"turns":5.0},{"damage":38.0,"enemies":"theJungle:JungleHuntersEncounter","floor":31.0,"turns":3.0},{"damage":24.0,"enemies":"theJungle:TotemBoss","floor":33.0,"turns":7.0},{"damage":11.0,"enemies":"Orb Walker","floor":35.0,"turns":3.0},{"damage":16.0,"enemies":"Mind Bloom Boss Battle","floor":36.0,"turns":8.0},{"damage":34.0,"enemies":"3 Darklings","floor":38.0,"turns":3.0},{"damage":19.0,"enemies":"Spire Growth","floor":39.0,"turns":5.0},{"damage":13,"enemies":"Nemesis","floor":40,"turns":5},{"damage":3,"enemies":"Writhing Mass","floor":42,"turns":4},{"damage":6,"enemies":"4 Shapes","floor":44,"turns":5},{"damage":3,"enemies":"Maw","floor":46,"turns":11},{"damage":31,"enemies":"Giant Head","floor":48,"turns":11},{"damage":38,"enemies":"Donu and Deca","floor":50,"turns":15}],"seed_played":"8868797394666379085","potions_obtained":[{"floor":1.0,"key":"PowerPotion"},{"floor":11.0,"key":"theMarked:SummonPotion"},{"floor":11.0,"key":"LiquidBronze"},{"floor":11.0,"key":"LiquidBronze"},{"floor":16.0,"key":"EntropicBrew"},{"floor":25.0,"key":"PowerPotion"},{"floor":38.0,"key":"SkillPotion"},{"floor":40,"key":"DistilledChaos"},{"floor":42,"key":"FairyPotion"},{"floor":46,"key":"DistilledChaos"},{"floor":48,"key":"LiquidMemories"}],"is_trial":true,"path_per_floor":["M","?","?","M","M","E","M","E","T","$","?","M","R","M","R","B",null,"M","M","M","?","$","E","$","E","T","E","R","?","?","M","R","B",null,"M","?","$","M","M","E","R","M","T","M","?","M","$","E","R","B",null],"character_chosen":"THE_DEFAULT","items_purchased":["Membership Card","Oddly Smooth Stone"],"campfire_rested":4,"item_purchase_floors":[24,37],"current_hp_per_floor":[70,63,63,63,63,46,46,46,46,46,46,40,40,33,33,15,70,70,70,66,56,56,56,56,47,47,40,61,47,47,13,34,24,70,63,51,51,21,6,14,35,51,53,63,63,72,69,51,74,56],"gold":304,"neow_bonus":"","is_daily":false,"chose_seed":false,"campfire_upgraded":2,"win_rate":0.0,"timestamp":1612333446,"path_taken":["M","?","?","M","M","E","M","E","T","$","?","M","R","M","R","BOSS","M","M","?","?","$","E","$","E","T","E","R","?","?","M","R","BOSS","M","?","$","M","M","E","R","M","T","M","?","M","?","E","R","BOSS"],"items_purchased_type":["Relic","Relic"],"build_version":"2020-12-22","purchased_purges":5,"victory":true,"max_hp_per_floor":[70,70,70,70,70,70,70,70,70,70,70,70,70,70,70,70,70,70,70,70,70,70,70,70,70,70,70,70,70,70,70,70,70,70,70,70,70,70,70,70,70,70,72,74,70,72,69,73,75,75],"card_choices":[{"not_picked":["theMarked:MysticalArsenal","theMarked:Improvise"],"picked":"theMarked:WardOff","floor":1.0},{"not_picked":["theMarked:EmpowerWeapon","theMarked:TakeCover","theMarked:RepellingDischarge"],"picked":"SKIP","floor":4.0},{"not_picked":["theMarked:ParalyzingBlade","theMarked:RogueSparks"],"picked":"theMarked:WardOff","floor":5.0},{"not_picked":["TH:CopperCoins"],"picked":"TH:TreasureMap","floor":6.0},{"not_picked":["theMarked:Opportunist","theMarked:SelfDefenseTraining","theMarked:GodGivenPower"],"picked":"SKIP","floor":6.0},{"not_picked":["theMarked:ChannelForce","theMarked:Reabsorb"],"picked":"theMarked:BindingBlade","floor":7.0},{"not_picked":["TH:CursedSword"],"picked":"TH:Mimic","floor":8.0},{"not_picked":["theMarked:Memento","theMarked:WardOff","theMarked:Friction"],"picked":"SKIP","floor":8.0},{"not_picked":["TH:CursedSword"],"picked":"TH:PixieDust","floor":9.0},{"not_picked":["theMarked:ResourceFulStrike","theMarked:RepellingDischarge","theMarked:BanishingStrike"],"picked":"SKIP","floor":12.0},{"not_picked":["theMarked:Friction","theMarked:Aftermath","theMarked:Generate"],"picked":"SKIP","floor":14.0},{"not_picked":["theMarked:ResourceFulStrike+1","theMarked:AttractMetal","theMarked:ElectricStrings"],"picked":"SKIP","floor":18.0},{"not_picked":["theMarked:Overthink","theMarked:MuscleMemory+1","theMarked:SwordAndMagic"],"picked":"SKIP","floor":19.0},{"not_picked":["theMarked:WastefulAttack","theMarked:BanishingWave","theMarked:ChainLightning+1"],"picked":"SKIP","floor":20.0},{"not_picked":["TH:ArmorSpikes"],"picked":"TH:TreasureMap","floor":23.0},{"not_picked":["theMarked:ContemptForTheProud","theMarked:Seal+1","theMarked:TakeCover"],"picked":"SKIP","floor":23.0},{"not_picked":["TH:BikiniMail"],"picked":"TH:Mimic","floor":25.0},{"not_picked":["theMarked:EmpowerWeapon","theMarked:LightningStrikesTwice+1","theMarked:Defy"],"picked":"SKIP","floor":25.0},{"not_picked":["TH:TreasureMap"],"picked":"TH:EnergyPotion","floor":26.0},{"not_picked":["TH:PixieDust"],"picked":"TH:Mimic","floor":27.0},{"not_picked":["theMarked:Friction+1","theMarked:TheMission+1","theMarked:Overthink"],"picked":"SKIP","floor":27.0},{"not_picked":["theMarked:KeepCalmAndFight+1","theMarked:Memento","theMarked:TunnelVision+1"],"picked":"SKIP","floor":31.0},{"not_picked":["TH:CursedSword"],"picked":"TH:BikiniMail","floor":33.0},{"not_picked":["theMarked:Toughness+1","theMarked:Snap+1"],"picked":"theMarked:Vacuum+1","floor":33.0},{"not_picked":["theMarked:OneWithTheBlade+1","theMarked:ContemptForTheProud+1","theMarked:RogueSparks+1"],"picked":"SKIP","floor":35.0},{"not_picked":["theMarked:HeightenedSenses+1","theMarked:TakeCover","theMarked:Seal+1"],"picked":"SKIP","floor":38.0},{"not_picked":["theMarked:TunnelVision+1","theMarked:ChainLightning+1","theMarked:TwofoldDefense"],"picked":"SKIP","floor":39.0},{"not_picked":["TH:ElvenBoots"],"picked":"TH:CopperCoins","floor":40},{"not_picked":["theMarked:ChainLightning","theMarked:WastefulAttack+1","theMarked:SwordAndMagic+1"],"picked":"SKIP","floor":40},{"not_picked":["theMarked:EmpowerWeapon+1","theMarked:Generate+1","theMarked:PowerFlow+1"],"picked":"SKIP","floor":42},{"not_picked":["TH:CopperCoins","TH:DeckOfManyThings"],"picked":"Singing Bowl","floor":43},{"not_picked":["theMarked:TwofoldDefense","theMarked:Challenge+1","theMarked:RepellingDischarge+1"],"picked":"Singing Bowl","floor":44},{"not_picked":["theMarked:ShockingTouch+1","theMarked:Opportunist+1","theMarked:BanishingWave+1"],"picked":"Singing Bowl","floor":46},{"not_picked":["TH:TreasureMap","TH:ArmorSpikes"],"picked":"Singing Bowl","floor":48},{"not_picked":["theMarked:MagusForm+1","theMarked:Electrocute+1","theMarked:Parkour"],"picked":"Singing Bowl","floor":48},{"not_picked":["theMarked:ChainLightning","theMarked:Frustration","theMarked:ThrowWeapon+1"],"picked":"Singing Bowl","floor":49}],"player_experience":234778,"relics_obtained":[{"floor":6.0,"key":"Dream Catcher"},{"floor":8.0,"key":"Potion Belt"},{"floor":9.0,"key":"War Paint"},{"floor":23.0,"key":"StrikeDummy"},{"floor":25.0,"key":"Bird Faced Urn"},{"floor":26.0,"key":"Toy Ornithopter"},{"floor":27.0,"key":"Gremlin Horn"},{"floor":36.0,"key":"Calipers"},{"floor":40,"key":"theMarked:NailFile"},{"floor":43,"key":"Singing Bowl"},{"floor":48,"key":"Vajra"}],"event_choices":[{"cards_removed":["theMarked:ShockingTouch"],"damage_healed":0.0,"max_hp_gain":0.0,"max_hp_loss":0.0,"gold_gain":0.0,"event_name":"Golden Wing","player_choice":"Card Removal","floor":2.0,"gold_loss":0.0,"damage_taken":7.0},{"damage_healed":0.0,"max_hp_gain":0.0,"max_hp_loss":0.0,"gold_gain":175.0,"event_name":"Liars Game","player_choice":"AGREE","floor":3.0,"gold_loss":0.0,"damage_taken":0.0,"cards_obtained":["Doubt"]},{"damage_healed":0.0,"max_hp_gain":0.0,"max_hp_loss":0.0,"gold_gain":0.0,"event_name":"Lab","player_choice":"Got Potions","floor":11.0,"gold_loss":0.0,"damage_taken":0.0},{"damage_healed":0.0,"max_hp_gain":0.0,"max_hp_loss":0.0,"gold_gain":0.0,"event_name":"MindBloom","player_choice":"Fight","floor":36.0,"gold_loss":0.0,"damage_taken":0.0},{"damage_healed":0,"gold_gain":0,"player_choice":"Max HP","damage_taken":0,"max_hp_gain":0,"max_hp_loss":4,"event_name":"Winding Halls","floor":45,"gold_loss":0}],"is_beta":false,"boss_relics":[{"not_picked":["Sozu","theMarked:SpiritSword"],"picked":"Empty Cage"},{"not_picked":["SacredBark","Runic Dome"],"picked":"Runic Pyramid"}],"items_purged_floors":[10,22,24,37,47],"is_endless":false,"potions_floor_spawned":[1,5,16,18,20,25,27,38,40,42,46,48],"ascension_level":0}}