{"host":"07r93aoh0acudpwr","time":1612376349,"event":{"mods":["AchievementEnabler","Art Attack!","Ascension Reborn","Ascension Unlocker","Aspiration","BaseMod","Beaked The Cultist","Better Third Choice","BetterRewards","Bossed Relics","Conspire","Custom Start","Defuse TimeMaze Blight","Downfall","Duelist Mod","Energized Spire","Evolution","Grow up Mod","GungeonMod","Halation","Hermit","Hero for Fun","Hubris","Jedi Mod","Minty Spire (QoL Compilation)","QueenMod","RRrroohrrRGHHhhh!!","Replay The Spire","Small Relic Pack","Spikes Relics","StSLib","The Bug Knight","The Construct","The Hierophant","The Saiyan","Trackpad","Wandering Minibosses","Warlord Emblem","[IsaacMod]????"],"gold_per_floor":[113,131,131,131,148,148,179,179,179,302,35,35,35,45,45,140,140,156,156,166,166,176,189,303,303,355,116,147,147,147,147,147,260,260,288,288,288,318,356,496,496,631,631,679,825,825,997,1042,1042,1048,1048,1048,1048,1193,1243],"floor_reached":56,"language":"ENG","playtime":2723,"items_purged":[],"score":1245,"play_id":"d0a393ee-5664-4a4d-a0e8-4c53e4cfaab2","local_time":"20210203131909","is_ascension_mode":true,"campfire_choices":[{"floor":8,"key":"RECALL"},{"floor":15,"key":"REST"},{"floor":25,"key":"REST"},{"data":"rorgmod:Fusion","floor":29,"key":"SMITH"},{"floor":32,"key":"REST"},{"floor":49,"key":"REST"},{"data":"Time Bomb","floor":52,"key":"SMITH"}],"circlet_count":0,"master_deck":["ArtAttackMod:ArtAttack","Barrage","Barrage","Barrage","Barrage","jedi:blockon+1","jedi:blockon","jedi:blockon","Defend_B","Zap","Dualcast","Lockon","jedi:blockon","Streamline","Compile Driver","Stack","Steam Power","Mirror Shield","ReplayTheSpireMod:Dual Polarity+1","Time Bomb+1","Static Discharge","Darkness+1","HollowMod:WraithStrike","champ:TripleStrike","sneckomod:UnknownStrike","Swift Strike","Twin Strike","Perfected Strike","Flex","Steam Power+1","aspiration:Polymerization+1","ReplayTheSpireMod:Muscle Training","rorgmod:Hot Sockets","rorgmod:Chaos","rorgmod:Fusion+1","Rainbow","Hello World+1","Sweeping Beam","conspire:Rain+1","Lockon","Ball Lightning","Fan+1","ReplayGash","Ball Lightning","Capacitor","BasicCrystalCard","rorgmod:Zing-Zap","ReplayTheSpireMod:Dual Polarity","Ball Lightning+1","rorgmod:Refrigerate+1"],"relics":["Cracked Core","EVO:Axolotl","HushsDoor","GuppysPaw","aspiration:Nostalgia","m_SlimeRing","Akabeko","rorgmod:Ceramic Fish","Juzu Bracelet","DemoMod:GnawedKey","MiniBlackHole","rorgmod:Coolant Medium","Prayer Wheel","hubris:Backtick","Iron Core","Replay:Bandana","TheBean","LugNut","halation:ForbiddenBikini","halation:KoshaPiece","relicPack:DSword","halation:Gekota","relicPack:OneForAll","Replay:Ringing Soul","DemoMod:BlueGuonStone","Calipers","Replay:Bottled Steam","Prayer Wheel","DemoMod:BigBoy"],"acts_visited":["Exordium","TheCity","TheBeyond","TheEnding"],"potions_floor_usage":[16,50],"damage_taken":[{"damage":12,"enemies":"Small Slimes","floor":1,"turns":2},{"damage":9,"enemies":"Jaw Worm","floor":2,"turns":2},{"damage":0,"enemies":"2 Louse","floor":5,"turns":2},{"damage":1,"enemies":"3 Sentries","floor":7,"turns":2},{"damage":0,"enemies":"Gremlin Nob","floor":10,"turns":3},{"damage":0,"enemies":"2 Fungi Beasts","floor":14,"turns":2},{"damage":38,"enemies":"Fading Forest","floor":16,"turns":11},{"damage":0,"enemies":"Shell Parasite","floor":18,"turns":2},{"damage":12,"enemies":"3 Byrds","floor":20,"turns":4},{"damage":20,"enemies":"3 Cultists","floor":22,"turns":5},{"damage":10,"enemies":"Sentry and Sphere","floor":23,"turns":4},{"damage":26,"enemies":"Book of Stabbing","floor":24,"turns":4},{"damage":0,"enemies":"Centurion and Healer","floor":28,"turns":2},{"damage":70,"enemies":"Champ","floor":33,"turns":9},{"damage":0,"enemies":"Orb Walker","floor":35,"turns":2},{"damage":0,"enemies":"3 Shapes","floor":38,"turns":3},{"damage":18,"enemies":"Jaw Worm Horde","floor":39,"turns":3},{"damage":121,"enemies":"Reptomancer","floor":40,"turns":4},{"damage":14,"enemies":"Nemesis","floor":42,"turns":3},{"damage":1,"enemies":"Transient","floor":44,"turns":5},{"damage":8,"enemies":"Giant Head","floor":45,"turns":5},{"damage":13,"enemies":"Reptomancer","floor":47,"turns":4},{"damage":12,"enemies":"4 Shapes","floor":48,"turns":2},{"damage":58,"enemies":"hubris:GrandSnecko","floor":50,"turns":11},{"damage":28,"enemies":"Shield and Spear","floor":54,"turns":5},{"damage":94,"enemies":"The Heart","floor":55,"turns":6}],"seed_played":"-8925396887287256815","potions_obtained":[{"floor":2,"key":"PotionOfCapacity"},{"floor":5,"key":"ColorlessPotion"},{"floor":10,"key":"GamblersBrew"},{"floor":18,"key":"FocusPotion"},{"floor":20,"key":"Energy Potion"}],"is_trial":false,"path_per_floor":["M","M","?","?","M","?","E","R","T","E","$","?","T","M","R","B",null,"M","?","M","?","M","M","E","R","T","$","M","R","?","?","R","B",null,"M","?","?","M","M","E","?","E","T","M","E","$","E","M","R","B",null,"R","$","E","B",null],"character_chosen":"DEFECT","items_purchased":["DemoMod:GnawedKey","MiniBlackHole","LugNut"],"campfire_rested":4,"item_purchase_floors":[11,11,27],"current_hp_per_floor":[83,84,87,97,107,117,126,136,146,156,166,176,186,196,235,207,255,265,275,273,283,273,273,257,335,345,355,365,375,385,395,405,345,425,435,430,405,415,407,296,306,305,315,327,332,342,342,343,527,479,610,620,630,615,531],"gold":1243,"neow_bonus":"NOSTALGIA","is_daily":false,"chose_seed":false,"campfire_upgraded":2,"win_rate":0.0,"timestamp":1612376349,"path_taken":["M","M","?","?","M","?","E","R","T","E","$","?","?","M","R","BOSS","M","?","M","?","M","M","E","R","T","$","M","R","?","?","R","BOSS","M","?","?","M","M","E","?","E","T","M","E","$","E","M","R","BOSS","R","$","E","BOSS"],"items_purchased_type":["Relic","Relic","Relic"],"build_version":"2020-12-22","purchased_purges":0,"victory":true,"max_hp_per_floor":[95,105,115,125,135,145,155,165,175,185,195,205,215,225,235,245,255,265,275,285,295,305,315,325,335,345,355,365,375,385,395,405,415,425,435,445,455,465,475,485,495,508,518,531,544,554,567,580,590,600,610,620,630,643,653],"card_choices":[{"not_picked":[],"picked":"Bomb","floor":0},{"not_picked":["rorgmod:SQL Injection","rorgmod:Antivirus"],"picked":"Lockon","floor":1},{"not_picked":["rorgmod:Volatility","Panic Button"],"picked":"jedi:blockon","floor":2},{"not_picked":["Cold Snap","jedi:BurstFrost"],"picked":"Streamline","floor":5},{"not_picked":["Hidden Blade","Barrage"],"picked":"Compile Driver","floor":7},{"not_picked":["Accuracy","rorgmod:Zing-Zap"],"picked":"Stack","floor":10},{"not_picked":["rorgmod:Black Ice","Coolheaded"],"picked":"Steam Power","floor":14},{"not_picked":["jedi:readyaimfire","hubris:DoWhile"],"picked":"Mirror Shield","floor":16},{"not_picked":["Cold Snap+1","WeaponsOverheat"],"picked":"ReplayTheSpireMod:Dual Polarity+1","floor":18},{"not_picked":["Heatsinks+1","Distribution"],"picked":"Time Bomb","floor":18},{"not_picked":["Streamline","Hologram+1"],"picked":"Static Discharge","floor":20},{"not_picked":["Genetic Algorithm","White Noise"],"picked":"Darkness+1","floor":20},{"not_picked":["Rip and Tear","aspiration:Polymerization+1"],"picked":"Flex","floor":22},{"not_picked":["jedi:locknload","Body Slam"],"picked":"Steam Power+1","floor":22},{"not_picked":["Flex+1","Panic Button"],"picked":"aspiration:Polymerization+1","floor":23},{"not_picked":["rorgmod:LRU Cache","Amplify"],"picked":"ReplayTheSpireMod:Muscle Training","floor":23},{"not_picked":["rorgmod:Leap","Pulse"],"picked":"rorgmod:Hot Sockets","floor":24},{"not_picked":["Anger","Heatsinks"],"picked":"rorgmod:Chaos","floor":28},{"not_picked":["Rip and Tear","Glacier"],"picked":"rorgmod:Fusion","floor":28},{"not_picked":["Buffer","Hyperbeam"],"picked":"Rainbow","floor":33},{"not_picked":["Panic Button","rorgmod:Refrigerate+1"],"picked":"Hello World+1","floor":35},{"not_picked":["rorgmod:SQL Injection+1","rorgmod:Steady Aim"],"picked":"Sweeping Beam","floor":35},{"not_picked":["ReplayTheSpireMod:Repulse","Conserve Battery+1"],"picked":"conspire:Rain+1","floor":38},{"not_picked":["jedi:BurstLightning+1","RefreshScreen+1"],"picked":"Lockon","floor":38},{"not_picked":["Hologram+1","rorgmod:Fragmentation"],"picked":"Ball Lightning","floor":39},{"not_picked":["Heatsinks","Redo"],"picked":"Fan+1","floor":39},{"not_picked":["Panic Button","Hyperbeam"],"picked":"ReplayGash","floor":40},{"not_picked":["rorgmod:SQL Injection+1","rorgmod:Antivirus"],"picked":"Ball Lightning","floor":42},{"not_picked":["Streamline","Distribution+1"],"picked":"Capacitor","floor":44},{"not_picked":["ReplayTheSpireMod:GoodbyeWorld","DiskWipe"],"picked":"BasicCrystalCard","floor":44},{"not_picked":["jedi:BurstLightning","rorgmod:Leap+1"],"picked":"rorgmod:Zing-Zap","floor":45},{"not_picked":["Turbo","Compile Driver"],"picked":"ReplayTheSpireMod:Dual Polarity","floor":47},{"not_picked":["Skim","Compile Driver+1"],"picked":"Ball Lightning+1","floor":48},{"not_picked":["Melter","rorgmod:Overcurrent+1"],"picked":"ReplayTheSpireMod:Fabricate Wheel","floor":48},{"not_picked":["rorgmod:Overcurrent+1","rorgmod:Leap"],"picked":"rorgmod:Refrigerate+1","floor":54}],"player_experience":167316,"relics_obtained":[{"floor":7,"key":"rorgmod:Ceramic Fish"},{"floor":10,"key":"Juzu Bracelet"},{"floor":13,"key":"rorgmod:Coolant Medium"},{"floor":24,"key":"Replay:Bandana"},{"floor":26,"key":"TheBean"},{"floor":40,"key":"halation:Gekota"},{"floor":42,"key":"Replay:Ringing Soul"},{"floor":43,"key":"DemoMod:BlueGuonStone"},{"floor":45,"key":"Calipers"},{"floor":47,"key":"Replay:Bottled Steam"},{"floor":54,"key":"DemoMod:BigBoy"}],"event_choices":[{"damage_healed":0,"gold_gain":0,"player_choice":"Relic ","damage_taken":7,"max_hp_gain":0,"max_hp_loss":0,"event_name":"betterThird:BetterScrap","floor":3,"gold_loss":0,"cards_obtained":["WindmillStrike"]},{"damage_healed":0,"gold_gain":0,"player_choice":"Leave","damage_taken":0,"max_hp_gain":0,"max_hp_loss":0,"event_name":"The Cleric","floor":6,"gold_loss":0},{"damage_healed":0,"gold_gain":0,"player_choice":"Ignored","damage_taken":0,"max_hp_gain":0,"max_hp_loss":0,"event_name":"Beggar","floor":19,"gold_loss":0},{"damage_healed":0,"gold_gain":0,"player_choice":"Ignored","damage_taken":0,"max_hp_gain":0,"max_hp_loss":0,"event_name":"NoteForYourself","floor":30,"gold_loss":0},{"damage_healed":0,"gold_gain":0,"player_choice":"Adaptability","damage_taken":0,"max_hp_gain":0,"max_hp_loss":0,"event_name":"betterThird:BetterWriting","floor":31,"gold_loss":0}],"is_beta":false,"boss_relics":[{"not_picked":["aspiration:SecretTechniqueScroll","trackpad:Coffee"],"picked":"hubris:Backtick"},{"not_picked":[]},{"not_picked":["rorgmod:Empty Cage","aspiration:WatcherSkillbook"],"picked":"halation:ForbiddenBikini"},{"not_picked":[]}],"items_purged_floors":[],"is_endless":false,"potions_floor_spawned":[2,5,10,18,20,28,33,39,44,45,47,48],"ascension_level":-5}}