{"host":"btk6hapgokl8j5e3","time":1612323618,"event":{"mods":["Act Like it!","BaseMod","BetterRewards","Colored Powertips","Friendly Minions","GifTheSpireLib","Minty Spire (QoL Compilation)","StSLib","The Animator"],"gold_per_floor":[115,215,215,215,215,215,242,256,283,310,330,3188,2863,2863,2863,2958,2958,2974,2974,2987,2997,3022,3022,3051,3051,3078,3107,3207,3238,2598,2612,2612,2709,2759,2777,2777,2788,2805,2430,2430,2463,2473,2473,2503,2503,2503,2503,2520,2520,2520,2520,2520,999,1049,1104,1104,724,80,155,235,235,235,330,330,330,92,207,207,207],"floor_reached":70,"language":"ENG","playtime":6902,"items_purged":["animator:Defend","animator:Strike","animator:Strike","animator:Strike","animator:Defend","animator:Defend","animator:Defend_Konosuba","animator:Aqua","animator:Strike_Konosuba","animator:GazelDwargon+1","animator:Hans+1","animator:FielNirvalen+1","animator:Darkness+1"],"score":2242,"play_id":"fc72f3ab-209e-49ff-91e3-dad4c6083982","local_time":"20210203044018","is_ascension_mode":true,"campfire_choices":[{"data":"animator:Megumin+1","floor":6.0,"key":"SMITH"},{"floor":15,"key":"RECALL"},{"data":"animator:Megumin+8","floor":23,"key":"SMITH"},{"data":"animator:Megumin+10","floor":25,"key":"SMITH"},{"data":"animator:Megumin+15","floor":32,"key":"SMITH"},{"data":"animator:Megumin+19","floor":40,"key":"SMITH"},{"data":"animator:Megumin+23","floor":46,"key":"SMITH"},{"data":"animator:Megumin+24","floor":49,"key":"SMITH"},{"floor":52,"key":"REST"},{"floor":62,"key":"REST"},{"data":"animator:Megumin+50","floor":68,"key":"SMITH"}],"circlet_count":0,"master_deck":["animator:Kazuma+1","animator:Rimuru","animator:Darkness+1","animator:Hans+1","animator:Boros+1","animator:Darkness+1","animator:YunYun+1","animator:MisaKurobane+1","animator:MisaKurobane+1","animator:Wiz+1","animator:MetalKnight+1","animator:DolaRiku+1","animator:Saitama+1","animator:Megumin+52","animator:Rimuru","animator:Eris+1","animator:Kazuma+1","animator:Verdia+1","animator:Kazuma+1","animator:Shiro+1","animator:Boros+1","animator:Eris+1","animator:Rimuru","animator:PinaCoLada+1","animator:DolaStephanie+1","animator:Arpeggio+1","animator:Verdia+1","animator:Wiz+1","animator:Geryuganshoop+1","animator:Eris+1"],"relics":["animator:TheEruzaStone","animator:AncientMedallion"],"acts_visited":["Exordium","TheCity","TheBeyond","TheEnding","EYB:TheUnnamedReign"],"potions_floor_usage":[37,60],"damage_taken":[{"damage":0.0,"enemies":"Jaw Worm","floor":1.0,"turns":4.0},{"damage":36.0,"enemies":"Gremlin Nob","floor":7.0,"turns":7.0},{"damage":0,"enemies":"Cultist","floor":8,"turns":2},{"damage":0,"enemies":"The Mushroom Lair","floor":10,"turns":1},{"damage":0,"enemies":"Small Slimes","floor":11,"turns":2},{"damage":33,"enemies":"Hexaghost","floor":16,"turns":7},{"damage":11,"enemies":"Spheric Guardian","floor":18,"turns":3},{"damage":3,"enemies":"Shell Parasite","floor":20,"turns":4},{"damage":10,"enemies":"Snake Plant","floor":21,"turns":2},{"damage":10,"enemies":"Book of Stabbing","floor":24,"turns":3},{"damage":40,"enemies":"Slavers","floor":27,"turns":3},{"damage":0,"enemies":"Colosseum Slavers","floor":28,"turns":2},{"damage":0,"enemies":"Colosseum Nobs","floor":28,"turns":2},{"damage":0,"enemies":"Masked Bandits","floor":29,"turns":2},{"damage":0,"enemies":"3 Cultists","floor":31,"turns":1},{"damage":0,"enemies":"Collector","floor":33,"turns":4},{"damage":0,"enemies":"Orb Walker","floor":35,"turns":2},{"damage":0,"enemies":"3 Darklings","floor":37,"turns":2},{"damage":0,"enemies":"Jaw Worm Horde","floor":38,"turns":3},{"damage":2,"enemies":"Nemesis","floor":41,"turns":5},{"damage":0,"enemies":"Transient","floor":42,"turns":5},{"damage":0,"enemies":"Giant Head","floor":44,"turns":5},{"damage":0,"enemies":"Maw","floor":48,"turns":4},{"damage":20,"enemies":"Awakened One","floor":50,"turns":5},{"damage":58,"enemies":"animator:TRIPLE_SHAPES_WEAK","floor":54,"turns":7},{"damage":6,"enemies":"animator:UNNAMED_CULTIST_1","floor":55,"turns":7},{"damage":7,"enemies":"animator:UNNAMED_CULTIST_2","floor":59,"turns":3},{"damage":9,"enemies":"animator:LARGE_CRYSTAL","floor":60,"turns":3},{"damage":14,"enemies":"animator:ULTIMATE_CRYSTAL","floor":63,"turns":4},{"damage":32,"enemies":"animator:ULTIMATE_CUBE","floor":67,"turns":5}],"seed_played":"-2993535996945381830","potions_obtained":[{"floor":1.0,"key":"animator:GrowthPotion"},{"floor":16,"key":"Energy Potion"},{"floor":54,"key":"animator:FalseLifePotion"},{"floor":55,"key":"animator:FalseLifePotion"},{"floor":59,"key":"animator:FalseLifePotion"},{"floor":60,"key":"animator:FalseLifePotion"}],"is_trial":false,"path_per_floor":["M","?","$","$","?","R","E","M","T","?","M","$","$","?","R","B",null,"M","?","M","M","T","R","E","R","T","E","?","?","$","M","R","B",null,"M","T","M","M","$","R","E","M","T","E","?","R","?","M","R","B",null,"R","??","M","M","T","?","$","M","M","?","R","E","T","?","$","E","R","B",null],"character_chosen":"THE_ANIMATOR","items_purchased":["Frozen Egg 2","animator:Rimuru","Toxic Egg 2","animator:Darkness+1","animator:Hans+1","animator:Boros+1","animator:Darkness+1","animator:YunYun","War Paint","animator:MisaKurobane+1","WingedGreaves","animator:MisaKurobane+1","animator:Wiz+1","animator:MetalKnight","animator:DolaRiku+1","animator:Darkness+1","animator:Saitama+1","animator:Megumin","animator:Rimuru","animator:Eris+1","animator:Kazuma+1","animator:Verdia+1","animator:Kazuma+1","animator:Shiro+1","animator:Boros+1","animator:Eris+1","animator:Rimuru","animator:PinaCoLada+1","animator:Hans+1","animator:Arpeggio+1","animator:GazelDwargon+1","Lantern","animator:Verdia+1","Bottled Tornado","animator:AncientMedallion","animator:AncientMedallion","animator:Eris","animator:AncientMedallion"],"campfire_rested":2,"item_purchase_floors":[0,0,0,0,0,0,0,0,0,0,0,0,0,0,0,0,0,0,0,0,0,0,0,0,0,0,0,0,0,0,0,12,30,30,58,58,58,66],"current_hp_per_floor":[53,53,53,53,53,53,35,41,41,41,53,53,53,53,53,36,59,55,55,63,56,56,56,52,52,52,39,63,66,66,66,66,66,71,71,71,71,71,71,71,69,71,71,71,71,71,67,67,67,47,47,47,98,46,53,53,53,53,91,89,89,98,86,86,36,36,75,75,98],"gold":207,"neow_bonus":"","is_daily":false,"chose_seed":false,"campfire_upgraded":8,"win_rate":0.0,"timestamp":1612323618,"path_taken":["M","?","?","$","?","R","E","M","T","?","M","$","$","?","R","BOSS","M","?","M","?","?","R","E","R","T","E","?","?","$","?","R","BOSS","M","?","M","M","$","R","E","M","T","E","?","R","?","M","R","BOSS","R","??","M","M","T","?","$","M","M","?","R","E","T","?","$","E","R","BOSS"],"items_purchased_type":["Relic","Card","Relic","Card","Card","Card","Card","Card","Relic","Card","Relic","Card","Card","Card","Card","Card","Card","Card","Card","Card","Card","Card","Card","Card","Card","Card","Card","Card","Card","Card","Card","Relic","Card","Relic","Relic","Relic","Card","Relic"],"build_version":"2020-12-22","purchased_purges":13,"victory":true,"max_hp_per_floor":[66,66,66,66,66,66,66,66,66,66,66,66,66,66,66,66,66,66,66,66,66,66,66,66,66,66,66,66,66,66,66,66,66,71,71,71,71,71,71,71,71,71,71,71,71,71,67,67,67,67,67,67,98,98,98,98,98,98,98,98,98,98,98,98,98,98,98,98,98],"card_choices":[{"not_picked":["animator:Benimaru","animator:DolaStephanie+1","animator:Souei+1"],"picked":"SKIP","floor":1.0},{"not_picked":["animator:Saitama+1","animator:Hakurou","animator:ItamiYouji"],"picked":"SKIP","floor":7.0},{"not_picked":["animator:TukaLunaMarceau+1","animator:YuiTsuruno","animator:KyokoSakura"],"picked":"SKIP","floor":8},{"not_picked":["animator:SilverFang+1","animator:NagisaMomoe+1","animator:Sonic+1"],"picked":"SKIP","floor":18},{"not_picked":["animator:Arpeggio+1","animator:Kuribayashi","animator:Shuna+1"],"picked":"SKIP","floor":20},{"not_picked":["animator:Vanir+1","animator:Tyuule+1"],"picked":"animator:DolaStephanie+1","floor":21},{"not_picked":["animator:DolaStephanie+1","animator:IzunaHatsuse+1"],"picked":"animator:FielNirvalen+1","floor":24},{"not_picked":["animator:RoryMercury","animator:DolaStephanie+1","animator:Gillette"],"picked":"SKIP","floor":27},{"not_picked":["animator:Vanir","animator:YuiTsuruno"],"picked":"animator:Arpeggio+1","floor":29},{"not_picked":["animator:GazelDwargon+1","animator:Shuna+1","animator:Tet+1"],"picked":"SKIP","floor":31},{"not_picked":["animator:DolaRiku+1","animator:DolaCouronne+1","animator:ChaikaBohdan"],"picked":"SKIP","floor":37},{"not_picked":["animator:DolaCouronne+1","animator:KyokoSakura","animator:Layla+1"],"picked":"SKIP","floor":38},{"not_picked":["animator:Layla","animator:Aqua+1"],"picked":"animator:Wiz+1","floor":41},{"not_picked":["animator:MamiTomoe","animator:DolaStephanie+1","animator:Geryuganshoop+1"],"picked":"SKIP","floor":44},{"not_picked":["animator:MamiTomoe","animator:DolaStephanie+1"],"picked":"animator:Geryuganshoop+1","floor":44},{"not_picked":["animator:Vanir","animator:Mitsurugi","animator:MadokaKaname+1"],"picked":"SKIP","floor":48},{"not_picked":["animator:Shuna","animator:Verdia","animator:Tet"],"picked":"SKIP","floor":54},{"not_picked":["animator:Vanir","animator:Hakurou","animator:SayakaMiki"],"picked":"SKIP","floor":55},{"not_picked":["animator:OrikoMikuni+1","animator:Gillette","animator:Verdia"],"picked":"SKIP","floor":59},{"not_picked":["animator:TukaLunaMarceau","animator:Bozes+1","animator:IrohaTamaki"],"picked":"SKIP","floor":60},{"not_picked":["animator:Genos","animator:ChaikaTrabant","animator:Darkness"],"picked":"SKIP","floor":63},{"not_picked":["animator:MumenRider","animator:Kazuma","animator:Eris"],"picked":"SKIP","floor":67}],"player_experience":456916,"relics_obtained":[{"floor":7.0,"key":"Charon\u0027s Ashes"},{"floor":10,"key":"Odd Mushroom"},{"floor":22,"key":"Tiny Chest"},{"floor":24,"key":"Paper Crane"},{"floor":26,"key":"Bag of Marbles"},{"floor":27,"key":"Champion Belt"},{"floor":28,"key":"Calipers"},{"floor":28,"key":"Darkstone Periapt"},{"floor":29,"key":"Red Mask"},{"floor":36,"key":"animator:BattleDrones"},{"floor":41,"key":"animator:WornHelmet"},{"floor":43,"key":"animator:OldCoffin"},{"floor":44,"key":"Pantograph"},{"floor":53,"key":"animator:TheEruzaStone"},{"floor":53,"key":"animator:AncientMedallion"},{"floor":56,"key":"animator:AncientMedallion"},{"floor":57,"key":"animator:AncientMedallion"},{"floor":57,"key":"animator:AncientMedallion"},{"floor":57,"key":"animator:AncientMedallion"},{"floor":57,"key":"animator:AncientMedallion"},{"floor":57,"key":"animator:AncientMedallion"},{"floor":57,"key":"animator:AncientMedallion"},{"floor":57,"key":"animator:AncientMedallion"},{"floor":57,"key":"animator:AncientMedallion"},{"floor":57,"key":"animator:AncientMedallion"},{"floor":57,"key":"animator:AncientMedallion"},{"floor":57,"key":"animator:AncientMedallion"},{"floor":63,"key":"animator:AncientMedallion"},{"floor":64,"key":"animator:AncientMedallion"},{"floor":67,"key":"animator:AncientMedallion"}],"event_choices":[{"damage_healed":0.0,"max_hp_gain":0.0,"max_hp_loss":0.0,"gold_gain":100.0,"event_name":"Wheel of Change","player_choice":"Gold","floor":2.0,"gold_loss":0.0,"damage_taken":0.0},{"damage_healed":0.0,"max_hp_gain":0.0,"max_hp_loss":0.0,"gold_gain":0.0,"event_name":"Liars Game","player_choice":"Ignored","floor":5.0,"gold_loss":0.0,"damage_taken":0.0},{"damage_healed":0,"gold_gain":0,"player_choice":"Fought Mushrooms","damage_taken":0,"max_hp_gain":0,"max_hp_loss":0,"event_name":"Mushrooms","floor":10,"gold_loss":0},{"cards_removed":["animator:Arpeggio"],"damage_healed":0,"gold_gain":0,"player_choice":"Forget","damage_taken":0,"max_hp_gain":0,"max_hp_loss":0,"event_name":"Living Wall","floor":14,"gold_loss":0},{"damage_healed":0,"gold_gain":0,"player_choice":"Ignored","damage_taken":0,"max_hp_gain":0,"max_hp_loss":0,"event_name":"Transmorgrifier","floor":19,"gold_loss":0},{"damage_healed":0,"gold_gain":0,"player_choice":"Fight","damage_taken":0,"max_hp_gain":0,"max_hp_loss":0,"event_name":"Colosseum","floor":28,"gold_loss":0},{"damage_healed":0,"gold_gain":0,"player_choice":"Fought Nobs","damage_taken":0,"max_hp_gain":0,"max_hp_loss":0,"event_name":"Colosseum","floor":28,"gold_loss":0},{"damage_healed":0,"gold_gain":0,"player_choice":"Fought Bandits","damage_taken":0,"max_hp_gain":0,"max_hp_loss":0,"event_name":"Masked Bandits","floor":29,"gold_loss":0},{"damage_healed":0,"gold_gain":0,"player_choice":"Upgrade","damage_taken":0,"relics_obtained":["Mark of the Bloom"],"max_hp_gain":0,"max_hp_loss":0,"event_name":"MindBloom","floor":45,"gold_loss":0,"cards_upgraded":["animator:YunYun","animator:Megumin"]},{"damage_healed":0,"gold_gain":0,"player_choice":"Max HP","damage_taken":0,"max_hp_gain":0,"max_hp_loss":4,"event_name":"Winding Halls","floor":47,"gold_loss":0}],"is_beta":false,"boss_relics":[{"not_picked":["Cursed Key","SacredBark"],"picked":"Sozu"},{"not_picked":["Calling Bell","Fusion Hammer"],"picked":"Tiny House"}],"items_purged_floors":[0,0,0,0,0,0,0,0,0,12,13,30,39],"is_endless":false,"potions_floor_spawned":[1,11,16,18,20,37,48,55,59,60],"ascension_level":9}}