{"host":"sav7uxregyirlf69","time":1612355547,"event":{"mods":["AchievementEnabler","BaseMod","Colored Map","DeckTracker","Keyboard Shortcuts","Minty Spire (QoL Compilation)","READ ME - Guardian Mod","StSLib","SuperFastMode"],"gold_per_floor":[117,117,133,151,36,36,36,51,51,51,78,3,3,31,31,31,31],"floor_reached":16,"language":"KOR","playtime":283,"items_purged":["Strike_G"],"score":216,"play_id":"f187a075-1ec0-4def-9af9-7e3a08e1f403","local_time":"20210203213227","is_ascension_mode":true,"campfire_choices":[{"data":"Tactician","floor":7,"key":"SMITH"},{"data":"Riddle With Holes","floor":10,"key":"SMITH"},{"floor":13,"key":"REST"},{"floor":15,"key":"REST"}],"circlet_count":0,"master_deck":["AscendersBane","Strike_G","Strike_G","Strike_G","Defend_G","Defend_G","Defend_G+1","Defend_G","Defend_G","Survivor","Neutralize+1","Footwork","Riddle With Holes+1","Blade Dance","Blur","Noxious Fumes","Tactician+1","PiercingWail"],"relics":["Ring of the Snake","StrikeDummy","Girya","PreservedInsect"],"acts_visited":["Exordium"],"potions_floor_usage":[11,14],"damage_taken":[{"damage":0,"enemies":"Jaw Worm","floor":1,"turns":5},{"damage":2,"enemies":"2 Louse","floor":3,"turns":3},{"damage":0,"enemies":"Cultist","floor":4,"turns":3},{"damage":10,"enemies":"3 Louse","floor":8,"turns":5},{"damage":16,"enemies":"3 Sentries","floor":11,"turns":8},{"damage":29,"enemies":"Lagavulin","floor":14,"turns":11},{"damage":29,"enemies":"Hexaghost","floor":16,"turns":9}],"seed_played":"7802834194794419482","potions_obtained":[{"floor":1,"key":"Weak Potion"},{"floor":4,"key":"Ancient Potion"},{"floor":8,"key":"FearPotion"}],"is_trial":false,"path_per_floor":["M","?","M","M","$","?","R","M","T","R","E","$","R","E","R","B"],"character_chosen":"THE_SILENT","items_purchased":["Noxious Fumes","Tactician"],"campfire_rested":2,"item_purchase_floors":[5,5],"current_hp_per_floor":[65,65,63,63,63,41,41,31,31,31,15,15,36,7,28,0,0],"gold":31,"neow_bonus":"TEN_PERCENT_HP_BONUS","is_daily":false,"chose_seed":false,"campfire_upgraded":2,"win_rate":0.0,"timestamp":1612355547,"path_taken":["M","?","M","M","$","?","R","M","T","R","E","$","R","E","R","BOSS"],"items_purchased_type":["Card","Card"],"build_version":"2020-12-22","purchased_purges":1,"victory":false,"max_hp_per_floor":[72,72,72,72,72,72,72,72,72,72,72,72,72,72,72,72,72],"card_choices":[{"not_picked":["Accuracy","Bane"],"picked":"Footwork","floor":1},{"not_picked":["Sucker Punch","Infinite Blades"],"picked":"Blade Dance","floor":3},{"not_picked":["Acrobatics","Calculated Gamble"],"picked":"Blur","floor":4},{"not_picked":["Finisher","Sucker Punch","Blur"],"picked":"SKIP","floor":8},{"not_picked":["Deadly Poison","Heel Hook"],"picked":"PiercingWail","floor":11},{"not_picked":["Dodge and Roll","Doppelganger","Glass Knife"],"picked":"SKIP","floor":14}],"player_experience":1470317,"relics_obtained":[{"floor":9,"key":"StrikeDummy"},{"floor":11,"key":"Girya"},{"floor":14,"key":"PreservedInsect"}],"event_choices":[{"damage_healed":0,"gold_gain":0,"cards_transformed":["Strike_G"],"player_choice":"Change","damage_taken":0,"max_hp_gain":0,"max_hp_loss":0,"event_name":"Living Wall","floor":2,"gold_loss":0,"cards_obtained":["Riddle With Holes"]},{"damage_healed":0,"gold_gain":0,"player_choice":"Entered Light","damage_taken":22,"max_hp_gain":0,"max_hp_loss":0,"event_name":"Shining Light","floor":6,"gold_loss":0,"cards_upgraded":["Neutralize","Defend_G"]}],"is_beta":false,"boss_relics":[],"items_purged_floors":[12],"is_endless":false,"potions_floor_spawned":[1,4,8],"killed_by":"Hexaghost","ascension_level":20}}