{"host":"y9jgkjnf95sujozk","time":1612370925,"event":{"mods":["2.2 Compatiblity","AchievementEnabler","Act Like it!","BaseMod","BetterRewards","Block Reminder","Colored Map","Colored Powertips","Friendly Minions","Gensokyo","GifTheSpireLib","Hallownest","Hermit","Highlight Path","HololiveMod","Hubris","Infinite Spire","Jorbs\u0027s Wanderer Trilogy","Koishi","Marisa（霧雨　魔理沙）","Minty Spire (QoL Compilation)","Quick Restart","Random Character Button","Rare Cards Sparkle","Reimu（博??梦）","Remilia（蕾米莉?）","Replay The Spire","Shop Mod","StSLib","SuperFastMode","The Bug Knight","The Cursed","The Disciple","The Hierophant","The Jungle","The Poker Player","The Runesmith","The Senshi","The Servant 0.9.4"],"gold_per_floor":[113,113,131,150,148,148,160,106,158,158,158,169,26,26,26,126,126,137,137,153,163,163,163,181,181,205,205,219,219,219],"floor_reached":29,"language":"ENG","playtime":949,"items_purged":["Normality"],"score":342,"play_id":"37af825d-5cde-4fc0-87ce-bc75c9bff05f","local_time":"20210203174845","is_ascension_mode":false,"campfire_choices":[{"floor":6,"key":"REST"},{"floor":15,"key":"REST"},{"floor":23,"key":"REST"}],"circlet_count":0,"master_deck":["Strike_Br","Strike_Br","Strike_Br","SecondHand","PatternShift","WindUp","PrimeTime","ReplayTheSpireMod:Brewmster","Discovery","BlueShift","PrimeTime","BlueShift","LockedUrn","WindUp","PrimeTime","HandsUpC","LockedWhetstone","Hallownest:skillSlugHide","Hallownest:skillSlugHide","Hallownest:skillSlugHide","Hallownest:skillSlugHide","Hallownest:skillSlugHide","LockedCalendar","LockedOrichalcum","SlimeSpray+1","BiteCommand+1","Accruing+1","HandsUpB","Engulf"],"relics":["Chronometer","ReplayTheSpireMod:CursedCoin","Hallownest:DreamNailRelic","Boot","Hallownest:SheosBrushRelic","Membership Card","Replay:Bronze Core","InkBottle","SlaversCollar","Replay:Baseball"],"acts_visited":["Exordium","TheCity"],"potions_floor_usage":[16,16,16,16,16,16,16,16,16,18,20,21,21,21,28],"damage_taken":[{"damage":0,"enemies":"2_ Uuma","floor":1,"turns":6},{"damage":0,"enemies":"Hallownest:2_Baldur","floor":3,"turns":2},{"damage":0,"enemies":"Hallownest:monsterHuskWarrior","floor":4,"turns":3},{"damage":11,"enemies":"Hallownest:monsterFoolEater","floor":5,"turns":6},{"damage":0,"enemies":"Hallownest:MossCreep_and_Mosskin","floor":7,"turns":8},{"damage":1,"enemies":"Hallownest:monsterAspidMother","floor":11,"turns":4},{"damage":7,"enemies":"Hallownest:Guard_and_Warrior","floor":12,"turns":8},{"damage":43,"enemies":"Hallownest:BossBrokenVessel","floor":16,"turns":13},{"damage":31,"enemies":"Spheric Guardian","floor":18,"turns":7},{"damage":3,"enemies":"3 Byrds","floor":20,"turns":4},{"damage":29,"enemies":"Snake Plant","floor":21,"turns":2},{"damage":20,"enemies":"Snecko","floor":24,"turns":5},{"damage":33,"enemies":"Sentry and Sphere","floor":28,"turns":8},{"damage":11,"enemies":"Shelled Parasite and Fungi","floor":29,"turns":3}],"seed_played":"5689008414638524554","potions_obtained":[{"floor":7,"key":"ZuzhouPotion:ReiMu"},{"floor":16,"key":"LiquidMemories"},{"floor":20,"key":"Doom Potion"},{"floor":24,"key":"Regen Potion"}],"is_trial":false,"path_per_floor":["M","?","M","M","M","R","M","$","T","?","M","M","$","?","R","B",null,"M","AVR","M","M","?","R","M","?","T","?","M","M"],"character_chosen":"CHRONO_CLASS","items_purchased":["WindUp","PrimeTime","ReplayTheSpireMod:CursedCoin","ReplayTheSpireMod:Brewmster","Discovery","PrimeTime","Membership Card"],"campfire_rested":3,"item_purchase_floors":[0,0,0,0,0,8,13],"current_hp_per_floor":[65,65,65,65,54,65,65,65,65,65,64,59,59,59,65,22,65,34,34,31,2,2,21,1,22,22,22,7,0,0],"gold":219,"neow_bonus":"","is_daily":false,"chose_seed":false,"campfire_upgraded":0,"win_rate":0.0,"timestamp":1612370925,"path_taken":["M","?","M","M","?","R","M","$","T","?","M","M","$","?","R","BOSS","M","AVR","M","M","?","R","M","?","T","?","?","M"],"items_purchased_type":["Card","Card","Relic","Card","Card","Card","Relic"],"build_version":"2020-12-22","purchased_purges":1,"victory":false,"max_hp_per_floor":[65,65,65,65,65,65,65,65,65,65,65,65,65,65,65,65,65,65,65,65,65,65,65,65,65,65,65,65,65,65],"card_choices":[{"not_picked":["LockedThread","ReapSow"],"picked":"BlueShift","floor":1},{"not_picked":["LockedUrn","EscortCommand"],"picked":"PrimeTime","floor":3},{"not_picked":["Engulf","LockedBell"],"picked":"BlueShift","floor":4},{"not_picked":["LockedMedicine","WakeUpCall"],"picked":"LockedUrn","floor":5},{"not_picked":["TiringSlam","BiteCommand"],"picked":"WindUp","floor":7},{"not_picked":["Engulf","ShortSighted"],"picked":"HandsUpC","floor":11},{"not_picked":["Recurrance","AlternateTimeline"],"picked":"LockedWhetstone","floor":12},{"not_picked":["LockedLightning","LockedAstrolabe"],"picked":"LockedCalendar","floor":16},{"not_picked":["Break","HandsUpC+1"],"picked":"LockedOrichalcum","floor":18},{"not_picked":["LockedMercury","LockedMedicine"],"picked":"SlimeSpray+1","floor":20},{"not_picked":["ReapSow","HandsUpC"],"picked":"BiteCommand+1","floor":21},{"not_picked":["TiringSlam","LockedScales+1"],"picked":"Accruing+1","floor":24},{"not_picked":["LockedOrichalcum+1","FormalWear+1"],"picked":"Engulf","floor":28}],"player_experience":126176,"relics_obtained":[{"floor":9,"key":"Boot"},{"floor":26,"key":"Replay:Baseball"}],"event_choices":[{"damage_healed":0,"gold_gain":0,"player_choice":"Ignored","damage_taken":0,"max_hp_gain":0,"max_hp_loss":0,"event_name":"Beggar","floor":22,"gold_loss":0},{"damage_healed":21,"gold_gain":0,"player_choice":"Heal","damage_taken":0,"max_hp_gain":0,"max_hp_loss":0,"event_name":"The Library","floor":25,"gold_loss":0},{"damage_healed":0,"gold_gain":0,"cards_transformed":["Strike_Br"],"player_choice":"Transformed","damage_taken":0,"max_hp_gain":0,"max_hp_loss":0,"event_name":"Transmorgrifier","floor":27,"gold_loss":0,"cards_obtained":["HandsUpB"]}],"is_beta":false,"boss_relics":[{"not_picked":["Busted Crown","Calling Bell"],"picked":"Replay:Bronze Core"}],"items_purged_floors":[0],"is_endless":false,"potions_floor_spawned":[7,16,20,24],"killed_by":"Shelled Parasite and Fungi","ascension_level":0}}