{"host":"2ica2wc1gg7guzbw","time":1612379178,"event":{"mods":["BaseMod","Colored Map","Minty Spire (QoL Compilation)","Replay The Spire","Shop Mod","StSLib","The Mystic"],"gold_per_floor":[116,135,135,148,167,192,192,205,205,231,231,246,246,259,259,358,358,298,208,225,225,239,270,270,288,288,302,322,38,56,88,88,185,185,202,202,212,212,212,238,258,258,258,293,11,11,29,46,46,46,46,46,46,79,79],"floor_reached":56,"language":"RUS","playtime":4169,"items_purged":["Sickly","Overencumbered"],"score":1511,"play_id":"45f32bfc-075a-47cd-b12e-0813d77ffa5d","local_time":"20210203230618","is_ascension_mode":false,"campfire_choices":[{"data":"mysticmod:Dedication","floor":11,"key":"SMITH"},{"data":"mysticmod:Dedication+1","floor":13,"key":"SMITH"},{"floor":15,"key":"RECALL"},{"floor":24,"key":"REST"},{"floor":32,"key":"REST"},{"data":"mysticmod:Dedication+2","floor":42,"key":"SMITH"},{"data":"mysticmod:ComboCaster","floor":46,"key":"SMITH"},{"data":"mysticmod:Dedication+3","floor":49,"key":"SMITH"},{"data":"mysticmod:PureInstinct","floor":52,"key":"SMITH"}],"circlet_count":0,"master_deck":["mysticmod:Strike_Mystic","mysticmod:Strike_Mystic","mysticmod:Strike_Mystic","mysticmod:Defend_Mystic","mysticmod:Defend_Mystic","mysticmod:Defend_Mystic","mysticmod:Defend_Mystic","mysticmod:ShockingGrasp","mysticmod:Snowball","mysticmod:Fly+1","mysticmod:Sideswipe","mysticmod:GeminiForm","mysticmod:Disengage+1","mysticmod:Dedication+4","mysticmod:PureInstinct","mysticmod:ComponentsPouch","mysticmod:Alacrity","Injury","mysticmod:LightningBolt+1","mysticmod:DiviningBlow+1","mysticmod:ComboCaster+1","mysticmod:Sideswipe+1","mysticmod:Disengage","mysticmod:RapidCaster","mysticmod:Snowball+1","mysticmod:FloatingDisk+1","mysticmod:KnowledgePool","mysticmod:Fly+1","Panacea","Bandage Up","mysticmod:PowerAttack","mysticmod:TomeOfSpells+1","mysticmod:PureInstinct+1","mysticmod:Dedication","mysticmod:SuddenClarity+1","mysticmod:Sideswipe+1","mysticmod:Fly+1"],"relics":["mysticmod:SpellBook","NeowsBlessing","Blood Vial","War Paint","Replay:Ancient Bell","Happy Flower","ReplayTheSpireMod:Shallot","Ice Cream","Sundial","Lizard Tail","mysticmod:BentSpoon","Toy Ornithopter","Replay:Grab Bag","Cursed Key","Philosopher\u0027s Stone","mysticmod:CrystalBall","Simple Rune","Meat on the Bone","Bottled Tornado","Oddly Smooth Stone","White Beast Statue"],"acts_visited":["Exordium","TheCity","TheBeyond","TheEnding"],"potions_floor_usage":[10,23,25,27,27,30,33,55,55],"damage_taken":[{"damage":0,"enemies":"Jaw Worm","floor":1,"turns":1},{"damage":0,"enemies":"2 Louse","floor":2,"turns":1},{"damage":0,"enemies":"Cultist","floor":4,"turns":1},{"damage":1,"enemies":"Exordium Wildlife","floor":5,"turns":5},{"damage":10,"enemies":"Replay:BlueRogue","floor":6,"turns":12},{"damage":4,"enemies":"Lots of Slimes","floor":8,"turns":5},{"damage":17,"enemies":"3 Sentries","floor":10,"turns":10},{"damage":5,"enemies":"3 Louse","floor":12,"turns":7},{"damage":0,"enemies":"2 Fungi Beasts","floor":14,"turns":3},{"damage":35,"enemies":"Slime Boss","floor":16,"turns":13},{"damage":12,"enemies":"2 Thieves","floor":18,"turns":4},{"damage":27,"enemies":"Spheric Guardian","floor":20,"turns":9},{"damage":23,"enemies":"Snake Plant","floor":22,"turns":8},{"damage":47,"enemies":"Book of Stabbing","floor":23,"turns":9},{"damage":19,"enemies":"Shelled Parasite and Fungi","floor":25,"turns":8},{"damage":0,"enemies":"3 Cultists","floor":27,"turns":5},{"damage":12,"enemies":"Centurion and Healer","floor":28,"turns":10},{"damage":11,"enemies":"Chosen and Byrds","floor":30,"turns":8},{"damage":5,"enemies":"Gremlin Leader","floor":31,"turns":8},{"damage":29,"enemies":"Pondfish","floor":33,"turns":17},{"damage":16,"enemies":"3 Darklings","floor":35,"turns":6},{"damage":0,"enemies":"Orb Walker","floor":37,"turns":5},{"damage":0,"enemies":"R_Hoarder","floor":40,"turns":7},{"damage":0,"enemies":"Writhing Mass","floor":41,"turns":12},{"damage":11,"enemies":"Giant Head","floor":44,"turns":8},{"damage":25,"enemies":"Sphere and 2 Shapes","floor":47,"turns":7},{"damage":15,"enemies":"4 Shapes","floor":48,"turns":6},{"damage":8,"enemies":"Time Eater","floor":50,"turns":15},{"damage":24,"enemies":"Shield and Spear","floor":54,"turns":8},{"damage":18,"enemies":"The Heart","floor":55,"turns":14}],"seed_played":"-6277957103602767586","potions_obtained":[{"floor":2,"key":"FairyPotion"},{"floor":4,"key":"mysticmod:EssenceOfMagic"},{"floor":8,"key":"Dexterity Potion"},{"floor":12,"key":"Explosive Potion"},{"floor":23,"key":"ColorlessPotion"},{"floor":25,"key":"SteroidPotion"},{"floor":31,"key":"Cursed Concoction"},{"floor":35,"key":"FearPotion"},{"floor":40,"key":"Dexterity Potion"},{"floor":47,"key":"Adrenaline Potion"}],"is_trial":false,"path_per_floor":["M","M","?","M","M","E","?","M","T","E","R","M","R","M","R","B",null,"M","?","M","?","M","E","R","M","T","M","M","$","M","E","R","B",null,"M","?","M","?","?","E","M","R","T","E","$","R","M","M","R","B",null,"R","$","E","B",null],"character_chosen":"MYSTIC_CLASS","items_purchased":["mysticmod:BentSpoon","SpeedPotion","mysticmod:Dedication","Oddly Smooth Stone"],"campfire_rested":2,"item_purchase_floors":[29,29,45,45],"current_hp_per_floor":[77,77,77,77,76,66,66,64,64,49,49,46,46,48,48,15,77,65,65,40,87,64,19,45,28,28,30,20,20,11,8,34,12,87,71,71,73,63,63,69,75,75,75,70,70,70,51,42,42,52,83,83,83,59,57],"gold":79,"neow_bonus":"THREE_ENEMY_KILL","is_daily":false,"chose_seed":false,"campfire_upgraded":6,"win_rate":0.0,"timestamp":1612379178,"path_taken":["M","M","?","M","M","E","?","?","T","E","R","M","R","M","R","BOSS","M","?","?","?","M","E","R","M","T","?","?","$","M","E","R","BOSS","M","?","M","?","?","E","M","R","T","E","$","R","M","M","R","BOSS","R","$","E","BOSS"],"items_purchased_type":["Relic","Potion","Card","Relic"],"build_version":"2020-12-22","purchased_purges":2,"victory":true,"max_hp_per_floor":[77,77,77,77,77,77,77,77,77,77,77,77,77,77,77,77,77,77,77,77,87,87,87,87,87,87,87,87,87,87,87,87,87,87,87,83,83,83,83,83,83,83,83,83,83,83,83,83,83,83,83,83,83,83,83],"card_choices":[{"not_picked":["mysticmod:BulkUp","mysticmod:ComponentsPouch"],"picked":"mysticmod:Snowball","floor":1},{"not_picked":["mysticmod:Riposte","mysticmod:ChargedParry"],"picked":"mysticmod:Fly","floor":2},{"not_picked":["mysticmod:SuddenClarity","mysticmod:DiviningBlow"],"picked":"mysticmod:Sideswipe","floor":4},{"not_picked":["mysticmod:Disengage","mysticmod:IllusionOfCalm"],"picked":"mysticmod:GeminiForm","floor":5},{"not_picked":["mysticmod:LightningBolt","mysticmod:PreparedCaster"],"picked":"mysticmod:Disengage","floor":6},{"not_picked":["mysticmod:Snowball","mysticmod:Disengage"],"picked":"mysticmod:Dedication","floor":8},{"not_picked":["mysticmod:Stoneskin","mysticmod:EnchantedMoulinet"],"picked":"mysticmod:PureInstinct","floor":10},{"not_picked":["mysticmod:Shield","mysticmod:MagicMissile"],"picked":"mysticmod:ComponentsPouch","floor":12},{"not_picked":["mysticmod:BladeMaster","mysticmod:PowerSlash"],"picked":"mysticmod:Alacrity","floor":14},{"not_picked":["mysticmod:EnchantedMoulinet","mysticmod:MysticalShield"],"picked":"mysticmod:GeminiForm","floor":16},{"not_picked":["Shame","Spreading Infection"],"picked":"Injury","floor":17},{"not_picked":["Replay:Hysterical Blindness","ReplayTheSpireMod:Splinters"],"picked":"Sickly","floor":17},{"not_picked":["Voices","Spreading Infection"],"picked":"Doubt","floor":17},{"not_picked":["mysticmod:SuddenClarity+1","mysticmod:BladedDash"],"picked":"mysticmod:LightningBolt+1","floor":18},{"not_picked":["mysticmod:IllusionOfCalm","mysticmod:ComponentsPouch+1"],"picked":"mysticmod:DiviningBlow+1","floor":20},{"not_picked":["mysticmod:PowerAttack+1","mysticmod:LightningBolt"],"picked":"mysticmod:ComboCaster","floor":22},{"not_picked":["mysticmod:MagicMissile","mysticmod:LightningBolt"],"picked":"mysticmod:Sideswipe+1","floor":23},{"not_picked":["mysticmod:Natural20","mysticmod:Shield"],"picked":"mysticmod:Disengage","floor":25},{"not_picked":["mysticmod:CorrosiveTouch","mysticmod:Riposte","mysticmod:DiviningBlow"],"picked":"SKIP","floor":27},{"not_picked":["mysticmod:TomeOfSpells","mysticmod:Flurry"],"picked":"mysticmod:RapidCaster","floor":28},{"not_picked":["mysticmod:SuddenClarity","mysticmod:HeavyStrike"],"picked":"mysticmod:Snowball+1","floor":30},{"not_picked":["mysticmod:BladeMaster","mysticmod:LightningBolt"],"picked":"mysticmod:FloatingDisk+1","floor":31},{"not_picked":["mysticmod:Doublecast","mysticmod:Discipline"],"picked":"mysticmod:KnowledgePool","floor":33},{"not_picked":["mysticmod:Grease+1","mysticmod:Alacrity"],"picked":"mysticmod:Fly+1","floor":35},{"not_picked":["mysticmod:MagicMissile","mysticmod:Shield","mysticmod:HeavyStrike+1"],"picked":"SKIP","floor":37},{"not_picked":["Purity","Swift Strike"],"picked":"Panacea","floor":38},{"not_picked":["ReplayTheSpireMod:Trickstab","The Bomb"],"picked":"Bandage Up","floor":38},{"not_picked":["mysticmod:EbbAndFlow","mysticmod:RapidCaster"],"picked":"mysticmod:PowerAttack","floor":40},{"not_picked":["mysticmod:Disengage","mysticmod:Riposte"],"picked":"mysticmod:TomeOfSpells+1","floor":41},{"not_picked":["mysticmod:HeavyStrike","mysticmod:BulkUp"],"picked":"mysticmod:PureInstinct","floor":44},{"not_picked":["mysticmod:Natural20","mysticmod:FiveFootStep+1"],"picked":"mysticmod:SuddenClarity+1","floor":47},{"not_picked":["mysticmod:Fly","mysticmod:Grease"],"picked":"mysticmod:Sideswipe+1","floor":48},{"not_picked":["mysticmod:Flurry+1","mysticmod:SuddenClarity"],"picked":"mysticmod:Fly+1","floor":54}],"player_experience":941749,"relics_obtained":[{"floor":6,"key":"Blood Vial"},{"floor":10,"key":"War Paint"},{"floor":23,"key":"Sundial"},{"floor":26,"key":"Lizard Tail"},{"floor":31,"key":"Toy Ornithopter"},{"floor":40,"key":"Simple Rune"},{"floor":43,"key":"Meat on the Bone"},{"floor":44,"key":"Bottled Tornado"},{"floor":54,"key":"White Beast Statue"}],"event_choices":[{"cards_removed":["mysticmod:Strike_Mystic"],"damage_healed":0,"gold_gain":0,"player_choice":"Purged","damage_taken":0,"max_hp_gain":0,"max_hp_loss":0,"event_name":"Purifier","floor":7,"gold_loss":0},{"cards_removed":["Doubt"],"damage_healed":0,"gold_gain":0,"player_choice":"Upgrade and Remove","damage_taken":0,"max_hp_gain":0,"max_hp_loss":0,"event_name":"Designer","floor":19,"gold_loss":90,"cards_upgraded":["mysticmod:ArcaneDodge"]},{"cards_removed":["mysticmod:GeminiForm"],"damage_healed":37,"gold_gain":0,"player_choice":"Offered Rare","damage_taken":0,"max_hp_gain":10,"max_hp_loss":0,"event_name":"Bonfire Elementals","floor":21,"gold_loss":0},{"damage_healed":0,"gold_gain":0,"player_choice":"Max HP","damage_taken":0,"max_hp_gain":0,"max_hp_loss":4,"event_name":"Winding Halls","floor":36,"gold_loss":0},{"damage_healed":0,"gold_gain":0,"player_choice":"Memory 3","damage_taken":10,"max_hp_gain":0,"max_hp_loss":0,"event_name":"SensoryStone","floor":38,"gold_loss":0},{"cards_removed":["mysticmod:ArcaneDodge"],"damage_healed":0,"gold_gain":0,"player_choice":"Removed Skill","damage_taken":0,"max_hp_gain":0,"max_hp_loss":0,"event_name":"Falling","floor":39,"gold_loss":0}],"is_beta":false,"boss_relics":[{"not_picked":["Astrolabe","Black Star"],"picked":"Replay:Ancient Bell"},{"not_picked":["CeramicFish","mysticmod:TrainingManual"],"picked":"Happy Flower"},{"not_picked":["Molten Egg 2","Replay:Accelerometer"],"picked":"ReplayTheSpireMod:Shallot"},{"not_picked":["WingedGreaves","Torii"],"picked":"Ice Cream"},{"not_picked":["Replay:Wanted Poster","mysticmod:BlessedBook"],"picked":"Replay:Grab Bag"},{"not_picked":["Replay:Bronze Core","Velvet Choker"],"picked":"Cursed Key"},{"not_picked":["SlaversCollar","Sozu"],"picked":"Philosopher\u0027s Stone"},{"not_picked":["Runic Pyramid","SacredBark"],"picked":"mysticmod:CrystalBall"}],"items_purged_floors":[29,45],"is_endless":false,"potions_floor_spawned":[2,4,8,12,20,23,25,31,35,40,47,54],"ascension_level":0}}