{"host":"epc8efk9vrywpcsw","time":1612369913,"event":{"mods":["BaseMod","Minty Spire (QoL Compilation)","Relic Stats","StSLib"],"gold_per_floor":[112,112,112,187,206,239,239,253,253,266,280,280,280,293,293,389,389,408,408,408],"floor_reached":19,"language":"ENG","playtime":453,"items_purged":[],"score":388,"play_id":"e768a648-91be-4737-82a3-9fdb18e0b18c","local_time":"20210203173153","is_ascension_mode":true,"campfire_choices":[{"data":"Blood for Blood","floor":7,"key":"SMITH"},{"floor":13,"key":"REST"},{"data":"Whirlwind","floor":15,"key":"SMITH"}],"circlet_count":0,"master_deck":["AscendersBane","Strike_R+1","Strike_R+1","Strike_R","Defend_R","Defend_R","Defend_R","Defend_R","Bash","Shrug It Off","Blood for Blood+1","Double Tap+1","Whirlwind+1","Feed"],"relics":["Burning Blood","NeowsBlessing","Golden Idol","Potion Belt","Singing Bowl","Empty Cage"],"acts_visited":["Exordium","TheCity"],"potions_floor_usage":[16,16,18],"damage_taken":[{"damage":0,"enemies":"Cultist","floor":1,"turns":1},{"damage":0,"enemies":"2 Louse","floor":5,"turns":2},{"damage":0,"enemies":"Gremlin Nob","floor":6,"turns":1},{"damage":6,"enemies":"Jaw Worm","floor":8,"turns":3},{"damage":16,"enemies":"Large Slime","floor":10,"turns":4},{"damage":26,"enemies":"Exordium Thugs","floor":11,"turns":5},{"damage":1,"enemies":"Looter","floor":14,"turns":2},{"damage":31,"enemies":"Slime Boss","floor":16,"turns":6},{"damage":47,"enemies":"3 Byrds","floor":18,"turns":5},{"damage":3,"enemies":"Shell Parasite","floor":19,"turns":2}],"seed_played":"6122763760737082204","potions_obtained":[{"floor":1,"key":"Strength Potion"},{"floor":5,"key":"BloodPotion"},{"floor":8,"key":"SkillPotion"},{"floor":16,"key":"Ancient Potion"},{"floor":18,"key":"SmokeBomb"}],"is_trial":false,"path_per_floor":["M","?","?","?","M","E","R","M","T","M","M","?","R","M","R","B",null,"M","M"],"character_chosen":"IRONCLAD","items_purchased":[],"campfire_rested":1,"item_purchase_floors":[],"current_hp_per_floor":[74,51,51,40,46,52,52,52,52,42,24,24,45,52,52,27,61,40,37,37],"gold":408,"neow_bonus":"THREE_ENEMY_KILL","is_daily":false,"chose_seed":false,"campfire_upgraded":2,"win_rate":0.0,"timestamp":1612369913,"path_taken":["M","?","?","?","?","E","R","M","T","M","M","?","R","M","R","BOSS","M","M"],"items_purchased_type":[],"build_version":"2020-12-22","purchased_purges":0,"victory":false,"max_hp_per_floor":[75,75,68,68,68,68,68,68,68,68,70,70,70,72,72,72,72,77,77,77],"relic_stats":{"Singing Bowl":6,"counters":[10,31],"Golden Idol":46,"obtain_stats":[{"Potion Belt":6,"NeowsBlessing":0,"Singing Bowl":9,"Golden Idol":3,"Empty Cage":17,"Burning Blood":0},{"Potion Belt":3,"NeowsBlessing":0,"Singing Bowl":4,"Golden Idol":1,"Empty Cage":8,"Burning Blood":0},{"Potion Belt":4,"NeowsBlessing":0,"Singing Bowl":7,"Golden Idol":1,"Empty Cage":24,"Burning Blood":0}],"Burning Blood":54},"card_choices":[{"not_picked":["Dual Wield","Havoc"],"picked":"Shrug It Off","floor":1},{"not_picked":["Clothesline","Rupture"],"picked":"Blood for Blood","floor":5},{"not_picked":["Sword Boomerang","Carnage"],"picked":"Double Tap","floor":6},{"not_picked":["Shockwave","Warcry","Clothesline"],"picked":"SKIP","floor":8},{"not_picked":["Intimidate","Dark Embrace"],"picked":"Whirlwind","floor":10},{"not_picked":["Armaments","Flex","Heavy Blade"],"picked":"Singing Bowl","floor":11},{"not_picked":["Cleave","Flex","Pommel Strike"],"picked":"Singing Bowl","floor":14},{"not_picked":["Impervious","Immolate"],"picked":"Feed","floor":16},{"not_picked":["Iron Wave","Shrug It Off","Body Slam"],"picked":"Singing Bowl","floor":18}],"player_experience":483976,"relics_obtained":[{"floor":6,"key":"Potion Belt"},{"floor":9,"key":"Singing Bowl"}],"event_choices":[{"damage_healed":0,"gold_gain":0,"player_choice":"Entered Light","damage_taken":23,"max_hp_gain":0,"max_hp_loss":0,"event_name":"Shining Light","floor":2,"gold_loss":0,"cards_upgraded":["Strike_R","Strike_R"]},{"damage_healed":0,"gold_gain":0,"player_choice":"Lose Max HP","damage_taken":0,"relics_obtained":["Golden Idol"],"max_hp_gain":0,"max_hp_loss":7,"event_name":"Golden Idol","floor":3,"gold_loss":0},{"damage_healed":0,"gold_gain":75,"player_choice":"Gather Gold","damage_taken":11,"max_hp_gain":0,"max_hp_loss":0,"event_name":"World of Goop","floor":4,"gold_loss":0},{"damage_healed":0,"gold_gain":0,"player_choice":"Upgraded","damage_taken":0,"max_hp_gain":0,"max_hp_loss":0,"event_name":"Upgrade Shrine","floor":12,"gold_loss":0,"cards_upgraded":["Double Tap"]}],"is_beta":false,"boss_relics":[{"not_picked":["Velvet Choker","Runic Cube"],"picked":"Empty Cage"}],"items_purged_floors":[],"is_endless":false,"potions_floor_spawned":[1,5,8,16,18],"killed_by":"Shell Parasite","ascension_level":20}}