{"host":"7iv10lxbxedtd0qh","time":1612362245,"event":{"mods":["BaseMod","Colored Map","Colored Powertips","Downfall","Minty Spire (QoL Compilation)","StSLib"],"gold_per_floor":[99,111,111,125,74,74,74,74,174,189,23,56,56,56,66,66,66,66],"floor_reached":16,"language":"ENG","playtime":877,"items_purged":["Guardian:Strike_Guardian"],"score":118,"play_id":"8f4bf795-ce9e-422b-8a2c-70491440487e","local_time":"20210203152405","is_ascension_mode":true,"campfire_choices":[{"data":"Guardian:TwinSlam","floor":1,"key":"SMITH"},{"data":"Guardian:Orbwalk","floor":6,"key":"SMITH"},{"data":"Guardian:Recover","floor":8,"key":"SMITH"},{"data":"Guardian:FuturePlans","floor":13,"key":"SMITH"}],"circlet_count":0,"master_deck":["Guardian:Strike_Guardian","Guardian:Defend_Guardian","Guardian:Defend_Guardian","Guardian:Defend_Guardian+1","Guardian:Defend_Guardian","Guardian:CurlUp+1","Guardian:TwinSlam+1","Guardian:Recover+1","Guardian:TwinSlam+1","Guardian:Repulse","Guardian:Orbwalk+1","Guardian:GemFire+1","Guardian:Orbwalk","Guardian:FuturePlans+1","Guardian:PrismaticBarrier"],"relics":["Guardian:ModeShifter","bronze:BronzeIdol","War Paint","Vajra","downfall:BrokenWingStatue"],"acts_visited":["Exordium"],"potions_floor_usage":[11,16],"damage_taken":[{"damage":12,"enemies":"Jaw Worm","floor":2,"turns":3},{"damage":0,"enemies":"Cultist","floor":4,"turns":3},{"damage":0,"enemies":"downfall:FleeingMerchant","floor":5,"turns":4},{"damage":21,"enemies":"downfall:Heads","floor":9,"turns":7},{"damage":5,"enemies":"Small Slimes","floor":10,"turns":4},{"damage":2,"enemies":"downfall:FleeingMerchant","floor":11,"turns":4},{"damage":14,"enemies":"3 Sentries","floor":12,"turns":7},{"damage":11,"enemies":"Exordium Thugs","floor":15,"turns":5},{"damage":9,"enemies":"IC_STATUS_ARCHETYPE","floor":16,"turns":8}],"seed_played":"7071321154779567186","potions_obtained":[{"floor":9,"key":"FearPotion"},{"floor":15,"key":"LiquidMemories"}],"is_trial":false,"path_per_floor":["R","M","?","M","$","R","T","R","?","M","$","E","R","?","M","B"],"character_chosen":"GUARDIAN","items_purchased":["Guardian:Orbwalk","Guardian:FuturePlans"],"campfire_rested":0,"item_purchase_floors":[5,11],"current_hp_per_floor":[80,68,68,68,68,68,68,68,47,42,40,26,26,26,15,6,6,6],"gold":66,"neow_bonus":"RANDOM_COMMON_RELIC","is_daily":false,"chose_seed":false,"campfire_upgraded":4,"win_rate":0.0,"timestamp":1612362245,"path_taken":["R","M","?","M","?","R","T","R","?","M","$","E","R","?","M","BOSS"],"items_purchased_type":["Card","Card"],"build_version":"2020-12-22","purchased_purges":1,"victory":false,"max_hp_per_floor":[80,80,80,80,80,80,80,80,80,80,80,80,80,80,80,80,80,80],"card_choices":[{"not_picked":["Guardian:Suspension","Guardian:ChargeCore"],"picked":"Guardian:Recover","floor":2},{"not_picked":["Guardian:TemporalShield","Guardian:Gem_Green"],"picked":"Guardian:Repulse","floor":4},{"not_picked":["Guardian:WalkerClaw","Guardian:Gem_Blue","Guardian:BronzeOrb"],"picked":"SKIP","floor":5},{"not_picked":["Guardian:Suspension","Guardian:Gem_Yellow","Guardian:TemporalShield"],"picked":"SKIP","floor":10},{"not_picked":["Guardian:DonusPower","Guardian:Reroute"],"picked":"Guardian:Orbwalk","floor":11},{"not_picked":["Guardian:Recover","Guardian:EvasiveProtocol"],"picked":"Guardian:PrismaticBarrier","floor":12},{"not_picked":["Guardian:Gem_Lightblue","Guardian:TemporalShield","Guardian:PrismaticBarrier"],"picked":"SKIP","floor":15}],"player_experience":805922,"relics_obtained":[{"floor":7,"key":"War Paint"},{"floor":12,"key":"Vajra"}],"event_choices":[],"is_beta":false,"boss_relics":[],"items_purged_floors":[11],"is_endless":false,"potions_floor_spawned":[9,15],"killed_by":"IC_STATUS_ARCHETYPE","ascension_level":4}}