{"host":"7tvb1em0d2fx72q7","time":1612328993,"event":{"mods":["BaseMod","Challenge The Spire","Minty Spire (QoL Compilation)","StSLib","everything is the same but u backflip on backflip"],"gold_per_floor":[113,131,146,222,25,52,52,82,82,82,82,113,133,133,133,210,210,223,223,252,252,269,301,301,329,382,382,416,466,177,191,191,263,263,275,325,340,359,359,359,373,399,422,422,438,451,485,497,497,497,497,497,497,45,74,74,74],"floor_reached":56,"language":"ENG","playtime":6881,"items_purged":["Strike_B+1"],"score":2066,"play_id":"45df2340-9b1b-4884-82b5-d67b6b3b6663","local_time":"20210203000953","is_ascension_mode":true,"campfire_choices":[{"data":"Sunder","floor":7.0,"key":"SMITH"},{"data":"Defragment","floor":11.0,"key":"SMITH"},{"data":"Steam","floor":15.0,"key":"SMITH"},{"data":"Capacitor","floor":24.0,"key":"SMITH"},{"data":"Static Discharge","floor":27.0,"key":"SMITH"},{"data":"Buffer","floor":32.0,"key":"SMITH"},{"floor":40,"key":"RECALL"},{"data":"Loop","floor":44,"key":"SMITH"},{"data":"Heatsinks","floor":49,"key":"SMITH"},{"data":"Machine Learning","floor":53,"key":"SMITH"}],"circlet_count":0,"master_deck":["AscendersBane","Defend_B+1","Defend_B+1","Defend_B+1","Defend_B+1","Zap","Dualcast","Ball Lightning+1","Sunder+1","Steam+1","Defragment+1","FTL","Loop+1","Seek+1","Double Energy+1","Force Field+1","Electrodynamics+1","Hologram+1","Coolheaded+1","Capacitor+1","Heatsinks","Skim+1","Static Discharge+1","Buffer+1","Capacitor","Rainbow+1","Go for the Eyes+1","Cold Snap+1","Heatsinks+1","Undo+1","Machine Learning+1","Hologram+1","Recycle+1","Rainbow+1","Echo Form","Force Field+1"],"relics":["Cracked Core","NeowsBlessing","ClockworkSouvenir","Eternal Feather","Bottled Lightning","Toxic Egg 2","Singing Bowl","DataDisk","Astrolabe","Red Mask","Turnip","Mummified Hand","Toy Ornithopter","StrikeDummy","Philosopher\u0027s Stone","Peace Pipe","Art of War","Shuriken","Membership Card","Whetstone","Oddly Smooth Stone","Anchor"],"acts_visited":["Exordium","TheCity","TheBeyond","TheEnding"],"potions_floor_usage":[56,56],"damage_taken":[{"damage":0.0,"enemies":"Cultist","floor":1.0,"turns":1.0},{"damage":0.0,"enemies":"Small Slimes","floor":2.0,"turns":1.0},{"damage":0.0,"enemies":"2 Louse","floor":3.0,"turns":1.0},{"damage":8.0,"enemies":"Gremlin Nob","floor":6.0,"turns":3.0},{"damage":19.0,"enemies":"3 Sentries","floor":8.0,"turns":8.0},{"damage":19.0,"enemies":"Lagavulin","floor":12.0,"turns":6.0},{"damage":11.0,"enemies":"Looter","floor":13.0,"turns":3.0},{"damage":20.0,"enemies":"The Guardian","floor":16.0,"turns":9.0},{"damage":9.0,"enemies":"2 Thieves","floor":18.0,"turns":3.0},{"damage":0.0,"enemies":"Masked Bandits","floor":20.0,"turns":2.0},{"damage":1.0,"enemies":"Spheric Guardian","floor":22.0,"turns":3.0},{"damage":26.0,"enemies":"Book of Stabbing","floor":23.0,"turns":6.0},{"damage":8.0,"enemies":"Slavers","floor":25.0,"turns":2.0},{"damage":0.0,"enemies":"Gremlin Leader","floor":28.0,"turns":4.0},{"damage":13.0,"enemies":"Centurion and Healer","floor":31.0,"turns":6.0},{"damage":10.0,"enemies":"Champ","floor":33.0,"turns":16.0},{"damage":0.0,"enemies":"3 Shapes","floor":35.0,"turns":4.0},{"damage":0.0,"enemies":"2 Orb Walkers","floor":36.0,"turns":3.0},{"damage":0.0,"enemies":"Orb Walker","floor":37.0,"turns":4.0},{"damage":15.0,"enemies":"Writhing Mass","floor":38.0,"turns":5.0},{"damage":0,"enemies":"Maw","floor":41,"turns":8},{"damage":5,"enemies":"Giant Head","floor":42,"turns":10},{"damage":20,"enemies":"Spire Growth","floor":45,"turns":4},{"damage":0,"enemies":"Sphere and 2 Shapes","floor":46,"turns":4},{"damage":0,"enemies":"Nemesis","floor":47,"turns":7},{"damage":0,"enemies":"Transient","floor":48,"turns":6},{"damage":24,"enemies":"Time Eater","floor":50,"turns":11},{"damage":16,"enemies":"Donu and Deca","floor":51,"turns":9},{"damage":27,"enemies":"Shield and Spear","floor":55,"turns":5},{"damage":69,"enemies":"The Heart","floor":56,"turns":11}],"seed_played":"950961134353923944","potions_obtained":[{"floor":1.0,"key":"DuplicationPotion"},{"floor":8.0,"key":"SteroidPotion"},{"floor":16.0,"key":"Explosive Potion"},{"floor":18.0,"key":"Block Potion"},{"floor":22.0,"key":"ColorlessPotion"},{"floor":23.0,"key":"EntropicBrew"},{"floor":31.0,"key":"DuplicationPotion"},{"floor":33.0,"key":"FocusPotion"},{"floor":39,"key":"EssenceOfDarkness"}],"is_trial":false,"path_per_floor":["M","M","M","?","$","E","R","E","T","?","R","E","M","?","R","B",null,"M","?","?","?","M","E","R","E","T","R","E","?","$","M","R","B",null,"M","?","M","M","?","R","M","E","T","R","M","M","E","M","R","B","B",null,"R","$","E","B"],"character_chosen":"DEFECT","items_purchased":["ClockworkSouvenir","Sunder","Buffer","Energy Potion","Membership Card","Echo Form","Force Field+1","Whetstone","Oddly Smooth Stone"],"campfire_rested":0,"item_purchase_floors":[5,5,30,30,54,54,54,54,54],"current_hp_per_floor":[64,64,64,64,64,56,65,46,46,51,60,41,30,25,34,14,61,52,52,52,52,51,25,37,31,31,43,50,50,50,37,52,42,71,71,71,71,58,58,73,75,70,70,84,64,64,64,64,82,58,42,74,84,84,59,0,0],"gold":74,"neow_bonus":"THREE_ENEMY_KILL","is_daily":false,"chose_seed":false,"campfire_upgraded":9,"win_rate":0.0,"timestamp":1612328993,"path_taken":["M","M","?","?","$","E","R","E","T","?","R","E","M","?","R","BOSS","M","?","?","?","M","E","R","E","T","R","E","?","?","?","R","BOSS","M","?","M","M","?","R","M","E","T","R","?","?","E","M","R","BOSS","BOSS","R","$","E","BOSS"],"items_purchased_type":["Relic","Card","Card","Potion","Relic","Card","Card","Relic","Relic"],"build_version":"2020-12-22","purchased_purges":1,"victory":false,"max_hp_per_floor":[71,71,71,71,71,71,71,71,71,76,76,76,76,76,76,76,76,76,76,76,76,76,76,76,78,78,78,80,80,80,80,80,80,80,80,80,80,82,82,82,84,84,84,84,84,84,84,84,84,84,84,84,84,84,86,86,86],"card_choices":[{"not_picked":["Fusion","Conserve Battery"],"picked":"Rebound","floor":1.0},{"not_picked":["Rebound","Turbo"],"picked":"Streamline","floor":2.0},{"not_picked":["Undo","Leap"],"picked":"Ball Lightning","floor":3.0},{"not_picked":["Gash","Tempest"],"picked":"Steam","floor":6.0},{"not_picked":["Hologram","Lockon"],"picked":"Defragment","floor":8.0},{"not_picked":["Lockon","Ball Lightning"],"picked":"FTL","floor":12.0},{"not_picked":["All For One","Stack+1"],"picked":"Loop","floor":13.0},{"not_picked":["Thunder Strike","Hyperbeam"],"picked":"Seek+1","floor":16.0},{"not_picked":["Sweeping Beam","Ball Lightning"],"picked":"Hologram+1","floor":18.0},{"not_picked":["Ball Lightning","Blizzard"],"picked":"Coolheaded+1","floor":20.0},{"not_picked":["Reprogram+1","Redo+1"],"picked":"Skim+1","floor":22.0},{"not_picked":["Sunder","Heatsinks"],"picked":"Static Discharge","floor":23.0},{"not_picked":["Multi-Cast+1","Sunder","Tempest+1"],"picked":"Singing Bowl","floor":25.0},{"not_picked":["Stack+1","Streamline","Rip and Tear"],"picked":"Singing Bowl","floor":28.0},{"not_picked":["Turbo+1","Ball Lightning+1"],"picked":"Capacitor","floor":31.0},{"not_picked":["Seek+1","Machine Learning"],"picked":"Rainbow+1","floor":33.0},{"not_picked":["Lockon","Barrage"],"picked":"Go for the Eyes+1","floor":35.0},{"not_picked":["Doom and Gloom","Tempest+1"],"picked":"Cold Snap","floor":36.0},{"not_picked":["Ball Lightning","Leap+1"],"picked":"Heatsinks","floor":37.0},{"not_picked":["BootSequence+1","Hello World+1","Rip and Tear"],"picked":"Singing Bowl","floor":38},{"not_picked":["Redo+1","Compile Driver+1","Heatsinks"],"picked":"Singing Bowl","floor":41},{"not_picked":["Barrage","Reprogram+1"],"picked":"Undo+1","floor":42},{"not_picked":["Redo+1","Conserve Battery+1"],"picked":"Machine Learning","floor":45},{"not_picked":["Steam+1","Stack+1"],"picked":"Hologram+1","floor":46},{"not_picked":["Redo+1","Steam+1"],"picked":"Recycle+1","floor":47},{"not_picked":["BootSequence+1","Go for the Eyes+1"],"picked":"Rainbow+1","floor":48},{"not_picked":["Melter","Go for the Eyes","Force Field+1"],"picked":"Singing Bowl","floor":55}],"player_experience":2002938,"relics_obtained":[{"floor":6.0,"key":"Eternal Feather"},{"floor":8.0,"key":"Bottled Lightning"},{"floor":9.0,"key":"Toxic Egg 2"},{"floor":12.0,"key":"Singing Bowl"},{"floor":20.0,"key":"Red Mask"},{"floor":23.0,"key":"Turnip"},{"floor":25.0,"key":"Mummified Hand"},{"floor":26.0,"key":"Toy Ornithopter"},{"floor":28.0,"key":"StrikeDummy"},{"floor":36.0,"key":"Peace Pipe"},{"floor":42,"key":"Art of War"},{"floor":47,"key":"Shuriken"},{"floor":55,"key":"Anchor"}],"event_choices":[{"damage_healed":0.0,"max_hp_gain":0.0,"max_hp_loss":0.0,"gold_gain":76.0,"event_name":"Golden Wing","player_choice":"Gained Gold","floor":4.0,"gold_loss":0.0,"damage_taken":0.0},{"damage_healed":0.0,"max_hp_gain":5.0,"max_hp_loss":0.0,"gold_gain":0.0,"event_name":"Big Fish","player_choice":"Donut","floor":10.0,"gold_loss":0.0,"damage_taken":0.0},{"damage_healed":0.0,"max_hp_gain":0.0,"max_hp_loss":0.0,"gold_gain":0.0,"event_name":"Scrap Ooze","player_choice":"Success","floor":14.0,"gold_loss":0.0,"damage_taken":5.0,"relics_obtained":["DataDisk"]},{"damage_healed":0.0,"max_hp_gain":0.0,"max_hp_loss":0.0,"gold_gain":0.0,"event_name":"Back to Basics","player_choice":"Simplicity","floor":19.0,"gold_loss":0.0,"damage_taken":0.0,"cards_upgraded":["Strike_B","Defend_B","Defend_B","Defend_B","Defend_B"]},{"damage_healed":0.0,"max_hp_gain":0.0,"max_hp_loss":0.0,"gold_gain":0.0,"event_name":"Masked Bandits","player_choice":"Fought Bandits","floor":20.0,"gold_loss":0.0,"damage_taken":0.0},{"damage_healed":0.0,"max_hp_gain":0.0,"max_hp_loss":0.0,"gold_gain":0.0,"cards_transformed":["Streamline","Rebound"],"event_name":"Drug Dealer","player_choice":"Became Test Subject","floor":21.0,"gold_loss":0.0,"damage_taken":0.0,"cards_obtained":["Capacitor","Heatsinks"]},{"damage_healed":0.0,"max_hp_gain":0.0,"max_hp_loss":0.0,"gold_gain":50.0,"event_name":"Nest","player_choice":"Stole From Cult","floor":29.0,"gold_loss":0.0,"damage_taken":0.0},{"damage_healed":0.0,"max_hp_gain":0.0,"max_hp_loss":0.0,"gold_gain":0.0,"event_name":"Mysterious Sphere","player_choice":"Fight","floor":36.0,"gold_loss":0.0,"damage_taken":0.0},{"damage_healed":0,"gold_gain":0,"player_choice":"Got Potions","damage_taken":0,"max_hp_gain":0,"max_hp_loss":0,"event_name":"Lab","floor":39,"gold_loss":0}],"is_beta":false,"boss_relics":[{"not_picked":["Velvet Choker","Black Star"],"picked":"Astrolabe"},{"not_picked":["Tiny House","Pandora\u0027s Box"],"picked":"Philosopher\u0027s Stone"}],"items_purged_floors":[30],"is_endless":false,"potions_floor_spawned":[1,8,16,18,22,23,31,33,36,38,42,45,46,48,55],"killed_by":"The Heart","ascension_level":20}}