{"host":"Ryley","time":1612377075,"event":{"mods":["BaseMod","Downfall","Minty Spire (QoL Compilation)","StSLib"],"gold_per_floor":[99,112,112,112,129,14,14,14,46,46,76,90,110,125,139,241,241,141,161,161,174,9,35,61,76,76,90,102,102,121,121,141,240,240,240,257,142,159,175,35,35,35,35,46,46,66,66,92,102,102,102,102],"floor_reached":50,"language":"ENG","playtime":2816,"items_purged":["downfall:Icky","Slimebound:Strike_Slimebound","Slimebound:Strike_Slimebound"],"score":533,"play_id":"7a3b3a52-a1ca-4fd1-8381-9fa4d48f4b09","local_time":"20210203123115","is_ascension_mode":false,"campfire_choices":[{"data":"Slimebound:RollThrough","floor":1,"key":"SMITH"},{"floor":8,"key":"REST"},{"data":"Slimebound:FlameTackle","floor":10,"key":"SMITH"},{"data":"Slimebound:Darklings","floor":18,"key":"SMITH"},{"floor":26,"key":"REST"},{"data":"Slimebound:Recycling","floor":35,"key":"SMITH"},{"floor":47,"key":"REST"}],"circlet_count":0,"master_deck":["Slimebound:Strike_Slimebound","Slimebound:Tackle+1","Slimebound:Defend_Slimebound","Slimebound:Defend_Slimebound","Slimebound:Defend_Slimebound+1","Slimebound:Defend_Slimebound","Slimebound:Split","Slimebound:CorrosiveSpit+1","Slimebound:RollThrough+1","Slimebound:Schlurp+1","Slimebound:FlameTackle+1","Slimebound:Schlurp","Slimebound:GoopSpray","Slimebound:FinishingTackle","Slimebound:Recollect","Slimebound:Repurpose","Slimebound:GoopSpray","Slimebound:SlimeSpikes","Slimebound:Darklings+1","Slimebound:Recollect","Slimebound:ItLooksTasty+1","Slimebound:ViciousTackle","Slimebound:BestDefense","Slimebound:SamplingLick+1","Slimebound:LeadByExample+1","Slimebound:LeechingTouch+1","Slimebound:LeechLife","Slimebound:Recycling+1","Slimebound:PressTheAttack+1","downfall:Icky"],"relics":["Slimebound:AbsorbEndCombat","Blue Candle","CaptainsWheel","Vajra","SacredBark","downfall:HeartBlessingGreen","Boot","Tiny Chest","PreservedInsect","Cursed Key","Ginger","Sundial","InkBottle"],"acts_visited":["Exordium","TheCity","TheBeyond"],"potions_floor_usage":[9,16,23,32,33,48,50,50],"damage_taken":[{"damage":1,"enemies":"Cultist","floor":2,"turns":3},{"damage":5,"enemies":"Small Slimes","floor":5,"turns":3},{"damage":11,"enemies":"downfall:FleeingMerchant","floor":6,"turns":4},{"damage":10,"enemies":"Lagavulin","floor":9,"turns":6},{"damage":9,"enemies":"3 Sentries","floor":11,"turns":7},{"damage":0,"enemies":"2 Louse","floor":12,"turns":1},{"damage":3,"enemies":"Lots of Slimes","floor":13,"turns":4},{"damage":1,"enemies":"Blue Slaver","floor":14,"turns":2},{"damage":15,"enemies":"3 Louse","floor":15,"turns":4},{"damage":9,"enemies":"IC_STATUS_ARCHETYPE","floor":16,"turns":6},{"damage":20,"enemies":"3 Byrds","floor":19,"turns":5},{"damage":11,"enemies":"Sentry and Sphere","floor":21,"turns":8},{"damage":0,"enemies":"downfall:FleeingMerchant","floor":22,"turns":4},{"damage":0,"enemies":"Slavers","floor":23,"turns":4},{"damage":36,"enemies":"Shelled Parasite and Fungi","floor":25,"turns":7},{"damage":9,"enemies":"Snake Plant","floor":27,"turns":5},{"damage":37,"enemies":"Centurion and Healer","floor":28,"turns":6},{"damage":24,"enemies":"3 Cultists","floor":30,"turns":5},{"damage":6,"enemies":"Shelled Parasite and Fungi","floor":32,"turns":6},{"damage":68,"enemies":"DF_ARCHETYPE_CLAW","floor":33,"turns":10},{"damage":0,"enemies":"Orb Walker","floor":36,"turns":3},{"damage":5,"enemies":"downfall:FleeingMerchant","floor":37,"turns":4},{"damage":5,"enemies":"3 Shapes","floor":38,"turns":5},{"damage":54,"enemies":"Maw","floor":39,"turns":8},{"damage":0,"enemies":"downfall:FleeingMerchant","floor":40,"turns":4},{"damage":30,"enemies":"Spire Growth","floor":44,"turns":5},{"damage":16,"enemies":"4 Shapes","floor":46,"turns":6},{"damage":25,"enemies":"Nemesis","floor":48,"turns":6},{"damage":19,"enemies":"Sphere and 2 Shapes","floor":49,"turns":5},{"damage":65,"enemies":"WA_ARCHETYPE_DIVINITY","floor":50,"turns":15}],"seed_played":"7718325775239005591","potions_obtained":[{"floor":5,"key":"Slimebound:SlimedPotion"},{"floor":11,"key":"AttackPotion"},{"floor":12,"key":"Slimebound:SpawnSlimePotion"},{"floor":15,"key":"sneckomod:MuddlingPotion"},{"floor":16,"key":"SkillPotion"},{"floor":23,"key":"champ:CounterPotion"},{"floor":27,"key":"Regen Potion"},{"floor":31,"key":"FairyPotion"},{"floor":44,"key":"Guardian:BlockOnCardUsePotion"},{"floor":46,"key":"BlessingOfTheForge"},{"floor":48,"key":"PowerPotion"}],"is_trial":false,"path_per_floor":["R","M","?","?","M","$","T","R","E","R","E","M","M","M","M","B",null,"R","M","?","M","$","E","T","M","R","M","M","?","M","?","M","B",null,"R","M","$","M","M","$","T","?","T","M","?","M","R","E","M","B"],"character_chosen":"SLIMEBOUND","items_purchased":["Slimebound:GoopSpray","Boot"],"campfire_rested":3,"item_purchase_floors":[6,22],"current_hp_per_floor":[65,65,60,60,59,54,54,65,59,59,58,62,65,65,56,53,65,65,49,49,44,50,58,58,30,49,42,13,34,18,18,60,39,65,65,65,62,65,30,38,38,38,38,21,21,26,45,40,51,0,0,0],"gold":102,"neow_bonus":"THREE_CARDS","is_daily":false,"chose_seed":false,"campfire_upgraded":4,"win_rate":0.0,"timestamp":1612377075,"path_taken":["R","M","?","?","?","$","T","R","E","R","E","M","M","M","M","BOSS","R","M","?","?","$","E","T","M","R","M","M","?","M","?","M","BOSS","R","M","$","M","M","$","T","?","?","M","?","M","R","E","M","BOSS"],"items_purchased_type":["Card","Relic"],"build_version":"2020-12-18","purchased_purges":3,"victory":false,"max_hp_per_floor":[65,65,65,65,65,65,65,65,65,65,65,65,65,65,65,65,65,65,65,65,65,65,65,65,65,65,65,65,65,65,65,65,65,65,65,65,65,65,65,65,65,65,65,65,65,65,65,65,65,65,65,65],"card_choices":[{"not_picked":["Slimebound:LeechingTouch","Slimebound:DivideAndConquer"],"picked":"Slimebound:RollThrough","floor":0},{"not_picked":["Slimebound:ComboTackle","Slimebound:SplitMire"],"picked":"Slimebound:Schlurp","floor":2},{"not_picked":["Slimebound:LivingWall","Slimebound:Schlurp"],"picked":"Slimebound:FlameTackle","floor":5},{"not_picked":["Slimebound:RollThrough","Slimebound:RallyTheTroops"],"picked":"Slimebound:Schlurp","floor":6},{"not_picked":["Slimebound:Repurpose","Slimebound:GoopTackle"],"picked":"Slimebound:FinishingTackle","floor":9},{"not_picked":["Slimebound:LevelUp","Slimebound:SplitLeeching"],"picked":"Slimebound:Recollect","floor":11},{"not_picked":["Slimebound:Replication","Slimebound:RollThrough"],"picked":"Slimebound:Repurpose","floor":12},{"not_picked":["Slimebound:LeechEnergy","Slimebound:RainOfGoop"],"picked":"Slimebound:GoopSpray","floor":13},{"not_picked":["Slimebound:SplitMire","Slimebound:FormOfPuddle","Slimebound:Schlurp"],"picked":"SKIP","floor":14},{"not_picked":["Slimebound:HauntingLick","Slimebound:SlimeTap"],"picked":"Slimebound:SlimeSpikes","floor":15},{"not_picked":["Slimebound:Teamwork","Slimebound:OneTwoCombo"],"picked":"Slimebound:Darklings","floor":16},{"not_picked":["Slimebound:Equalize","Slimebound:Dissolve","Slimebound:SplitSpecialist"],"picked":"SKIP","floor":19},{"not_picked":["Slimebound:SplitLeeching+1","Slimebound:SplitSpecialist+1"],"picked":"Slimebound:ItLooksTasty+1","floor":21},{"not_picked":["Slimebound:SplitBruiser","Slimebound:ComboTackle"],"picked":"Slimebound:ViciousTackle","floor":22},{"not_picked":["Slimebound:GoopTackle","Slimebound:RollThrough"],"picked":"Slimebound:BestDefense","floor":23},{"not_picked":["Slimebound:FinishingTackle","Slimebound:SlimeBrawl"],"picked":"Slimebound:SamplingLick+1","floor":25},{"not_picked":["Slimebound:SamplingLick","Slimebound:ViciousTackle+1"],"picked":"Slimebound:LeadByExample","floor":27},{"not_picked":["Slimebound:Replication","Slimebound:Dissolve"],"picked":"Slimebound:LeechingTouch+1","floor":28},{"not_picked":["Slimebound:HauntingLick","Slimebound:RollThrough"],"picked":"Slimebound:LeechLife","floor":30},{"not_picked":["Slimebound:LevelUp","Slimebound:FinishingTackle","Slimebound:GoopTackle"],"picked":"SKIP","floor":32},{"not_picked":["Slimebound:OozeBath","Slimebound:LeechLife"],"picked":"Slimebound:Recycling","floor":33},{"not_picked":["Slimebound:ItLooksTasty+1","Slimebound:SplitAcid"],"picked":"Slimebound:PressTheAttack+1","floor":36},{"not_picked":["Slimebound:GoopTackle","Slimebound:ItLooksTasty+1","Slimebound:SplitMire+1"],"picked":"SKIP","floor":37},{"not_picked":["Slimebound:HauntingLick+1","Slimebound:SlimeTap","Slimebound:DivideAndConquer"],"picked":"SKIP","floor":38},{"not_picked":["Slimebound:RollThrough+1","Slimebound:LevelUp","Slimebound:LeechingTouch+1"],"picked":"SKIP","floor":39},{"not_picked":["Slimebound:PressTheAttack","Slimebound:OneTwoCombo","Slimebound:RollThrough"],"picked":"SKIP","floor":40},{"not_picked":["Slimebound:ViciousTackle","Slimebound:SamplingLick+1","Slimebound:Gluttony"],"picked":"SKIP","floor":44},{"not_picked":["Slimebound:LeechingTouch+1","Slimebound:PressTheAttack","Slimebound:ProtectTheBoss"],"picked":"SKIP","floor":46},{"not_picked":["Slimebound:SlimeSpikes","Slimebound:GoopSpray","Slimebound:LeechingTouch"],"picked":"SKIP","floor":48},{"not_picked":["Slimebound:SlimeBrawl+1","Slimebound:MegaLick","Slimebound:SplitBruiser"],"picked":"SKIP","floor":49}],"player_experience":377153,"relics_obtained":[{"floor":7,"key":"CaptainsWheel"},{"floor":9,"key":"War Paint"},{"floor":11,"key":"Vajra"},{"floor":23,"key":"Tiny Chest"},{"floor":24,"key":"PreservedInsect"},{"floor":41,"key":"Ginger"},{"floor":43,"key":"Sundial"},{"floor":48,"key":"InkBottle"}],"event_choices":[{"damage_healed":21,"gold_gain":0,"player_choice":"Heal","damage_taken":0,"max_hp_gain":0,"max_hp_loss":0,"event_name":"The Library","floor":29,"gold_loss":0}],"is_beta":true,"boss_relics":[{"not_picked":["Empty Cage","Coffee Dripper"],"picked":"SacredBark"},{"not_picked":["Slimebound:TarBlob","Philosopher\u0027s Stone"],"picked":"Cursed Key"}],"items_purged_floors":[6,37,40],"is_endless":false,"potions_floor_spawned":[5,11,12,15,16,21,23,25,27,30,44,46,48],"killed_by":"WA_ARCHETYPE_DIVINITY","ascension_level":0}}