{"host":"7erghha4zaoybdup","time":1612360759,"event":{"mods":["2.2 Compatiblity","AchievementEnabler","Act Like it!","Astrologer","BaseMod","Better Third Choice","CapriCore","ChefMod","Chen","Colored Powertips","Conspire","Downfall","Friendly Minions","Gensokyo","GifTheSpireLib","Glutton Mod","Hermit","Hubris","Infinite Spire","Jorbs\u0027s Wanderer Trilogy","Lobotomy","LobotomyExtend","MarisaÅiñ∂âJÅ@ñÇóùçπÅj","Minty Spire (QoL Compilation)","Quick Restart","Random Character Button","ReimuÅiîé??öÎÅj","Reliquary","Shade Mod","Somnambulant","StSLib","The Administrix","The Alterego","The Bug Knight","The Clintock","The Cursed","The Disciple","The Dragon Tamer","The Fake Hero","The Gatherer","The Immortal","The Judge","The Marked","The Necromancer","The Poker Player","The Wild Card","TheBandit","Wandering Minibosses","Yakumo Yukari mod","Yuyuko","Åy?ï®?îvÅzREMEMod"],"gold_per_floor":[99,112,287,287,17,17,17,48,64,96,113,131,131,131,151,256,256,256,266,3,3,3,30,56,134,134,148,148,161,180,197,216,319,319,319,335,347,64,164,164,164,10,24,24,24,59,71,71,89,89,89],"floor_reached":52,"language":"ENG","playtime":6898,"items_purged":["Doubt","sneckomod:Strike","sneckomod:Strike"],"score":767,"play_id":"bc22b8fc-1414-453f-8920-938d24709e7d","local_time":"20210203075919","is_ascension_mode":false,"campfire_choices":[{"floor":13,"key":"REST"},{"data":"luka_mod:Sensitive","floor":28,"key":"SMITH"},{"data":"AdministrixMod:CosmosControl","floor":35,"key":"SMITH"},{"floor":40,"key":"REST"},{"data":"sneckomod:TrashToTreasure","floor":45,"key":"SMITH"}],"circlet_count":0,"master_deck":["sneckomod:TailWhip","sneckomod:SnekBite","sneckomod:Unknown","sneckomod:MorePower+1","alterego_mod:BusterCard","AdministrixMod:CosmosControl+1","sneckomod:IronFang","sneckomod:UnknownExhaust+1","sneckomod:CheapStock","sneckomod:Unknown3Cost+1","expansioncontent:StudyTheSpire","sneckomod:UnknownVulnerable+1","sneckomod:UnknownBoss+1","sneckomod:UnknownRareSkill+1","sneckomod:UnknownRareAttack+1","sneckomod:UnknownRarePower+1","sneckomod:UnknownBlock+1","luka_mod:Sensitive+1","sneckomod:TrashToTreasure+1","sneckomod:UnknownRareAttack","sneckomod:UnknownDraw+1","sneckomod:UnknownRareSkill","sneckomod:Restock","sneckomod:UnknownExhaust+1","sneckomod:UnknownRareAttack","hubris:Fate","sneckomod:UnknownClassLUKA_PURPLE_COLOR+1","sneckomod:UnknownUncommonAttack","sneckomod:TrashToTreasure+1","hubris:Sloth","sneckomod:SoulDraw"],"relics":["sneckomod:SneckoSoul","REME_ComplimentaryCards","LetterFromLob","hubris:DeckOfHolding","Pantograph","reliquary:FerryPass","Snecko Eye","Orrery","hubris:Zylophone","hubris:EmptyBottle","downfall:RedIOU","conspire:RoyalGoblet","TungstenRod","Mercury Hourglass","Strange Spoon","REME_PuzzleBoxRelic"],"acts_visited":["Exordium","TheCity","TheBeyond"],"potions_floor_usage":[12,12,12,37,37,50],"damage_taken":[{"damage":12,"enemies":"Small Slimes","floor":2,"turns":4},{"damage":10,"enemies":"downfall:FleeingMerchant","floor":5,"turns":4},{"damage":10,"enemies":"Lagavulin","floor":8,"turns":7},{"damage":9,"enemies":"2 Louse","floor":9,"turns":2},{"damage":27,"enemies":"HollowMod:MossKnight","floor":10,"turns":6},{"damage":5,"enemies":"Cultist","floor":11,"turns":3},{"damage":31,"enemies":"Gremlin Gang","floor":12,"turns":6},{"damage":8,"enemies":"Blue Slaver","floor":15,"turns":3},{"damage":48,"enemies":"WA_ARCHETYPE_RETAIN","floor":16,"turns":6},{"damage":14,"enemies":"Shell Parasite","floor":19,"turns":3},{"damage":16,"enemies":"downfall:FleeingMerchant","floor":20,"turns":4},{"damage":0,"enemies":"conspire:MimicChest","floor":23,"turns":5},{"damage":15,"enemies":"downfall:FleeingMerchant","floor":25,"turns":4},{"damage":0,"enemies":"Chosen","floor":27,"turns":3},{"damage":0,"enemies":"Snecko","floor":29,"turns":2},{"damage":5,"enemies":"Cultist and Chosen","floor":30,"turns":3},{"damage":8,"enemies":"Sentry and Sphere","floor":31,"turns":3},{"damage":0,"enemies":"Snecko","floor":32,"turns":3},{"damage":38,"enemies":"SI_MIRROR_ARCHETYPE","floor":33,"turns":8},{"damage":7,"enemies":"3 Shapes","floor":36,"turns":2},{"damage":53,"enemies":"3 Darklings","floor":37,"turns":4},{"damage":46,"enemies":"infinitespire:Three Voidlings","floor":39,"turns":2},{"damage":42,"enemies":"Nightmare_Alpha","floor":39,"turns":9},{"damage":17,"enemies":"Transient","floor":43,"turns":5},{"damage":0,"enemies":"Giant Head","floor":46,"turns":5},{"damage":18,"enemies":"Sphere and 2 Shapes","floor":47,"turns":1},{"damage":0,"enemies":"Maw","floor":49,"turns":2},{"damage":38,"enemies":"DF_ARCHETYPE_ORBS","floor":50,"turns":3}],"seed_played":"5514826743191079316","potions_obtained":[{"floor":2,"key":"FearPotion"},{"floor":8,"key":"PanachePotion"},{"floor":10,"key":"BlessingOfTheForge"},{"floor":12,"key":"sneckomod:DiceRollPotion"},{"floor":16,"key":"Fire Potion"},{"floor":21,"key":"CultistPotion"},{"floor":39,"key":"bronze:BurnAndBuffPotion"}],"is_trial":false,"path_per_floor":["R","M","?","?","$","?","T","E","M","E","M","M","R","?","M","B",null,"R","M","$","?","?","?","T","$","?","M","R","M","M","M","M","B",null,"R","M","M","$","?","R","T","$","M","?","R","E","M","?","M","B",null,null],"character_chosen":"THE_SNECKO","items_purchased":["expansioncontent:StudyTheSpire","FairyPotion","Orrery","hubris:EmptyBottle","sneckomod:UnknownRareAttack","Strange Spoon"],"campfire_rested":2,"item_purchase_floors":[5,20,20,25,38,42],"current_hp_per_floor":[90,78,78,78,68,68,68,58,53,26,24,1,29,29,36,68,94,94,80,94,94,75,82,82,67,67,67,67,67,62,58,58,48,103,103,103,50,50,53,85,85,85,93,93,93,96,78,78,78,78,78],"gold":89,"neow_bonus":"ONE_RANDOM_RARE_CARD","is_daily":false,"chose_seed":false,"campfire_upgraded":3,"win_rate":0.0,"timestamp":1612360759,"path_taken":["R","M","?","?","$","?","T","E","?","E","M","?","R","?","M","BOSS","R","M","$","?","?","?","T","$","?","M","R","M","M","?","M","BOSS","R","M","M","$","?","R","T","$","M","?","R","E","?","?","M","BOSS"],"items_purchased_type":["Card","Potion","Relic","Relic","Card","Relic"],"build_version":"2020-12-22","purchased_purges":3,"victory":true,"max_hp_per_floor":[90,90,90,90,90,90,90,90,94,94,94,94,94,94,94,94,94,94,94,94,94,99,99,99,99,99,99,99,99,99,103,103,103,103,103,103,103,103,107,107,107,107,107,107,107,107,107,107,107,107,107],"card_choices":[{"not_picked":["sneckomod:DiceCrush","sneckomod:RainOfDice"],"picked":"sneckomod:IronFang","floor":2},{"not_picked":["sneckomod:Unknown0Cost+1","sneckomod:UnknownCommonAttack+1"],"picked":"sneckomod:UnknownExhaust+1","floor":2},{"not_picked":["sneckomod:DiceBlock","sneckomod:UnknownCommonAttack"],"picked":"sneckomod:CheapStock","floor":5},{"not_picked":["sneckomod:UnknownRareSkill+1","sneckomod:UnknownUncommonPower+1"],"picked":"sneckomod:Unknown3Cost+1","floor":5},{"not_picked":["sneckomod:UnknownUncommonSkill+1","sneckomod:Unknown1Cost+1"],"picked":"sneckomod:UnknownVulnerable+1","floor":8},{"not_picked":["sneckomod:MorePower","sneckomod:SerpentIdol","sneckomod:UnendingSupply"],"picked":"SKIP","floor":8},{"not_picked":["sneckomod:UnknownCommonAttack+1","sneckomod:Unknown2Cost+1"],"picked":"sneckomod:UnknownBoss+1","floor":9},{"not_picked":["sneckomod:UnknownCommonSkill","sneckomod:DiceBlock","sneckomod:RainOfDice"],"picked":"SKIP","floor":9},{"not_picked":["sneckomod:Unknown2Cost+1","sneckomod:UnknownExhaust+1"],"picked":"sneckomod:UnknownRareSkill+1","floor":10},{"not_picked":["sneckomod:SoulCleanse","sneckomod:UnknownCommonAttack","sneckomod:MorePower"],"picked":"SKIP","floor":10},{"not_picked":["sneckomod:SerpentIdol","sneckomod:QuickMove","sneckomod:ImprovisedAttack"],"picked":"SKIP","floor":11},{"not_picked":["sneckomod:Unknown3Cost+1","sneckomod:UnknownX+1"],"picked":"sneckomod:UnknownRareAttack+1","floor":12},{"not_picked":["sneckomod:UnknownWeak","sneckomod:QuickBite","sneckomod:SoulRoll"],"picked":"SKIP","floor":12},{"not_picked":["sneckomod:Unknown3Cost+1","sneckomod:UnknownBlock+1"],"picked":"sneckomod:UnknownRarePower+1","floor":15},{"not_picked":["sneckomod:DiceCrush","sneckomod:QuickBite","sneckomod:RainOfDice"],"picked":"SKIP","floor":15},{"not_picked":["sneckomod:DangerNoodle","sneckomod:Restock"],"picked":"sneckomod:UnknownRarePower","floor":16},{"not_picked":["sneckomod:UnknownUncommonAttack+1","sneckomod:Unknown0Cost+1"],"picked":"sneckomod:UnknownBlock+1","floor":16},{"not_picked":["sneckomod:Unknown0Cost","sneckomod:PureSnecko","sneckomod:UnknownBlock+1"],"picked":"SKIP","floor":19},{"not_picked":["sneckomod:QuickMove","sneckomod:UnendingSupply+1","sneckomod:UnknownCommonAttack"],"picked":"SKIP","floor":20},{"not_picked":["sneckomod:RainOfDice","sneckomod:ImprovisedGuard+1"],"picked":"sneckomod:TrashToTreasure+1","floor":20},{"not_picked":["sneckomod:ImprovisedGuard","sneckomod:UnknownBlock"],"picked":"sneckomod:UnknownRareAttack","floor":20},{"not_picked":["sneckomod:UnknownUncommonSkill+1","sneckomod:UnknownClassPassionlip_Purple+1"],"picked":"sneckomod:UnknownDraw+1","floor":23},{"not_picked":["sneckomod:SoulRoll+1","sneckomod:SoulDraw+1","sneckomod:UnknownVulnerable"],"picked":"SKIP","floor":25},{"not_picked":["sneckomod:SnekBeam","sneckomod:ImprovisedGuard","sneckomod:SoulDraw"],"picked":"SKIP","floor":27},{"not_picked":["sneckomod:RainOfDice+1","sneckomod:WideSting+1"],"picked":"sneckomod:UnknownRareSkill","floor":29},{"not_picked":["sneckomod:UnendingSupply","sneckomod:UnknownClassLUKA_PURPLE_COLOR","sneckomod:UnknownUncommonAttack"],"picked":"SKIP","floor":30},{"not_picked":["sneckomod:UnknownClassPassionlip_Purple","sneckomod:QuickBite","sneckomod:UnknownVulnerable"],"picked":"SKIP","floor":31},{"not_picked":["sneckomod:DiceCrush+1","sneckomod:RainOfDice+1","sneckomod:CheapStock+1"],"picked":"SKIP","floor":32},{"not_picked":["sneckomod:Cheat","sneckomod:DangerNoodle"],"picked":"sneckomod:Restock","floor":33},{"not_picked":["sneckomod:UnknownBlock","sneckomod:RainOfDice","sneckomod:SoulRoll"],"picked":"SKIP","floor":36},{"not_picked":["sneckomod:UnknownStrike+1","sneckomod:UnknownClassPassionlip_Purple+1"],"picked":"sneckomod:UnknownExhaust+1","floor":37},{"not_picked":["sneckomod:UnknownX","sneckomod:Unknown1Cost","sneckomod:UnknownCommonSkill"],"picked":"SKIP","floor":37},{"not_picked":["hubris:Rewind","infinitespire:Starlight"],"picked":"hubris:Fate","floor":39},{"not_picked":["sneckomod:UnknownUncommonAttack+1","sneckomod:Unknown2Cost+1"],"picked":"sneckomod:UnknownClassLUKA_PURPLE_COLOR+1","floor":43},{"not_picked":["sneckomod:UnknownClassPURPLEEX","sneckomod:UnknownCommonAttack+1","sneckomod:TrashToTreasure+1"],"picked":"SKIP","floor":43},{"not_picked":["sneckomod:SoulExchange","sneckomod:UnknownClassPassionlip_Purple","sneckomod:TrashToTreasure"],"picked":"SKIP","floor":46},{"not_picked":["sneckomod:QuickBite","sneckomod:DiceCrush+1","sneckomod:RainOfDice+1"],"picked":"SKIP","floor":47},{"not_picked":["sneckomod:UnknownClassLUKA_PURPLE_COLOR+1","sneckomod:DiceCrush+1","sneckomod:SnakeSap"],"picked":"SKIP","floor":49}],"player_experience":293786,"relics_obtained":[{"floor":2,"key":"LetterFromLob"},{"floor":7,"key":"hubris:DeckOfHolding"},{"floor":8,"key":"Pantograph"},{"floor":10,"key":"reliquary:FerryPass"},{"floor":23,"key":"hubris:Zylophone"},{"floor":24,"key":"reliquary:PorcupineQuills"},{"floor":39,"key":"TungstenRod"},{"floor":41,"key":"Mercury Hourglass"},{"floor":46,"key":"REME_PuzzleBoxRelic"}],"event_choices":[],"is_beta":false,"boss_relics":[{"not_picked":["REME_LowDesire","SacredBark"],"picked":"Snecko Eye"},{"not_picked":["Calling Bell","Cursed Key"],"picked":"conspire:RoyalGoblet"}],"items_purged_floors":[5,25,38],"is_endless":false,"potions_floor_spawned":[2,8,10,12,16,27,29,31,32,36,39,43,46],"ascension_level":0}}