{"host":"xb2tau8pgi8aflss","time":1612357125,"event":{"mods":["AchievementEnabler","BaseMod","Hermit","Minty Spire (QoL Compilation)","StSLib","SuperFastMode"],"gold_per_floor":[117,192,142,142,160,160,192,57,80,80,106,116,151,167,167,264,264,280,52,71,83,45,45,45,45,45],"floor_reached":25,"language":"KOR","playtime":643,"items_purged":["Rupture"],"score":363,"play_id":"6120f355-be98-44c5-b7ac-221f9345af03","local_time":"20210203215845","is_ascension_mode":true,"campfire_choices":[{"data":"Bludgeon","floor":6,"key":"SMITH"},{"data":"Enlightenment","floor":15,"key":"SMITH"},{"data":"Second Wind","floor":23,"key":"SMITH"}],"circlet_count":0,"master_deck":["Strike_R","Strike_R","Strike_R","Defend_R","Defend_R","Defend_R","Defend_R","Bash","Cleave","Bludgeon+1","Power Through","Dark Embrace","Enlightenment+1","Shrug It Off","Double Tap","Barricade","Feed","True Grit","Feel No Pain","Second Wind+1","Sentinel","Dual Wield"],"relics":["Burning Blood","NeowsBlessing","Dream Catcher","Ancient Tea Set","Happy Flower","Toy Ornithopter","Philosopher\u0027s Stone"],"acts_visited":["Exordium","TheCity"],"potions_floor_usage":[13,16,20,21,21,25],"damage_taken":[{"damage":0,"enemies":"Cultist","floor":1,"turns":1},{"damage":0,"enemies":"Jaw Worm","floor":5,"turns":1},{"damage":0,"enemies":"Lagavulin","floor":7,"turns":1},{"damage":20,"enemies":"3 Sentries","floor":11,"turns":8},{"damage":7,"enemies":"Small Slimes","floor":12,"turns":4},{"damage":0,"enemies":"Lagavulin","floor":13,"turns":2},{"damage":0,"enemies":"Red Slaver","floor":14,"turns":2},{"damage":43,"enemies":"The Guardian","floor":16,"turns":14},{"damage":26,"enemies":"Shell Parasite","floor":18,"turns":7},{"damage":7,"enemies":"Spheric Guardian","floor":20,"turns":3},{"damage":22,"enemies":"Snake Plant","floor":21,"turns":3},{"damage":62,"enemies":"Book of Stabbing","floor":25,"turns":5}],"seed_played":"2161213213816359007","potions_obtained":[{"floor":5,"key":"LiquidMemories"},{"floor":7,"key":"SpeedPotion"},{"floor":12,"key":"Swift Potion"},{"floor":14,"key":"LiquidMemories"},{"floor":18,"key":"Dexterity Potion"},{"floor":20,"key":"SkillPotion"}],"is_trial":false,"path_per_floor":["M","?","?","?","M","R","E","$","T","?","E","M","E","M","R","B",null,"M","$","M","M","$","R","?","E"],"character_chosen":"IRONCLAD","items_purchased":["Enlightenment","Shrug It Off","Feel No Pain","Second Wind","Dual Wield"],"campfire_rested":0,"item_purchase_floors":[8,8,19,19,22],"current_hp_per_floor":[78,67,67,67,73,73,79,79,79,79,65,64,70,76,76,44,71,51,51,58,52,52,52,52,0,0],"gold":45,"neow_bonus":"THREE_ENEMY_KILL","is_daily":false,"chose_seed":false,"campfire_upgraded":3,"win_rate":0.0,"timestamp":1612357125,"path_taken":["M","?","?","?","?","R","E","$","T","?","E","M","E","M","R","BOSS","M","?","M","M","$","R","?","E"],"items_purchased_type":["Card","Card","Card","Card","Card"],"build_version":"2020-12-22","purchased_purges":1,"victory":false,"max_hp_per_floor":[80,80,80,80,80,80,80,80,80,80,80,80,80,80,80,80,80,80,80,83,83,83,83,83,83,83],"card_choices":[{"not_picked":["Havoc","Infernal Blade"],"picked":"Cleave","floor":1},{"not_picked":["Iron Wave","Fire Breathing"],"picked":"Power Through","floor":5},{"not_picked":["Rampage","Berserk"],"picked":"Dark Embrace","floor":7},{"not_picked":["Perfected Strike","Uppercut"],"picked":"Double Tap","floor":11},{"not_picked":["Power Through","Havoc","Disarm"],"picked":"SKIP","floor":12},{"not_picked":["Warcry","Pummel"],"picked":"Barricade","floor":13},{"not_picked":["Warcry","Inflame","Iron Wave"],"picked":"SKIP","floor":14},{"not_picked":["Offering","Double Tap"],"picked":"Feed","floor":16},{"not_picked":["Perfected Strike","Thunderclap"],"picked":"True Grit","floor":18},{"not_picked":["Iron Wave","Clash","Thunderclap"],"picked":"SKIP","floor":20},{"not_picked":["Warcry","Whirlwind"],"picked":"Sentinel","floor":21}],"player_experience":803735,"relics_obtained":[{"floor":7,"key":"Dream Catcher"},{"floor":9,"key":"Ancient Tea Set"},{"floor":11,"key":"Happy Flower"},{"floor":13,"key":"Toy Ornithopter"}],"event_choices":[{"damage_healed":0,"gold_gain":75,"player_choice":"Gather Gold","damage_taken":11,"max_hp_gain":0,"max_hp_loss":0,"event_name":"World of Goop","floor":2,"gold_loss":0},{"cards_removed":["Strike_R"],"damage_healed":0,"gold_gain":0,"player_choice":"Card Removal","damage_taken":0,"max_hp_gain":0,"max_hp_loss":0,"event_name":"The Cleric","floor":3,"gold_loss":50},{"damage_healed":0,"gold_gain":0,"player_choice":"1 cards matched","damage_taken":0,"max_hp_gain":0,"max_hp_loss":0,"event_name":"Match and Keep!","floor":4,"gold_loss":0,"cards_obtained":["Bludgeon"]},{"damage_healed":0,"gold_gain":0,"cards_transformed":["Strike_R"],"player_choice":"Transformed","damage_taken":0,"max_hp_gain":0,"max_hp_loss":0,"event_name":"Transmorgrifier","floor":10,"gold_loss":0,"cards_obtained":["Rupture"]},{"damage_healed":0,"gold_gain":0,"player_choice":"Ignored","damage_taken":0,"max_hp_gain":0,"max_hp_loss":0,"event_name":"Vampires","floor":24,"gold_loss":0}],"is_beta":false,"boss_relics":[{"not_picked":["Astrolabe","SlaversCollar"],"picked":"Philosopher\u0027s Stone"}],"items_purged_floors":[19],"is_endless":false,"potions_floor_spawned":[5,7,12,14,18,20],"killed_by":"Book of Stabbing","ascension_level":7}}