{"host":"p9vmbvw2hh2n16dn","time":1612350497,"event":{"mods":["AchievementEnabler","BaseMod","Block Reminder","Minty Spire (QoL Compilation)","Relic Stats","SuperFastMode"],"gold_per_floor":[111,186,361,381,381,406,406,435,435,435,468,468,242,258,258,360,360,379,69,94,94,193,193,193,193],"floor_reached":24,"language":"ENG","playtime":628,"items_purged":["Doubt"],"score":382,"play_id":"cde7176d-76a8-48ed-8b6b-adb352385484","local_time":"20210203120817","is_ascension_mode":true,"campfire_choices":[{"data":"Riddle With Holes","floor":7.0,"key":"SMITH"},{"data":"Dagger Spray","floor":10.0,"key":"SMITH"},{"data":"Riddle With Holes","floor":12.0,"key":"SMITH"},{"floor":15.0,"key":"REST"},{"floor":23.0,"key":"REST"}],"circlet_count":0,"master_deck":["Strike_G","Strike_G","Strike_G","Strike_G","Defend_G","Defend_G","Defend_G","Defend_G","Defend_G","Survivor","Neutralize","Riddle With Holes+1","Well Laid Plans","Dagger Spray+1","Blur","Riddle With Holes+1","Backflip","Wraith Form v2"],"relics":["Ring of the Snake","NeowsBlessing","Orichalcum","Unceasing Top","Letter Opener","Matryoshka","Happy Flower","Black Star","Mango","Red Mask","Question Card"],"acts_visited":["Exordium","TheCity"],"potions_floor_usage":[24],"damage_taken":[{"damage":0.0,"enemies":"Jaw Worm","floor":1.0,"turns":1.0},{"damage":0.0,"enemies":"Small Slimes","floor":4.0,"turns":1.0},{"damage":0.0,"enemies":"3 Sentries","floor":6.0,"turns":1.0},{"damage":20.0,"enemies":"Gremlin Nob","floor":8.0,"turns":4.0},{"damage":18.0,"enemies":"3 Sentries","floor":11.0,"turns":6.0},{"damage":0.0,"enemies":"2 Louse","floor":14.0,"turns":2.0},{"damage":0.0,"enemies":"Slime Boss","floor":16.0,"turns":3.0},{"damage":12.0,"enemies":"2 Thieves","floor":18.0,"turns":4.0},{"damage":37.0,"enemies":"Masked Bandits","floor":20.0,"turns":7.0},{"damage":57,"enemies":"Gremlin Leader","floor":24,"turns":6}],"seed_played":"4978370349016835489","potions_obtained":[{"floor":4.0,"key":"Strength Potion"},{"floor":11.0,"key":"SkillPotion"},{"floor":14.0,"key":"EntropicBrew"},{"floor":20.0,"key":"PowerPotion"}],"is_trial":false,"path_per_floor":["M","?","?","M","?","E","R","E","T","R","E","R","$","M","R","B",null,"M","$","?","?","?","R","E"],"character_chosen":"THE_SILENT","items_purchased":["Happy Flower","Mango"],"campfire_rested":2,"item_purchase_floors":[13,19],"current_hp_per_floor":[63,52,52,52,52,52,52,32,32,32,14,14,14,14,35,35,61,49,63,26,26,26,51,0,0],"gold":193,"neow_bonus":"THREE_ENEMY_KILL","is_daily":false,"chose_seed":false,"campfire_upgraded":3,"win_rate":0.0,"timestamp":1612350497,"path_taken":["M","?","?","M","?","E","R","E","T","R","E","R","$","?","R","BOSS","M","?","?","?","?","R","E"],"items_purchased_type":["Relic","Relic"],"build_version":"2020-12-22","purchased_purges":1,"victory":false,"max_hp_per_floor":[70,70,70,70,70,70,70,70,70,70,70,70,70,70,70,70,70,70,84,84,84,84,84,84,84],"relic_stats":{"Happy Flower":[7],"counters":[10,35],"Black Star":0,"Letter Opener":[20],"Orichalcum":[102],"Question Card":0,"obtain_stats":[{"Matryoshka":11,"NeowsBlessing":0,"Happy Flower":13,"Mango":19,"Black Star":17,"Red Mask":20,"Letter Opener":9,"Orichalcum":6,"Question Card":21,"Unceasing Top":8,"Ring of the Snake":0},{"Matryoshka":5,"NeowsBlessing":0,"Happy Flower":5,"Mango":8,"Black Star":7,"Red Mask":9,"Letter Opener":4,"Orichalcum":3,"Question Card":9,"Unceasing Top":4,"Ring of the Snake":0},{"Matryoshka":13,"NeowsBlessing":0,"Happy Flower":13,"Mango":22,"Black Star":18,"Red Mask":29,"Letter Opener":7,"Orichalcum":3,"Question Card":29,"Unceasing Top":7,"Ring of the Snake":0}],"Unceasing Top":[0],"Ring of the Snake":[20]},"card_choices":[{"not_picked":["Prepared","Flechettes","PiercingWail"],"picked":"SKIP","floor":1.0},{"not_picked":["Outmaneuver","Calculated Gamble"],"picked":"Riddle With Holes","floor":4.0},{"not_picked":["Flechettes","All Out Attack"],"picked":"Dagger Spray","floor":6.0},{"not_picked":["Bouncing Flask","Reflex"],"picked":"Blur","floor":8.0},{"not_picked":["Endless Agony","Poisoned Stab"],"picked":"Riddle With Holes","floor":11.0},{"not_picked":["Well Laid Plans","Acrobatics"],"picked":"Backflip","floor":14.0},{"not_picked":["Storm of Steel","Tools of the Trade"],"picked":"Wraith Form v2","floor":16.0},{"not_picked":["Predator","Bouncing Flask","Backflip"],"picked":"SKIP","floor":18.0}],"player_experience":285592,"relics_obtained":[{"floor":6.0,"key":"Orichalcum"},{"floor":8.0,"key":"Unceasing Top"},{"floor":9.0,"key":"Letter Opener"},{"floor":11.0,"key":"Matryoshka"},{"floor":20.0,"key":"Red Mask"}],"event_choices":[{"damage_healed":0.0,"max_hp_gain":0.0,"max_hp_loss":0.0,"gold_gain":75.0,"event_name":"World of Goop","player_choice":"Gather Gold","floor":2.0,"gold_loss":0.0,"damage_taken":11.0},{"damage_healed":0.0,"max_hp_gain":0.0,"max_hp_loss":0.0,"gold_gain":175.0,"event_name":"Liars Game","player_choice":"AGREE","floor":3.0,"gold_loss":0.0,"damage_taken":0.0,"cards_obtained":["Doubt"]},{"damage_healed":0.0,"max_hp_gain":0.0,"max_hp_loss":0.0,"gold_gain":0.0,"cards_transformed":["Strike_G"],"event_name":"Transmorgrifier","player_choice":"Transformed","floor":5.0,"gold_loss":0.0,"damage_taken":0.0,"cards_obtained":["Well Laid Plans"]},{"damage_healed":0.0,"max_hp_gain":0.0,"max_hp_loss":0.0,"gold_gain":0.0,"event_name":"Masked Bandits","player_choice":"Fought Bandits","floor":20.0,"gold_loss":0.0,"damage_taken":0.0},{"damage_healed":0.0,"max_hp_gain":0.0,"max_hp_loss":0.0,"gold_gain":0.0,"event_name":"The Mausoleum","player_choice":"Opened","floor":21.0,"gold_loss":0.0,"damage_taken":0.0,"relics_obtained":["Question Card"]},{"damage_healed":0.0,"max_hp_gain":0.0,"max_hp_loss":0.0,"gold_gain":99.0,"event_name":"Nest","player_choice":"Stole From Cult","floor":22.0,"gold_loss":0.0,"damage_taken":0.0}],"is_beta":false,"boss_relics":[{"not_picked":["Runic Dome","HoveringKite"],"picked":"Black Star"}],"items_purged_floors":[13],"is_endless":false,"potions_floor_spawned":[4,11,14,20],"killed_by":"Gremlin Leader","ascension_level":7}}