{"host":"0jile2yd1dg679g0","time":1612313557,"event":{"mods":["AchievementEnabler","Act Like it!","BaseMod","Better Third Choice","Colored Map","Colored Powertips","Gensokyo","Hermit","Luminous","Marisa????????","Minty Spire (QoL Compilation)","Random Character Button","Spicy Shops","StSLib","The Servant 0.9.4","Transform Curses","Waifu the Spire"],"gold_per_floor":[116,86,96,106,31,41,56,56,56,56,90,103,113,132,132,234,234,254,254,7,7,7,7,26,50,73,73,273,292,292,308,308,420,420,437,464,464,489,510,510,510,510],"floor_reached":41,"language":"ENG","playtime":2580,"items_purged":["Strike_R"],"score":556,"play_id":"8d482341-6987-4326-bb4e-d5fc63256cc7","local_time":"20210202195237","is_ascension_mode":true,"campfire_choices":[{"data":"Anger","floor":8,"key":"SMITH"},{"data":"Anger","floor":15,"key":"SMITH"},{"data":"Apotheosis","floor":23,"key":"SMITH"},{"data":"Infernal Blade","floor":27,"key":"SMITH"},{"data":"Demon Form","floor":30,"key":"SMITH"},{"floor":32,"key":"REST"},{"floor":40,"key":"REST"}],"circlet_count":0,"master_deck":["Strike_R","Strike_R","Strike_R","Defend_R","Defend_R","Defend_R","Defend_R","Bash","Metallicize","Headbutt","Uppercut","Carnage","Anger+1","Armaments","Thunderclap","Anger+1","Demon Form+1","Wild Strike+1","Apotheosis+1","Infernal Blade+1","Metallicize+1","Berserk","Heavy Blade+1","Thunderclap+1","Heavy Blade+1"],"relics":["Black Blood","NeowsBlessing","Mummified Hand","HornCleat","Runic Cube","Self Forming Clay","Blue Candle","Blood Vial","CeramicFish"],"acts_visited":["Exordium","TheCity","TheBeyond"],"potions_floor_usage":[7,18,24,33,38,38],"damage_taken":[{"damage":0,"enemies":"Small Slimes","floor":1,"turns":1},{"damage":0,"enemies":"Cultist","floor":3,"turns":1},{"damage":0,"enemies":"2 Louse","floor":4,"turns":1},{"damage":15,"enemies":"Blue Slaver","floor":6,"turns":5},{"damage":21,"enemies":"2 Fungi Beasts","floor":7,"turns":4},{"damage":12,"enemies":"Lagavulin","floor":11,"turns":4},{"damage":5,"enemies":"Red Slaver","floor":12,"turns":2},{"damage":7,"enemies":"3 Louse","floor":13,"turns":3},{"damage":15,"enemies":"Lots of Slimes","floor":14,"turns":3},{"damage":14,"enemies":"Hexaghost","floor":16,"turns":8},{"damage":3,"enemies":"Chosen","floor":18,"turns":5},{"damage":4,"enemies":"Spheric Guardian","floor":24,"turns":4},{"damage":28,"enemies":"Centurion and Healer","floor":29,"turns":4},{"damage":15,"enemies":"3 Cultists","floor":31,"turns":5},{"damage":46,"enemies":"Collector","floor":33,"turns":8},{"damage":13,"enemies":"Orb Walker","floor":35,"turns":5},{"damage":11,"enemies":"3 Shapes","floor":36,"turns":14},{"damage":28,"enemies":"Jaw Worm Horde","floor":38,"turns":3},{"damage":57,"enemies":"Writhing Mass","floor":39,"turns":5},{"damage":52,"enemies":"Nemesis","floor":41,"turns":6}],"seed_played":"6109949815962124269","potions_obtained":[{"floor":1,"key":"GamblersBrew"},{"floor":2,"key":"Swift Potion"},{"floor":2,"key":"Weak Potion"},{"floor":11,"key":"Block Potion"},{"floor":12,"key":"Ancient Potion"},{"floor":16,"key":"Block Potion"},{"floor":24,"key":"Swift Potion"},{"floor":29,"key":"Regen Potion"},{"floor":35,"key":"DuplicationPotion"},{"floor":36,"key":"DistilledChaos"}],"is_trial":false,"path_per_floor":["M","?","M","M","$","M","M","R","T","?","E","M","M","M","R","B",null,"M","?","$","?","$","R","M","T","T","R","?","M","R","M","R","B",null,"M","M","?","M","M","R","E"],"character_chosen":"IRONCLAD","items_purchased":["Self Forming Clay"],"campfire_rested":2,"item_purchase_floors":[20],"current_hp_per_floor":[78,78,80,80,80,71,56,56,56,80,74,75,74,65,65,57,74,77,77,77,77,77,77,79,79,79,79,79,58,58,51,75,46,72,73,76,76,62,19,43,0,0],"gold":510,"neow_bonus":"THREE_ENEMY_KILL","is_daily":false,"chose_seed":false,"campfire_upgraded":5,"win_rate":0.0,"timestamp":1612313557,"path_taken":["M","?","M","M","?","M","M","R","T","?","E","M","?","M","R","BOSS","M","?","$","?","$","R","M","?","T","R","?","M","R","M","R","BOSS","M","M","?","M","M","R","E"],"items_purchased_type":["Relic"],"build_version":"2020-12-22","purchased_purges":1,"victory":false,"max_hp_per_floor":[80,80,80,80,80,80,80,80,80,80,80,80,80,80,80,80,80,80,80,80,80,80,80,80,80,80,80,80,80,80,80,80,80,80,80,80,80,80,80,80,80,80],"card_choices":[{"not_picked":["Pummel","Hemokinesis"],"picked":"Metallicize","floor":1},{"not_picked":["Iron Wave","Hemokinesis"],"picked":"Headbutt","floor":3},{"not_picked":["Twin Strike","Clash"],"picked":"Uppercut","floor":4},{"not_picked":["Clash","Havoc"],"picked":"Carnage","floor":6},{"not_picked":["Sentinel","Whirlwind"],"picked":"Anger","floor":7},{"not_picked":["Hemokinesis","True Grit"],"picked":"Armaments","floor":11},{"not_picked":["Wild Strike","Reckless Charge"],"picked":"Thunderclap","floor":12},{"not_picked":["Power Through","Cleave","True Grit"],"picked":"SKIP","floor":13},{"not_picked":["Cleave","Heavy Blade"],"picked":"Anger","floor":14},{"not_picked":["Corruption","Immolate"],"picked":"Demon Form","floor":16},{"not_picked":["Twin Strike","Blood for Blood"],"picked":"Wild Strike+1","floor":18},{"not_picked":["Second Wind","True Grit"],"picked":"Infernal Blade","floor":24},{"not_picked":["Twin Strike","Power Through"],"picked":"Metallicize+1","floor":29},{"not_picked":["Havoc","Twin Strike","Dark Embrace"],"picked":"SKIP","floor":31},{"not_picked":["Exhume","Feed"],"picked":"Berserk","floor":33},{"not_picked":["Sever Soul+1","True Grit+1","Rupture+1"],"picked":"SKIP","floor":35},{"not_picked":["Combust+1","Fire Breathing+1"],"picked":"Heavy Blade+1","floor":36},{"not_picked":["Clash+1","Whirlwind"],"picked":"Thunderclap+1","floor":38},{"not_picked":["True Grit+1","Searing Blow+1"],"picked":"Heavy Blade+1","floor":39}],"player_experience":298589,"relics_obtained":[{"floor":9,"key":"Mummified Hand"},{"floor":11,"key":"HornCleat"},{"floor":25,"key":"Blood Vial"},{"floor":26,"key":"CeramicFish"}],"event_choices":[{"damage_healed":0,"gold_gain":0,"player_choice":"Bought 2 Potions","damage_taken":0,"max_hp_gain":0,"max_hp_loss":0,"event_name":"The Woman in Blue","floor":2,"gold_loss":0},{"damage_healed":24,"gold_gain":0,"player_choice":"Full Heal","damage_taken":0,"max_hp_gain":0,"max_hp_loss":0,"event_name":"Wheel of Change","floor":10,"gold_loss":0},{"damage_healed":0,"gold_gain":0,"player_choice":"Opened","damage_taken":0,"relics_obtained":["Blue Candle"],"max_hp_gain":0,"max_hp_loss":0,"event_name":"The Mausoleum","floor":21,"gold_loss":0},{"damage_healed":0,"gold_gain":200,"player_choice":"Gold","damage_taken":0,"max_hp_gain":0,"max_hp_loss":0,"event_name":"Wheel of Change","floor":28,"gold_loss":0},{"cards_removed":["Strike_R"],"damage_healed":0,"gold_gain":0,"player_choice":"Removed Attack","damage_taken":0,"max_hp_gain":0,"max_hp_loss":0,"event_name":"Falling","floor":37,"gold_loss":0}],"is_beta":false,"boss_relics":[{"not_picked":["Velvet Choker","Calling Bell"],"picked":"Runic Cube"},{"not_picked":["Snecko Eye","Black Star"],"picked":"Black Blood"}],"items_purged_floors":[5],"is_endless":false,"potions_floor_spawned":[1,11,12,16,24,29,35,36],"killed_by":"Nemesis","ascension_level":8}}