{"host":"nw4g04f085wnqcgt","time":1612392085,"event":{"mods":["AchievementEnabler","BaseMod","Colored Map","Colored Powertips","DeckTracker","Minty Spire (QoL Compilation)","Relic Sorter","SuperFastMode"],"gold_per_floor":[114,114,130,130,130,161,175,204,227,227,227],"floor_reached":10,"language":"ENG","playtime":311,"items_purged":[],"score":95,"play_id":"d1116f1e-7abf-4e3f-a2e2-739502096064","local_time":"20210203174125","is_ascension_mode":true,"campfire_choices":[],"circlet_count":0,"master_deck":["Strike_R","Strike_R","Strike_R","Strike_R","Defend_R","Defend_R","Defend_R","Defend_R","Bash","Infernal Blade","Body Slam"],"relics":["Busted Crown","Boot","Lantern","Bottled Lightning","MealTicket"],"acts_visited":["Exordium"],"potions_floor_usage":[6,6,6,10],"damage_taken":[{"damage":2,"enemies":"Jaw Worm","floor":1,"turns":3},{"damage":1,"enemies":"2 Louse","floor":3,"turns":2},{"damage":8,"enemies":"Lagavulin","floor":6,"turns":3},{"damage":1,"enemies":"Cultist","floor":7,"turns":3},{"damage":15,"enemies":"Gremlin Nob","floor":8,"turns":3},{"damage":35,"enemies":"3 Sentries","floor":10,"turns":8}],"seed_played":"-5434589943512688049","potions_obtained":[{"floor":1,"key":"Explosive Potion"},{"floor":5,"key":"ColorlessPotion"},{"floor":5,"key":"Weak Potion"},{"floor":8,"key":"FearPotion"}],"is_trial":false,"path_per_floor":["M","?","M","?","?","E","M","E","T","E"],"character_chosen":"IRONCLAD","items_purchased":[],"campfire_rested":0,"item_purchase_floors":[],"current_hp_per_floor":[78,78,77,59,59,51,50,35,35,0,0],"gold":227,"neow_bonus":"BOSS_RELIC","is_daily":false,"chose_seed":false,"campfire_upgraded":0,"win_rate":0.0,"timestamp":1612392085,"path_taken":["M","?","M","?","?","E","M","E","T","E"],"items_purchased_type":[],"build_version":"2020-12-22","purchased_purges":0,"victory":false,"max_hp_per_floor":[80,80,80,80,80,80,80,80,80,80,80],"card_choices":[{"not_picked":[],"picked":"Infernal Blade","floor":1},{"not_picked":[],"picked":"Body Slam","floor":3},{"not_picked":["Ghostly Armor"],"picked":"SKIP","floor":6},{"not_picked":["Hemokinesis"],"picked":"SKIP","floor":7},{"not_picked":["Carnage"],"picked":"SKIP","floor":8}],"player_experience":402931,"relics_obtained":[{"floor":6,"key":"Lantern"},{"floor":8,"key":"Bottled Lightning"},{"floor":9,"key":"MealTicket"}],"event_choices":[{"cards_removed":["Strike_R"],"damage_healed":0,"gold_gain":0,"player_choice":"Forget","damage_taken":0,"max_hp_gain":0,"max_hp_loss":0,"event_name":"Living Wall","floor":2,"gold_loss":0},{"damage_healed":0,"gold_gain":0,"player_choice":"Success","damage_taken":18,"relics_obtained":["Boot"],"max_hp_gain":0,"max_hp_loss":0,"event_name":"Scrap Ooze","floor":4,"gold_loss":0},{"damage_healed":0,"gold_gain":0,"player_choice":"Got Potions","damage_taken":0,"max_hp_gain":0,"max_hp_loss":0,"event_name":"Lab","floor":5,"gold_loss":0}],"is_beta":false,"boss_relics":[],"items_purged_floors":[],"is_endless":false,"potions_floor_spawned":[1,8],"killed_by":"3 Sentries","ascension_level":5}}