{"host":"qxeepl7ydvsgmfdb","time":1612363537,"event":{"mods":["AchievementEnabler","BaseMod","Colored Powertips","Minty Spire (QoL Compilation)","Quick Restart","slay the spire mod where everything is the same but ironclad has a cowboy hat"],"gold_per_floor":[115,290,20,39,39,39,67,67,67,97,113,130,130,143,143,246,246,266,285,285,1,16,16,41,41,41],"floor_reached":25,"language":"ENG","playtime":895,"items_purged":["Doubt","Strike_G"],"score":294,"play_id":"c0e3b5b5-3af8-445a-ab3c-885492bac45d","local_time":"20210203094537","is_ascension_mode":true,"campfire_choices":[{"data":"Deadly Poison","floor":6.0,"key":"SMITH"},{"floor":13.0,"key":"REST"},{"data":"Terror","floor":15.0,"key":"SMITH"},{"floor":23.0,"key":"REST"}],"circlet_count":0,"master_deck":["Strike_G","Strike_G","Strike_G","Strike_G","Defend_G","Defend_G","Defend_G","Defend_G","Defend_G","Survivor","Neutralize","Deadly Poison+1","All Out Attack","Poisoned Stab","Terror+1","Poisoned Stab","Bane+1","Finisher","Footwork","Distraction","Poisoned Stab"],"relics":["Ring of the Snake","NeowsBlessing","Lantern","Calipers","Mango","InkBottle","SacredBark","Vajra","Oddly Smooth Stone"],"acts_visited":["Exordium","TheCity"],"potions_floor_usage":[],"damage_taken":[{"damage":0.0,"enemies":"Jaw Worm","floor":1.0,"turns":1.0},{"damage":0.0,"enemies":"2 Louse","floor":4.0,"turns":1.0},{"damage":0.0,"enemies":"Lagavulin","floor":7.0,"turns":1.0},{"damage":49.0,"enemies":"Gremlin Nob","floor":10.0,"turns":5.0},{"damage":0.0,"enemies":"Cultist","floor":11.0,"turns":4.0},{"damage":1.0,"enemies":"Blue Slaver","floor":12.0,"turns":3.0},{"damage":6.0,"enemies":"Exordium Thugs","floor":14.0,"turns":3.0},{"damage":20.0,"enemies":"The Guardian","floor":16.0,"turns":8.0},{"damage":4.0,"enemies":"3 Byrds","floor":18.0,"turns":4.0},{"damage":37.0,"enemies":"2 Thieves","floor":19.0,"turns":4.0},{"damage":12.0,"enemies":"Shelled Parasite and Fungi","floor":22.0,"turns":2.0},{"damage":42.0,"enemies":"Gremlin Leader","floor":24.0,"turns":7.0},{"damage":15,"enemies":"Centurion and Healer","floor":25,"turns":5}],"seed_played":"-2476676306147889310","potions_obtained":[{"floor":4.0,"key":"GamblersBrew"},{"floor":7.0,"key":"Poison Potion"},{"floor":12.0,"key":"PowerPotion"},{"floor":16.0,"key":"Fire Potion"},{"floor":18.0,"key":"LiquidBronze"},{"floor":22.0,"key":"Block Potion"}],"is_trial":false,"path_per_floor":["M","?","$","M","?","R","E","$","T","E","M","M","R","M","R","B",null,"M","M","?","$","M","R","E","M"],"character_chosen":"THE_SILENT","items_purchased":["Deadly Poison","Lantern","Vajra","Footwork"],"campfire_rested":2,"item_purchase_floors":[3,3,21,21],"current_hp_per_floor":[70,70,70,70,70,70,70,70,84,35,35,34,59,53,53,33,84,80,43,43,43,31,56,14,0,0],"gold":41,"neow_bonus":"THREE_ENEMY_KILL","is_daily":false,"chose_seed":false,"campfire_upgraded":2,"win_rate":0.0,"timestamp":1612363537,"path_taken":["M","?","$","M","?","R","E","?","T","E","M","?","R","M","R","BOSS","M","?","?","?","M","R","E","M"],"items_purchased_type":["Card","Relic","Relic","Card"],"build_version":"2020-12-22","purchased_purges":2,"victory":false,"max_hp_per_floor":[70,70,70,70,70,70,70,70,84,84,84,84,84,84,84,84,84,84,84,84,84,84,84,84,84,84],"card_choices":[{"not_picked":["PiercingWail","Flying Knee","Acrobatics"],"picked":"SKIP","floor":1.0},{"not_picked":["Expertise","Outmaneuver","Choke"],"picked":"SKIP","floor":4.0},{"not_picked":["Malaise","Distraction"],"picked":"All Out Attack","floor":7.0},{"not_picked":["Flechettes","Quick Slash"],"picked":"Poisoned Stab","floor":10.0},{"not_picked":["Flying Knee","Bouncing Flask","Underhanded Strike"],"picked":"SKIP","floor":11.0},{"not_picked":["Acrobatics","Flying Knee"],"picked":"Terror","floor":12.0},{"not_picked":["Expertise","Tactician"],"picked":"Poisoned Stab","floor":14.0},{"not_picked":["Accuracy","Leg Sweep"],"picked":"Bane+1","floor":18.0},{"not_picked":["Acrobatics","Predator"],"picked":"Finisher","floor":19.0},{"not_picked":["Poisoned Stab","Dagger Spray"],"picked":"Distraction","floor":22.0},{"not_picked":["Acrobatics","Underhanded Strike"],"picked":"Poisoned Stab","floor":24.0}],"player_experience":178644,"relics_obtained":[{"floor":7.0,"key":"Calipers"},{"floor":9.0,"key":"Mango"},{"floor":10.0,"key":"InkBottle"},{"floor":24.0,"key":"Oddly Smooth Stone"}],"event_choices":[{"damage_healed":0.0,"max_hp_gain":0.0,"max_hp_loss":0.0,"gold_gain":175.0,"event_name":"Liars Game","player_choice":"AGREE","floor":2.0,"gold_loss":0.0,"damage_taken":0.0,"cards_obtained":["Doubt"]},{"damage_healed":0.0,"max_hp_gain":0.0,"max_hp_loss":0.0,"gold_gain":0.0,"event_name":"The Cleric","player_choice":"Leave","floor":5.0,"gold_loss":0.0,"damage_taken":0.0},{"damage_healed":0.0,"max_hp_gain":0.0,"max_hp_loss":0.0,"gold_gain":0.0,"event_name":"Ghosts","player_choice":"Ignored","floor":20.0,"gold_loss":0.0,"damage_taken":0.0}],"is_beta":false,"boss_relics":[{"not_picked":["SlaversCollar","HoveringKite"],"picked":"SacredBark"}],"items_purged_floors":[3,21],"is_endless":false,"potions_floor_spawned":[4,7,12,16,18,19,22],"killed_by":"Centurion and Healer","ascension_level":3}}