{"host":"piuz6nvfxy08hmbs","time":1612314162,"event":{"mods":["100% Spire Juice","ATMod(°¢èªMod)","Ascension Reborn","Aspiration","BaseMod","Better Vampires","Better-Laid Plans","BetterRewards","Colored Powertips","Curses Come First","Dark Map","Defuse TimeMaze Blight","Downfall","Energized Spire","Grow up Mod","Minty Spire (QoL Compilation)","Red Circlet Mod","Relic Filter Mod","Reliquary","Remove Card Discount Mod","Replay The Spire","Reworked Bosses","RumiaBox-Â¶Ã×æ«µÄÉñÃØºÐ×Ó","RyuuouÁúÍõ","Shop Mod","Spicy Shops","StSLib","TestMod","Transform Curses","Uncapped","UnlockEverythingMod","Waifu the Spire","Wide Potions","[GremlinLeader]The Maniac","¡¾¹¦ÄÜMod¡¿»ìãçÖ®»·ÐÞ¸´²¹¶¡","¡¾ÒÅÎï¿¨ÅÆ¡¿REMEMod"],"gold_per_floor":[99,115,131,131,131,131,150,73,73,89,166,166,186,199,199,219,236,334,334,334,349,359,375,2,2,2,2,2,18,18,47,66,43,59,157,157,157,176,121,131,143,143,191,191,201,236,248,258,258,258,274,274],"floor_reached":53,"language":"ZHS","playtime":4752,"items_purged":["Slimebound:Strike_Slimebound","Slimebound:Defend_Slimebound","Slimebound:Strike_Slimebound","Slimebound:Defend_Slimebound","Slimebound:Defend_Slimebound","Spreading Infection","Slimebound:CorrosiveSpit","Slimebound:Split","Slimebound:SplitMire","champ:ShieldWall","Slimebound:Defend_Slimebound","Slimebound:Strike_Slimebound"],"score":907,"play_id":"2c19e8a8-62fd-42ff-89ef-c32383cca2fa","local_time":"20210203090242","is_ascension_mode":true,"campfire_choices":[{"data":"AT_FamilyPortrait","floor":1,"key":"SMITH"},{"data":"Slimebound:Schlurp","floor":15,"key":"SMITH"},{"data":"expansioncontent:QuickStudy","floor":25,"key":"SMITH"},{"data":"Slimebound:Replication","floor":27,"key":"SMITH"},{"data":"Slimebound:MinionMaster","floor":30,"key":"SMITH"},{"data":"Slimebound:PrepareCrush","floor":37,"key":"SMITH"},{"data":"Slimebound:DuplicatedForm","floor":42,"key":"SMITH"},{"data":"Slimebound:LeadByExample","floor":44,"key":"SMITH"},{"data":"Slimebound:SplitLeeching","floor":49,"key":"SMITH"}],"circlet_count":0,"master_deck":["AT_FamilyPortrait+1","Slimebound:Prepare","Slimebound:SplitLeeching+1","Slimebound:Prepare","Slimebound:SplitLeeching","Slimebound:Prepare","Slimebound:Schlurp+1","Slimebound:MinionMaster+1","Slimebound:SplitLeeching","Replay:SS_forest_2+1","expansioncontent:QuickStudy+1","Slimebound:Replication+1","Slimebound:RejuvenatingLick+1","Slimebound:LeadByExample+1","Slimebound:PrepareCrush+1","Slimebound:DuplicatedForm+1","Slimebound:RejuvenatingLick+1","Slimebound:SamplingLick+1","Slimebound:SplitLeeching+1","Slimebound:SplitLeeching","Slimebound:LeadByExample+1","Slimebound:HauntingLick+1"],"relics":["Slimebound:AbsorbEndCombat","AT_ATBox","testmod-TestBox","testmod-IndustrialRevolution","Ring of Panic","ReplayTheSpireMod:Ring of Exchange","reliquary:RedPaperclip","AT_DeathDance","Nloth\u0027s Gift","reliquary:Aerogel","OrangePellets","AT_ForceNature","Prayer Wheel","Boot","reliquary:RoseTintedGlasses"],"acts_visited":["Exordium","TheCity","TheBeyond"],"potions_floor_usage":[],"damage_taken":[{"damage":5,"enemies":"2 Louse","floor":2,"turns":2},{"damage":6,"enemies":"Small Slimes","floor":3,"turns":4},{"damage":0,"enemies":"Jaw Worm","floor":7,"turns":3},{"damage":0,"enemies":"downfall:FleeingMerchant","floor":8,"turns":4},{"damage":1,"enemies":"Blue Slaver","floor":10,"turns":4},{"damage":4,"enemies":"Large Slime","floor":13,"turns":6},{"damage":4,"enemies":"3 Louse","floor":14,"turns":5},{"damage":0,"enemies":"Gremlin Gang","floor":16,"turns":3},{"damage":8,"enemies":"Lots of Slimes","floor":17,"turns":3},{"damage":28,"enemies":"IC_STATUS_ARCHETYPE","floor":18,"turns":9},{"damage":0,"enemies":"3 Byrds","floor":21,"turns":4},{"damage":2,"enemies":"Shell Parasite","floor":22,"turns":4},{"damage":0,"enemies":"Snecko","floor":23,"turns":4},{"damage":4,"enemies":"downfall:FleeingMerchant","floor":24,"turns":4},{"damage":1,"enemies":"Sentry and Sphere","floor":29,"turns":6},{"damage":14,"enemies":"Slavers","floor":31,"turns":7},{"damage":10,"enemies":"Snake Plant","floor":32,"turns":4},{"damage":0,"enemies":"downfall:FleeingMerchant","floor":33,"turns":4},{"damage":3,"enemies":"Chosen and Byrds","floor":34,"turns":5},{"damage":0,"enemies":"DF_ARCHETYPE_CLAW","floor":35,"turns":6},{"damage":0,"enemies":"3 Darklings","floor":38,"turns":5},{"damage":0,"enemies":"downfall:FleeingMerchant","floor":39,"turns":2},{"damage":7,"enemies":"Orb Walker","floor":40,"turns":3},{"damage":11,"enemies":"Spire Growth","floor":41,"turns":8},{"damage":16,"enemies":"Sphere and 2 Shapes","floor":45,"turns":5},{"damage":33,"enemies":"Reptomancer","floor":46,"turns":7},{"damage":7,"enemies":"Writhing Mass","floor":47,"turns":5},{"damage":24,"enemies":"Transient","floor":48,"turns":5},{"damage":42,"enemies":"Jaw Worm Horde","floor":51,"turns":4},{"damage":33,"enemies":"SI_POISON_ARCHETYPE","floor":52,"turns":6}],"seed_played":"3008223611166371841","potions_obtained":[{"floor":2,"key":"Weak Potion"},{"floor":13,"key":"Energy Potion"},{"floor":16,"key":"Elixir"},{"floor":23,"key":"Energy Potion"}],"is_trial":false,"path_per_floor":["R","M","M","PTL","PTL","?","M","$","T","M","?","?","M","M","R","M","M","B",null,"R","M","M","M","$","R","T","R","?","M","R","E","M","$","M","B",null,"R","M","$","M","M","R","T","R","M","E","M","M","R","?","M","B",null],"character_chosen":"SLIMEBOUND","items_purchased":["Slimebound:Prepare","Replay:SS_forest_2","expansioncontent:QuickStudy","Slimebound:Replication","Slimebound:DuplicatedForm","AT_ForceNature"],"campfire_rested":0,"item_purchase_floors":[8,24,24,24,39,39],"current_hp_per_floor":[91,96,104,114,124,134,146,160,170,179,117,127,137,149,159,175,177,163,271,281,291,301,311,319,329,339,349,359,371,381,383,385,401,410,428,441,451,464,474,484,494,504,514,524,529,526,546,551,561,571,560,554],"gold":274,"neow_bonus":"TEN_PERCENT_HP_BONUS","is_daily":false,"chose_seed":false,"campfire_upgraded":9,"win_rate":0.0,"timestamp":1612314162,"path_taken":["R","M","M","PTL","PTL","?","M","$","T","M","?","?","M","M","R","M","M","BOSS","R","M","M","M","$","R","T","R","?","M","R","E","M","$","M","BOSS","R","M","$","?","M","R","T","R","M","E","M","?","R","?","M","BOSS"],"items_purchased_type":["Card","Card","Card","Card","Card","Relic"],"build_version":"2020-12-22","purchased_purges":12,"victory":true,"max_hp_per_floor":[91,101,111,121,131,141,151,161,171,181,191,201,211,221,231,241,251,261,271,281,291,301,311,321,331,341,351,361,371,381,391,401,411,421,431,441,451,464,474,484,494,504,514,524,534,544,554,564,574,584,594,604],"card_choices":[{"not_picked":["Slimebound:SplitMire","Slimebound:ViciousTackle","Slimebound:SlimeSpikes"],"picked":"SKIP","floor":2},{"not_picked":["Slimebound:GoopSpray","Slimebound:SlimeSpikes"],"picked":"Slimebound:Prepare","floor":3},{"not_picked":["Slimebound:RejuvenatingLick","Slimebound:LivingWall"],"picked":"Slimebound:SplitLeeching","floor":7},{"not_picked":["Slimebound:SplitAcid","Slimebound:SamplingLick"],"picked":"Slimebound:SplitLeeching","floor":8},{"not_picked":["Slimebound:SamplingLick","Slimebound:ForwardTackle"],"picked":"Slimebound:SplitLeeching","floor":10},{"not_picked":["Slimebound:BestDefense","Slimebound:LeechEnergy"],"picked":"Slimebound:Prepare","floor":11},{"not_picked":["Slimebound:HauntingLick","Slimebound:SamplingLick"],"picked":"Slimebound:SplitMire","floor":11},{"not_picked":["Slimebound:LeechEnergy","Slimebound:SelfFormingGoo"],"picked":"Slimebound:Schlurp","floor":13},{"not_picked":["Slimebound:BestDefense","Slimebound:SlimeBarrage","Slimebound:LeechingTouch"],"picked":"SKIP","floor":14},{"not_picked":["Slimebound:LivingWall","Slimebound:Chomp","Slimebound:LeechingTouch"],"picked":"SKIP","floor":16},{"not_picked":["Slimebound:SlimeSpikes","Slimebound:SlimeBrawl","Slimebound:ServeAndProtect"],"picked":"SKIP","floor":17},{"not_picked":["Slimebound:LeechLife","Slimebound:OozeBath"],"picked":"Slimebound:MinionMaster","floor":18},{"not_picked":["Slimebound:Schlurp","Slimebound:SplitBruiser","Slimebound:GoopSpray"],"picked":"SKIP","floor":21},{"not_picked":["Slimebound:FinishingTackle","Slimebound:Schlurp","Slimebound:SplitBruiser"],"picked":"SKIP","floor":22},{"not_picked":["Slimebound:LevelUp","Slimebound:FinishingTackle+1","Slimebound:DisruptingSlam+1"],"picked":"SKIP","floor":23},{"not_picked":["Slimebound:BestDefense","Slimebound:SplitMire"],"picked":"Slimebound:SplitLeeching","floor":24},{"not_picked":["Slimebound:DouseInSlime","Slimebound:RainOfGoop","Slimebound:FlameTackle"],"picked":"SKIP","floor":29},{"not_picked":["Slimebound:SelfFormingGoo","Slimebound:SplitMire"],"picked":"Slimebound:RejuvenatingLick+1","floor":31},{"not_picked":["Slimebound:ProtectTheBoss","Slimebound:SplitAcid"],"picked":"Slimebound:LeadByExample","floor":32},{"not_picked":["Slimebound:SlimeSpikes+1","Slimebound:LevelUp+1","Slimebound:GoopSpray"],"picked":"SKIP","floor":33},{"not_picked":["Slimebound:SamplingLick","Slimebound:FinishingTackle","Slimebound:ItLooksTasty+1"],"picked":"SKIP","floor":34},{"not_picked":["Slimebound:SelfFormingGoo","Slimebound:FirmFortitude"],"picked":"Slimebound:PrepareCrush","floor":35},{"not_picked":["Slimebound:FormOfPuddle+1","Slimebound:HauntingLick","Slimebound:LivingWall+1"],"picked":"SKIP","floor":38},{"not_picked":["Slimebound:HauntingLick","Slimebound:SplitMire+1","Slimebound:SlimeBarrage"],"picked":"SKIP","floor":39},{"not_picked":["Slimebound:GoopSpray","Slimebound:ComboTackle+1"],"picked":"Slimebound:RejuvenatingLick+1","floor":40},{"not_picked":["Slimebound:FinishingTackle+1","Slimebound:LeechLife"],"picked":"Slimebound:SamplingLick+1","floor":40},{"not_picked":["Slimebound:DivideAndConquer+1","Slimebound:FlameTackle+1"],"picked":"Slimebound:SplitLeeching+1","floor":41},{"not_picked":["Slimebound:LivingWall","Slimebound:ComboTackle+1"],"picked":"Slimebound:SplitLeeching","floor":41},{"not_picked":["Slimebound:SpikyOuterGoop+1","Slimebound:Prepare"],"picked":"Slimebound:LeadByExample+1","floor":45},{"not_picked":["Slimebound:DouseInSlime","Slimebound:SpikyOuterGoop+1","Slimebound:FinishingTackle+1"],"picked":"SKIP","floor":45},{"not_picked":["Slimebound:WasteNot","Slimebound:GoopTackle"],"picked":"Slimebound:HauntingLick+1","floor":46},{"not_picked":["Slimebound:MegaLick","Slimebound:ItLooksTasty","Slimebound:AcidTongue+1"],"picked":"SKIP","floor":47},{"not_picked":["Slimebound:SlimeBarrage+1","Slimebound:SplitBruiser","Slimebound:LivingWall+1"],"picked":"SKIP","floor":47},{"not_picked":["Slimebound:GoopTackle+1","Slimebound:RejuvenatingLick","Slimebound:GoopSpray"],"picked":"SKIP","floor":48},{"not_picked":["Slimebound:LeechingTouch","Slimebound:BestDefense","Slimebound:ComboTackle"],"picked":"SKIP","floor":48},{"not_picked":["Slimebound:LevelUp+1","Slimebound:DisruptingSlam","Slimebound:SplitBruiser+1"],"picked":"SKIP","floor":51},{"not_picked":["Slimebound:FormOfPuddle","Slimebound:GrowthPunch","Slimebound:LivingWall+1"],"picked":"SKIP","floor":51}],"player_experience":22471,"relics_obtained":[{"floor":9,"key":"Orichalcum"},{"floor":11,"key":"Nunchaku"},{"floor":12,"key":"Ring of Panic"},{"floor":12,"key":"ReplayTheSpireMod:Ring of Exchange"},{"floor":26,"key":"AT_DeathDance"},{"floor":31,"key":"reliquary:Aerogel"},{"floor":43,"key":"Boot"},{"floor":46,"key":"reliquary:RoseTintedGlasses"}],"event_choices":[{"cards_removed":["Slimebound:SplitLeeching"],"damage_healed":0,"gold_gain":0,"player_choice":"Removed Skill","damage_taken":0,"max_hp_gain":0,"max_hp_loss":0,"event_name":"Falling","floor":50,"gold_loss":0}],"is_beta":false,"boss_relics":[{"not_picked":["Sling","testmod-Nine"],"picked":"reliquary:RedPaperclip"},{"not_picked":["Slimebound:AbsorbEndCombatUpgraded","REME_DuelDisc"],"picked":"OrangePellets"}],"items_purged_floors":[8,8,8,8,8,24,33,33,33,33,39,39],"is_endless":false,"potions_floor_spawned":[2,13,14,16,17,23,29,31,34,40,41,45],"ascension_level":0}}