{"host":"tcdxiwht2vajk3tk","time":1612390329,"event":{"mods":["AchievementEnabler","BaseMod","Beaked The Cultist","Colored Powertips","Conspire","Defuse TimeMaze Blight","Downfall","Halation","Hermit","Hubris","Infinite Spire","Lobotomy","LobotomyExtend","Minty Spire (QoL Compilation)","Replay The Spire","Shop Mod","StSLib","The Cursed","The Disciple"],"gold_per_floor":[16,34,34,10,24,24,52,71,95,41,75,75,85,114,114,215,215,231,242,255,255,255],"floor_reached":21,"language":"ENG","playtime":3643,"items_purged":[],"score":211,"play_id":"3d7aaa2b-13a4-4387-a335-69358428ee9c","local_time":"20210203171209","is_ascension_mode":true,"campfire_choices":[{"data":"TheCursedMod:Stigma","floor":6.0,"key":"SMITH"},{"data":"TheCursedMod:Neurasthenia","floor":15,"key":"SMITH"}],"circlet_count":0,"master_deck":["TheCursedMod:Strike_TheCursed","TheCursedMod:Strike_TheCursed","TheCursedMod:Strike_TheCursed","TheCursedMod:Strike_TheCursed","TheCursedMod:Defend_TheCursed","TheCursedMod:Defend_TheCursed","TheCursedMod:Defend_TheCursed","TheCursedMod:Defend_TheCursed","TheCursedMod:CursedWand+1","TheCursedMod:CleanUpWorkshop","TheCursedMod:Dregs","TheCursedMod:CursedBlade","TheCursedMod:VitalStrike","TheCursedMod:Stigma+1","TheCursedMod:RapidMovement","TheCursedMod:EmpowerCircles","TheCursedMod:OutForBlood","TheCursedMod:LuckyCharm+1","TheCursedMod:Neurasthenia+1","Pain","TheCursedMod:SoulReap","TheCursedMod:DarkBarrier","TheCursedMod:VoidForm","beaked:SentriesPulse","TheCursedMod:SpreadPlague+1","TheCursedMod:CircleOfFocus","TheCursedMod:TacticalStrike+1"],"relics":["TheCursedMod:BlackMagic101","Replay:Kaleidoscope","LetterFromLob","infinitespire:Bottled Soul","Lantern","Art of War","WarpedTongs","conspire:DeflatedDodgeball","beaked:SacredDeck"],"acts_visited":["Exordium","TheCity"],"potions_floor_usage":[11,11,13,20],"damage_taken":[{"damage":0.0,"enemies":"2 Louse","floor":1.0,"turns":2.0},{"damage":0.0,"enemies":"Cultist","floor":2.0,"turns":4.0},{"damage":0.0,"enemies":"Jaw Worm","floor":5.0,"turns":3.0},{"damage":15.0,"enemies":"Replay:BlueRogue","floor":7.0,"turns":6.0},{"damage":0.0,"enemies":"3 Louse","floor":8.0,"turns":2.0},{"damage":6,"enemies":"Gremlin Nob","floor":11,"turns":3},{"damage":15,"enemies":"Lots of Slimes","floor":13,"turns":2},{"damage":5,"enemies":"Lagavulin","floor":14,"turns":7},{"damage":35,"enemies":"Slime Boss","floor":16,"turns":10},{"damage":31,"enemies":"Shell Parasite","floor":18,"turns":5},{"damage":19,"enemies":"Spheric Guardian","floor":19,"turns":4},{"damage":32,"enemies":"Snake Plant","floor":20,"turns":5},{"damage":21,"enemies":"Cultist and Chosen","floor":21,"turns":4}],"seed_played":"-8054192734644506516","potions_obtained":[{"floor":1.0,"key":"SpeedPotion"},{"floor":7.0,"key":"hexamod:SoulburnPotion"},{"floor":8.0,"key":"FearPotion"},{"floor":11,"key":"Fruit Juice"},{"floor":16,"key":"Swift Potion"},{"floor":18,"key":"Elixir"}],"is_trial":false,"path_per_floor":["M","M","?","$","M","R","E","M","T","$","E","?","M","E","R","B",null,"M","M","M","M"],"character_chosen":"THE_CURSED","items_purchased":["TheCursedMod:Stigma","TheCursedMod:LuckyCharm+1"],"campfire_rested":0,"item_purchase_floors":[4,10],"current_hp_per_floor":[75,75,75,75,75,75,60,60,60,60,54,54,44,46,46,16,80,54,35,6,0,0],"gold":255,"neow_bonus":"ONE_RARE_RELIC","is_daily":false,"chose_seed":false,"campfire_upgraded":2,"win_rate":0.0,"timestamp":1612390329,"path_taken":["M","M","?","$","M","R","E","M","T","?","E","?","M","E","R","BOSS","M","M","?","M"],"items_purchased_type":["Card","Card"],"build_version":"2020-12-22","purchased_purges":0,"victory":false,"max_hp_per_floor":[75,75,75,75,75,75,75,75,75,75,75,75,80,80,80,80,80,80,80,80,80,80],"card_choices":[{"not_picked":["TheCursedMod:TacticalStrike","TheCursedMod:PrepareRite"],"picked":"TheCursedMod:CursedBlade","floor":1.0},{"not_picked":["TheCursedMod:Wield","TheCursedMod:CursedBlade"],"picked":"TheCursedMod:VitalStrike","floor":2.0},{"not_picked":["TheCursedMod:CursedMace","TheCursedMod:PrepareRite"],"picked":"TheCursedMod:RapidMovement","floor":5.0},{"not_picked":["TheCursedMod:CursedMace","TheCursedMod:CursedAmulet"],"picked":"TheCursedMod:EmpowerCircles","floor":7.0},{"not_picked":["TheCursedMod:SpitefulStrike","TheCursedMod:SoulCrush"],"picked":"TheCursedMod:OutForBlood","floor":8.0},{"not_picked":["TheCursedMod:FleshFromBone","TheCursedMod:AbyssShockwave"],"picked":"TheCursedMod:Neurasthenia","floor":11},{"not_picked":["TheCursedMod:CursedBoomerang","TheCursedMod:SurpriseAttack"],"picked":"TheCursedMod:SoulReap","floor":13},{"not_picked":["TheCursedMod:CursedBoomerang","TheCursedMod:RapidMovement"],"picked":"TheCursedMod:DarkBarrier","floor":14},{"not_picked":["TheCursedMod:ParallelWorld","TheCursedMod:OutForBlood"],"picked":"TheCursedMod:VoidForm","floor":16},{"not_picked":["TheCursedMod:CursedAmulet","TheCursedMod:Wield"],"picked":"TheCursedMod:SpreadPlague+1","floor":18},{"not_picked":["TheCursedMod:CircleOfAmplification+1","TheCursedMod:Obscuration+1"],"picked":"TheCursedMod:CircleOfFocus","floor":19},{"not_picked":["TheCursedMod:CursedBlade","TheCursedMod:CursedShiv"],"picked":"TheCursedMod:TacticalStrike+1","floor":20}],"player_experience":1710146,"relics_obtained":[{"floor":1.0,"key":"LetterFromLob"},{"floor":7.0,"key":"infinitespire:Bottled Soul"},{"floor":9.0,"key":"Lantern"},{"floor":11,"key":"Art of War"},{"floor":14,"key":"conspire:DeflatedDodgeball"}],"event_choices":[{"damage_healed":0.0,"max_hp_gain":0.0,"max_hp_loss":0.0,"gold_gain":0.0,"event_name":"Upgrade Shrine","player_choice":"Upgraded","floor":3.0,"gold_loss":0.0,"damage_taken":0.0,"cards_upgraded":["TheCursedMod:CursedWand"]},{"damage_healed":0,"gold_gain":0,"player_choice":"Rummage","damage_taken":0,"relics_obtained":["WarpedTongs"],"max_hp_gain":0,"max_hp_loss":0,"event_name":"Accursed Blacksmith","floor":12,"gold_loss":0,"cards_obtained":["Pain"]}],"is_beta":false,"boss_relics":[{"not_picked":["Runic Dome","Sozu"],"picked":"beaked:SacredDeck"}],"items_purged_floors":[],"is_endless":false,"potions_floor_spawned":[1,7,8,11,16,18],"killed_by":"Cultist and Chosen","ascension_level":1}}