{"host":"2c1pg2m9wpz3w4c0","time":1612380510,"event":{"mods":["AchievementEnabler","Act Like it!","Aspiration","BaseMod","Better Note","BetterRewards","Curses Come First","Disable Question Mark Monsters","Halation","Hubris","Infinite Spire","Lotus Mark","Marisa????????","Minty Spire (QoL Compilation)","Replay The Spire","StSLib","SuperFastMode","The Clintock","The Jungle","The Marked","The Runesmith","Transform Curses"],"gold_per_floor":[109,125,125,76,95,125,125,145,172,172,182,199,199,218,218,321,371,387,387,405,424,242,242,242,242,268,282,282,282,302,319,319,414,414,426,426,426,436,450,450],"floor_reached":39,"language":"ENG","playtime":1509,"items_purged":[],"score":586,"play_id":"a8c6b401-f1cc-4dff-ab12-bb239ec132be","local_time":"20210203122830","is_ascension_mode":false,"campfire_choices":[{"data":"Armaments","floor":7,"key":"SMITH"},{"floor":13,"key":"REST"},{"data":"Flex","floor":15,"key":"SMITH"},{"floor":23,"key":"REST"},{"floor":25,"key":"REST"},{"floor":28,"key":"REST"},{"data":"Limit Break","floor":32,"key":"SMITH"}],"circlet_count":0,"master_deck":["Strike_R","Strike_R","Strike_R","Strike_R","Strike_R","Defend_R","Defend_R","Defend_R","Defend_R","Bash","ReplayTheSpireMod:Stacked+1","Armaments+1","Anger+1","Metallicize","Heavy Blade","Iron Wave","Flex+1","Thunderclap+1","Twin Strike+1","Pommel Strike+1","Body Slam+1","Body Slam+1","Pommel Strike+1","Feed+1","Warcry","Limit Break+1","Apotheosis+1","Anger+1","ReplayTheSpireMod:LeadingStrike+1","Rampage+1","Perfected Strike+1","Flame Barrier","Bludgeon+1","hubris:StunningStrike+1","Twin Strike+1","Shrug It Off","Shrug It Off"],"relics":["Burning Blood","Mango","Molten Egg 2","hubris:SlimyHat","aspiration:Lifesprig","CultistMask","Tiny House","aspiration:TomeofQuesting","Spirit Poop","Philosopher\u0027s Stone"],"acts_visited":["Exordium","theJungle:Jungle","TheBeyond"],"potions_floor_usage":[6,16,18,18,20,21,27,27,30,33,33,33,35],"damage_taken":[{"damage":11,"enemies":"Small Slimes","floor":1,"turns":6},{"damage":5,"enemies":"2 Louse","floor":2,"turns":3},{"damage":6,"enemies":"Cultist","floor":5,"turns":3},{"damage":9,"enemies":"3 Sentries","floor":6,"turns":7},{"damage":9,"enemies":"Blue Slaver","floor":8,"turns":3},{"damage":8,"enemies":"Exordium Thugs","floor":11,"turns":4},{"damage":0,"enemies":"Large Slime","floor":12,"turns":4},{"damage":4,"enemies":"2 Fungi Beasts","floor":14,"turns":3},{"damage":23,"enemies":"Slime Boss","floor":16,"turns":7},{"damage":10,"enemies":"theJungle:Flameango_and_Byrd","floor":18,"turns":7},{"damage":16,"enemies":"theJungle:GiantWrat","floor":20,"turns":3},{"damage":36,"enemies":"theJungle:Lyon","floor":21,"turns":5},{"damage":15,"enemies":"theJungle:2_Flameangoes","floor":27,"turns":7},{"damage":1,"enemies":"theJungle:JungleHuntersEncounter","floor":30,"turns":3},{"damage":0,"enemies":"theJungle:SlimyTreeVines","floor":31,"turns":6},{"damage":72,"enemies":"theJungle:TotemBoss","floor":33,"turns":10},{"damage":28,"enemies":"3 Darklings","floor":35,"turns":8},{"damage":20,"enemies":"Orb Walker","floor":38,"turns":5},{"damage":62,"enemies":"Maw","floor":39,"turns":9}],"seed_played":"-4262292530583353430","potions_obtained":[{"floor":2,"key":"Doom Potion"},{"floor":5,"key":"infinitespire:BlackPotion"},{"floor":14,"key":"Elixir"},{"floor":16,"key":"FearPotion"},{"floor":17,"key":"HeartOfIron"},{"floor":20,"key":"EssenceOfSteel"},{"floor":30,"key":"SkillPotion"},{"floor":31,"key":"Reflective Coating"},{"floor":33,"key":"FearPotion"}],"is_trial":false,"path_per_floor":["M","M","?","$","M","E","R","M","T","?","M","M","R","M","R","B",null,"M","?","M","M","$","R","?","R","T","M","R","?","M","M","R","B",null,"M","?","?","M","M"],"character_chosen":"IRONCLAD","items_purchased":["Mango","ReplayTheSpireMod:Stacked+1","Armaments","Anger","Metallicize","Flex","EntropicBrew","Rampage+1"],"campfire_rested":4,"item_purchase_floors":[0,0,0,0,0,4,22,22],"current_hp_per_floor":[68,69,69,69,69,66,66,63,63,63,61,67,94,94,94,77,99,95,95,85,55,55,84,64,93,93,88,103,103,103,103,103,37,103,81,81,81,67,11,11],"gold":450,"neow_bonus":"","is_daily":false,"chose_seed":false,"campfire_upgraded":3,"win_rate":0.0,"timestamp":1612380510,"path_taken":["M","M","?","$","M","E","R","M","T","?","M","M","R","?","R","BOSS","M","?","M","M","$","R","?","R","T","M","R","?","?","M","R","BOSS","M","?","?","M","M"],"items_purchased_type":["Relic","Card","Card","Card","Card","Card","Potion","Card"],"build_version":"2020-12-22","purchased_purges":0,"victory":false,"max_hp_per_floor":[94,94,94,94,94,94,94,94,94,94,94,94,94,94,94,94,99,99,99,99,99,99,99,99,99,99,103,103,103,103,103,103,103,103,103,103,103,103,103,103],"card_choices":[{"not_picked":["Clash","Evolve"],"picked":"Heavy Blade","floor":1},{"not_picked":["Bloodletting","ReplayTheSpireMod:Muscle Training"],"picked":"Iron Wave","floor":2},{"not_picked":["Dark Embrace","Carnage+1"],"picked":"Thunderclap+1","floor":5},{"not_picked":["Blood for Blood+1","hubris:SharpeningStone"],"picked":"Twin Strike+1","floor":6},{"not_picked":["Dropkick+1","Blood for Blood+1"],"picked":"Pommel Strike+1","floor":8},{"not_picked":["Combust","Perfected Strike+1"],"picked":"Body Slam+1","floor":11},{"not_picked":["Evolve","Warcry"],"picked":"Body Slam+1","floor":12},{"not_picked":["Sword Boomerang+1","Perfected Strike+1"],"picked":"Pommel Strike+1","floor":14},{"not_picked":["Fiend Fire+1","Exhume"],"picked":"Feed+1","floor":16},{"not_picked":["ReplayTheSpireMod:Strike From Hell+1","Blood for Blood+1"],"picked":"Warcry","floor":17},{"not_picked":["Twin Strike+1","Hemokinesis+1"],"picked":"Limit Break","floor":18},{"not_picked":["hubris:ReadiedAction","Carnage+1"],"picked":"Anger+1","floor":20},{"not_picked":["ReplayTheSpireMod:Strike From Hell+1","Cleave+1"],"picked":"ReplayTheSpireMod:LeadingStrike+1","floor":21},{"not_picked":["Evolve","Sword Boomerang+1"],"picked":"Perfected Strike+1","floor":27},{"not_picked":["Clothesline+1","hubris:CleavingFinish+1"],"picked":"Flame Barrier","floor":30},{"not_picked":["Shrug It Off","Replay:Undeath\u0027s Touch+1"],"picked":"Bludgeon+1","floor":31},{"not_picked":["Barricade","Bludgeon+1"],"picked":"hubris:StunningStrike+1","floor":33},{"not_picked":["Clash+1","Intimidate"],"picked":"Twin Strike+1","floor":35},{"not_picked":["Pommel Strike+1","Defy Death+1"],"picked":"Shrug It Off","floor":38},{"not_picked":["ReplayTheSpireMod:LeadingStrike+1","Fire Breathing+1"],"picked":"Shrug It Off","floor":39}],"player_experience":1216403,"relics_obtained":[{"floor":6,"key":"hubris:SlimyHat"},{"floor":9,"key":"aspiration:Lifesprig"},{"floor":26,"key":"aspiration:TomeofQuesting"}],"event_choices":[{"damage_healed":0,"gold_gain":0,"player_choice":"Trade","damage_taken":0,"relics_obtained":["CultistMask"],"max_hp_gain":0,"max_hp_loss":0,"event_name":"FaceTrader","floor":10,"gold_loss":0},{"cards_removed":["Feed"],"damage_healed":0,"gold_gain":0,"player_choice":"Take \u0026 Give","damage_taken":0,"max_hp_gain":0,"max_hp_loss":0,"event_name":"betterNote:BetterNote","floor":19,"gold_loss":0,"cards_obtained":["Apotheosis"]},{"cards_removed":["Injury"],"damage_healed":0,"gold_gain":0,"player_choice":"Offered Curse","damage_taken":0,"relics_obtained":["Spirit Poop"],"max_hp_gain":0,"max_hp_loss":0,"event_name":"Bonfire Elementals","floor":29,"gold_loss":0},{"damage_healed":0,"gold_gain":0,"player_choice":"Ignored","damage_taken":0,"max_hp_gain":0,"max_hp_loss":0,"event_name":"Tomb of Lord Red Mask","floor":36,"gold_loss":0}],"is_beta":false,"boss_relics":[{"not_picked":["hubris:HollowSoul","halation:SmartPhone"],"picked":"Tiny House"},{"not_picked":["halation:Yufonium","halation:LoveArrow"],"picked":"Philosopher\u0027s Stone"}],"items_purged_floors":[],"is_endless":false,"potions_floor_spawned":[2,5,14,16,20,30,31,33],"killed_by":"Maw","ascension_level":0}}