{"host":"1i9jpj392h4nt9ho","time":1612354266,"event":{"mods":["AchievementEnabler","BaseMod","Colored Map","Minty Spire (QoL Compilation)"],"gold_per_floor":[116,136,136,156,167,194,194,194,248,248,267,280,294,319,319,319,319],"floor_reached":16,"language":"ENG","playtime":1150,"items_purged":[],"score":143,"play_id":"b7bcb6a3-ef87-4324-8bd3-42deb0c5faef","local_time":"20210203231106","is_ascension_mode":true,"campfire_choices":[{"data":"Neutralize","floor":7,"key":"SMITH"},{"data":"Leg Sweep","floor":10,"key":"SMITH"},{"floor":15,"key":"REST"}],"circlet_count":0,"master_deck":["Strike_G","Strike_G","Strike_G","Strike_G","Strike_G+1","Defend_G","Defend_G","Defend_G","Defend_G","Defend_G","Survivor","Neutralize+1","Dagger Spray+1","Leg Sweep+1","Acrobatics","Flechettes","Deadly Poison","Blur","Poisoned Stab","PiercingWail","Quick Slash","Tools of the Trade"],"relics":["Ring of the Snake","Shuriken","MealTicket","Regal Pillow"],"acts_visited":["Exordium"],"potions_floor_usage":[],"damage_taken":[{"damage":1.0,"enemies":"Cultist","floor":1.0,"turns":5.0},{"damage":0.0,"enemies":"Small Slimes","floor":2.0,"turns":6.0},{"damage":0.0,"enemies":"2 Louse","floor":4.0,"turns":2.0},{"damage":1,"enemies":"Red Slaver","floor":5,"turns":4},{"damage":15,"enemies":"Lagavulin","floor":6,"turns":9},{"damage":0,"enemies":"Blue Slaver","floor":11,"turns":6},{"damage":6,"enemies":"2 Fungi Beasts","floor":12,"turns":4},{"damage":1,"enemies":"Exordium Wildlife","floor":13,"turns":4},{"damage":24,"enemies":"3 Sentries","floor":14,"turns":9},{"damage":51,"enemies":"Slime Boss","floor":16,"turns":9}],"seed_played":"4621680945844302079","potions_obtained":[{"floor":4,"key":"Swift Potion"},{"floor":6,"key":"SpeedPotion"},{"floor":11,"key":"Dexterity Potion"}],"is_trial":false,"path_per_floor":["M","M","?","M","M","E","R","?","T","R","M","M","M","E","R","B"],"character_chosen":"THE_SILENT","items_purchased":[],"campfire_rested":1,"item_purchase_floors":[],"current_hp_per_floor":[69,69,55,55,54,39,39,39,39,39,39,33,32,8,44,0,0],"gold":319,"neow_bonus":"THREE_CARDS","is_daily":false,"chose_seed":false,"campfire_upgraded":2,"win_rate":0.0,"timestamp":1612354266,"path_taken":["M","M","?","M","M","E","R","?","T","R","M","M","M","E","R","BOSS"],"items_purchased_type":[],"build_version":"2020-12-22","purchased_purges":0,"victory":false,"max_hp_per_floor":[70,70,70,70,70,70,70,70,70,70,70,70,70,70,70,70,70],"card_choices":[{"not_picked":["Dagger Throw","Sucker Punch"],"picked":"Dagger Spray","floor":0.0},{"not_picked":["Bane","Dagger Spray"],"picked":"Leg Sweep","floor":1.0},{"not_picked":["Dash","Leg Sweep"],"picked":"Acrobatics","floor":2.0},{"not_picked":["Predator","Outmaneuver"],"picked":"Flechettes","floor":4},{"not_picked":["Caltrops","Backflip"],"picked":"Deadly Poison","floor":5},{"not_picked":["Predator","Quick Slash"],"picked":"Blur","floor":6},{"not_picked":["Cloak And Dagger","Calculated Gamble"],"picked":"Poisoned Stab","floor":11},{"not_picked":["Dagger Spray","Flying Knee"],"picked":"PiercingWail","floor":12},{"not_picked":["Cloak And Dagger","Reflex"],"picked":"Quick Slash","floor":13},{"not_picked":["Riddle With Holes","Heel Hook"],"picked":"Tools of the Trade","floor":14}],"player_experience":600760,"relics_obtained":[{"floor":6,"key":"Shuriken"},{"floor":9,"key":"MealTicket"},{"floor":14,"key":"Regal Pillow"}],"event_choices":[{"damage_healed":0.0,"max_hp_gain":0.0,"max_hp_loss":0.0,"gold_gain":0.0,"event_name":"Shining Light","player_choice":"Entered Light","floor":3.0,"gold_loss":0.0,"damage_taken":14.0,"cards_upgraded":["Strike_G","Dagger Spray"]},{"damage_healed":0,"gold_gain":0,"player_choice":"Ignored","damage_taken":0,"max_hp_gain":0,"max_hp_loss":0,"event_name":"Liars Game","floor":8,"gold_loss":0}],"is_beta":false,"boss_relics":[],"items_purged_floors":[],"is_endless":false,"potions_floor_spawned":[4,6,11],"killed_by":"Slime Boss","ascension_level":5}}