{"host":"6drv1qzpbnls60z2","time":1612365006,"event":{"mods":["ATMod(°¢èªMod)","Act Like it!","Arknights","BaseMod","Hallownest","Jedi Mod","Minty Spire (QoL Compilation)","Replay The Spire","Shop Mod","Spicy Shops","StSLib","The Cursed","Uncapped","¡¾ÒÅÎï¿¨ÅÆ¡¿REMEMod","óô»ðÖ¸ÄÏ"],"gold_per_floor":[114,114,130,0,12,47,75,75,123,157,167,187,24,24,24,95,95,106,169,69,69,69,69,95,125,125,160,33,67,85,103,12,89,139,159,82,97,108,108,140,175,175,175,202,236,386,40,90,90,115,115],"floor_reached":50,"language":"ZHS","playtime":3463,"items_purged":["Pain","Pain"],"score":1714,"play_id":"92bf69f1-254f-41dd-88d6-c45cbe01085f","local_time":"20210203231006","daily_mods":["SealedDeck","Flight"],"is_ascension_mode":true,"campfire_choices":[{"data":"TheCursedMod:Torture","floor":8,"key":"SMITH"},{"floor":15,"key":"REST"},{"data":"AT_EmpoweredMortalDraw","floor":23,"key":"SMITH"},{"data":"TheCursedMod:DarkBarrier","floor":42,"key":"SMITH"},{"data":"jedi:RedIncense","floor":49,"key":"SMITH"}],"circlet_count":0,"master_deck":["AscendersBane","AT_DarkMatter+1","jedi:unlimitedpower","TheCursedMod:CursedShiv","TheCursedMod:SoulReap","TheCursedMod:CircleOfFlame","TheCursedMod:AbyssShockwave","TheCursedMod:TacticalStrike+1","TheCursedMod:SpitefulStrike","TheCursedMod:Evocation","TheCursedMod:CircleOfCorruption","TheCursedMod:CircleOfCorruption","TheCursedMod:LuckyCharm","TheCursedMod:SoulReap","TheCursedMod:TacticalStrike","TheCursedMod:SpitefulPlan","TheCursedMod:SpitefulPlan","TheCursedMod:CursedShiv","TheCursedMod:CircleOfFlame","TheCursedMod:Torture+1","TheCursedMod:Wield","TheCursedMod:CursedBlade","TheCursedMod:CircleOfBlood","TheCursedMod:FleshFromBone","TheCursedMod:TacticalStrike","TheCursedMod:DarkBarrier+1","AT_EmpoweredMortalDraw+1","TheCursedMod:SurpriseAttack+1","TheCursedMod:Hemoplague","TheCursedMod:WearCloak","Shame","TheCursedMod:DemonSword","TheCursedMod:SoulReap","Shame","TheCursedMod:WearCloak+1","TheCursedMod:CircleOfWindfury+1","TheCursedMod:RapidMovement","TheCursedMod:CursedRelics","TheCursedMod:HellsGateOpen+1","TheCursedMod:StunningStrike","TheCursedMod:CircleOfFlame","TheCursedMod:BlessingInDisguise","TheCursedMod:VoidForm+1","TheCursedMod:SurpriseAttack","TheCursedMod:DoubleShield","TheCursedMod:CursedArmor","TheCursedMod:CircleOfFlame","TheCursedMod:HellfireBreathing+1","jedi:RedIncense+1","jedi:RedIncense","TheCursedMod:WearCloak+1"],"relics":["TheCursedMod:BlackMagic101","AT_ATBox","REME_ComplimentaryCards","AT_ChloranthyRing","White Beast Statue","Blue Doll","Bag of Preparation","Mercury Hourglass","AT_MortalBlade","AT_ArchangelStaff","Regal Pillow","Nilry\u0027s Codex","Replay:Bottled Snecko","Frozen Egg 2","Onion Ring","jedi:angrymask","Mummified Hand","AT_DeathDance","Tiny House","Calipers","Pen Nib","Durian","Darkstone Periapt","AT_MibuBalloonWealth","jedi:cryingmask","Membership Card","Medical Kit","TheCursedMod:SoulVessel"],"acts_visited":["Exordium","TheCity","TheBeyond"],"potions_floor_usage":[7,10,10,12,16,18,25,27,40,41,44,45,46,50,50],"damage_taken":[{"damage":0,"enemies":"2 Louse","floor":1,"turns":1},{"damage":4,"enemies":"Cultist","floor":3,"turns":2},{"damage":8,"enemies":"Small Slimes","floor":5,"turns":2},{"damage":19,"enemies":"Gremlin Nob","floor":6,"turns":3},{"damage":29,"enemies":"Lagavulin","floor":7,"turns":5},{"damage":12,"enemies":"3 Sentries","floor":10,"turns":2},{"damage":2,"enemies":"3 Louse","floor":11,"turns":1},{"damage":23,"enemies":"Blue Slaver","floor":12,"turns":3},{"damage":4,"enemies":"The Guardian","floor":16,"turns":8},{"damage":21,"enemies":"Shell Parasite","floor":18,"turns":2},{"damage":0,"enemies":"Slavers","floor":24,"turns":1},{"damage":1,"enemies":"Gremlin Leader","floor":25,"turns":6},{"damage":8,"enemies":"Slavers","floor":27,"turns":3},{"damage":0,"enemies":"Gremlin Leader","floor":29,"turns":2},{"damage":0,"enemies":"Spheric Guardian","floor":30,"turns":1},{"damage":0,"enemies":"Chosen and Byrds","floor":31,"turns":2},{"damage":22,"enemies":"Collector","floor":33,"turns":5},{"damage":0,"enemies":"Orb Walker","floor":35,"turns":1},{"damage":42,"enemies":"3 Shapes","floor":37,"turns":1},{"damage":0,"enemies":"Sphere and 2 Shapes","floor":38,"turns":2},{"damage":6,"enemies":"R_Hoarder","floor":40,"turns":4},{"damage":14,"enemies":"Reptomancer","floor":41,"turns":3},{"damage":7,"enemies":"Nemesis","floor":44,"turns":3},{"damage":19,"enemies":"R_Hoarder","floor":45,"turns":5},{"damage":0,"enemies":"Reptomancer","floor":46,"turns":2},{"damage":0,"enemies":"Mind Bloom Boss Battle","floor":48,"turns":5},{"damage":66,"enemies":"Replay:Hell Engine","floor":50,"turns":4}],"seed_played":"480221171112096035","potions_obtained":[{"floor":3,"key":"AttackPotion"},{"floor":6,"key":"LiquidMemories"},{"floor":7,"key":"Strength Potion"},{"floor":10,"key":"PowerPotion"},{"floor":11,"key":"jedi:tentaclejuice"},{"floor":12,"key":"SkillPotion"},{"floor":16,"key":"Milkshake"},{"floor":18,"key":"SkillPotion"},{"floor":25,"key":"Ancient Potion"},{"floor":27,"key":"Block Potion"},{"floor":29,"key":"Energy Potion"},{"floor":30,"key":"LiquidMemories"},{"floor":33,"key":"BlessingOfTheForge"},{"floor":37,"key":"DistilledChaos"},{"floor":40,"key":"SpeedPotion"},{"floor":41,"key":"DistilledChaos"},{"floor":44,"key":"Weak Potion"},{"floor":45,"key":"Strength Potion"},{"floor":46,"key":"Death Potion"}],"is_trial":true,"path_per_floor":["M","?","M","$","M","E","E","R","T","E","M","M","$","?","R","B",null,"M","?","$","?","?","R","E","E","T","E","R","E","M","M","R","B",null,"M","$","M","M","?","E","E","R","T","E","E","E","R","?","R","B"],"character_chosen":"THE_CURSED","items_purchased":["TheCursedMod:SpitefulPlan","AT_ChloranthyRing","TheCursedMod:FleshFromBone","TheCursedMod:TacticalStrike","Mummified Hand","TheCursedMod:WearCloak","TheCursedMod:RapidMovement","TheCursedMod:StunningStrike","TheCursedMod:HellfireBreathing+1","Membership Card","jedi:RedIncense","Medical Kit"],"campfire_rested":1,"item_purchase_floors":[4,4,13,13,28,28,32,36,47,47,47,47],"current_hp_per_floor":[64,64,70,70,65,56,32,32,32,20,18,1,1,1,22,34,62,50,50,50,50,29,29,33,46,46,55,55,71,71,71,71,61,74,74,74,42,42,42,49,57,57,62,56,46,54,54,54,54,0,0],"gold":115,"neow_bonus":"","is_daily":false,"chose_seed":false,"campfire_upgraded":4,"win_rate":0.0,"timestamp":1612365006,"path_taken":["M","?","M","$","M","E","E","R","T","E","M","?","$","?","R","BOSS","M","?","$","?","?","R","E","E","T","E","R","E","?","M","R","BOSS","M","$","M","M","?","E","E","R","T","E","E","E","R","?","R","BOSS"],"items_purchased_type":["Card","Relic","Card","Card","Relic","Card","Card","Card","Card","Relic","Card","Relic"],"build_version":"2020-12-22","purchased_purges":2,"victory":false,"max_hp_per_floor":[71,71,71,71,71,71,71,71,71,71,71,71,71,71,71,71,71,71,71,71,71,71,71,71,71,71,71,71,71,71,71,71,71,76,76,76,76,76,76,76,76,76,81,81,81,81,81,81,81,81,81],"card_choices":[{"not_picked":["TheCursedMod:CircleOfCorruption","TheCursedMod:CursedMace"],"picked":"TheCursedMod:SoulReap","floor":1},{"not_picked":["TheCursedMod:CircleOfCorruption","TheCursedMod:AbyssShockwave"],"picked":"TheCursedMod:TacticalStrike","floor":3},{"not_picked":["TheCursedMod:Mangle","TheCursedMod:VitalStrike"],"picked":"TheCursedMod:CursedShiv","floor":5},{"not_picked":["TheCursedMod:Stretching","TheCursedMod:ManaCirculation"],"picked":"TheCursedMod:CircleOfFlame","floor":6},{"not_picked":["TheCursedMod:ShockAndAwe","TheCursedMod:AbyssShockwave"],"picked":"TheCursedMod:Torture","floor":7},{"not_picked":["TheCursedMod:CursedBoomerang","TheCursedMod:CircleOfFlame"],"picked":"TheCursedMod:Wield","floor":10},{"not_picked":["TheCursedMod:Stretching","TheCursedMod:CursedBoomerang"],"picked":"TheCursedMod:CursedBlade","floor":11},{"not_picked":["TheCursedMod:ShockAndAwe","TheCursedMod:Torture"],"picked":"TheCursedMod:CircleOfBlood","floor":12},{"not_picked":["TheCursedMod:ShockAndAwe","TheCursedMod:VoidForm"],"picked":"TheCursedMod:DarkBarrier","floor":16},{"not_picked":["TheCursedMod:CursedMace","TheCursedMod:TacticalStrike"],"picked":"TheCursedMod:SurpriseAttack+1","floor":18},{"not_picked":["TheCursedMod:Evocation","TheCursedMod:Obscuration+1"],"picked":"TheCursedMod:Hemoplague","floor":19},{"not_picked":["TheCursedMod:CircleOfCorruption","TheCursedMod:CursedBlade"],"picked":"TheCursedMod:WearCloak","floor":19},{"not_picked":["TheCursedMod:FleshFromBone","TheCursedMod:RavingStaff"],"picked":"TheCursedMod:DemonSword","floor":24},{"not_picked":["TheCursedMod:FleshFromBone","TheCursedMod:UltimatePain"],"picked":"TheCursedMod:Stigma","floor":25},{"not_picked":["TheCursedMod:CursedShiv","TheCursedMod:FleshFromBone"],"picked":"TheCursedMod:SoulReap","floor":27},{"not_picked":["TheCursedMod:Obscuration","TheCursedMod:PrepareRite"],"picked":"TheCursedMod:CircleOfWindfury+1","floor":29},{"not_picked":["TheCursedMod:TacticalStrike","TheCursedMod:AbyssShockwave","TheCursedMod:Torture"],"picked":"SKIP","floor":30},{"not_picked":["TheCursedMod:Torture","TheCursedMod:SmokeScreen","TheCursedMod:VitalStrike"],"picked":"SKIP","floor":31},{"not_picked":["TheCursedMod:NeowsMight","TheCursedMod:ShockAndAwe"],"picked":"TheCursedMod:CursedRelics","floor":33},{"not_picked":["TheCursedMod:CircleOfCorruption","TheCursedMod:CursedBlade"],"picked":"TheCursedMod:HellsGateOpen+1","floor":34},{"not_picked":["TheCursedMod:ManaBullet","TheCursedMod:SpitefulPlan+1","TheCursedMod:CursedAmulet"],"picked":"SKIP","floor":35},{"not_picked":["TheCursedMod:FleshFromBone+1","TheCursedMod:WearCloak+1"],"picked":"TheCursedMod:CircleOfFlame","floor":37},{"not_picked":["TheCursedMod:TacticalStrike","TheCursedMod:SmokeScreen"],"picked":"TheCursedMod:BlessingInDisguise","floor":38},{"not_picked":["TheCursedMod:CursedAmulet","TheCursedMod:CursedShiv"],"picked":"TheCursedMod:VoidForm+1","floor":40},{"not_picked":["TheCursedMod:RavingStaff","TheCursedMod:Wield"],"picked":"TheCursedMod:SurpriseAttack","floor":41},{"not_picked":["TheCursedMod:CircleOfAmplification","TheCursedMod:FleshFromBone"],"picked":"TheCursedMod:DoubleShield","floor":44},{"not_picked":["TheCursedMod:RapidMovement+1","TheCursedMod:FleshFromBone"],"picked":"TheCursedMod:CursedArmor","floor":45},{"not_picked":["TheCursedMod:BloodBarrier","TheCursedMod:StunningStrike"],"picked":"TheCursedMod:CircleOfFlame","floor":46},{"not_picked":["TheCursedMod:CursedBlade","TheCursedMod:Obscuration"],"picked":"TheCursedMod:WearCloak+1","floor":48}],"player_experience":170549,"relics_obtained":[{"floor":6,"key":"White Beast Statue"},{"floor":7,"key":"Blue Doll"},{"floor":9,"key":"Bag of Preparation"},{"floor":10,"key":"Mercury Hourglass"},{"floor":19,"key":"AT_ArchangelStaff"},{"floor":22,"key":"Nilry\u0027s Codex"},{"floor":24,"key":"Replay:Bottled Snecko"},{"floor":25,"key":"Frozen Egg 2"},{"floor":26,"key":"Onion Ring"},{"floor":27,"key":"jedi:angrymask"},{"floor":29,"key":"AT_DeathDance"},{"floor":40,"key":"Calipers"},{"floor":41,"key":"Pen Nib"},{"floor":43,"key":"Durian"},{"floor":44,"key":"Darkstone Periapt"},{"floor":45,"key":"AT_MibuBalloonWealth"},{"floor":46,"key":"jedi:cryingmask"},{"floor":48,"key":"TheCursedMod:SoulVessel"}],"event_choices":[{"damage_healed":0,"gold_gain":0,"player_choice":"Upgraded","damage_taken":0,"max_hp_gain":0,"max_hp_loss":0,"event_name":"Upgrade Shrine","floor":2,"gold_loss":0,"cards_upgraded":["AT_DarkMatter"]},{"damage_healed":0,"gold_gain":0,"player_choice":"Stole Relic","damage_taken":0,"relics_obtained":["Regal Pillow"],"max_hp_gain":0,"max_hp_loss":0,"event_name":"Addict","floor":21,"gold_loss":0,"cards_obtained":["Shame"]},{"damage_healed":0,"gold_gain":0,"player_choice":"Obtained Book","damage_taken":21,"max_hp_gain":0,"max_hp_loss":0,"event_name":"Cursed Tome","floor":22,"gold_loss":0},{"cards_removed":["TheCursedMod:Stigma"],"damage_healed":0,"gold_gain":0,"player_choice":"Removed Attack","damage_taken":0,"max_hp_gain":0,"max_hp_loss":0,"event_name":"Falling","floor":39,"gold_loss":0},{"damage_healed":0,"gold_gain":0,"player_choice":"Fight","damage_taken":0,"max_hp_gain":0,"max_hp_loss":0,"event_name":"MindBloom","floor":48,"gold_loss":0}],"is_beta":false,"boss_relics":[{"not_picked":["Cursed Key","Fusion Hammer"],"picked":"AT_MortalBlade"},{"not_picked":["Snecko Eye","jedi:hotpepper"],"picked":"Tiny House"}],"items_purged_floors":[13,20],"is_endless":true,"potions_floor_spawned":[3,6,7,10,11,12,16,18,24,25,27,29,30,31,33,35,37,38,40,41,44,45,46,48],"killed_by":"Replay:Hell Engine","ascension_level":20}}