{"host":"nlowmoq7gy18n72d","time":1612362885,"event":{"mods":["BaseMod","Colored Powertips","Conspire","Downfall","Hermit","Highlight Path","Infinite Spire","Jorbs\u0027s Wanderer Trilogy","Minty Spire (QoL Compilation)","Rare Cards Sparkle","Replay The Spire","StSLib","The Cursed","The Hierophant"],"gold_per_floor":[99,109,19,34,34,184,184,184,219,236,264,164,49,63,78,181,181,181,197,197,57,68,68,68,68,94,113,13,48,48,48,66,161,161,161,181,192,192,70,95,95,95,95,195,215,244,144,144,159,159,159,192,28,28,28,28,28,28],"floor_reached":56,"language":"ENG","playtime":2702,"items_purged":["Regret","downfall:Malfunctioning","hexamod:Strike","hexamod:CatchUp+1","hexamod:Defend","Parasite"],"score":1006,"play_id":"0bf9339f-ecec-4984-9f39-4d68176d1694","local_time":"20210203173445","is_ascension_mode":true,"campfire_choices":[{"data":"hexamod:Sear","floor":1,"key":"SMITH"},{"data":"hexamod:EmpoweredFlame","floor":8,"key":"SMITH"},{"data":"hexamod:Firestarter","floor":12,"key":"SMITH"},{"data":"hexamod:EtherealExpedition","floor":18,"key":"SMITH"},{"floor":23,"key":"REST"},{"floor":25,"key":"RECALL"},{"data":"hexamod:PowerFromBeyond","floor":28,"key":"SMITH"},{"floor":30,"key":"REST"},{"data":"hexamod:TimeWarp","floor":35,"key":"SMITH"},{"data":"hexamod:PhantomCloak","floor":42,"key":"SMITH"},{"data":"hexamod:HeatShield","floor":47,"key":"SMITH"},{"floor":54,"key":"REST"}],"circlet_count":0,"master_deck":["hexamod:Defend","hexamod:Defend+1","hexamod:Defend","hexamod:Sear+1","hexamod:Float","hexamod:FlamesFromBeyond+1","hexamod:FlamesFromBeyond+1","hexamod:EmpoweredFlame+1","downfall:Icky","hexamod:SoulSteal+1","hexamod:Firestarter+1","hexamod:EtherealExpedition+1","hexamod:ShieldOfDarkness+1","hexamod:FastForward","hexamod:HeatShield+1","hexamod:SearingWound+1","hexamod:CatchUp+1","hexamod:SpectralAdrenaline+1","hexamod:Incineration+1","hexamod:Firestarter+1","hexamod:PowerFromBeyond+1","hexamod:PhantomCloak+1","hexamod:TimeWarp+1","expansioncontent:InvincibleStrength+1","hexamod:PhantomFireball+1","ReplayTheSpireMod:IOU"],"relics":["hexamod:SpiritBrand","infinitespire:Bottled Soul","PreservedInsect","Mango","downfall:HeartBlessingGreen","Astrolabe","Lizard Tail","Whetstone","downfall:HeartBlessingRed","Singing Bowl","Guide Book","Velvet Choker","expansioncontent:StudyCardRelic","Membership Card","Bottled Flame","Chameleon Ring","Onion Ring","Frozen Eye","downfall:GremlinWheel","infinitespire:FocusingShard","downfall:HeartBlessingBlue","Boot","Replay:Wax Seal","Guide Book","Replay:Baseball"],"acts_visited":["Exordium","TheCity","TheBeyond","TheEnding"],"potions_floor_usage":[13,16,16,27,29,33,39,39,40,45,50,52,55],"damage_taken":[{"damage":6,"enemies":"Jaw Worm","floor":2,"turns":3},{"damage":4,"enemies":"downfall:FleeingMerchant","floor":3,"turns":4},{"damage":0,"enemies":"conspire:RoseBush","floor":4,"turns":3},{"damage":8,"enemies":"3 Sentries","floor":9,"turns":6},{"damage":0,"enemies":"Cultist","floor":10,"turns":3},{"damage":3,"enemies":"Gremlin Nob","floor":11,"turns":3},{"damage":0,"enemies":"downfall:FleeingMerchant","floor":13,"turns":4},{"damage":9,"enemies":"Red Slaver","floor":14,"turns":3},{"damage":3,"enemies":"conspire:2 RoseBushes","floor":15,"turns":3},{"damage":32,"enemies":"DF_ARCHETYPE_STREAMLINE","floor":16,"turns":8},{"damage":7,"enemies":"Chosen","floor":19,"turns":3},{"damage":9,"enemies":"downfall:FleeingMerchant","floor":21,"turns":4},{"damage":16,"enemies":"conspire:FuzzyDice","floor":22,"turns":3},{"damage":13,"enemies":"Nightmare","floor":26,"turns":5},{"damage":24,"enemies":"Centurion and Healer","floor":27,"turns":3},{"damage":15,"enemies":"Gremlin Leader","floor":29,"turns":3},{"damage":13,"enemies":"Snake Plant","floor":32,"turns":3},{"damage":33,"enemies":"IC_MUSHROOM_ARCHETYPE","floor":33,"turns":6},{"damage":15,"enemies":"3 Shapes","floor":36,"turns":3},{"damage":8,"enemies":"3 Darklings","floor":37,"turns":3},{"damage":0,"enemies":"downfall:FleeingMerchant","floor":39,"turns":2},{"damage":19,"enemies":"Nightmare","floor":40,"turns":7},{"damage":0,"enemies":"Nightmare","floor":44,"turns":2},{"damage":26,"enemies":"4 Shapes","floor":45,"turns":2},{"damage":8,"enemies":"Giant Head","floor":46,"turns":6},{"damage":0,"enemies":"Writhing Mass","floor":49,"turns":3},{"damage":76,"enemies":"SI_POISON_ARCHETYPE","floor":50,"turns":8},{"damage":106,"enemies":"downfall:CharBossMerchant","floor":52,"turns":8},{"damage":108,"enemies":"downfall:NeowBoss","floor":55,"turns":32},{"damage":0,"enemies":"downfall:NeowBossFinal","floor":56,"turns":2}],"seed_played":"-9221278374237322079","potions_obtained":[{"floor":4,"key":"hexamod:DoubleChargePotion"},{"floor":11,"key":"Fire Potion"},{"floor":14,"key":"Ancient Potion"},{"floor":15,"key":"SteroidPotion"},{"floor":16,"key":"SpeedPotion"},{"floor":22,"key":"Dexterity Potion"},{"floor":27,"key":"SteroidPotion"},{"floor":32,"key":"Adrenaline Potion"},{"floor":44,"key":"LiquidMemories"},{"floor":45,"key":"Swift Potion"},{"floor":52,"key":"FairyPotion"}],"is_trial":false,"path_per_floor":["R","M","$","M","?","?","T","R","E","M","E","R","$","M","M","B",null,"R","M","?","$","M","R","T","R","NM","M","R","E","R","AVR","M","B",null,"R","M","M","?","$","NM","T","R","AVR","?","M","E","R","?","M","B",null,"E","$","R","B","B"],"character_chosen":"THE_SPIRIT","items_purchased":["Membership Card","Bottled Flame","Chameleon Ring","BlessingOfTheForge","PowerPotion","Fire Potion","Replay:Wax Seal","Guide Book","Replay:Baseball","SteroidPotion"],"campfire_rested":3,"item_purchase_floors":[39,39,39,39,39,39,53,53,53,53],"current_hp_per_floor":[84,78,74,74,74,74,74,74,66,66,77,77,77,68,65,33,98,98,91,62,53,37,66,66,66,53,29,29,16,46,46,33,50,100,100,87,81,81,83,68,68,68,68,68,44,38,124,124,126,50,126,20,20,56,10,10,10,10],"gold":28,"neow_bonus":"TWENTY_PERCENT_HP_BONUS","is_daily":false,"chose_seed":false,"campfire_upgraded":8,"win_rate":0.0,"timestamp":1612362885,"path_taken":["R","M","$","M","?","?","T","R","E","M","E","R","?","M","M","BOSS","R","M","?","$","?","R","T","R","NM","M","R","E","R","AVR","M","BOSS","R","M","M","?","$","NM","T","R","AVR","?","?","E","R","?","M","BOSS","E","$","R","BOSS","BOSS"],"items_purchased_type":["Relic","Relic","Relic","Potion","Potion","Potion","Relic","Relic","Relic","Potion"],"build_version":"2020-12-22","purchased_purges":6,"victory":false,"max_hp_per_floor":[84,84,84,84,84,84,84,84,84,84,98,98,98,98,98,98,98,98,98,98,98,98,98,98,98,98,98,98,100,100,100,100,100,100,100,102,104,104,106,110,110,110,110,110,112,114,124,124,126,126,126,126,123,123,123,123,123,123],"card_choices":[{"not_picked":["hexamod:BacktrackSmack","hexamod:ChargedBarrage"],"picked":"hexamod:FlamesFromBeyond","floor":2},{"not_picked":["hexamod:SwordOfDarkness","hexamod:FastForward"],"picked":"hexamod:FlamesFromBeyond","floor":3},{"not_picked":["hexamod:DynamicBlow","hexamod:NightmareStrike"],"picked":"hexamod:EmpoweredFlame","floor":4},{"not_picked":["hexamod:ApocalypseNow","hexamod:FastForward"],"picked":"hexamod:SoulSteal","floor":9},{"not_picked":["hexamod:HauntingEcho","hexamod:NightmareStrike"],"picked":"hexamod:Firestarter","floor":10},{"not_picked":["hexamod:InspiringFlames","hexamod:Hexaguard"],"picked":"hexamod:EtherealExpedition","floor":11},{"not_picked":["hexamod:RetreatToShadows","hexamod:FlamesFromBeyond"],"picked":"hexamod:ShieldOfDarkness","floor":13},{"not_picked":["hexamod:Rewind","hexamod:NightmareStrike"],"picked":"hexamod:FastForward","floor":14},{"not_picked":["hexamod:DynamicBlow","hexamod:UnleashSpirits"],"picked":"hexamod:HeatShield","floor":15},{"not_picked":["hexamod:GiftsFromTheDead","hexamod:FlameSwitch"],"picked":"hexamod:SearingWound","floor":16},{"not_picked":["hexamod:HeatCrush","hexamod:NecessarySacrifice"],"picked":"hexamod:Incineration","floor":19},{"not_picked":["hexamod:SuperheatedStrike","hexamod:GhostLash"],"picked":"hexamod:Firestarter","floor":21},{"not_picked":["hexamod:SecondSeal","hexamod:SpectralAdrenaline","hexamod:CatchUp+1"],"picked":"SKIP","floor":22},{"not_picked":["hexamod:ParanormalForm","hexamod:SpectersWail+1"],"picked":"hexamod:PowerFromBeyond","floor":26},{"not_picked":["hexamod:FastForward","hexamod:Again","hexamod:HeatShield"],"picked":"SKIP","floor":27},{"not_picked":["hexamod:Haunt","hexamod:AdvancingGuard","hexamod:Hexaguard+1"],"picked":"Singing Bowl","floor":29},{"not_picked":["hexamod:BurningTouch","hexamod:SwordOfDarkness+1"],"picked":"hexamod:PhantomCloak","floor":32},{"not_picked":["hexamod:GhostOfSpirePresent","hexamod:ParanormalForm"],"picked":"hexamod:TimeWarp","floor":33},{"not_picked":["hexamod:SwordOfDarkness","hexamod:Hexaguard","hexamod:PhantomCloak"],"picked":"Singing Bowl","floor":36},{"not_picked":["hexamod:NightmareStrike","hexamod:NightmareGuise","hexamod:ThermalTransfer"],"picked":"Singing Bowl","floor":37},{"not_picked":["expansioncontent:PolyBeam","expansioncontent:YouAreMine"],"picked":"expansioncontent:InvincibleStrength","floor":38},{"not_picked":["hexamod:FastForward","hexamod:Hexaguard","hexamod:ThermalTransfer"],"picked":"Singing Bowl","floor":39},{"not_picked":["ReplayTheSpireMod:Chaos Vortex","infinitespire:DeathsTouch","infinitespire:NeuralNetwork"],"picked":"Singing Bowl","floor":40},{"not_picked":["hexamod:ShieldOfDarkness+1","hexamod:SoulSteal","hexamod:SpectralAdrenaline"],"picked":"Singing Bowl","floor":40},{"not_picked":["hexamod:FastForward","hexamod:ParanormalForm","hexamod:RecurringNightmare+1"],"picked":"Singing Bowl","floor":45},{"not_picked":["hexamod:SwordOfDarkness","hexamod:ThermalTransfer","hexamod:ShieldOfDarkness+1"],"picked":"Singing Bowl","floor":46},{"not_picked":["hexamod:ApocalypseNow","hexamod:GhostOfSpirePast+1","hexamod:SpectralAdrenaline"],"picked":"Singing Bowl","floor":49},{"not_picked":["hexamod:BacktrackSmack+1","hexamod:GhostShield"],"picked":"hexamod:PhantomFireball+1","floor":52}],"player_experience":763704,"relics_obtained":[{"floor":7,"key":"infinitespire:Bottled Soul"},{"floor":9,"key":"PreservedInsect"},{"floor":11,"key":"Mango"},{"floor":24,"key":"Lizard Tail"},{"floor":26,"key":"Whetstone"},{"floor":29,"key":"Singing Bowl"},{"floor":40,"key":"Onion Ring"},{"floor":44,"key":"downfall:GremlinWheel"},{"floor":46,"key":"infinitespire:FocusingShard"},{"floor":52,"key":"Boot"}],"event_choices":[{"damage_healed":76,"gold_gain":0,"player_choice":"Full Heal","damage_taken":0,"max_hp_gain":0,"max_hp_loss":0,"event_name":"Wheel of Change","floor":47,"gold_loss":0}],"is_beta":false,"boss_relics":[{"not_picked":["Ring of Chaos","Pandora\u0027s Box"],"picked":"Astrolabe"},{"not_picked":["Sozu","conspire:RoyalGoblet"],"picked":"expansioncontent:StudyCardRelic"}],"items_purged_floors":[3,13,21,31,43,53],"is_endless":false,"potions_floor_spawned":[4,11,14,15,16,22,26,27,32,44,45,46,52],"killed_by":"downfall:NeowBossFinal","ascension_level":2}}