{"host":"lxihx0b6awoz2w1j","time":1612377693,"event":{"mods":["Act Like it!","Ascension Reborn","BaseMod","Better Third Choice","BetterRewards","CapriCore","Colored Powertips","Conspire","Downfall","Fox Events","Gensokyo","Hermit","Hubris","Infinite Spire","JesterMod","Luminous","Melee Mod","Minty Spire (QoL Compilation)","Permanent Neow","Prisma Mod","Quick Restart","Relic Stats","Reliquary","Replay The Spire","Shade Mod","Spicy Shops","StSLib","Td1madao Mod","The Alterego","The Blue Laboratory","The Construct","The Cursed","The Death Knight","The Disciple","The Forsaken","The Gatherer","The Immortal","The Jungle","The Marked","The Mystic","The Runesmith","The Senshi","The Servant 0.9.4","The Spell Scribe","Waifu the Spire"],"gold_per_floor":[115,127,402,107,107,107,121,147,170,170,182,182,182,200,200,303,303,321,338,338,338],"floor_reached":20,"language":"ENG","playtime":1470,"items_purged":["Regret"],"score":224,"play_id":"d622957b-a9e4-4a64-b69b-6cd255ac9dfc","local_time":"20210203194133","is_ascension_mode":true,"campfire_choices":[{"data":"Defragment","floor":6,"key":"SMITH"},{"data":"Genetic Algorithm","floor":10,"key":"SMITH"},{"data":"Hologram","floor":13,"key":"SMITH"},{"floor":15,"key":"DIG"}],"circlet_count":0,"master_deck":["Strike_B","Strike_B","Strike_B","Strike_B+1","Defend_B","Defend_B","Defend_B","Defend_B","Zap","Dualcast+1","Defragment+1","Gash+1","Time Bomb","Coolheaded","Hologram+1","Genetic Algorithm+1","BasicCrystalCard+1","Gash","hubris:PowerSurge","Fission","Gash","Loop"],"relics":["Cracked Core","Replay:Frozen Program","FossilizedHelix","reliquary:Buckler","Runic Capacitor","Lee\u0027s Waffle","hubris:BottledRain","hubris:SlimyHat","theForsaken:ScaryMask","construct:ClawGrip"],"acts_visited":["Exordium","TheCity"],"potions_floor_usage":[],"damage_taken":[{"damage":0,"enemies":"2 Louse","floor":1,"turns":1},{"damage":0,"enemies":"Cultist","floor":2,"turns":2},{"damage":0,"enemies":"Jaw Worm","floor":7,"turns":3},{"damage":0,"enemies":"Lagavulin","floor":8,"turns":6},{"damage":1,"enemies":"Looter","floor":11,"turns":3},{"damage":10,"enemies":"Gremlin Gang","floor":14,"turns":5},{"damage":25,"enemies":"Fading Forest","floor":16,"turns":11},{"damage":0,"enemies":"Shell Parasite","floor":18,"turns":3},{"damage":0,"enemies":"Spheric Guardian","floor":19,"turns":4},{"damage":0,"enemies":"Cultist and Chosen","floor":20,"turns":1}],"seed_played":"-2308376977070111852","potions_obtained":[{"floor":2,"key":"SmokeBomb"},{"floor":14,"key":"EntropicBrew"}],"is_trial":false,"path_per_floor":["M","M","?","$","?","R","M","E","T","R","M","?","R","M","R","B",null,"M","M","M"],"character_chosen":"DEFECT","items_purchased":["Defragment","Replay:Frozen Program","FossilizedHelix","reliquary:Buckler","Runic Capacitor","Gash+1","Hologram","Lee\u0027s Waffle"],"campfire_rested":0,"item_purchase_floors":[0,0,0,0,0,0,4,4],"current_hp_per_floor":[67,67,67,82,82,82,82,82,82,82,81,81,81,71,71,46,82,82,82,82,82],"gold":338,"neow_bonus":"","is_daily":false,"chose_seed":false,"campfire_upgraded":3,"win_rate":0.0,"timestamp":1612377693,"path_taken":["M","M","?","?","?","R","M","E","T","R","?","?","R","M","R","BOSS","M","?","M"],"items_purchased_type":["Card","Relic","Relic","Relic","Relic","Card","Card","Relic"],"build_version":"2020-12-22","purchased_purges":1,"victory":false,"max_hp_per_floor":[75,75,75,82,82,82,82,82,82,82,82,82,82,82,82,82,82,82,82,82,82],"relic_stats":{"Lee\u0027s Waffle":15,"counters":[10,39],"obtain_stats":[{"Lee\u0027s Waffle":4,"theForsaken:ScaryMask":15,"construct:ClawGrip":17,"Replay:Frozen Program":0,"reliquary:Buckler":0,"Runic Capacitor":0,"hubris:SlimyHat":9,"Cracked Core":0,"FossilizedHelix":0,"hubris:BottledRain":8},{"Lee\u0027s Waffle":2,"theForsaken:ScaryMask":6,"construct:ClawGrip":7,"Replay:Frozen Program":0,"reliquary:Buckler":0,"Runic Capacitor":0,"hubris:SlimyHat":4,"Cracked Core":0,"FossilizedHelix":0,"hubris:BottledRain":4},{"Lee\u0027s Waffle":3,"theForsaken:ScaryMask":20,"construct:ClawGrip":31,"Replay:Frozen Program":0,"reliquary:Buckler":0,"Runic Capacitor":0,"hubris:SlimyHat":12,"Cracked Core":0,"FossilizedHelix":0,"hubris:BottledRain":12}]},"card_choices":[{"not_picked":["ReplayTheSpireMod:System Scan","ReplayGash"],"picked":"Time Bomb","floor":1},{"not_picked":["ReplayTheSpireMod:Calculation Training","ReplaySort"],"picked":"Coolheaded","floor":2},{"not_picked":["Panic Button","Compile Driver"],"picked":"Genetic Algorithm","floor":7},{"not_picked":["Cold Snap","hubris:Ukulele"],"picked":"BasicCrystalCard","floor":8},{"not_picked":["Self Repair","Panic Button"],"picked":"Gash","floor":11},{"not_picked":["ReplayTheSpireMod:Reroute Power","Panic Button"],"picked":"hubris:PowerSurge","floor":14},{"not_picked":["Thunder Strike","Multi-Cast"],"picked":"Fission","floor":16},{"not_picked":["Coolheaded+1","conspire:Rain+1"],"picked":"Gash","floor":18},{"not_picked":["Compile Driver","Stack"],"picked":"Loop","floor":19}],"player_experience":705085,"relics_obtained":[{"floor":8,"key":"hubris:BottledRain"},{"floor":9,"key":"hubris:SlimyHat"},{"floor":15,"key":"theForsaken:ScaryMask"}],"event_choices":[{"damage_healed":0,"gold_gain":275,"player_choice":"Desecrate","damage_taken":0,"max_hp_gain":0,"max_hp_loss":0,"event_name":"Golden Shrine","floor":3,"gold_loss":0,"cards_obtained":["Regret"]},{"damage_healed":0,"gold_gain":0,"player_choice":"Ignored","damage_taken":0,"max_hp_gain":0,"max_hp_loss":0,"event_name":"Transmorgrifier","floor":5,"gold_loss":0},{"damage_healed":0,"gold_gain":0,"player_choice":"Upgraded","damage_taken":0,"max_hp_gain":0,"max_hp_loss":0,"event_name":"Upgrade Shrine","floor":12,"gold_loss":0,"cards_upgraded":["BasicCrystalCard"]}],"is_beta":false,"boss_relics":[{"not_picked":["conspire:RoyalGoblet","Replay:Bronze Core"],"picked":"construct:ClawGrip"}],"items_purged_floors":[4],"is_endless":false,"potions_floor_spawned":[2,8,14,18,19],"killed_by":"Cultist and Chosen","ascension_level":0}}