{"host":"w3q5ijqu8eoknil3","time":1612365792,"event":{"mods":["AchievementEnabler","BaseMod","Block Reminder","Colored Map","Colored Powertips","Curses Come First","Dark Map","Minty Spire (QoL Compilation)","Quick Restart","Relic Stats","StSLib","ojb\u0027s Better Paths Mod","ojb\u0027s Info Mod","slay the spire mod where everything is the same but ironclad has a cowboy hat"],"gold_per_floor":[119,136,154,170,170,170,189,205,205,221,221,252,225,225,225,225,225],"floor_reached":16,"language":"ENG","playtime":520,"items_purged":[],"score":211,"play_id":"14c6c54a-428f-4e5c-9c14-e3132966e0dd","local_time":"20210203152312","is_ascension_mode":true,"campfire_choices":[{"data":"Underhanded Strike","floor":6,"key":"SMITH"},{"floor":11,"key":"REST"},{"floor":15,"key":"REST"}],"circlet_count":0,"master_deck":["AscendersBane","Strike_G","Strike_G","Strike_G","Defend_G","Defend_G","Defend_G","Defend_G","Defend_G","Survivor","Neutralize","Masterful Stab","Tools of the Trade","Sucker Punch","Eviscerate+1","Poisoned Stab","Underhanded Strike+1","Bouncing Flask","Unload","PiercingWail","Poisoned Stab","Blur"],"relics":["Ring of the Snake","StoneCalendar","Juzu Bracelet"],"acts_visited":["Exordium"],"potions_floor_usage":[4,7,12,14],"damage_taken":[{"damage":1,"enemies":"Small Slimes","floor":1,"turns":3},{"damage":0,"enemies":"Cultist","floor":2,"turns":4},{"damage":0,"enemies":"Jaw Worm","floor":3,"turns":4},{"damage":29,"enemies":"Exordium Wildlife","floor":4,"turns":8},{"damage":19,"enemies":"Exordium Thugs","floor":7,"turns":5},{"damage":8,"enemies":"Large Slime","floor":8,"turns":5},{"damage":0,"enemies":"2 Fungi Beasts","floor":10,"turns":3},{"damage":18,"enemies":"Gremlin Nob","floor":12,"turns":4},{"damage":2,"enemies":"Exordium Thugs","floor":13,"turns":4},{"damage":2,"enemies":"Exordium Wildlife","floor":14,"turns":3},{"damage":33,"enemies":"Slime Boss","floor":16,"turns":5}],"seed_played":"-6196545483519103430","potions_obtained":[{"floor":1,"key":"Fruit Juice"},{"floor":4,"key":"SpeedPotion"},{"floor":8,"key":"SmokeBomb"},{"floor":10,"key":"EssenceOfSteel"}],"is_trial":false,"path_per_floor":["M","M","M","M","?","R","M","M","T","M","R","E","M","M","R","B"],"character_chosen":"THE_SILENT","items_purchased":[],"campfire_rested":2,"item_purchase_floors":[],"current_hp_per_floor":[58,58,58,34,34,34,15,7,7,7,26,8,6,4,23,0,0],"gold":225,"neow_bonus":"TRANSFORM_TWO_CARDS","is_daily":false,"chose_seed":false,"campfire_upgraded":1,"win_rate":0.0,"timestamp":1612365792,"path_taken":["M","M","M","M","?","R","M","?","T","M","R","E","M","M","R","BOSS"],"items_purchased_type":[],"build_version":"2020-12-22","purchased_purges":0,"victory":false,"max_hp_per_floor":[60,60,60,65,65,65,65,65,65,65,65,65,65,65,65,65,65],"relic_stats":{"counters":[11,48],"StoneCalendar":[0],"Juzu Bracelet":0,"obtain_stats":[{"StoneCalendar":9,"Juzu Bracelet":12,"Ring of the Snake":0},{"StoneCalendar":6,"Juzu Bracelet":8,"Ring of the Snake":0},{"StoneCalendar":29,"Juzu Bracelet":36,"Ring of the Snake":0}],"Ring of the Snake":[22]},"card_choices":[{"not_picked":["Bane","Outmaneuver"],"picked":"Sucker Punch","floor":1},{"not_picked":["Outmaneuver","Bane"],"picked":"Eviscerate","floor":2},{"not_picked":["Dagger Throw","Well Laid Plans"],"picked":"Poisoned Stab","floor":3},{"not_picked":["Blade Dance","Outmaneuver"],"picked":"Underhanded Strike","floor":4},{"not_picked":["Catalyst","Accuracy"],"picked":"Bouncing Flask","floor":7},{"not_picked":["PiercingWail","Slice"],"picked":"Unload","floor":8},{"not_picked":["Slice","Quick Slash"],"picked":"PiercingWail","floor":10},{"not_picked":["Underhanded Strike","Footwork"],"picked":"Poisoned Stab","floor":12},{"not_picked":["Outmaneuver","Accuracy"],"picked":"Blur","floor":13}],"player_experience":1031996,"relics_obtained":[{"floor":9,"key":"StoneCalendar"},{"floor":12,"key":"Juzu Bracelet"}],"event_choices":[{"damage_healed":0,"gold_gain":0,"player_choice":"Upgraded","damage_taken":0,"max_hp_gain":0,"max_hp_loss":0,"event_name":"Upgrade Shrine","floor":5,"gold_loss":0,"cards_upgraded":["Eviscerate"]}],"is_beta":false,"boss_relics":[],"items_purged_floors":[],"is_endless":false,"potions_floor_spawned":[1,4,8,10,14],"killed_by":"Slime Boss","ascension_level":19}}