{"host":"p0hktren06injwdf","time":1612375154,"event":{"mods":["AchievementEnabler","BaseMod","Colored Map","DeckTracker","Minty Spire (QoL Compilation)","Permanent Neow","StSLib","SuperFastMode"],"gold_per_floor":[117,133,143,160,22,52,52,52,52,52,66,66,11,27,27,104,104,116,166,36,52,52,52,52,52,52],"floor_reached":25,"language":"KOR","playtime":486,"items_purged":[],"score":402,"play_id":"71ab9fb3-b3e1-4afe-b374-4e99aa99244d","local_time":"20210204025914","is_ascension_mode":true,"campfire_choices":[{"data":"Barricade","floor":8,"key":"SMITH"},{"data":"Body Slam","floor":10,"key":"SMITH"},{"data":"Blind","floor":12,"key":"SMITH"},{"floor":15,"key":"REST"},{"data":"Entrench","floor":23,"key":"SMITH"}],"circlet_count":0,"master_deck":["AscendersBane","Strike_R","Strike_R","Strike_R","Strike_R","Strike_R","Defend_R","Defend_R","Defend_R","Defend_R","Bash","Blind+1","Wild Strike","Pommel Strike","Shrug It Off","Body Slam+1","Barricade+1","Battle Trance","Entrench+1","Feel No Pain","Offering"],"relics":["Burning Blood","Paper Frog","Mummified Hand","The Courier","Cursed Key"],"acts_visited":["Exordium","TheCity"],"potions_floor_usage":[6,6,16,16,25],"damage_taken":[{"damage":10,"enemies":"2 Louse","floor":1,"turns":4},{"damage":11,"enemies":"Cultist","floor":2,"turns":4},{"damage":14,"enemies":"Jaw Worm","floor":3,"turns":4},{"damage":6,"enemies":"3 Louse","floor":4,"turns":5},{"damage":29,"enemies":"Gremlin Nob","floor":6,"turns":4},{"damage":3,"enemies":"2 Fungi Beasts","floor":11,"turns":4},{"damage":13,"enemies":"Blue Slaver","floor":14,"turns":4},{"damage":27,"enemies":"Slime Boss","floor":16,"turns":11},{"damage":38,"enemies":"Spheric Guardian","floor":18,"turns":8},{"damage":1,"enemies":"3 Byrds","floor":21,"turns":8},{"damage":34,"enemies":"Slavers","floor":25,"turns":5}],"seed_played":"-2519465910571822277","potions_obtained":[{"floor":2,"key":"Fire Potion"},{"floor":3,"key":"Explosive Potion"},{"floor":6,"key":"Fire Potion"},{"floor":14,"key":"Strength Potion"},{"floor":21,"key":"Strength Potion"}],"is_trial":false,"path_per_floor":["M","M","M","M","$","E","?","R","T","R","M","R","?","M","R","B",null,"M","?","$","M","?","R","?","E"],"character_chosen":"IRONCLAD","items_purchased":["Body Slam","Barricade","Entrench","Feel No Pain"],"campfire_rested":1,"item_purchase_floors":[5,5,20,20],"current_hp_per_floor":[64,59,51,51,51,28,28,28,28,28,31,31,31,24,46,25,63,31,31,31,36,36,36,36,2,2],"gold":52,"neow_bonus":"RANDOM_COLORLESS","is_daily":false,"chose_seed":false,"campfire_upgraded":4,"win_rate":0.0,"timestamp":1612375154,"path_taken":["M","M","M","M","$","E","?","R","T","R","?","R","?","M","R","BOSS","M","?","$","M","?","R","?","E"],"items_purchased_type":["Card","Card","Card","Card"],"build_version":"2020-12-22","purchased_purges":0,"victory":false,"max_hp_per_floor":[75,75,75,75,75,75,75,75,75,75,75,75,75,75,75,75,75,75,75,75,75,75,75,75,75,75],"card_choices":[{"not_picked":["Panacea","Jack Of All Trades"],"picked":"Blind","floor":0},{"not_picked":["Sword Boomerang","Clash"],"picked":"Wild Strike","floor":1},{"not_picked":["Burning Pact","Combust"],"picked":"Pommel Strike","floor":2},{"not_picked":["Flex","Wild Strike"],"picked":"Shrug It Off","floor":3},{"not_picked":["Flex","Body Slam","Thunderclap"],"picked":"SKIP","floor":4},{"not_picked":["Sever Soul","Brutality","Combust"],"picked":"SKIP","floor":6},{"not_picked":["Intimidate","Anger"],"picked":"Battle Trance","floor":11},{"not_picked":["Rampage","Rupture","Thunderclap"],"picked":"SKIP","floor":14},{"not_picked":["Dropkick","Dark Embrace+1","Twin Strike"],"picked":"SKIP","floor":18},{"not_picked":["Heavy Blade+1","Anger+1","Sever Soul"],"picked":"SKIP","floor":21}],"player_experience":986470,"relics_obtained":[{"floor":6,"key":"Paper Frog"},{"floor":7,"key":"Mummified Hand"},{"floor":9,"key":"The Courier"}],"event_choices":[{"damage_healed":0,"gold_gain":0,"player_choice":"Relic","damage_taken":0,"max_hp_gain":0,"max_hp_loss":0,"event_name":"Wheel of Change","floor":7,"gold_loss":0},{"damage_healed":0,"gold_gain":0,"player_choice":"Left Gold","damage_taken":0,"max_hp_gain":0,"max_hp_loss":0,"event_name":"World of Goop","floor":13,"gold_loss":55},{"damage_healed":0,"gold_gain":50,"player_choice":"Stole From Cult","damage_taken":0,"max_hp_gain":0,"max_hp_loss":0,"event_name":"Nest","floor":19,"gold_loss":0},{"damage_healed":0,"gold_gain":0,"player_choice":"Ignored","damage_taken":0,"max_hp_gain":0,"max_hp_loss":0,"event_name":"Vampires","floor":22,"gold_loss":0},{"damage_healed":0,"gold_gain":0,"player_choice":"Read","damage_taken":0,"max_hp_gain":0,"max_hp_loss":0,"event_name":"The Library","floor":24,"gold_loss":0,"cards_obtained":["Offering"]}],"is_beta":false,"boss_relics":[{"not_picked":["Philosopher\u0027s Stone","Mark of Pain"],"picked":"Cursed Key"}],"items_purged_floors":[],"is_endless":false,"potions_floor_spawned":[2,3,6,14,21],"killed_by":"Slavers","ascension_level":20}}