{"host":"jl7epezt8u9c37lt","time":1612394603,"event":{"mods":["Arknights","Aspiration","Astrologer","Bard","BaseMod","Beaked The Cultist","Better Third Choice","Conspire","DeckTracker","Downfall","Energized Spire","GifTheSpireLib","Glutton Mod","Halation","Hermit","HexUI Lib","Hubris","Lobotomy","LobotomyExtend","Minty Spire (QoL Compilation)","Quick Restart","Reliquary","Replay The Spire","Spikes Relics","StSLib","Stuff the Spire","The Animator","The Bladedancer","The Blue Laboratory","The Disciple","The Jungle","The Runesmith","egg"],"gold_per_floor":[99,99,38,38,55,68,68,68,14,31,31,48,48,80,93,93,93],"floor_reached":16,"language":"ENG","playtime":969,"items_purged":[],"score":100,"play_id":"269aecbc-453c-44ab-ab95-753836e502b6","local_time":"20210203172323","is_ascension_mode":false,"campfire_choices":[{"floor":1,"key":"RECALL"},{"floor":11,"key":"REST"}],"circlet_count":0,"master_deck":["Runesmith:Strike_RS","Runesmith:Strike_RS","Runesmith:Strike_RS","Runesmith:Strike_RS","Runesmith:Defend_RS","Runesmith:Defend_RS","Runesmith:Defend_RS","Runesmith:CraftFirestone","Runesmith:Fortify","Runesmith:LithiumIon","Runesmith:EarthShield","Runesmith:GoWithTheFlow","Runesmith:UnstableHammer","Runesmith:ChiselStab","Runesmith:LithiumIon","Runesmith:Reinforce","Runesmith:ChargedHammer","Regret","Runesmith:CraftMedicinae","Runesmith:Grindstone"],"relics":["Runesmith:BrokenRuby","hubris:Towel","LetterFromLob","Runesmith:EmergencyProvisions","StuffTheSpire:RedRose","Replay:WaspNest"],"acts_visited":["Exordium"],"potions_floor_usage":[16,16,16],"damage_taken":[{"damage":5,"enemies":"downfall:FleeingMerchant","floor":3,"turns":4},{"damage":5,"enemies":"conspire:RoseBush","floor":5,"turns":4},{"damage":0,"enemies":"Small Slimes","floor":6,"turns":2},{"damage":9,"enemies":"downfall:FleeingMerchant","floor":9,"turns":4},{"damage":2,"enemies":"2 Louse","floor":10,"turns":3},{"damage":29,"enemies":"Exordium Thugs","floor":12,"turns":5},{"damage":15,"enemies":"Gremlin Nob","floor":14,"turns":4},{"damage":8,"enemies":"Exordium Wildlife","floor":15,"turns":3},{"damage":38,"enemies":"Fading Forest","floor":16,"turns":7}],"seed_played":"6209248880074118265","potions_obtained":[{"floor":6,"key":"champ:CounterPotion"},{"floor":12,"key":"blueLaboratory:EnragingPotion"},{"floor":15,"key":"LifebloodPotion"}],"is_trial":false,"path_per_floor":["R","?","$","?","M","M","T","M","$","M","R","M","?","E","M","B"],"character_chosen":"RUNESMITH_CLASS","items_purchased":["Runesmith:EarthShield","Runesmith:LithiumIon"],"campfire_rested":1,"item_purchase_floors":[3,9],"current_hp_per_floor":[77,77,72,72,67,67,67,67,58,56,77,48,48,33,25,0,0],"gold":93,"neow_bonus":"TEN_PERCENT_HP_BONUS","is_daily":false,"chose_seed":false,"campfire_upgraded":0,"win_rate":0.0,"timestamp":1612394603,"path_taken":["R","?","$","?","M","M","T","M","$","M","R","M","?","E","M","BOSS"],"items_purchased_type":["Card","Card"],"build_version":"2020-12-22","purchased_purges":0,"victory":false,"max_hp_per_floor":[77,77,77,77,77,77,77,77,77,77,77,77,77,77,77,77,77],"card_choices":[{"not_picked":["Runesmith:Accelerate","Runesmith:HammerThrow"],"picked":"Runesmith:LithiumIon","floor":3},{"not_picked":["Runesmith:HeatExchange","Runesmith:MakeshiftArmor"],"picked":"Runesmith:GoWithTheFlow","floor":5},{"not_picked":["Runesmith:HeatedChisel","Runesmith:ChargedHammer"],"picked":"Runesmith:UnstableHammer","floor":6},{"not_picked":["Runesmith:HammerAndChisel","Runesmith:ShiftingStrike"],"picked":"Runesmith:ChiselStab","floor":9},{"not_picked":["Runesmith:StaticCage","Runesmith:ShiftingStrike"],"picked":"Runesmith:Reinforce","floor":10},{"not_picked":["aspiration:UnbridledHammer","Runesmith:FieryHammer"],"picked":"Runesmith:ChargedHammer","floor":12},{"not_picked":["Runesmith:StaticCage","Runesmith:Prism"],"picked":"Runesmith:CraftMedicinae","floor":14},{"not_picked":["Runesmith:HammerThrow","Runesmith:Overpower"],"picked":"Runesmith:Grindstone","floor":15}],"player_experience":211970,"relics_obtained":[{"floor":5,"key":"LetterFromLob"},{"floor":7,"key":"Runesmith:EmergencyProvisions"},{"floor":14,"key":"Replay:WaspNest"}],"event_choices":[{"damage_healed":0,"gold_gain":0,"player_choice":"Leave","damage_taken":0,"max_hp_gain":0,"max_hp_loss":0,"event_name":"The Cleric","floor":2,"gold_loss":0}],"is_beta":false,"boss_relics":[],"items_purged_floors":[],"is_endless":false,"potions_floor_spawned":[6,12,15],"killed_by":"Fading Forest","ascension_level":0}}