{"host":"Squid","time":1612367642,"event":{"mods":["BaseMod","Minty Spire (QoL Compilation)","Reliquary","StSLib"],"gold_per_floor":[17,30,43,60,60,6,36,36,36,70,70,90,15,31,31,31,31],"floor_reached":16,"language":"ENG","playtime":606,"items_purged":[],"score":207,"play_id":"db221cfb-aefe-467a-b182-63a453a5c22f","local_time":"20210203105402","is_ascension_mode":true,"campfire_choices":[{"data":"True Grit","floor":8.0,"key":"SMITH"},{"floor":11.0,"key":"REST"},{"data":"Juggernaut","floor":15,"key":"SMITH"}],"circlet_count":0,"master_deck":["AscendersBane","Strike_R","Strike_R","Strike_R","Defend_R","Defend_R","Defend_R","Defend_R","Bash","Fiend Fire","Wild Strike","Armaments","Dark Embrace","Clothesline","Power Through","True Grit+1","Juggernaut+1","Anger"],"relics":["Burning Blood","Unceasing Top","Eternal Feather","Sundial"],"acts_visited":["Exordium"],"potions_floor_usage":[12,16,16],"damage_taken":[{"damage":7.0,"enemies":"Small Slimes","floor":1.0,"turns":3.0},{"damage":7.0,"enemies":"Jaw Worm","floor":2.0,"turns":5.0},{"damage":1.0,"enemies":"Cultist","floor":3.0,"turns":3.0},{"damage":6.0,"enemies":"Looter","floor":4.0,"turns":2.0},{"damage":40.0,"enemies":"Lagavulin","floor":7.0,"turns":10.0},{"damage":26.0,"enemies":"Gremlin Nob","floor":10.0,"turns":5.0},{"damage":11,"enemies":"Exordium Thugs","floor":12,"turns":5},{"damage":22,"enemies":"3 Louse","floor":14,"turns":3},{"damage":36,"enemies":"The Guardian","floor":16,"turns":10}],"seed_played":"-2676159187223230473","potions_obtained":[{"floor":3.0,"key":"Ancient Potion"},{"floor":7.0,"key":"GamblersBrew"},{"floor":10.0,"key":"Energy Potion"},{"floor":14,"key":"Energy Potion"}],"is_trial":false,"path_per_floor":["M","M","M","M","?","$","E","R","T","E","R","M","?","M","R","B"],"character_chosen":"IRONCLAD","items_purchased":["Strength Potion"],"campfire_rested":1,"item_purchase_floors":[6],"current_hp_per_floor":[67,66,71,71,71,71,37,37,37,17,48,43,43,27,36,0,0],"gold":31,"neow_bonus":"THREE_RARE_CARDS","is_daily":false,"chose_seed":false,"campfire_upgraded":2,"win_rate":0.0,"timestamp":1612367642,"path_taken":["M","M","M","M","?","$","E","R","T","E","R","M","?","M","R","BOSS"],"items_purchased_type":["Potion"],"build_version":"2020-12-18","purchased_purges":0,"victory":false,"max_hp_per_floor":[75,75,75,75,75,75,75,75,75,75,75,75,75,75,75,75,75],"card_choices":[{"not_picked":["Exhume","Corruption"],"picked":"Fiend Fire","floor":0.0},{"not_picked":["Wild Strike","Intimidate","Iron Wave"],"picked":"SKIP","floor":1.0},{"not_picked":["Intimidate","Iron Wave"],"picked":"Wild Strike","floor":1.0},{"not_picked":["Heavy Blade","Warcry"],"picked":"Armaments","floor":2.0},{"not_picked":["Infernal Blade","Thunderclap"],"picked":"Dark Embrace","floor":3.0},{"not_picked":["Dark Embrace","Body Slam"],"picked":"Clothesline","floor":4.0},{"not_picked":["Iron Wave","Armaments"],"picked":"True Grit","floor":7.0},{"not_picked":["Headbutt","Carnage"],"picked":"Juggernaut","floor":10.0},{"not_picked":["Cleave","Evolve"],"picked":"Anger","floor":12},{"not_picked":["Perfected Strike","Heavy Blade","Clothesline"],"picked":"SKIP","floor":14}],"player_experience":850508,"relics_obtained":[{"floor":7.0,"key":"Unceasing Top"},{"floor":9.0,"key":"Eternal Feather"},{"floor":10.0,"key":"Sundial"}],"event_choices":[{"damage_healed":0.0,"max_hp_gain":0.0,"max_hp_loss":0.0,"gold_gain":0.0,"cards_transformed":["Strike_R"],"event_name":"Living Wall","player_choice":"Change","floor":5.0,"gold_loss":0.0,"damage_taken":0.0,"cards_obtained":["Power Through"]},{"cards_removed":["Strike_R"],"damage_healed":0,"gold_gain":0,"player_choice":"Card Removal","damage_taken":0,"max_hp_gain":0,"max_hp_loss":0,"event_name":"The Cleric","floor":13,"gold_loss":75}],"is_beta":true,"boss_relics":[],"items_purged_floors":[],"is_endless":false,"potions_floor_spawned":[3,7,10,14],"killed_by":"The Guardian","ascension_level":17}}