{"host":"fortuna","time":1612362232,"event":{"mods":["100% Spire Juice","Act Like it!","Arknights","BaseMod","Downfall","Gensokyo","Hallownest","Luminous","Minty Spire (QoL Compilation)","Reimu£®≤©¿ˆ¡È√Œ£©","Relic Stats","StSLib","The Administrix","Waifu the Spire","WarShipGirlsR/’ΩΩ¢…Ÿ≈ÆR mod","Yakumo Yukari mod"],"gold_per_floor":[131,131,149,149,149,188,188,239,262,289,332,358,358,398,398,510,510,534,643,643,675,236,236,273,311,347,386,416,416,0,26,26,122,122,133,57,72,232,248,248,283,9,9,23,23,30,49,84,84,64,64,64,64,93,73],"floor_reached":56,"language":"ZHS","playtime":3498,"items_purged":["AT_purpleEX","Hallownest:curseDreamersLament"],"score":1907,"play_id":"af51f9cf-2695-4f29-afcf-f451a5d38b54","local_time":"20210203222352","is_ascension_mode":true,"campfire_choices":[{"floor":13.0,"key":"REST"},{"floor":15.0,"key":"REST"},{"data":"LoveAcrossDimensions_purple","floor":23.0,"key":"SMITH"},{"data":"Mirror_WaveAndshot_purple","floor":32,"key":"SMITH"},{"floor":40,"key":"RECALL"},{"data":"Mirror_FourBoundary_purple","floor":45,"key":"SMITH"},{"data":"BarrageBoundary_PipeDream_purple","floor":49,"key":"SMITH"},{"data":"AT_purpleEX","floor":52,"key":"PURGE"}],"circlet_count":0,"master_deck":["Defend_purpleEX","Defend_purpleEX+1","Defend_purpleEX","Defend_purpleEX+1","Observe_purple_1+1","Observe_purple_2+1","EighthInstrument_OneDividesIntoTwo_purple","MNeedle_purple","MonsterNeedle_purple","StateErode_purple","LoveAcrossDimensions_purple+1","PurpleNeedle_purple","Boundary_LifeAndDeath_purple+1","ProofOfUnderstanding_purple","MeetDecomposer_purple+1","WorldDissolvedintheRealm_purple+1","Mirror_WaveAndshot_purple+1","SfantasyHide_purple+1","CommonSense_AntiCommonSense_purple+1","WangLiang_OokamiKakushi_purple","DimensionStaggered_purple","Shallow_ocean_purpleEX","ExternalForce_HighSpeedFlying_purple","Shallow_ocean_purpleEX","Nest_LightFlightworm_purple+1","AdvanceAttack_purple+1","Know_ledgeAbilityRealm_purple","MetroBOOM_purple","ButterflyHabitatTemple_purple","Mirror_FourBoundary_purple+1","Shallow_ocean_purpleEX+1","CommonSense_AntiCommonSense_purple+1","Shallow_ocean_purpleEX","CommonSense_AntiCommonSense_purple","Poor:ReiMu","StateErode_purple","RuptureOfTimeAndSpace_purple+1","BarrageBoundary_PipeDream_purple+1","DimensionStaggered_purple","RealityDreamConfluencek_purple","OpenedBox_purple+1"],"relics":["Boundary_crack","Memoryfragments_purpleEX","Peace Pipe","Hallownest:DreamNailRelic","Hallownest:SalubrasBlessingRelic","Nunchaku","Orichalcum","Bag of Preparation","Cursed Key","Prayer Wheel","TungstenRod","Anchor","Medical Kit","Smiling Mask","PreservedInsect","Pocketwatch","Tiny Chest","SlaversCollar","Hallownest:GodTamersBeastRelic","Turnip","Bronze Scales","Centennial Puzzle","Lantern","Dead Branch","Antimatter_spacedebris"],"acts_visited":["Hallownest:Greenpath","Gensokyo:Gensokyoer","Hallownest:KingdomsEdge","TheEnding"],"potions_floor_usage":[55,55],"damage_taken":[{"damage":5.0,"enemies":"Hallownest:2_Tiktiks_and_1_Crawlid","floor":1.0,"turns":5.0},{"damage":1.0,"enemies":"Hallownest:2_Baldur","floor":3.0,"turns":5.0},{"damage":39.0,"enemies":"Hallownest:eliteCrystalGuardian","floor":6.0,"turns":7.0},{"damage":0.0,"enemies":"Hallownest:2_MossCreeps","floor":10.0,"turns":5.0},{"damage":8.0,"enemies":"Hallownest:eliteVengeflyKing","floor":11.0,"turns":8.0},{"damage":5.0,"enemies":"Hallownest:Guard_and_Warrior","floor":12.0,"turns":5.0},{"damage":22.0,"enemies":"Hallownest:eliteCrystalGuardian","floor":14.0,"turns":5.0},{"damage":19.0,"enemies":"Hallownest:BossFalseKnight","floor":16.0,"turns":7.0},{"damage":17.0,"enemies":"Gensokyo:CosmicMonolith","floor":18.0,"turns":4.0},{"damage":22.0,"enemies":"Gensokyo:CosmicMonolith","floor":19.0,"turns":7.0},{"damage":7.0,"enemies":"Gensokyo:3_Dogs","floor":21.0,"turns":4.0},{"damage":11.0,"enemies":"Gensokyo:Reisen","floor":24.0,"turns":5.0},{"damage":0.0,"enemies":"Gensokyo:3_Gloops","floor":25.0,"turns":4.0},{"damage":0.0,"enemies":"Gensokyo:Tenshi","floor":27.0,"turns":3.0},{"damage":1,"enemies":"Gensokyo:Swordslinger","floor":28,"turns":2},{"damage":0,"enemies":"Gensokyo:Reisen","floor":31,"turns":3},{"damage":0,"enemies":"Gensokyo:Eiki","floor":33,"turns":3},{"damage":1,"enemies":"Hallownest:2_Littles","floor":35,"turns":3},{"damage":6,"enemies":"Hallownest:Shield_Heavy","floor":37,"turns":3},{"damage":1,"enemies":"Hallownest:Shield_Heavy","floor":38,"turns":2},{"damage":0,"enemies":"Hallownest:Shield_Heavy","floor":38,"turns":3},{"damage":0,"enemies":"Hallownest:Shield_Heavy","floor":38,"turns":2},{"damage":0,"enemies":"Hallownest:Shield_Heavy","floor":38,"turns":2},{"damage":0,"enemies":"Hallownest:2_Wing_and_1_Kings","floor":39,"turns":1},{"damage":0,"enemies":"Hallownest:eliteCollector","floor":41,"turns":2},{"damage":25,"enemies":"Hallownest:2_Wandering_and_1_Horned","floor":44,"turns":4},{"damage":0,"enemies":"Hallownest:eliteHiveKnight","floor":46,"turns":4},{"damage":0,"enemies":"Hallownest:Xero_Hu_Marmu","floor":47,"turns":1},{"damage":0,"enemies":"Hallownest:StalkingDevout","floor":48,"turns":2},{"damage":0,"enemies":"Hallownest:BossGreyPrinceZote","floor":50,"turns":3},{"damage":0,"enemies":"Shield and Spear","floor":54,"turns":1},{"damage":81,"enemies":"The Heart","floor":55,"turns":6}],"seed_played":"-8661568792600922079","potions_obtained":[{"floor":10.0,"key":"SpeedPotion"},{"floor":12.0,"key":"LiquidBronze"},{"floor":14.0,"key":"SpeedPotion"},{"floor":16.0,"key":"BlessingOfTheForge"},{"floor":25.0,"key":"champ:CounterPotion"}],"is_trial":false,"path_per_floor":["M","?","M","?","?","E","?","T","T","M","E","M","R","E","R","B",null,"M","?","?","M","$","R","E","M","T","E","M","?","?","E","R","B",null,"M","$","M","?","M","R","E","$","T","M","R","E","M","E","R","B",null,"R","$","E","B",null],"character_chosen":"Youkari","items_purchased":["CommonSense_AntiCommonSense_purple","Anchor","Medical Kit","Mirror_FourBoundary_purple","Bronze Scales","CommonSense_AntiCommonSense_purple"],"campfire_rested":2,"item_purchase_floors":[22,22,22,36,42,42],"current_hp_per_floor":[46,46,47,47,55,16,16,16,16,17,9,5,30,9,35,17,82,67,46,46,41,41,41,34,34,34,37,39,39,39,40,40,43,82,81,81,80,82,82,82,82,82,82,60,60,65,67,68,68,71,82,82,82,82,6],"gold":73,"neow_bonus":"ONE_RARE_RELIC","is_daily":false,"chose_seed":false,"campfire_upgraded":4,"win_rate":0.0,"timestamp":1612362232,"path_taken":["M","?","?","?","?","E","?","?","T","M","E","M","R","E","R","BOSS","M","?","?","?","?","R","E","M","T","E","M","?","?","E","R","BOSS","M","$","?","?","M","R","E","$","T","M","R","E","M","E","R","BOSS","R","$","E","BOSS"],"items_purchased_type":["Card","Relic","Relic","Card","Relic","Card"],"build_version":"2020-12-18","purchased_purges":2,"victory":true,"max_hp_per_floor":[70,70,70,70,78,78,78,78,78,78,78,78,80,80,82,82,82,82,82,82,82,82,82,82,82,82,82,82,82,82,82,82,82,82,82,82,82,82,82,82,82,82,82,82,82,82,82,82,82,82,82,82,82,82,82],"relic_stats":{"counters":[32,121],"Dead Branch":[23],"PreservedInsect":336,"Bag of Preparation":[50],"Orichalcum":[18],"Cursed Key":2,"Medical Kit":[3],"Smiling Mask":50,"Peace Pipe":1,"Nunchaku":[29],"Centennial Puzzle":[6],"Bronze Scales":[128],"Prayer Wheel":8,"Tiny Chest":0,"Turnip":[2],"obtain_stats":[{"Lantern":46,"Antimatter_spacedebris":54,"CeramicFish":6,"Hallownest:DreamNailRelic":2,"Bag of Preparation":14,"Cursed Key":17,"Smiling Mask":24,"Hallownest:GodTamersBeastRelic":38,"Nunchaku":9,"Centennial Puzzle":43,"Prayer Wheel":19,"Tiny Chest":31,"Hallownest:SalubrasBlessingRelic":7,"Dead Branch":48,"PreservedInsect":26,"Boundary_crack":0,"Orichalcum":11,"Medical Kit":22,"Peace Pipe":0,"SlaversCollar":34,"Anchor":22,"Bronze Scales":42,"Turnip":41,"TungstenRod":19,"Memoryfragments_purpleEX":0,"Pocketwatch":27},{"Lantern":27,"Antimatter_spacedebris":31,"CeramicFish":3,"Hallownest:DreamNailRelic":1,"Bag of Preparation":7,"Cursed Key":8,"Smiling Mask":12,"Hallownest:GodTamersBeastRelic":23,"Nunchaku":3,"Centennial Puzzle":25,"Prayer Wheel":10,"Tiny Chest":16,"Hallownest:SalubrasBlessingRelic":3,"Dead Branch":29,"PreservedInsect":13,"Boundary_crack":0,"Orichalcum":5,"Medical Kit":11,"Peace Pipe":0,"SlaversCollar":17,"Anchor":11,"Bronze Scales":25,"Turnip":25,"TungstenRod":10,"Memoryfragments_purpleEX":0,"Pocketwatch":14},{"Lantern":108,"Antimatter_spacedebris":115,"CeramicFish":17,"Hallownest:DreamNailRelic":5,"Bag of Preparation":40,"Cursed Key":47,"Smiling Mask":67,"Hallownest:GodTamersBeastRelic":97,"Nunchaku":17,"Centennial Puzzle":100,"Prayer Wheel":58,"Tiny Chest":79,"Hallownest:SalubrasBlessingRelic":17,"Dead Branch":111,"PreservedInsect":71,"Boundary_crack":0,"Orichalcum":30,"Medical Kit":62,"Peace Pipe":0,"SlaversCollar":82,"Anchor":62,"Bronze Scales":100,"Turnip":100,"TungstenRod":58,"Memoryfragments_purpleEX":0,"Pocketwatch":74}],"TungstenRod":34,"Pocketwatch":[3]},"card_choices":[{"not_picked":["Mirror_FormAndEmptin_purple","RuleDissolution_purple"],"picked":"EighthInstrument_OneDividesIntoTwo_purple","floor":1.0},{"not_picked":["Fantasy_PerpetualMotionMachine_purple","Bait_Toxicbait_purple"],"picked":"MNeedle_purple","floor":3.0},{"not_picked":["StretchesForeverDream_purple","SharpContractionReality_purple"],"picked":"MonsterNeedle_purple","floor":6.0},{"not_picked":["Realm_recovery_purpleEX","Boundary_LightAndDark_purple"],"picked":"StateErode_purple","floor":10.0},{"not_picked":["MagicEyes_LaplaceDemon_purple","MNeedle_purple"],"picked":"LoveAcrossDimensions_purple","floor":11.0},{"not_picked":["ExistenceContinue_purple","MeetDecomposer_purple"],"picked":"PurpleNeedle_purple","floor":12.0},{"not_picked":["Mirror_WaveAndshot_purple","Worldmountain_purple"],"picked":"Boundary_LifeAndDeath_purple","floor":14.0},{"not_picked":["Computing_the_future_purpleEX","BarrageBoundary_PipeDream_purple"],"picked":"ProofOfUnderstanding_purple","floor":16.0},{"not_picked":["Realm_recovery_purpleEX","Line_surface_state_purple"],"picked":"MeetDecomposer_purple+1","floor":18.0},{"not_picked":["Extrememeaning_purpleEX","Mirror_Drifter_purple+1"],"picked":"WorldDissolvedintheRealm_purple+1","floor":19.0},{"not_picked":["SharpContractionReality_purple","RuleDissolution_purple"],"picked":"Mirror_WaveAndshot_purple","floor":21.0},{"not_picked":["WorldDissolvedintheRealm_purple","RuleDissolution_purple"],"picked":"SfantasyHide_purple+1","floor":21.0},{"not_picked":["Extrememeaning_purpleEX","Mirror_TwoAndThreeElementRealm_purple"],"picked":"WangLiang_OokamiKakushi_purple","floor":24.0},{"not_picked":["Line_surface_state_purple","MNeedle_purple"],"picked":"DimensionStaggered_purple","floor":25.0},{"not_picked":["MeetDecomposer_purple","Fantasy_PerpetualMotionMachine_purple+1"],"picked":"Shallow_ocean_purpleEX","floor":25.0},{"not_picked":["RuleDissolution_purple","Boundary_LightAndDark_purple"],"picked":"ExternalForce_HighSpeedFlying_purple","floor":27.0},{"not_picked":["Mirror_FormAndEmptin_purple","ExistenceContinue_purple"],"picked":"Shallow_ocean_purpleEX","floor":28},{"not_picked":["StateDuplicate_purple","OmniscientAndOmnipotent_Monster_purple"],"picked":"Nest_LightFlightworm_purple+1","floor":28},{"not_picked":["Bait_Toxicbait_purple","DimensionStaggered_purple"],"picked":"AdvanceAttack_purple+1","floor":31},{"not_picked":["ContainerChange_purple","UniverseChoice_purple"],"picked":"Know_ledgeAbilityRealm_purple","floor":33},{"not_picked":["Worldmountain_purple","SharpContractionReality_purple+1"],"picked":"MetroBOOM_purple","floor":35},{"not_picked":["Line_surface_state_purple","Boundary_ObjectiveBoundary_purple"],"picked":"ButterflyHabitatTemple_purple","floor":35},{"not_picked":["PurpleNeedle_purple+1","WorldDissolvedintheRealm_purple"],"picked":"Shallow_ocean_purpleEX+1","floor":37},{"not_picked":["StateDuplicate_purple+1","Line_surface_state_purple"],"picked":"CommonSense_AntiCommonSense_purple+1","floor":37},{"not_picked":["LoveAcrossDimensions_purple","AdvanceAttack_purple"],"picked":"Shallow_ocean_purpleEX","floor":39},{"not_picked":["SfantasyHide_purple","Mirror_FormAndEmptin_purple","Realm_recovery_purpleEX"],"picked":"SKIP","floor":39},{"not_picked":["MeetDecomposer_purple","StateErode_purple","RuleDissolution_purple+1"],"picked":"SKIP","floor":41},{"not_picked":["Worldmountain_purple","Mirror_FormAndEmptin_purple"],"picked":"StateErode_purple","floor":44},{"not_picked":["Yakumo_Ran_purple","Worldmountain_purple+1"],"picked":"RuptureOfTimeAndSpace_purple+1","floor":44},{"not_picked":["Mirror_Drifter_purple","StateDuplicate_purple"],"picked":"BarrageBoundary_PipeDream_purple","floor":46},{"not_picked":["Bait_HighSpeedFlying_purple","Realm_recovery_purpleEX+1"],"picked":"DimensionStaggered_purple","floor":47},{"not_picked":["Boundary_DynamicStaticEquilibrium_purple+1","Umbrella_purple","Mirror_Drifter_purple+1"],"picked":"SKIP","floor":47},{"not_picked":["EighthInstrument_OneDividesIntoTwo_purple+1","MeetDecomposer_purple+1"],"picked":"RealityDreamConfluencek_purple","floor":48},{"not_picked":["MeetDecomposer_purple+1","ExistenceContinue_purple"],"picked":"OpenedBox_purple+1","floor":54}],"player_experience":317270,"relics_obtained":[{"floor":6.0,"key":"CeramicFish"},{"floor":9.0,"key":"Nunchaku"},{"floor":11.0,"key":"Orichalcum"},{"floor":14.0,"key":"Bag of Preparation"},{"floor":19.0,"key":"Prayer Wheel"},{"floor":19.0,"key":"TungstenRod"},{"floor":24.0,"key":"Smiling Mask"},{"floor":26.0,"key":"PreservedInsect"},{"floor":27.0,"key":"Pocketwatch"},{"floor":31,"key":"Tiny Chest"},{"floor":41,"key":"Turnip"},{"floor":43,"key":"Centennial Puzzle"},{"floor":46,"key":"Lantern"},{"floor":48,"key":"Dead Branch"},{"floor":54,"key":"Antimatter_spacedebris"}],"event_choices":[],"is_beta":true,"boss_relics":[{"not_picked":["Fusion Hammer","Ectoplasm"],"picked":"Cursed Key"},{"not_picked":["Runic Pyramid","Seventeenyearold_girl_Forever"],"picked":"SlaversCollar"}],"items_purged_floors":[22,42],"is_endless":false,"potions_floor_spawned":[10,12,14,16,25,27,33,37,38,46,48,54],"ascension_level":4}}