{"host":"jlk2k69f9c6o7b3e","time":1612323216,"event":{"mods":["AchievementEnabler","BaseMod","Minty Spire (QoL Compilation)","StSLib"],"gold_per_floor":[211,227,239,256,273,308,308,326,326,4,20,46,107,107,107,209,209,224,224,224,234,249,283,283,294,294,52,86,106,136,166,178,295,307,335,347,410,422,452,499,511,539,551,573,381,414,414,430,430,430],"floor_reached":51,"language":"ZHS","playtime":5396,"items_purged":["Defend_B","Pain","Defend_B"],"score":1084,"play_id":"f8f6eaf8-085b-4ed6-a74e-b4042c7b61f8","local_time":"20210203113336","is_ascension_mode":true,"campfire_choices":[{"data":"Hologram","floor":15.0,"key":"SMITH"},{"data":"Seek","floor":24.0,"key":"SMITH"},{"data":"Scrape","floor":32.0,"key":"SMITH"},{"data":"Aggregate","floor":49,"key":"SMITH"}],"circlet_count":0,"master_deck":["Defend_B","Defend_B","Zap","Dualcast","Rebound","Auto Shields","Sweeping Beam","Gash","Gash","Conserve Battery","Hologram+1","Deep Breath","Scrape","Gash","Scrape+1","Seek+1","Hologram","Bite","Bite","Bite","Bite","Bite","Hologram","Go for the Eyes","All For One","Go for the Eyes","Good Instincts","Reprogram+1","Gash","Buffer","Gash","Beam Cell","Gash","Aggregate+1","Go for the Eyes","Aggregate+1","Aggregate+1"],"relics":["Cracked Core","Boot","HornCleat","Pen Nib","Nunchaku","Unceasing Top","Mummified Hand","Philosopher\u0027s Stone","WarpedTongs","Juzu Bracelet","Letter Opener","Akabeko","MawBank","Runic Pyramid","Pocketwatch","Bottled Flame","CaptainsWheel","Kunai","Sundial"],"acts_visited":["Exordium","TheCity","TheBeyond"],"potions_floor_usage":[],"damage_taken":[{"damage":1.0,"enemies":"Cultist","floor":1.0,"turns":3.0},{"damage":3.0,"enemies":"Jaw Worm","floor":2.0,"turns":4.0},{"damage":0.0,"enemies":"Small Slimes","floor":3.0,"turns":2.0},{"damage":4.0,"enemies":"3 Louse","floor":4.0,"turns":3.0},{"damage":1.0,"enemies":"Looter","floor":5.0,"turns":3.0},{"damage":16.0,"enemies":"Gremlin Nob","floor":6.0,"turns":3.0},{"damage":0.0,"enemies":"2 Fungi Beasts","floor":8.0,"turns":3.0},{"damage":6.0,"enemies":"Red Slaver","floor":11.0,"turns":2.0},{"damage":26.0,"enemies":"Lagavulin","floor":12.0,"turns":5.0},{"damage":0.0,"enemies":"Gremlin Nob","floor":13.0,"turns":2.0},{"damage":25.0,"enemies":"Slime Boss","floor":16.0,"turns":5.0},{"damage":0.0,"enemies":"Shell Parasite","floor":18.0,"turns":2.0},{"damage":2.0,"enemies":"Chosen","floor":21.0,"turns":3.0},{"damage":8.0,"enemies":"Shelled Parasite and Fungi","floor":22.0,"turns":3.0},{"damage":15.0,"enemies":"Gremlin Leader","floor":23.0,"turns":5.0},{"damage":25.0,"enemies":"3 Cultists","floor":25.0,"turns":5.0},{"damage":0.0,"enemies":"Book of Stabbing","floor":28.0,"turns":3.0},{"damage":10.0,"enemies":"Cultist and Chosen","floor":29.0,"turns":3.0},{"damage":10.0,"enemies":"Slavers","floor":30.0,"turns":3.0},{"damage":4.0,"enemies":"Centurion and Healer","floor":31.0,"turns":2.0},{"damage":5.0,"enemies":"Collector","floor":33.0,"turns":4.0},{"damage":20.0,"enemies":"3 Darklings","floor":35.0,"turns":3.0},{"damage":8.0,"enemies":"2 Orb Walkers","floor":37.0,"turns":5.0},{"damage":0.0,"enemies":"3 Shapes","floor":39.0,"turns":2.0},{"damage":1.0,"enemies":"Giant Head","floor":40.0,"turns":4.0},{"damage":7.0,"enemies":"Writhing Mass","floor":42.0,"turns":2.0},{"damage":0.0,"enemies":"Maw","floor":44.0,"turns":1.0},{"damage":0.0,"enemies":"Nemesis","floor":46.0,"turns":1.0},{"damage":18,"enemies":"Sphere and 2 Shapes","floor":48,"turns":2},{"damage":0,"enemies":"Donu and Deca","floor":50,"turns":1}],"seed_played":"-5855825075469051357","potions_obtained":[{"floor":2.0,"key":"SneckoOil"},{"floor":4.0,"key":"Fire Potion"},{"floor":5.0,"key":"FearPotion"},{"floor":11.0,"key":"Regen Potion"},{"floor":16.0,"key":"Weak Potion"},{"floor":22.0,"key":"EssenceOfSteel"},{"floor":29.0,"key":"BlessingOfTheForge"},{"floor":30.0,"key":"EssenceOfSteel"},{"floor":35.0,"key":"Block Potion"},{"floor":40.0,"key":"PowerPotion"},{"floor":44.0,"key":"BlessingOfTheForge"},{"floor":46.0,"key":"SkillPotion"}],"is_trial":false,"path_per_floor":["M","M","M","M","M","E","?","M","T","$","M","E","?","?","R","B",null,"M","?","?","M","M","E","R","M","T","$","E","M","E","M","R","B",null,"M","?","?","$","M","E","T","M","T","M","$","E","?","M","R","B",null],"character_chosen":"DEFECT","items_purchased":["Pen Nib","Deep Breath","Go for the Eyes","Good Instincts","Aggregate"],"campfire_rested":0,"item_purchase_floors":[10,10,27,27,45],"current_hp_per_floor":[74,71,71,67,66,50,50,50,50,50,44,30,30,27,27,2,75,75,52,52,52,52,49,49,37,37,37,44,45,40,39,39,44,52,36,36,44,44,46,47,47,42,42,49,49,49,45,31,31,45],"gold":430,"neow_bonus":"HUNDRED_GOLD","is_daily":false,"chose_seed":false,"campfire_upgraded":4,"win_rate":0.0,"timestamp":1612323216,"path_taken":["M","M","M","M","?","E","?","M","T","$","M","E","?","?","R","BOSS","M","?","?","?","?","E","R","M","T","$","E","M","E","M","R","BOSS","M","?","?","?","M","E","?","M","T","M","$","E","?","M","R","BOSS"],"items_purchased_type":["Relic","Card","Card","Card","Card"],"build_version":"2020-12-22","purchased_purges":3,"victory":true,"max_hp_per_floor":[75,75,75,75,75,75,75,75,75,75,75,75,75,75,75,75,75,75,52,52,52,52,52,52,52,52,52,52,52,52,52,52,52,52,52,49,49,49,49,49,49,49,49,49,49,49,49,49,49,49],"card_choices":[{"not_picked":["Ball Lightning","Barrage"],"picked":"Rebound","floor":1.0},{"not_picked":["Doom and Gloom","Cold Snap"],"picked":"Auto Shields","floor":2.0},{"not_picked":["Chill","Double Energy"],"picked":"Sweeping Beam","floor":3.0},{"not_picked":["Stack","Chill"],"picked":"Gash","floor":4.0},{"not_picked":["Steam","Sweeping Beam"],"picked":"Gash","floor":5.0},{"not_picked":["Double Energy","Rainbow"],"picked":"Conserve Battery","floor":6.0},{"not_picked":["Rebound","Tempest"],"picked":"Hologram","floor":8.0},{"not_picked":["Tempest","Force Field"],"picked":"Scrape","floor":11.0},{"not_picked":["Consume","White Noise"],"picked":"Gash","floor":12.0},{"not_picked":["Genetic Algorithm","Chaos"],"picked":"Scrape","floor":13.0},{"not_picked":["Meteor Strike","Buffer"],"picked":"Seek","floor":16.0},{"not_picked":["Rebound+1","Barrage+1"],"picked":"Hologram","floor":18.0},{"not_picked":["Coolheaded","Compile Driver+1"],"picked":"Hologram","floor":21.0},{"not_picked":["Capacitor+1","Recycle","Streamline"],"picked":"SKIP","floor":22.0},{"not_picked":["Blizzard","Coolheaded"],"picked":"Go for the Eyes","floor":23.0},{"not_picked":["Barrage+1","Doom and Gloom"],"picked":"All For One","floor":25.0},{"not_picked":["Barrage","Thunder Strike","Stack"],"picked":"SKIP","floor":28.0},{"not_picked":["White Noise","Stack"],"picked":"Reprogram+1","floor":29.0},{"not_picked":["Fusion","Leap"],"picked":"Gash","floor":30.0},{"not_picked":["Streamline","Doom and Gloom","Coolheaded"],"picked":"SKIP","floor":31.0},{"not_picked":["Core Surge","Fission"],"picked":"Buffer","floor":33.0},{"not_picked":["Steam","Ball Lightning"],"picked":"Gash","floor":35.0},{"not_picked":["Streamline","Barrage"],"picked":"Beam Cell","floor":37.0},{"not_picked":["Conserve Battery","Fusion+1"],"picked":"Gash","floor":39.0},{"not_picked":["Double Energy","Stack"],"picked":"Aggregate+1","floor":40.0},{"not_picked":["Echo Form","Self Repair+1","Streamline"],"picked":"SKIP","floor":42.0},{"not_picked":["Compile Driver+1","Barrage+1"],"picked":"Go for the Eyes","floor":44.0},{"not_picked":["Barrage","Conserve Battery+1","Doom and Gloom+1"],"picked":"SKIP","floor":46.0},{"not_picked":["Turbo+1","Stack+1"],"picked":"Aggregate+1","floor":48}],"player_experience":322096,"relics_obtained":[{"floor":6.0,"key":"Boot"},{"floor":9.0,"key":"HornCleat"},{"floor":12.0,"key":"Nunchaku"},{"floor":13.0,"key":"Unceasing Top"},{"floor":23.0,"key":"Juzu Bracelet"},{"floor":26.0,"key":"Letter Opener"},{"floor":28.0,"key":"Akabeko"},{"floor":30.0,"key":"MawBank"},{"floor":37.0,"key":"Pocketwatch"},{"floor":40.0,"key":"Bottled Flame"},{"floor":41.0,"key":"CaptainsWheel"},{"floor":43.0,"key":"Kunai"},{"floor":46.0,"key":"Sundial"}],"event_choices":[{"cards_removed":["Strike_B"],"damage_healed":0.0,"max_hp_gain":0.0,"max_hp_loss":0.0,"gold_gain":0.0,"event_name":"Living Wall","player_choice":"Forget","floor":7.0,"gold_loss":0.0,"damage_taken":0.0},{"damage_healed":0.0,"max_hp_gain":0.0,"max_hp_loss":0.0,"gold_gain":0.0,"event_name":"Dead Adventurer","player_choice":"Searched \u00271\u0027 times","floor":13.0,"gold_loss":0.0,"damage_taken":0.0},{"damage_healed":0.0,"max_hp_gain":0.0,"max_hp_loss":0.0,"gold_gain":0.0,"event_name":"Scrap Ooze","player_choice":"Success","floor":14.0,"gold_loss":0.0,"damage_taken":3.0,"relics_obtained":["Mummified Hand"]},{"damage_healed":0.0,"max_hp_gain":0.0,"max_hp_loss":23.0,"gold_gain":0.0,"event_name":"Vampires","player_choice":"Became a vampire","floor":19.0,"gold_loss":0.0,"damage_taken":0.0,"cards_obtained":["Bite","Bite","Bite","Bite","Bite"]},{"damage_healed":0.0,"max_hp_gain":0.0,"max_hp_loss":0.0,"gold_gain":0.0,"event_name":"Accursed Blacksmith","player_choice":"Rummage","floor":20.0,"gold_loss":0.0,"damage_taken":0.0,"relics_obtained":["WarpedTongs"],"cards_obtained":["Pain"]},{"damage_healed":0.0,"max_hp_gain":0.0,"max_hp_loss":3.0,"gold_gain":0.0,"event_name":"Winding Halls","player_choice":"Max HP","floor":36.0,"gold_loss":0.0,"damage_taken":0.0},{"damage_healed":0.0,"max_hp_gain":0.0,"max_hp_loss":0.0,"gold_gain":0.0,"event_name":"Mysterious Sphere","player_choice":"Fight","floor":37.0,"gold_loss":0.0,"damage_taken":0.0},{"damage_healed":0,"gold_gain":0,"player_choice":"Damaged","damage_taken":4,"max_hp_gain":0,"max_hp_loss":0,"event_name":"Wheel of Change","floor":47,"gold_loss":0}],"is_beta":false,"boss_relics":[{"not_picked":["Astrolabe","FrozenCore"],"picked":"Philosopher\u0027s Stone"},{"not_picked":["Tiny House","Snecko Eye"],"picked":"Runic Pyramid"}],"items_purged_floors":[10,27,45],"is_endless":false,"potions_floor_spawned":[2,4,5,11,16,22,25,29,30,35,40,44,46],"ascension_level":3}}