{"host":"bf5upntvbdompq33","time":1612390459,"event":{"mods":["BaseMod","Colored Map","Colored Powertips","Curses Come First","Minty Spire (QoL Compilation)","StSLib","The Hierophant","The Mystic"],"gold_per_floor":[116,67,85,99,99,99,112,112,112,132,132,148,163,188,188,260,260,272,272,287,61,79,79,79,79],"floor_reached":24,"language":"ENG","playtime":1347,"items_purged":["Rampage+1"],"score":383,"play_id":"68b710ba-45fd-4f0f-bee3-0a3a5ab34e33","local_time":"20210203151419","is_ascension_mode":true,"campfire_choices":[{"data":"Body Slam","floor":6,"key":"SMITH"},{"data":"Body Slam","floor":8,"key":"SMITH"},{"data":"Barricade","floor":11,"key":"SMITH"},{"data":"Armaments","floor":15,"key":"SMITH"},{"data":"Impervious","floor":23,"key":"SMITH"}],"circlet_count":0,"master_deck":["AscendersBane","Defend_R","Defend_R","Defend_R","Bash","Barricade+1","Body Slam+1","Body Slam+1","Power Through","Armaments+1","Power Through","Shockwave","Impervious+1","Spot Weakness+1","Armaments+1"],"relics":["Burning Blood","White Beast Statue","StoneCalendar","Astrolabe","TheAbacus"],"acts_visited":["Exordium","TheCity"],"potions_floor_usage":[24,24],"damage_taken":[{"damage":8,"enemies":"Jaw Worm","floor":1,"turns":5},{"damage":10,"enemies":"Small Slimes","floor":3,"turns":7},{"damage":10,"enemies":"Cultist","floor":4,"turns":5},{"damage":1,"enemies":"Looter","floor":7,"turns":3},{"damage":0,"enemies":"Large Slime","floor":10,"turns":5},{"damage":0,"enemies":"3 Louse","floor":12,"turns":4},{"damage":1,"enemies":"Looter","floor":13,"turns":3},{"damage":36,"enemies":"Gremlin Nob","floor":14,"turns":5},{"damage":8,"enemies":"Slime Boss","floor":16,"turns":11},{"damage":19,"enemies":"Spheric Guardian","floor":18,"turns":6},{"damage":0,"enemies":"Shell Parasite","floor":20,"turns":6},{"damage":0,"enemies":"Centurion and Healer","floor":22,"turns":9},{"damage":50,"enemies":"Slavers","floor":24,"turns":6}],"seed_played":"-5721400713036732669","potions_obtained":[{"floor":3,"key":"Swift Potion"},{"floor":4,"key":"EssenceOfSteel"},{"floor":10,"key":"DuplicationPotion"},{"floor":13,"key":"BloodPotion"},{"floor":18,"key":"Explosive Potion"}],"is_trial":false,"path_per_floor":["M","$","M","M","?","R","M","R","T","M","R","M","M","E","R","B",null,"M","?","M","$","M","R","E"],"character_chosen":"IRONCLAD","items_purchased":["Body Slam","TheAbacus"],"campfire_rested":0,"item_purchase_floors":[2,21],"current_hp_per_floor":[66,66,62,58,51,51,56,56,56,62,62,68,68,38,38,36,60,47,35,41,41,47,47,0,0],"gold":79,"neow_bonus":"TRANSFORM_TWO_CARDS","is_daily":false,"chose_seed":false,"campfire_upgraded":5,"win_rate":0.0,"timestamp":1612390459,"path_taken":["M","$","M","M","?","R","M","R","T","M","R","M","M","E","R","BOSS","M","?","M","$","M","R","E"],"items_purchased_type":["Card","Relic"],"build_version":"2020-12-22","purchased_purges":1,"victory":false,"max_hp_per_floor":[68,68,68,68,68,68,68,68,68,68,68,68,68,68,68,68,68,68,73,73,73,73,73,73,73],"card_choices":[{"not_picked":["Havoc","Wild Strike","Dropkick"],"picked":"SKIP","floor":1},{"not_picked":["Havoc","Cleave","Inflame"],"picked":"SKIP","floor":3},{"not_picked":["Burning Pact","Anger"],"picked":"Power Through","floor":4},{"not_picked":["True Grit","Uppercut"],"picked":"Armaments","floor":7},{"not_picked":["True Grit","Anger","Seeing Red"],"picked":"SKIP","floor":10},{"not_picked":["Havoc","Corruption","Flex"],"picked":"SKIP","floor":12},{"not_picked":["Clothesline","Pommel Strike"],"picked":"Power Through","floor":13},{"not_picked":["Armaments","Anger"],"picked":"Shockwave","floor":14},{"not_picked":["Offering","Limit Break"],"picked":"Impervious","floor":16},{"not_picked":["Wild Strike","Clothesline","Clash"],"picked":"SKIP","floor":18},{"not_picked":["Dark Embrace","Sentinel","Warcry"],"picked":"SKIP","floor":20},{"not_picked":["Spot Weakness","Perfected Strike","Seeing Red"],"picked":"SKIP","floor":22}],"player_experience":1380599,"relics_obtained":[{"floor":9,"key":"White Beast Statue"},{"floor":14,"key":"StoneCalendar"}],"event_choices":[{"cards_removed":["Strike_R"],"damage_healed":0,"gold_gain":0,"player_choice":"Card Removal","damage_taken":7,"max_hp_gain":0,"max_hp_loss":0,"event_name":"Golden Wing","floor":5,"gold_loss":0},{"damage_healed":0,"gold_gain":0,"player_choice":"Shed Blood","damage_taken":17,"max_hp_gain":5,"max_hp_loss":0,"event_name":"Forgotten Altar","floor":19,"gold_loss":0}],"is_beta":false,"boss_relics":[{"not_picked":["Black Blood","Calling Bell"],"picked":"Astrolabe"}],"items_purged_floors":[21],"is_endless":false,"potions_floor_spawned":[3,4,10,12,13,14,16,18,20,22],"killed_by":"Slavers","ascension_level":14}}