{"host":"7qoz5gmva6til3yp","time":1612371248,"event":{"mods":["AchievementEnabler","BaseMod","Minty Spire (QoL Compilation)","StSLib","SuperFastMode"],"gold_per_floor":[117,117,192,192,18,47,47,72,72,103,121,121,141,153,153,239,266,283,283,297,222,147,179,202,241,321,362,386,404,434,447,447,519,519,531,540,404,413,426,459,459,293,369,385,405,405,425,425,425,425,425],"floor_reached":50,"language":"KOR","playtime":1646,"items_purged":["Strike_R","Bash+1","Thunderclap"],"score":1386,"play_id":"02346f5c-3aa1-4b2d-a4e8-3d44be8a55ba","local_time":"20210204015408","is_ascension_mode":true,"campfire_choices":[{"data":"Offering","floor":7,"key":"SMITH"},{"data":"Blood for Blood","floor":12,"key":"SMITH"},{"data":"Bash","floor":15,"key":"SMITH"},{"data":"Double Tap","floor":32,"key":"SMITH"},{"data":"Trip","floor":41,"key":"SMITH"},{"data":"Burning Pact","floor":46,"key":"SMITH"},{"data":"Rage","floor":49,"key":"SMITH"}],"circlet_count":0,"master_deck":["AscendersBane","Defend_R","Defend_R","Defend_R","Second Wind","Offering+1","Blood for Blood+1","Shrug It Off","Dropkick","Double Tap+1","Pummel+1","Warcry+1","Dropkick+1","Seeing Red+1","Rage+1","Trip+1","Burning Pact+1","Offering+1","Flash of Steel"],"relics":["Burning Blood","Bronze Scales","Tiny Chest","Regal Pillow","Bottled Lightning","CeramicFish","Astrolabe","Bag of Preparation","Oddly Smooth Stone","Red Skull","The Courier","Strawberry","PreservedInsect","Busted Crown","Orichalcum","Sundial","Ornamental Fan"],"acts_visited":["Exordium","TheCity","TheBeyond"],"potions_floor_usage":[6,10,16,33,45,50],"damage_taken":[{"damage":19,"enemies":"Jaw Worm","floor":1,"turns":4},{"damage":49,"enemies":"Gremlin Nob","floor":6,"turns":5},{"damage":51,"enemies":"Lagavulin","floor":8,"turns":8},{"damage":27,"enemies":"3 Sentries","floor":10,"turns":6},{"damage":6,"enemies":"Small Slimes","floor":11,"turns":2},{"damage":6,"enemies":"Cultist","floor":13,"turns":2},{"damage":8,"enemies":"Large Slime","floor":14,"turns":3},{"damage":139,"enemies":"Slime Boss","floor":16,"turns":17},{"damage":11,"enemies":"Shell Parasite","floor":18,"turns":3},{"damage":11,"enemies":"3 Byrds","floor":20,"turns":3},{"damage":29,"enemies":"Slavers","floor":23,"turns":5},{"damage":45,"enemies":"Gremlin Leader","floor":25,"turns":3},{"damage":16,"enemies":"Slavers","floor":27,"turns":3},{"damage":6,"enemies":"Cultist and Chosen","floor":28,"turns":3},{"damage":6,"enemies":"Chosen and Byrds","floor":29,"turns":2},{"damage":6,"enemies":"Gremlin Leader","floor":30,"turns":2},{"damage":6,"enemies":"Snake Plant","floor":31,"turns":2},{"damage":6,"enemies":"Champ","floor":33,"turns":5},{"damage":15,"enemies":"3 Shapes","floor":35,"turns":3},{"damage":12,"enemies":"Orb Walker","floor":39,"turns":2},{"damage":12,"enemies":"Reptomancer","floor":40,"turns":2},{"damage":6,"enemies":"Transient","floor":44,"turns":2},{"damage":12,"enemies":"Writhing Mass","floor":45,"turns":2},{"damage":12,"enemies":"Spire Growth","floor":47,"turns":2},{"damage":64,"enemies":"Time Eater","floor":50,"turns":4}],"seed_played":"2712887822615874283","potions_obtained":[{"floor":1,"key":"Weak Potion"},{"floor":8,"key":"Fire Potion"},{"floor":13,"key":"DuplicationPotion"},{"floor":16,"key":"Fruit Juice"},{"floor":28,"key":"Swift Potion"},{"floor":35,"key":"SpeedPotion"},{"floor":45,"key":"BlessingOfTheForge"}],"is_trial":false,"path_per_floor":["M","?","?","?","$","E","R","E","T","E","M","R","M","M","R","B",null,"M","?","M","$","?","E","T","E","T","E","M","M","E","M","R","B",null,"M","?","$","?","M","E","R","$","T","M","M","R","M","T","R","B"],"character_chosen":"IRONCLAD","items_purchased":["Offering","Burning Pact","Flash of Steel"],"campfire_rested":0,"item_purchase_floors":[5,37,42],"current_hp_per_floor":[62,51,40,33,33,60,60,15,15,64,64,64,64,62,62,69,79,74,74,69,69,69,46,46,49,49,46,46,46,46,46,46,46,78,69,59,59,59,53,47,47,47,47,47,46,46,40,40,40,0,0],"gold":425,"neow_bonus":"TEN_PERCENT_HP_BONUS","is_daily":false,"chose_seed":false,"campfire_upgraded":7,"win_rate":0.0,"timestamp":1612371248,"path_taken":["M","?","?","?","?","E","R","E","T","E","M","R","?","M","R","BOSS","M","?","M","$","?","E","?","E","T","E","M","M","E","M","R","BOSS","M","?","$","?","M","E","R","$","T","M","?","R","M","?","R","BOSS"],"items_purchased_type":["Card","Card","Card"],"build_version":"2020-12-22","purchased_purges":3,"victory":false,"max_hp_per_floor":[82,82,82,82,82,82,82,82,82,82,82,82,82,82,82,82,82,82,82,82,82,82,82,82,82,82,89,89,89,89,89,89,89,89,89,89,89,89,89,89,89,89,89,89,94,94,94,94,94,94,94],"card_choices":[{"not_picked":["Clothesline","Heavy Blade"],"picked":"Second Wind","floor":1},{"not_picked":["Cleave","Clash"],"picked":"Blood for Blood","floor":6},{"not_picked":["Heavy Blade","Warcry"],"picked":"Shrug It Off","floor":8},{"not_picked":["Clash","Shrug It Off","Brutality"],"picked":"SKIP","floor":10},{"not_picked":["Headbutt","Ghostly Armor","Iron Wave"],"picked":"SKIP","floor":11},{"not_picked":["Cleave","Dropkick","Bloodletting"],"picked":"SKIP","floor":13},{"not_picked":["Cleave","Bloodletting"],"picked":"Dropkick","floor":13},{"not_picked":["Fire Breathing","Inflame","Havoc"],"picked":"SKIP","floor":14},{"not_picked":["Reaper","Brutality"],"picked":"Double Tap","floor":16},{"not_picked":["Warcry","Pommel Strike","Clothesline+1"],"picked":"SKIP","floor":18},{"not_picked":["Rupture","Juggernaut","Pommel Strike"],"picked":"SKIP","floor":20},{"not_picked":["Clash","Warcry","Reckless Charge"],"picked":"SKIP","floor":23},{"not_picked":["Armaments","Headbutt"],"picked":"Seeing Red+1","floor":25},{"not_picked":["Pummel+1","Iron Wave"],"picked":"Rage","floor":27},{"not_picked":["Body Slam+1","Flex"],"picked":"Thunderclap","floor":28},{"not_picked":["Iron Wave","Body Slam","Whirlwind"],"picked":"SKIP","floor":29},{"not_picked":["Perfected Strike","Whirlwind","Inflame"],"picked":"SKIP","floor":30},{"not_picked":["Havoc","Feel No Pain","True Grit"],"picked":"SKIP","floor":31},{"not_picked":["Pommel Strike+1"],"picked":"SKIP","floor":35},{"not_picked":[],"picked":"Trip","floor":36},{"not_picked":["Pommel Strike"],"picked":"SKIP","floor":39},{"not_picked":["Power Through"],"picked":"SKIP","floor":40},{"not_picked":["Perfected Strike"],"picked":"SKIP","floor":44},{"not_picked":["Spot Weakness"],"picked":"SKIP","floor":45},{"not_picked":["Seeing Red+1"],"picked":"SKIP","floor":47}],"player_experience":470353,"relics_obtained":[{"floor":6,"key":"Tiny Chest"},{"floor":8,"key":"Regal Pillow"},{"floor":9,"key":"Bottled Lightning"},{"floor":10,"key":"CeramicFish"},{"floor":23,"key":"Bag of Preparation"},{"floor":24,"key":"Oddly Smooth Stone"},{"floor":25,"key":"Red Skull"},{"floor":26,"key":"The Courier"},{"floor":27,"key":"Strawberry"},{"floor":30,"key":"PreservedInsect"},{"floor":40,"key":"Orichalcum"},{"floor":43,"key":"Sundial"},{"floor":48,"key":"Ornamental Fan"}],"event_choices":[{"damage_healed":0,"gold_gain":0,"player_choice":"Success","damage_taken":11,"relics_obtained":["Bronze Scales"],"max_hp_gain":0,"max_hp_loss":0,"event_name":"Scrap Ooze","floor":2,"gold_loss":0},{"damage_healed":0,"gold_gain":75,"player_choice":"Gather Gold","damage_taken":11,"max_hp_gain":0,"max_hp_loss":0,"event_name":"World of Goop","floor":3,"gold_loss":0},{"cards_removed":["Strike_R"],"damage_healed":0,"gold_gain":0,"player_choice":"Card Removal","damage_taken":7,"max_hp_gain":0,"max_hp_loss":0,"event_name":"Golden Wing","floor":4,"gold_loss":0},{"damage_healed":0,"gold_gain":0,"player_choice":"Ignored","damage_taken":0,"max_hp_gain":0,"max_hp_loss":0,"event_name":"Vampires","floor":19,"gold_loss":0},{"cards_removed":["Strike_R"],"damage_healed":0,"gold_gain":0,"player_choice":"Gave Gold","damage_taken":0,"max_hp_gain":0,"max_hp_loss":0,"event_name":"Beggar","floor":22,"gold_loss":75},{"damage_healed":0,"gold_gain":0,"player_choice":"Memory 3","damage_taken":10,"max_hp_gain":0,"max_hp_loss":0,"event_name":"SensoryStone","floor":36,"gold_loss":0},{"damage_healed":0,"gold_gain":0,"player_choice":"Copied","damage_taken":0,"max_hp_gain":0,"max_hp_loss":0,"event_name":"Duplicator","floor":38,"gold_loss":0,"cards_obtained":["Offering"]}],"is_beta":false,"boss_relics":[{"not_picked":["Tiny House","Calling Bell"],"picked":"Astrolabe"},{"not_picked":["Runic Dome","Cursed Key"],"picked":"Busted Crown"}],"items_purged_floors":[21,37,42],"is_endless":false,"potions_floor_spawned":[1,8,13,16,28,29,30,35,45],"killed_by":"Time Eater","ascension_level":20}}