{"host":"d61fcf2p3sjwe6yo","time":1612363939,"event":{"mods":["Act Like it!","BaseMod","Colored Map","Gensokyo","Marisa????????","Minty Spire (QoL Compilation)","StSLib","SuperFastMode"],"gold_per_floor":[118,118,118,131,146,177,177,202,225,225,225],"floor_reached":10,"language":"ENG","playtime":612,"items_purged":[],"score":79,"play_id":"5b9920f1-168b-45e6-b396-885e62176e96","local_time":"20210203175219","is_ascension_mode":true,"campfire_choices":[{"data":"CasketOfStar","floor":7,"key":"SMITH"}],"circlet_count":0,"master_deck":["Strike_MRS","Strike_MRS","Strike_MRS","Strike_MRS","Defend_MRS","Defend_MRS","Defend_MRS","Defend_MRS","MasterSpark","UpSweep","PulseMagic","Acceleration","MilkyWay","EnergyFlow","CasketOfStar+1","MagicChant","AlicesGift"],"relics":["MiniHakkero","Calipers","Gensokyo:PortableGap","Lantern","Anchor","CeramicFish"],"acts_visited":["Gensokyo:Gensokyo"],"potions_floor_usage":[],"damage_taken":[{"damage":4,"enemies":"Gensokyo:2_Kodama","floor":1,"turns":3},{"damage":0,"enemies":"Gensokyo:3_Fairies","floor":4,"turns":3},{"damage":6,"enemies":"Gensokyo:Python","floor":5,"turns":3},{"damage":25,"enemies":"Gensokyo:Aya","floor":6,"turns":6},{"damage":33,"enemies":"Gensokyo:Cirno","floor":8,"turns":6},{"damage":21,"enemies":"Gensokyo:Aya","floor":10,"turns":3}],"seed_played":"4352819379642938779","potions_obtained":[{"floor":1,"key":"Energy Potion"},{"floor":6,"key":"FairyPotion"}],"is_trial":false,"path_per_floor":["M","?","?","M","M","E","R","E","T","E"],"character_chosen":"MARISA","items_purchased":[],"campfire_rested":0,"item_purchase_floors":[],"current_hp_per_floor":[64,64,62,62,56,31,31,18,18,0,0],"gold":225,"neow_bonus":"ONE_RARE_RELIC","is_daily":false,"chose_seed":false,"campfire_upgraded":1,"win_rate":0.0,"timestamp":1612363939,"path_taken":["M","?","?","M","?","E","R","E","T","E"],"items_purchased_type":[],"build_version":"2020-12-22","purchased_purges":0,"victory":false,"max_hp_per_floor":[68,68,62,62,62,62,62,62,62,62,62],"card_choices":[{"not_picked":["WitchLeyline","Occultation"],"picked":"PulseMagic","floor":1},{"not_picked":["IllusionStar","MysteriousBeam"],"picked":"Acceleration","floor":2},{"not_picked":["StarBarrage","SprinkleStarSeal"],"picked":"MilkyWay","floor":2},{"not_picked":["GrandCross","PowerUp"],"picked":"EnergyFlow","floor":4},{"not_picked":["UnstableBomb","IllusionStar"],"picked":"CasketOfStar","floor":5},{"not_picked":["GasGiant","StarlightTyphoon"],"picked":"MagicChant","floor":6},{"not_picked":["DarkMatter","WitchOfGreed"],"picked":"AlicesGift","floor":8}],"player_experience":241599,"relics_obtained":[{"floor":6,"key":"Lantern"},{"floor":8,"key":"Anchor"},{"floor":9,"key":"CeramicFish"}],"event_choices":[],"is_beta":false,"boss_relics":[],"items_purged_floors":[],"is_endless":false,"potions_floor_spawned":[1,6],"killed_by":"Gensokyo:Aya","ascension_level":1}}