{"host":"dscols65uipasqd2","time":1612326656,"event":{"mods":["2.2 Compatiblity","AchievementEnabler","Aspiration","BaseMod","Colored Powertips","Downfall","Energized Spire","GifTheSpireLib","Hermit","Hubris","Infinite Spire","JesterMod","Jorbs\u0027s Wanderer Trilogy","Marisa????????","Minty Spire (QoL Compilation)","Rare Cards Sparkle","Replay The Spire","StSLib","Stuff the Spire","The Cursed","The Disciple","The Hierophant","The Judge","The Jungle","The Runesmith","TheFirefly"],"gold_per_floor":[99,99,99,99,99,99,99,99,128,128,128,147,161,186,204,305,305,105,120,120,139,159,59,84,84,96,108,121,9,29,29,40,139,139,139,156,182,182,182,210,233,233,261,277,295,295,295,295,309,309,309,334,37,37,37,37],"floor_reached":57,"language":"ENG","playtime":3911,"items_purged":[],"score":1395,"play_id":"a2b02d7b-81c9-4e2a-bb66-6dd1ccb45ade","local_time":"20210202233056","is_ascension_mode":false,"campfire_choices":[{"data":"Slimebound:Split","floor":1,"key":"SMITH"},{"floor":18,"key":"RECALL"},{"floor":23,"key":"REST"},{"floor":25,"key":"REST"},{"data":"infinitespire:TheBestDefense","floor":35,"key":"SMITH"},{"data":"infinitespire:Collect","floor":42,"key":"SMITH"},{"floor":54,"key":"REST"}],"circlet_count":0,"master_deck":["Slimebound:Strike_Slimebound","Slimebound:Strike_Slimebound+1","Slimebound:Strike_Slimebound","Slimebound:Tackle","Slimebound:Defend_Slimebound","Slimebound:Defend_Slimebound","Slimebound:Defend_Slimebound+1","Slimebound:Defend_Slimebound","Slimebound:Split+1","Slimebound:CorrosiveSpit","Slimebound:SplitBruiser","Slimebound:ComboTackle","Slimebound:LevelUp","Slimebound:HauntingLick","Slimebound:CheckThePlaybook+1","Slimebound:AcidTongue","Slimebound:Prepare","Slimebound:GoopTackle","Slimebound:DuplicatedForm","Slimebound:LivingWall","infinitespire:TheBestDefense+1","infinitespire:Gouge","infinitespire:SevenWalls","Slimebound:Schlurp","Slimebound:RollThrough","Slimebound:LevelUp+1","Slimebound:SlimeBrawl+1","Slimebound:SplitAcid+1","Slimebound:MegaLick","expansioncontent:PolyBeam+1","Slimebound:FormOfPuddle","Slimebound:Nibble+1","Slimebound:PrepareCrush","Slimebound:HauntingLick+1","ReplayTheSpireMod:Splinters","Slimebound:LeechingTouch+1","infinitespire:Collect+1","hubris:InfiniteBlow","Pain","Slimebound:RollThrough+1","Slimebound:Schlurp+1","Slimebound:SplitMire+1","Slimebound:FinishingTackle","Hallucinations","infinitespire:Pacifist","infinitespire:NeuralNetwork","Slimebound:SplitSpecialist+1","Slimebound:SamplingLick+1","hubris:NaturalOne"],"relics":["Slimebound:AbsorbEndCombat","downfall:HeartsMalice","hubris:Icosahedron","infinitespire:Broken Mirror","Replay:Rubber Ducky","Slimebound:AggressiveSlimeRelic","aspiration:BabyByrd","infinitespire:CursedDice","aspiration:RitualDagger","downfall:HeartBlessingGreen","downfall:HeartBlessingBlue","War Paint","Ring of Chaos","downfall:HeartBlessingRed","Nunchaku","Honey Jar","StuffTheSpire:Wildfire","Kunai","WarpedTongs","Pen Nib","StuffTheSpire:OldFever","Bronze Scales","Regal Pillow","aspiration:TomeofQuesting","hubris:TinFlute"],"acts_visited":[],"potions_floor_usage":[12,14,14,22,26,30,32,33,33,33,45,50,50,50,55],"damage_taken":[{"damage":0,"enemies":"Small Slimes","floor":2,"turns":1},{"damage":0,"enemies":"2 Louse","floor":5,"turns":1},{"damage":0,"enemies":"Cultist","floor":8,"turns":1},{"damage":13,"enemies":"Replay:BlueRogue","floor":9,"turns":6},{"damage":6,"enemies":"Gremlin Gang","floor":12,"turns":3},{"damage":3,"enemies":"Blue Slaver","floor":13,"turns":2},{"damage":21,"enemies":"3 Sentries","floor":14,"turns":5},{"damage":6,"enemies":"Gremlin Gang","floor":15,"turns":4},{"damage":30,"enemies":"IC_STATUS_ARCHETYPE","floor":16,"turns":3},{"damage":22,"enemies":"Chosen","floor":19,"turns":3},{"damage":11,"enemies":"Shell Parasite","floor":21,"turns":3},{"damage":26,"enemies":"3 Cultists","floor":22,"turns":4},{"damage":27,"enemies":"Cultist and Chosen","floor":26,"turns":4},{"damage":30,"enemies":"Centurion and Healer","floor":27,"turns":5},{"damage":24,"enemies":"Snake Plant","floor":28,"turns":3},{"damage":21,"enemies":"downfall:FleeingMerchant","floor":29,"turns":4},{"damage":16,"enemies":"3 Cultists","floor":30,"turns":4},{"damage":17,"enemies":"Centurion and Healer","floor":32,"turns":3},{"damage":40,"enemies":"SI_MIRROR_ARCHETYPE","floor":33,"turns":7},{"damage":18,"enemies":"3 Shapes","floor":36,"turns":4},{"damage":19,"enemies":"R_Hoarder","floor":40,"turns":6},{"damage":27,"enemies":"Nightmare","floor":43,"turns":6},{"damage":15,"enemies":"Orb Walker","floor":44,"turns":3},{"damage":27,"enemies":"4 Shapes","floor":45,"turns":3},{"damage":21,"enemies":"Transient","floor":49,"turns":5},{"damage":99,"enemies":"WA_ARCHETYPE_DIVINITY","floor":50,"turns":7},{"damage":137,"enemies":"downfall:CharBossMerchant","floor":52,"turns":9},{"damage":48,"enemies":"downfall:NeowBoss","floor":55,"turns":11},{"damage":68,"enemies":"downfall:NeowBossFinal","floor":56,"turns":8}],"seed_played":"-6108434677837928154","potions_obtained":[{"floor":9,"key":"LifebloodPotion"},{"floor":12,"key":"Adrenaline Potion"},{"floor":13,"key":"Fruit Juice"},{"floor":16,"key":"Slimebound:SlimedPotion"},{"floor":19,"key":"Weak Potion"},{"floor":21,"key":"LiquidMemories"},{"floor":27,"key":"SkillPotion"},{"floor":30,"key":"LiquidBronze"},{"floor":32,"key":"DistilledChaos"},{"floor":33,"key":"Milkshake"},{"floor":43,"key":"Swift Potion"},{"floor":44,"key":"Flashbang"},{"floor":45,"key":"hexamod:SoulburnPotion"}],"is_trial":false,"path_per_floor":["R","M","?","?","M","?","T","M","E","?","T","M","M","E","M","B",null,"R","M","AVR","M","M","R","T","R","M","M","M","$","M","?","M","B",null,"R","M","?","AVR","?","E","T","R","NM","M","M","?","?","T","M","B",null,"E","$","R","B","B",null],"character_chosen":"SLIMEBOUND","items_purchased":["expansioncontent:PolyBeam","hubris:TinFlute","ColorlessPotion"],"campfire_rested":3,"item_purchase_floors":[29,53,53],"current_hp_per_floor":[65,65,65,65,65,65,65,65,57,57,57,51,50,36,32,6,70,80,60,60,53,35,59,59,80,72,44,37,22,12,12,80,72,80,80,80,80,80,80,77,77,77,80,75,72,72,72,72,79,24,80,63,63,80,80,78],"gold":37,"neow_bonus":"THREE_ENEMY_KILL","is_daily":false,"chose_seed":false,"campfire_upgraded":3,"win_rate":0.0,"timestamp":1612326656,"path_taken":["R","M","?","?","M","?","T","M","E","?","?","?","M","E","M","BOSS","R","M","AVR","M","M","R","T","R","M","?","M","$","M","?","M","BOSS","R","M","?","AVR","?","E","T","R","NM","M","?","?","?","?","M","BOSS","E","$","R","BOSS","BOSS"],"items_purchased_type":["Card","Relic","Potion"],"build_version":"2020-12-22","purchased_purges":0,"victory":true,"max_hp_per_floor":[65,65,65,65,65,65,65,65,65,65,65,65,65,70,70,70,70,80,80,80,80,80,80,80,80,80,80,80,80,80,80,80,80,80,80,80,80,80,80,80,80,80,80,80,80,80,80,80,80,80,80,80,80,80,80,80],"card_choices":[{"not_picked":["Slimebound:SlimeBrawl","Slimebound:GoopTackle"],"picked":"Slimebound:SplitBruiser","floor":2},{"not_picked":["Slimebound:BestDefense","Slimebound:LeechingTouch"],"picked":"Slimebound:ComboTackle","floor":5},{"not_picked":["Slimebound:Chomp","Slimebound:SplitLeeching"],"picked":"Slimebound:LevelUp","floor":8},{"not_picked":["Slimebound:GoopSpray","Slimebound:Dissolve"],"picked":"Slimebound:HauntingLick","floor":9},{"not_picked":["Slimebound:SplitBruiser","Slimebound:SamplingLick"],"picked":"Slimebound:CheckThePlaybook","floor":12},{"not_picked":["Slimebound:Replication","Slimebound:HauntingLick"],"picked":"Slimebound:AcidTongue","floor":13},{"not_picked":["Slimebound:LeechingTouch","Slimebound:RollThrough"],"picked":"Slimebound:Prepare","floor":14},{"not_picked":["Slimebound:ViciousTackle","Slimebound:SamplingLick"],"picked":"Slimebound:GoopTackle","floor":15},{"not_picked":["Slimebound:LeechLife","Slimebound:Teamwork"],"picked":"Slimebound:DuplicatedForm","floor":16},{"not_picked":["Slimebound:SplitMire","Slimebound:TongueLash"],"picked":"Slimebound:LivingWall","floor":19},{"not_picked":["Slimebound:ItLooksTasty","Slimebound:SlimeSpikes"],"picked":"Slimebound:Schlurp","floor":21},{"not_picked":["Slimebound:MegaLick","Slimebound:SlimeSpikes"],"picked":"Slimebound:RollThrough","floor":22},{"not_picked":["Slimebound:RainOfGoop","Slimebound:LivingWall"],"picked":"Slimebound:LevelUp+1","floor":26},{"not_picked":["Slimebound:HauntingLick","Slimebound:FinishingTackle"],"picked":"Slimebound:SlimeBrawl+1","floor":27},{"not_picked":["Slimebound:SlimeTap+1","Slimebound:PressTheAttack"],"picked":"Slimebound:SplitAcid+1","floor":28},{"not_picked":["Slimebound:GoopSpray","Slimebound:SplitMire"],"picked":"Slimebound:MegaLick","floor":29},{"not_picked":["Slimebound:FinishingTackle","Slimebound:SplitMire"],"picked":"Slimebound:FormOfPuddle","floor":30},{"not_picked":["Slimebound:SplitBruiser","Slimebound:ComboTackle"],"picked":"Slimebound:Nibble+1","floor":32},{"not_picked":["Slimebound:DouseInSlime","Slimebound:MassRepurpose"],"picked":"Slimebound:PrepareCrush","floor":33},{"not_picked":["Slimebound:SamplingLick","Slimebound:Dissolve+1","Slimebound:SpikyOuterGoop+1"],"picked":"Slimebound:HauntingLick+1","floor":36},{"not_picked":["Slimebound:SplitAcid","Slimebound:ComboTackle","Slimebound:SlimeTap"],"picked":"Slimebound:LeechingTouch+1","floor":37},{"not_picked":["Slimebound:Nibble+1","Slimebound:SpikyOuterGoop+1","Slimebound:DuplicatedForm"],"picked":"Slimebound:RollThrough+1","floor":40},{"not_picked":["Slimebound:ComboTackle+1","Slimebound:GoopSpray+1","Slimebound:MassFeed"],"picked":"Slimebound:Schlurp+1","floor":43},{"not_picked":["Slimebound:GrowthPunch","Slimebound:SlimeBrawl","Slimebound:SplitBruiser"],"picked":"Slimebound:SplitMire+1","floor":44},{"not_picked":["Slimebound:Dissolve+1","Slimebound:Repurpose","Slimebound:Schlurp"],"picked":"Slimebound:FinishingTackle","floor":45},{"not_picked":["hubris:InfiniteBlow","infinitespire:FutureSight"],"picked":"infinitespire:NeuralNetwork","floor":47},{"not_picked":["Slimebound:ServeAndProtect+1","Slimebound:Equalize","Slimebound:AcidTongue+1"],"picked":"Slimebound:SplitSpecialist+1","floor":49},{"not_picked":["Slimebound:Schlurp+1","Slimebound:SplitAcid","Slimebound:GoopTackle"],"picked":"Slimebound:SamplingLick+1","floor":52}],"player_experience":561706,"relics_obtained":[{"floor":4,"key":"infinitespire:Broken Mirror"},{"floor":7,"key":"Replay:Rubber Ducky"},{"floor":9,"key":"Slimebound:AggressiveSlimeRelic"},{"floor":14,"key":"infinitespire:CursedDice"},{"floor":24,"key":"Nunchaku"},{"floor":37,"key":"StuffTheSpire:Wildfire"},{"floor":40,"key":"Pen Nib"},{"floor":41,"key":"StuffTheSpire:OldFever"},{"floor":43,"key":"Bronze Scales"},{"floor":48,"key":"Regal Pillow"},{"floor":52,"key":"aspiration:TomeofQuesting"}],"event_choices":[{"damage_healed":0,"gold_gain":0,"player_choice":"Rummage","damage_taken":0,"relics_obtained":["WarpedTongs"],"max_hp_gain":0,"max_hp_loss":0,"event_name":"Accursed Blacksmith","floor":39,"gold_loss":0,"cards_obtained":["Pain"]}],"is_beta":false,"boss_relics":[{"not_picked":["Astrolabe","Slimebound:TarBlob"],"picked":"aspiration:RitualDagger"},{"not_picked":["Empty Cage","Runic Pyramid"],"picked":"Honey Jar"}],"items_purged_floors":[],"is_endless":false,"potions_floor_spawned":[9,12,13,16,19,21,27,30,32,33,43,44,45],"ascension_level":0}}