{"host":"3498uni0c31c9bdm","time":1612381932,"event":{"mods":["BaseMod","Better Third Choice","Minty Spire (QoL Compilation)","Replay The Spire","StSLib"],"gold_per_floor":[116,116,136,109,128,128,141,169,194,194,194,194,206,52,52,66,66,162,162,198,297,222,222,17,50,50,50,50],"floor_reached":27,"language":"ENG","playtime":958,"items_purged":[],"score":419,"play_id":"793794d1-3307-4c20-b36b-3cf6a3a864ac","local_time":"20210204065212","is_ascension_mode":true,"campfire_choices":[{"floor":6,"key":"RECALL"},{"floor":17,"key":"REST"},{"floor":26,"key":"REST"}],"circlet_count":0,"master_deck":["AscendersBane","Strike_G","Strike_G","Strike_G","Defend_G","Defend_G+1","Defend_G","Defend_G","Survivor","Neutralize+1","Masterful Stab+1","Poisoned Stab","Footwork","Draining Mist","Phantasmal Killer+1","Delirium","PiercingWail","Prepared","Replay:Bag of Tricks","ReplayTheSpireMod:The Works+1","Concentrate+1","ReplayTheSpireMod:Speed Training+1","Sucker Punch","Deadly Poison+1","Leg Sweep+1"],"relics":["Ring of the Snake","betterThird:SlimedRelic","MealTicket","PreservedInsect","ReplayTheSpireMod:Ring of Addiction","ReplayTheSpireMod:Ring of Collecting","SacredBark","Chameleon Ring","Guide Book","Ring of Fangs","Gremlin Horn","Astrolabe","Potion Belt","Quantum Egg"],"acts_visited":["Exordium","TheCity"],"potions_floor_usage":[8,8,13,18,18,20,25],"damage_taken":[{"damage":4,"enemies":"Jaw Worm","floor":1,"turns":4},{"damage":0,"enemies":"Cultist","floor":3,"turns":4},{"damage":1,"enemies":"2 Louse","floor":5,"turns":3},{"damage":9,"enemies":"Exordium Wildlife","floor":7,"turns":4},{"damage":8,"enemies":"Gremlin Nob","floor":8,"turns":5},{"damage":0,"enemies":"Blue Slaver","floor":13,"turns":3},{"damage":0,"enemies":"3 Louse","floor":16,"turns":5},{"damage":0,"enemies":"The Guardian","floor":18,"turns":12},{"damage":38,"enemies":"Shell Parasite","floor":20,"turns":11},{"damage":10,"enemies":"2 Thieves","floor":22,"turns":5},{"damage":28,"enemies":"Book of Stabbing","floor":25,"turns":5},{"damage":53,"enemies":"3 Cultists","floor":27,"turns":7}],"seed_played":"4190708962220888538","potions_obtained":[{"floor":3,"key":"FearPotion"},{"floor":5,"key":"SkillPotion"},{"floor":12,"key":"DistilledChaos"},{"floor":12,"key":"Weak Potion"},{"floor":12,"key":"EssenceOfSteel"},{"floor":13,"key":"Fire Potion"},{"floor":16,"key":"ColorlessPotion"}],"is_trial":false,"path_per_floor":["M","?","M","?","M","R","M","E","T","PTL","PTL","?","M","$","T","M","R","B",null,"M","?","M","?","$","E","R","M"],"character_chosen":"THE_SILENT","items_purchased":["Guide Book","Potion Belt","PowerPotion"],"campfire_rested":2,"item_purchase_floors":[14,24,24],"current_hp_per_floor":[59,59,59,48,47,47,38,30,30,30,30,30,30,45,45,45,65,65,67,29,29,19,41,56,28,47,0,0],"gold":50,"neow_bonus":"RANDOM_EVENT","is_daily":false,"chose_seed":false,"campfire_upgraded":0,"win_rate":0.0,"timestamp":1612381932,"path_taken":["M","?","?","?","M","R","M","E","T","PTL","PTL","?","M","$","?","M","R","BOSS","M","?","M","?","$","E","R","M"],"items_purchased_type":["Relic","Relic","Potion"],"build_version":"2020-12-22","purchased_purges":0,"victory":false,"max_hp_per_floor":[70,70,70,70,70,70,70,70,70,70,70,70,70,70,70,70,68,68,68,68,68,68,68,66,66,66,66,66],"card_choices":[{"not_picked":["Outmaneuver","Fluid Movement"],"picked":"Masterful Stab","floor":1},{"not_picked":["Underhanded Strike","Backstab"],"picked":"Poisoned Stab","floor":3},{"not_picked":["Outmaneuver","Choke"],"picked":"Footwork","floor":5},{"not_picked":["Deadly Poison","Slice"],"picked":"Draining Mist","floor":7},{"not_picked":["Dodge and Roll","Leg Sweep"],"picked":"Phantasmal Killer","floor":8},{"not_picked":["Riddle With Holes","Dagger Throw"],"picked":"PiercingWail","floor":13},{"not_picked":["PiercingWail","Sneak Up"],"picked":"Prepared","floor":16},{"not_picked":["Die Die Die","Phantasmal Killer"],"picked":"Replay:Bag of Tricks","floor":18},{"not_picked":["PiercingWail+1","Backflip"],"picked":"Sucker Punch","floor":20},{"not_picked":["ReplayTheSpireMod:Tripwire","Dagger Spray"],"picked":"Deadly Poison+1","floor":22},{"not_picked":["Doppelganger","Expertise+1"],"picked":"Leg Sweep+1","floor":25}],"player_experience":831238,"relics_obtained":[{"floor":8,"key":"MealTicket"},{"floor":9,"key":"PreservedInsect"},{"floor":12,"key":"ReplayTheSpireMod:Ring of Addiction"},{"floor":12,"key":"ReplayTheSpireMod:Ring of Collecting"},{"floor":12,"key":"SacredBark"},{"floor":12,"key":"Chameleon Ring"},{"floor":15,"key":"Ring of Fangs"},{"floor":15,"key":"Gremlin Horn"},{"floor":25,"key":"Quantum Egg"}],"event_choices":[{"damage_healed":0,"gold_gain":0,"player_choice":"Upgraded","damage_taken":0,"max_hp_gain":0,"max_hp_loss":0,"event_name":"Upgrade Shrine","floor":2,"gold_loss":0,"cards_upgraded":["Neutralize"]},{"damage_healed":0,"gold_gain":0,"player_choice":"Slimed","damage_taken":11,"max_hp_gain":0,"max_hp_loss":0,"event_name":"betterThird:BetterGoop","floor":4,"gold_loss":27},{"damage_healed":0,"gold_gain":99,"player_choice":"Steal","damage_taken":0,"max_hp_gain":0,"max_hp_loss":0,"event_name":"betterThird:BetterNest","floor":21,"gold_loss":0},{"damage_healed":22,"gold_gain":0,"player_choice":"Heal","damage_taken":0,"max_hp_gain":0,"max_hp_loss":0,"event_name":"The Library","floor":23,"gold_loss":0}],"is_beta":false,"boss_relics":[{"not_picked":["Sozu","Snecko Scales"],"picked":"Astrolabe"}],"items_purged_floors":[],"is_endless":false,"potions_floor_spawned":[3,5,13,16],"killed_by":"3 Cultists","ascension_level":10}}