{"host":"49c2zf0lajbcs427","time":1612346368,"event":{"mods":["AchievementEnabler","BaseMod","Colored Map","Colored Powertips","Highlight Path","Key Reminder","Minty Spire (QoL Compilation)","Relic Stats","StSLib"],"gold_per_floor":[115,115,126,144,154,154,170,195,220,220,252,229,261,277,277,373,373,386,386,386,124,124,150,150,164,187,187,214,232,262,279,279,279,279],"floor_reached":33,"language":"ENG","playtime":2007,"items_purged":[],"score":423,"play_id":"a45edec6-f498-4d74-8182-58e667958bbd","local_time":"20210203225928","is_ascension_mode":true,"campfire_choices":[{"data":"Genetic Algorithm","floor":6,"key":"SMITH"},{"data":"Gash","floor":10,"key":"SMITH"},{"data":"Beam Cell","floor":15,"key":"SMITH"},{"data":"Reprogram","floor":24,"key":"SMITH"},{"floor":27,"key":"REST"},{"floor":32,"key":"REST"}],"circlet_count":0,"master_deck":["Strike_B+1","Strike_B+1","Strike_B+1","Strike_B+1","Defend_B+1","Defend_B+1","Defend_B+1","Defend_B+1","Zap+1","Dualcast","CurseOfTheBell","FTL","Rebound","Genetic Algorithm+1","Ball Lightning","Leap","Gash+1","Beam Cell+1","Gash","Biased Cognition","Cold Snap","Electrodynamics","RitualDagger","Reprogram+1","Master of Strategy","White Noise+1","Scrape","Reprogram","White Noise+1","Reprogram"],"relics":["Calling Bell","Blood Vial","Kunai","Thread and Needle","Bag of Marbles","keyreminder:keyreminder","Centennial Puzzle","Nunchaku","Ancient Tea Set","SacredBark","Dead Branch","Bag of Preparation","Art of War","DataDisk"],"acts_visited":["Exordium","TheCity"],"potions_floor_usage":[8,16,30,33],"damage_taken":[{"damage":3,"enemies":"Jaw Worm","floor":1,"turns":5},{"damage":0,"enemies":"Cultist","floor":3,"turns":3},{"damage":1,"enemies":"Small Slimes","floor":4,"turns":3},{"damage":1,"enemies":"Looter","floor":5,"turns":3},{"damage":0,"enemies":"Large Slime","floor":7,"turns":5},{"damage":12,"enemies":"Gremlin Nob","floor":8,"turns":4},{"damage":19,"enemies":"3 Sentries","floor":11,"turns":7},{"damage":16,"enemies":"Gremlin Nob","floor":13,"turns":4},{"damage":2,"enemies":"Exordium Wildlife","floor":14,"turns":3},{"damage":5,"enemies":"Slime Boss","floor":16,"turns":7},{"damage":5,"enemies":"Shell Parasite","floor":18,"turns":5},{"damage":28,"enemies":"Book of Stabbing","floor":23,"turns":5},{"damage":6,"enemies":"3 Byrds","floor":25,"turns":8},{"damage":3,"enemies":"Slavers","floor":28,"turns":4},{"damage":8,"enemies":"Snecko","floor":29,"turns":7},{"damage":20,"enemies":"Book of Stabbing","floor":30,"turns":5},{"damage":0,"enemies":"Centurion and Healer","floor":31,"turns":5},{"damage":48,"enemies":"Collector","floor":33,"turns":6}],"seed_played":"3814848532665775932","potions_obtained":[{"floor":7,"key":"Swift Potion"},{"floor":8,"key":"Ancient Potion"},{"floor":11,"key":"Strength Potion"},{"floor":16,"key":"SmokeBomb"},{"floor":29,"key":"Energy Potion"}],"is_trial":false,"path_per_floor":["M","?","M","M","M","R","M","E","T","R","E","$","E","M","R","B",null,"M","?","?","$","?","E","R","M","T","R","E","M","E","M","R","B"],"character_chosen":"DEFECT","items_purchased":["Gash","Reprogram","Master of Strategy"],"campfire_rested":2,"item_purchase_floors":[12,21,21],"current_hp_per_floor":[67,67,69,70,71,71,73,63,63,63,46,46,32,32,32,29,64,61,55,55,55,55,29,29,25,25,47,46,40,22,24,46,0,0],"gold":279,"neow_bonus":"BOSS_RELIC","is_daily":false,"chose_seed":false,"campfire_upgraded":4,"win_rate":0.0,"timestamp":1612346368,"path_taken":["M","?","?","M","M","R","M","E","T","R","E","$","E","M","R","BOSS","M","?","?","$","?","E","R","?","T","R","E","M","E","M","R","BOSS"],"items_purchased_type":["Card","Card","Card"],"build_version":"2020-12-22","purchased_purges":0,"victory":false,"max_hp_per_floor":[75,75,75,75,75,75,75,75,75,75,75,75,75,75,75,75,75,75,75,75,75,75,75,75,75,75,75,75,75,75,75,75,75,75],"relic_stats":{"Blood Vial":36,"Centennial Puzzle":[33],"Nunchaku":[13],"counters":[18,89],"Dead Branch":[23],"Bag of Preparation":[10],"Art of War":[4],"Kunai":[38],"obtain_stats":[{"SacredBark":17,"Dead Branch":23,"Thread and Needle":0,"Bag of Preparation":26,"Ancient Tea Set":13,"Calling Bell":0,"Blood Vial":0,"keyreminder:keyreminder":8,"Centennial Puzzle":9,"Nunchaku":11,"DataDisk":30,"Bag of Marbles":8,"Art of War":28,"Kunai":0,"Cracked Core":0},{"SacredBark":10,"Dead Branch":12,"Thread and Needle":0,"Bag of Preparation":13,"Ancient Tea Set":8,"Calling Bell":0,"Blood Vial":0,"keyreminder:keyreminder":6,"Centennial Puzzle":6,"Nunchaku":7,"DataDisk":16,"Bag of Marbles":6,"Art of War":14,"Kunai":0,"Cracked Core":0},{"SacredBark":44,"Dead Branch":54,"Thread and Needle":0,"Bag of Preparation":62,"Ancient Tea Set":34,"Calling Bell":0,"Blood Vial":0,"keyreminder:keyreminder":23,"Centennial Puzzle":23,"Nunchaku":30,"DataDisk":78,"Bag of Marbles":23,"Art of War":66,"Kunai":0,"Cracked Core":0}]},"card_choices":[{"not_picked":["Heatsinks","Stack"],"picked":"FTL","floor":1},{"not_picked":["Darkness","Hologram"],"picked":"Rebound","floor":3},{"not_picked":["Chaos","Reinforced Body"],"picked":"Genetic Algorithm","floor":4},{"not_picked":["Streamline","Coolheaded"],"picked":"Ball Lightning","floor":5},{"not_picked":["Loop","Thunder Strike"],"picked":"Leap","floor":7},{"not_picked":["Redo","Streamline"],"picked":"Gash","floor":8},{"not_picked":["Ball Lightning","Stack"],"picked":"Beam Cell","floor":11},{"not_picked":["Tempest","Ball Lightning"],"picked":"Biased Cognition","floor":13},{"not_picked":["Compile Driver","Turbo"],"picked":"Cold Snap","floor":14},{"not_picked":["Core Surge","Meteor Strike"],"picked":"Electrodynamics","floor":16},{"not_picked":["Barrage+1","Force Field","Recycle"],"picked":"SKIP","floor":18},{"not_picked":["Compile Driver","Ball Lightning+1"],"picked":"White Noise+1","floor":23},{"not_picked":["Compile Driver","Coolheaded+1","Force Field+1"],"picked":"SKIP","floor":25},{"not_picked":["Hyperbeam","Skim+1"],"picked":"Scrape","floor":28},{"not_picked":["Ball Lightning","Auto Shields+1"],"picked":"Reprogram","floor":29},{"not_picked":["FTL","Capacitor"],"picked":"White Noise+1","floor":30},{"not_picked":["Hello World+1","Ball Lightning+1"],"picked":"Reprogram","floor":31}],"player_experience":2392235,"relics_obtained":[{"floor":0,"key":"Blood Vial"},{"floor":0,"key":"Kunai"},{"floor":0,"key":"Thread and Needle"},{"floor":8,"key":"Bag of Marbles"},{"floor":9,"key":"Centennial Puzzle"},{"floor":11,"key":"Nunchaku"},{"floor":13,"key":"Ancient Tea Set"},{"floor":23,"key":"Dead Branch"},{"floor":26,"key":"Bag of Preparation"},{"floor":28,"key":"Art of War"},{"floor":30,"key":"DataDisk"}],"event_choices":[{"damage_healed":0,"gold_gain":0,"player_choice":"Upgraded","damage_taken":0,"max_hp_gain":0,"max_hp_loss":0,"event_name":"Upgrade Shrine","floor":2,"gold_loss":0,"cards_upgraded":["Zap"]},{"damage_healed":0,"gold_gain":0,"player_choice":"Joined the Cult","damage_taken":6,"max_hp_gain":0,"max_hp_loss":0,"event_name":"Nest","floor":19,"gold_loss":0,"cards_obtained":["RitualDagger"]},{"damage_healed":0,"gold_gain":0,"player_choice":"Simplicity","damage_taken":0,"max_hp_gain":0,"max_hp_loss":0,"event_name":"Back to Basics","floor":22,"gold_loss":0,"cards_upgraded":["Strike_B","Strike_B","Strike_B","Strike_B","Defend_B","Defend_B","Defend_B","Defend_B"]}],"is_beta":false,"boss_relics":[{"not_picked":["Velvet Choker","Empty Cage"],"picked":"SacredBark"}],"items_purged_floors":[],"is_endless":false,"potions_floor_spawned":[7,8,11,16,29],"killed_by":"Collector","ascension_level":6}}