{"host":"dlre6nluqh4zuhws","time":1612341350,"event":{"mods":["BaseMod","Colored Powertips","Hermit","Highlight Path","Minty Spire (QoL Compilation)","Quick Restart","StSLib"],"gold_per_floor":[116,129,404,423,440,466,484,504,504,504,504,535,535,546,546,546,546],"floor_reached":16,"language":"ENG","playtime":2305,"items_purged":[],"score":114,"play_id":"5671fa98-90b6-45e1-936b-4ea62164724a","local_time":"20210203153550","is_ascension_mode":false,"campfire_choices":[{"data":"hermit:Misfire","floor":10,"key":"SMITH"},{"data":"hermit:HoleUp","floor":13,"key":"SMITH"},{"data":"hermit:Covet","floor":15,"key":"SMITH"}],"circlet_count":0,"master_deck":["hermit:Strike_Hermit","hermit:Strike_Hermit","hermit:Strike_Hermit","hermit:Strike_Hermit","hermit:Defend_Hermit","hermit:Defend_Hermit","hermit:Defend_Hermit","hermit:Defend_Hermit","hermit:Snapshot","hermit:Covet+1","hermit:Headshot","hermit:LowProfile","Regret","hermit:Misfire+1","hermit:TrackingShot","hermit:Enervate","hermit:Midnight","hermit:ItchyTrigger","Parasite","hermit:HoleUp+1","hermit:EternalForm+1"],"relics":["hermit:Momento","NeowsBlessing","Tiny Chest","Letter Opener","Frozen Egg 2"],"acts_visited":["Exordium"],"potions_floor_usage":[6,6,16],"damage_taken":[{"damage":0,"enemies":"Jaw Worm","floor":1,"turns":1},{"damage":0,"enemies":"Cultist","floor":2,"turns":1},{"damage":0,"enemies":"2 Louse","floor":4,"turns":1},{"damage":8,"enemies":"Lots of Slimes","floor":5,"turns":5},{"damage":30,"enemies":"Lagavulin","floor":6,"turns":4},{"damage":3,"enemies":"2 Fungi Beasts","floor":7,"turns":3},{"damage":2,"enemies":"Exordium Wildlife","floor":8,"turns":3},{"damage":19,"enemies":"Gremlin Nob","floor":12,"turns":4},{"damage":0,"enemies":"Large Slime","floor":14,"turns":4},{"damage":30,"enemies":"Hexaghost","floor":16,"turns":9}],"seed_played":"8824686108840062698","potions_obtained":[{"floor":4,"key":"ColorlessPotion"},{"floor":5,"key":"ColorlessPotion"},{"floor":8,"key":"Dexterity Potion"},{"floor":14,"key":"hermit:BlackBile"}],"is_trial":false,"path_per_floor":["M","M","?","M","M","E","M","M","T","R","?","E","R","M","R","B"],"character_chosen":"HERMIT","items_purchased":[],"campfire_rested":0,"item_purchase_floors":[],"current_hp_per_floor":[75,75,75,75,67,37,34,32,32,32,50,31,31,31,31,1,1],"gold":546,"neow_bonus":"THREE_ENEMY_KILL","is_daily":false,"chose_seed":false,"campfire_upgraded":3,"win_rate":0.0,"timestamp":1612341350,"path_taken":["M","M","?","?","?","E","M","M","T","R","?","E","R","M","R","BOSS"],"items_purchased_type":[],"build_version":"2020-12-13","purchased_purges":0,"victory":false,"max_hp_per_floor":[75,75,75,75,75,75,75,75,75,75,75,75,75,75,75,75,75],"card_choices":[{"not_picked":["hermit:Horror","hermit:Glare"],"picked":"hermit:Headshot","floor":1},{"not_picked":["hermit:Combo","hermit:Desperado"],"picked":"hermit:LowProfile","floor":2},{"not_picked":["hermit:Glare","hermit:Quickdraw"],"picked":"hermit:Misfire","floor":4},{"not_picked":["hermit:Headshot","hermit:Glare"],"picked":"hermit:TrackingShot","floor":5},{"not_picked":["hermit:HeroicBravado","hermit:SprayPray"],"picked":"hermit:Enervate","floor":6},{"not_picked":["hermit:Misfire","hermit:Feint"],"picked":"hermit:Midnight","floor":7},{"not_picked":["hermit:LuckOfTheDraw","hermit:Misfire"],"picked":"hermit:ItchyTrigger","floor":8},{"not_picked":["hermit:ItchyTrigger","hermit:LoneWolf"],"picked":"hermit:HoleUp","floor":12},{"not_picked":["hermit:Headshot","hermit:TakeAim+1"],"picked":"hermit:EternalForm+1","floor":14}],"player_experience":57044,"relics_obtained":[{"floor":6,"key":"Tiny Chest"},{"floor":9,"key":"Letter Opener"},{"floor":12,"key":"Frozen Egg 2"}],"event_choices":[{"damage_healed":0,"gold_gain":275,"player_choice":"Desecrate","damage_taken":0,"max_hp_gain":0,"max_hp_loss":0,"event_name":"Golden Shrine","floor":3,"gold_loss":0,"cards_obtained":["Regret"]},{"damage_healed":18,"gold_gain":0,"player_choice":"Healed and dodged fight","damage_taken":0,"max_hp_gain":0,"max_hp_loss":0,"event_name":"Mushrooms","floor":11,"gold_loss":0,"cards_obtained":["Parasite"]}],"is_beta":false,"boss_relics":[],"items_purged_floors":[],"is_endless":false,"potions_floor_spawned":[4,5,8,14],"killed_by":"Hexaghost","ascension_level":0}}