{"host":"p0hktren06injwdf","time":1612382297,"event":{"mods":["AchievementEnabler","BaseMod","Colored Map","DeckTracker","Minty Spire (QoL Compilation)","Permanent Neow","StSLib","SuperFastMode"],"gold_per_floor":[10,21,36,50,50,50,75,91,116,116,132,132,164,164,164,243,243,254,96,96,110,128,128,128],"floor_reached":23,"language":"KOR","playtime":385,"items_purged":["Strike_P"],"score":506,"play_id":"8ad7fe02-6fab-4f32-9c8f-41f778b8fe95","local_time":"20210204045817","is_ascension_mode":true,"campfire_choices":[{"data":"Eruption","floor":6.0,"key":"SMITH"},{"data":"Ragnarok","floor":10.0,"key":"SMITH"},{"data":"MentalFortress","floor":12.0,"key":"SMITH"},{"data":"Halt","floor":15.0,"key":"SMITH"}],"circlet_count":0,"master_deck":["AscendersBane","Strike_P","Strike_P","Strike_P","Defend_P","Defend_P","Defend_P","Defend_P","Eruption+1","Vigilance","Ragnarok+1","EmptyBody","MentalFortress+1","FlurryOfBlows","Halt+1","Brilliance","Devotion","FearNoEvil+1","Study","EmptyFist"],"relics":["PureWater","GoldenEye","Damaru","Art of War","Sozu"],"acts_visited":["Exordium","TheCity"],"potions_floor_usage":[23],"damage_taken":[{"damage":4.0,"enemies":"Small Slimes","floor":1.0,"turns":4.0},{"damage":0.0,"enemies":"Cultist","floor":2.0,"turns":4.0},{"damage":8.0,"enemies":"2 Louse","floor":3.0,"turns":2.0},{"damage":1.0,"enemies":"Looter","floor":4.0,"turns":3.0},{"damage":0.0,"enemies":"Lagavulin","floor":7.0,"turns":3.0},{"damage":16.0,"enemies":"Large Slime","floor":8.0,"turns":6.0},{"damage":11.0,"enemies":"Exordium Wildlife","floor":11.0,"turns":4.0},{"damage":0.0,"enemies":"Gremlin Nob","floor":13.0,"turns":2.0},{"damage":5.0,"enemies":"The Guardian","floor":16.0,"turns":8.0},{"damage":22.0,"enemies":"Spheric Guardian","floor":18.0,"turns":5.0},{"damage":0.0,"enemies":"Chosen","floor":21.0,"turns":2.0},{"damage":0.0,"enemies":"Sentry and Sphere","floor":22.0,"turns":3.0},{"damage":34,"enemies":"Slavers","floor":23,"turns":2}],"seed_played":"2576080036101906956","potions_obtained":[{"floor":2.0,"key":"ColorlessPotion"},{"floor":5.0,"key":"AttackPotion"},{"floor":5.0,"key":"StancePotion"},{"floor":7.0,"key":"DuplicationPotion"},{"floor":16.0,"key":"Dexterity Potion"}],"is_trial":false,"path_per_floor":["M","M","M","M","?","R","E","M","T","R","M","R","E","?","R","B",null,"M","$","?","M","M","E"],"character_chosen":"WATCHER","items_purchased":["Study"],"campfire_rested":0,"item_purchase_floors":[19],"current_hp_per_floor":[57,57,49,48,48,48,48,32,32,32,21,21,21,21,21,16,55,33,33,33,33,33,0,0],"gold":128,"neow_bonus":"THREE_RARE_CARDS","is_daily":false,"chose_seed":false,"campfire_upgraded":4,"win_rate":0.0,"timestamp":1612382297,"path_taken":["M","M","M","M","?","R","E","?","T","R","?","R","E","?","R","BOSS","M","$","?","M","M","E"],"items_purchased_type":["Card"],"build_version":"2020-12-22","purchased_purges":1,"victory":false,"max_hp_per_floor":[68,68,68,68,68,68,68,68,68,68,68,68,68,68,68,68,68,68,68,68,68,68,68,68],"card_choices":[{"not_picked":["Scrawl","DevaForm"],"picked":"Ragnarok","floor":0.0},{"not_picked":["Crescendo","Swivel"],"picked":"EmptyBody","floor":1.0},{"not_picked":["CutThroughFate","SignatureMove"],"picked":"MentalFortress","floor":2.0},{"not_picked":["Prostrate","Protect","Collect"],"picked":"SKIP","floor":3.0},{"not_picked":["PathToVictory","BattleHymn"],"picked":"FlurryOfBlows","floor":4.0},{"not_picked":["ThirdEye","BattleHymn","Protect"],"picked":"SKIP","floor":7.0},{"not_picked":["SignatureMove","PathToVictory","Indignation"],"picked":"SKIP","floor":8.0},{"not_picked":["EmptyBody","Nirvana"],"picked":"Halt","floor":11.0},{"not_picked":["WindmillStrike","FlurryOfBlows"],"picked":"Brilliance","floor":13.0},{"not_picked":["MasterReality","Scrawl"],"picked":"Devotion","floor":16.0},{"not_picked":["BowlingBash","CutThroughFate"],"picked":"FearNoEvil+1","floor":18.0},{"not_picked":["WindmillStrike","ThirdEye"],"picked":"EmptyFist","floor":21.0},{"not_picked":["Evaluate","JustLucky","SashWhip"],"picked":"SKIP","floor":22.0}],"player_experience":993321,"relics_obtained":[{"floor":7.0,"key":"GoldenEye"},{"floor":9.0,"key":"Damaru"},{"floor":13.0,"key":"Art of War"}],"event_choices":[{"damage_healed":0.0,"max_hp_gain":0.0,"max_hp_loss":0.0,"gold_gain":0.0,"event_name":"Lab","player_choice":"Got Potions","floor":5.0,"gold_loss":0.0,"damage_taken":0.0},{"damage_healed":0.0,"max_hp_gain":0.0,"max_hp_loss":0.0,"gold_gain":0.0,"event_name":"Liars Game","player_choice":"Ignored","floor":14.0,"gold_loss":0.0,"damage_taken":0.0},{"damage_healed":0.0,"max_hp_gain":0.0,"max_hp_loss":0.0,"gold_gain":0.0,"event_name":"Ghosts","player_choice":"Ignored","floor":20.0,"gold_loss":0.0,"damage_taken":0.0}],"is_beta":false,"boss_relics":[{"not_picked":["Snecko Eye","Fusion Hammer"],"picked":"Sozu"}],"items_purged_floors":[19],"is_endless":false,"potions_floor_spawned":[2,7,16,21,22],"killed_by":"Slavers","ascension_level":20}}