{"host":"5spr8tig1ba228ju","time":1612360653,"event":{"mods":["BaseMod","Bestiary","Colored Map","Colored Powertips","Curses Come First","Energized Spire","Highlight Path","Hubris","Minty Spire (QoL Compilation)","Quick Restart","Relic Stats","Reliquary","Replay The Spire","Shop Mod","Spicy Shops","StSLib","SuperFastMode","The Jungle","¡¾ÒÅÎï¿¨ÅÆ¡¿REMEMod"],"gold_per_floor":[114,114,124,139,139,139,139,158,123,123,171,196,346,374,388,417,417,489,489,489,505,505,60,70,103,119,139,166,166,166],"floor_reached":29,"language":"ZHS","playtime":1558,"items_purged":["Doubt"],"score":477,"play_id":"b37005b2-fe53-4130-b903-766ea33f8bd8","local_time":"20210203215733","is_ascension_mode":true,"campfire_choices":[{"floor":10.0,"key":"RECALL"},{"floor":17.0,"key":"REST"}],"circlet_count":0,"master_deck":["AscendersBane","Strike_G","Strike_G","Strike_G","Strike_G","Strike_G","Defend_G","Defend_G","Defend_G","Defend_G","Defend_G","Survivor","Neutralize","Apotheosis+1","Backflip","Escape Plan","Acrobatics","Concentrate","Malaise","Underhanded Strike","Reflex","Well Laid Plans","Adrenaline","Outmaneuver","Choke+1","Prepared","Distraction+1","Backflip","Underhanded Strike"],"relics":["Ring of the Snake","REME_ComplimentaryCards","reliquary:RosewoodLute","reliquary:RoseTintedGlasses","reliquary:Firecrackers","hubris:CuriousFeather","Sozu","hubris:Towel","HandDrill","Centennial Puzzle","REME_HandOfSuture","Ancient Tea Set"],"acts_visited":["Exordium","TheCity"],"potions_floor_usage":[],"damage_taken":[{"damage":0.0,"enemies":"Cultist","floor":1.0,"turns":3.0},{"damage":1.0,"enemies":"2 Louse","floor":3.0,"turns":4.0},{"damage":1.0,"enemies":"Jaw Worm","floor":4.0,"turns":3.0},{"damage":6.0,"enemies":"Looter","floor":8.0,"turns":4.0},{"damage":14.0,"enemies":"Gremlin Nob","floor":12.0,"turns":5.0},{"damage":14.0,"enemies":"3 Sentries","floor":14.0,"turns":12.0},{"damage":1.0,"enemies":"Exordium Wildlife","floor":15.0,"turns":5.0},{"damage":3.0,"enemies":"Lagavulin","floor":16.0,"turns":6.0},{"damage":5.0,"enemies":"Fading Forest","floor":18.0,"turns":11.0},{"damage":0.0,"enemies":"2 Thieves","floor":20.0,"turns":1.0},{"damage":0.0,"enemies":"Shell Parasite","floor":21.0,"turns":4.0},{"damage":16.0,"enemies":"Sentry and Sphere","floor":24.0,"turns":5.0},{"damage":4,"enemies":"Book of Stabbing","floor":25,"turns":4},{"damage":9,"enemies":"Centurion and Healer","floor":26,"turns":5},{"damage":10,"enemies":"Snecko","floor":27,"turns":4},{"damage":24,"enemies":"Slavers","floor":29,"turns":1}],"seed_played":"4421519345689389446","potions_obtained":[{"floor":1.0,"key":"Toxic Potion"},{"floor":3.0,"key":"SmokeBomb"},{"floor":15.0,"key":"AttackPotion"}],"is_trial":false,"path_per_floor":["M","$","M","M","PTL","PTL","?","M","?","R","T","E","?","E","M","E","R","B",null,"M","M","?","$","M","E","M","M","T","E"],"character_chosen":"THE_SILENT","items_purchased":["HandDrill","Choke+1","Centennial Puzzle"],"campfire_rested":1,"item_purchase_floors":[23,23,23],"current_hp_per_floor":[59,59,58,57,57,57,57,51,66,66,66,52,52,38,37,34,53,48,62,62,62,62,62,46,42,33,23,23,0,0],"gold":166,"neow_bonus":"UPGRADE_CARD","is_daily":false,"chose_seed":false,"campfire_upgraded":0,"win_rate":0.0,"timestamp":1612360653,"path_taken":["M","$","M","M","PTL","PTL","?","M","?","R","T","E","?","E","M","E","R","BOSS","M","M","?","$","M","E","M","M","T","E"],"items_purchased_type":["Relic","Card","Relic"],"build_version":"2020-12-22","purchased_purges":1,"victory":false,"max_hp_per_floor":[66,66,66,66,66,66,66,66,66,66,66,66,66,66,66,66,66,66,66,66,66,66,66,66,66,66,66,66,66,66],"relic_stats":{"Sozu":3,"Centennial Puzzle":[15],"counters":[16,77],"HandDrill":[2],"obtain_stats":[{"Sozu":19,"Centennial Puzzle":23,"reliquary:Firecrackers":14,"reliquary:RoseTintedGlasses":12,"hubris:CuriousFeather":16,"REME_HandOfSuture":25,"HandDrill":23,"reliquary:RosewoodLute":11,"hubris:Towel":22,"Ancient Tea Set":28,"Ring of the Snake":0,"REME_ComplimentaryCards":0},{"Sozu":9,"Centennial Puzzle":11,"reliquary:Firecrackers":6,"reliquary:RoseTintedGlasses":5,"hubris:CuriousFeather":8,"REME_HandOfSuture":13,"HandDrill":11,"reliquary:RosewoodLute":4,"hubris:Towel":11,"Ancient Tea Set":15,"Ring of the Snake":0,"REME_ComplimentaryCards":0},{"Sozu":53,"Centennial Puzzle":58,"reliquary:Firecrackers":31,"reliquary:RoseTintedGlasses":19,"hubris:CuriousFeather":42,"REME_HandOfSuture":67,"HandDrill":58,"reliquary:RosewoodLute":14,"hubris:Towel":58,"Ancient Tea Set":76,"Ring of the Snake":0,"REME_ComplimentaryCards":0}],"Ring of the Snake":[32]},"card_choices":[{"not_picked":["Underhanded Strike","Deflect"],"picked":"Backflip","floor":1.0},{"not_picked":["Quick Slash","PiercingWail"],"picked":"Escape Plan","floor":3.0},{"not_picked":["ReplayTheSpireMod:Shiv Toss","PiercingWail"],"picked":"Acrobatics","floor":4.0},{"not_picked":["Prepared","Blade Dance"],"picked":"Concentrate","floor":8.0},{"not_picked":["Cloak And Dagger","ReplayTheSpireMod:Exploit Weakness"],"picked":"Malaise","floor":12.0},{"not_picked":["Backflip","ReplayTheSpireMod:Necrosis"],"picked":"Underhanded Strike","floor":14.0},{"not_picked":["Acrobatics","Outmaneuver"],"picked":"Reflex","floor":15.0},{"not_picked":["Backflip","Toxin Wave"],"picked":"Well Laid Plans","floor":16.0},{"not_picked":["ReplayTheSpireMod:From All Sides","Corpse Explosion"],"picked":"Adrenaline","floor":18.0},{"not_picked":["PiercingWail+1","Blade Dance"],"picked":"Outmaneuver","floor":21.0},{"not_picked":["Backflip","Backstab"],"picked":"Prepared","floor":24.0},{"not_picked":["Sucker Punch","Accuracy"],"picked":"Distraction+1","floor":25},{"not_picked":["Deadly Poison","hubris:SlightOfHand"],"picked":"Backflip","floor":26},{"not_picked":["Deflect","Blade Dance+1"],"picked":"Underhanded Strike","floor":27}],"player_experience":637443,"relics_obtained":[{"floor":11.0,"key":"reliquary:RosewoodLute"},{"floor":12.0,"key":"reliquary:RoseTintedGlasses"},{"floor":14.0,"key":"reliquary:Firecrackers"},{"floor":16.0,"key":"hubris:CuriousFeather"},{"floor":25,"key":"REME_HandOfSuture"},{"floor":28,"key":"Ancient Tea Set"}],"event_choices":[{"damage_healed":0.0,"max_hp_gain":0.0,"max_hp_loss":0.0,"gold_gain":0.0,"event_name":"Shining Light","player_choice":"Ignored","floor":7.0,"gold_loss":0.0,"damage_taken":0.0},{"damage_healed":16.0,"max_hp_gain":0.0,"max_hp_loss":0.0,"gold_gain":0.0,"event_name":"The Cleric","player_choice":"Healed","floor":9.0,"gold_loss":35.0,"damage_taken":0.0},{"damage_healed":0.0,"max_hp_gain":0.0,"max_hp_loss":0.0,"gold_gain":150.0,"event_name":"Liars Game","player_choice":"AGREE","floor":13.0,"gold_loss":0.0,"damage_taken":0.0,"cards_obtained":["Doubt"]}],"is_beta":false,"boss_relics":[{"not_picked":["hubris:Stopwatch","energizedSpire:HighHeels"],"picked":"Sozu"}],"items_purged_floors":[23],"is_endless":false,"potions_floor_spawned":[1,3,8,15,24,26,27],"killed_by":"Slavers","ascension_level":16}}