{"host":"mw3dmj42qtkbha4b","time":1612350052,"event":{"mods":["BaseMod","Colored Map","Colored Powertips","DeckTracker","Minty Spire (QoL Compilation)","StSLib","SuperFastMode"],"gold_per_floor":[117,192,192,21,38,72,72,72,72,105,105,119,119,119],"floor_reached":13,"language":"KOR","playtime":193,"items_purged":[],"score":232,"play_id":"ac872618-1b7e-460b-9f78-d9ffd35224fd","local_time":"20210203200052","is_ascension_mode":true,"campfire_choices":[{"data":"Eruption","floor":11.0,"key":"SMITH"}],"circlet_count":0,"master_deck":["AscendersBane","Strike_P","Strike_P","Strike_P","Strike_P","Defend_P","Defend_P","Defend_P","Eruption+1","Vigilance","Indignation"],"relics":["PureWater","NeowsBlessing","Omamori","Pear","Golden Idol","Sundial","Frozen Egg 2"],"acts_visited":["Exordium"],"potions_floor_usage":[],"damage_taken":[{"damage":0.0,"enemies":"2 Louse","floor":1.0,"turns":1.0},{"damage":0.0,"enemies":"Small Slimes","floor":5.0,"turns":1.0},{"damage":0.0,"enemies":"Lagavulin","floor":6.0,"turns":1.0},{"damage":16.0,"enemies":"Gremlin Nob","floor":10.0,"turns":3.0},{"damage":19.0,"enemies":"Jaw Worm","floor":12.0,"turns":2.0},{"damage":35,"enemies":"Lagavulin","floor":13,"turns":4}],"seed_played":"1267648484137041067","potions_obtained":[{"floor":1.0,"key":"ColorlessPotion"}],"is_trial":false,"path_per_floor":["M","?","?","$","M","E","$","?","T","E","R","M","E"],"character_chosen":"WATCHER","items_purchased":["Omamori"],"campfire_rested":0,"item_purchase_floors":[4],"current_hp_per_floor":[61,50,43,43,43,53,53,53,53,37,37,18,0,0],"gold":119,"neow_bonus":"THREE_ENEMY_KILL","is_daily":false,"chose_seed":false,"campfire_upgraded":1,"win_rate":0.0,"timestamp":1612350052,"path_taken":["M","?","?","$","M","E","$","?","T","E","R","?","E"],"items_purchased_type":["Relic"],"build_version":"2020-12-22","purchased_purges":0,"victory":false,"max_hp_per_floor":[68,68,68,68,68,78,78,78,78,78,78,78,78,78],"card_choices":[{"not_picked":["CrushJoints","Weave","EmptyBody"],"picked":"SKIP","floor":1.0},{"not_picked":["BowlingBash","EmptyFist"],"picked":"Indignation","floor":5.0},{"not_picked":["ThirdEye","Evaluate","Swivel"],"picked":"SKIP","floor":6.0},{"not_picked":["SandsOfTime","FearNoEvil","Collect"],"picked":"SKIP","floor":10.0},{"not_picked":["EmptyFist","PathToVictory","Indignation"],"picked":"SKIP","floor":12.0}],"player_experience":1795323,"relics_obtained":[{"floor":6.0,"key":"Pear"},{"floor":9.0,"key":"Sundial"},{"floor":10.0,"key":"Frozen Egg 2"}],"event_choices":[{"damage_healed":0.0,"max_hp_gain":0.0,"max_hp_loss":0.0,"gold_gain":75.0,"event_name":"World of Goop","player_choice":"Gather Gold","floor":2.0,"gold_loss":0.0,"damage_taken":11.0},{"cards_removed":["Defend_P"],"damage_healed":0.0,"max_hp_gain":0.0,"max_hp_loss":0.0,"gold_gain":0.0,"event_name":"Golden Wing","player_choice":"Card Removal","floor":3.0,"gold_loss":0.0,"damage_taken":7.0},{"damage_healed":0.0,"max_hp_gain":0.0,"max_hp_loss":0.0,"gold_gain":0.0,"event_name":"Golden Idol","player_choice":"Take Wound","floor":8.0,"gold_loss":0.0,"damage_taken":0.0,"relics_obtained":["Golden Idol"],"cards_obtained":["Injury"]}],"is_beta":false,"boss_relics":[],"items_purged_floors":[],"is_endless":false,"potions_floor_spawned":[1],"killed_by":"Lagavulin","ascension_level":20}}