{"host":"dvpvhz1t6etneyb3","time":1612365777,"event":{"mods":["AchievementEnabler","BaseMod","Colored Map","Highlight Path","Minty Spire (QoL Compilation)","Permanent Neow","Quick Restart"],"gold_per_floor":[361,286,305,37,49,49,49,83,83,83,111,111,130,162,162,247,328,339,339,339,27,36,79,79,44,71,71,105,22,47,74,74,158,158,180,7,7,34,44,80,80,115,124,124,179,0,22,22,22,22,22,22,22,22,62,62,62],"floor_reached":56,"language":"ENG","playtime":2721,"items_purged":[],"score":1948,"play_id":"810de825-d512-4ada-809f-ade99df4b8ac","local_time":"20210203102257","is_ascension_mode":true,"campfire_choices":[{"data":"Noxious Fumes","floor":6.0,"key":"SMITH"},{"data":"Crippling Poison","floor":10.0,"key":"SMITH"},{"data":"Poisoned Stab","floor":12.0,"key":"SMITH"},{"data":"Neutralize","floor":15.0,"key":"SMITH"},{"floor":24.0,"key":"REST"},{"data":"Wraith Form v2","floor":27.0,"key":"SMITH"},{"floor":32.0,"key":"RECALL"},{"data":"A Thousand Cuts","floor":41.0,"key":"SMITH"},{"floor":44.0,"key":"REST"},{"data":"Accuracy","floor":49.0,"key":"SMITH"},{"floor":53,"key":"REST"}],"circlet_count":0,"master_deck":["AscendersBane","Survivor","Neutralize+1","Crippling Poison+1","Poisoned Stab+1","Noxious Fumes+1","Noxious Fumes+1","Corpse Explosion+1","Cloak And Dagger+1","PiercingWail+1","Malaise+1","Corpse Explosion+1","Wraith Form v2+1","Deadly Poison+1","Malaise+1","A Thousand Cuts+1","Accuracy+1","Crippling Poison+1","Venomology+1","Dagger Spray","Adrenaline+1","Blade Dance+1","Backflip+1","Leg Sweep+1","Bouncing Flask+1","Bouncing Flask+1","Endless Agony+1","Doppelganger+1","Noxious Fumes+1","Dodge and Roll+1","Acrobatics+1","Leg Sweep+1","Blade Dance+1","Pain","PiercingWail+1","Well Laid Plans+1","Concentrate+1"],"relics":["Ring of the Snake","Akabeko","Toxic Egg 2","CeramicFish","Letter Opener","Pandora\u0027s Box","Enchiridion","Blood Vial","Ginger","Toy Ornithopter","HornCleat","Cursed Key","Vajra","Bottled Flame","Potion Belt","StoneCalendar","Red Mask","Strawberry"],"acts_visited":["Exordium","TheCity","TheBeyond","TheEnding"],"potions_floor_usage":[51,51,51,56,56,56],"damage_taken":[{"damage":0.0,"enemies":"Small Slimes","floor":1.0,"turns":4.0},{"damage":4.0,"enemies":"Jaw Worm","floor":3.0,"turns":8.0},{"damage":1.0,"enemies":"Cultist","floor":5.0,"turns":3.0},{"damage":12.0,"enemies":"3 Sentries","floor":8.0,"turns":6.0},{"damage":0.0,"enemies":"Exordium Wildlife","floor":11.0,"turns":2.0},{"damage":8.0,"enemies":"Blue Slaver","floor":13.0,"turns":4.0},{"damage":13.0,"enemies":"Lagavulin","floor":14.0,"turns":6.0},{"damage":14.0,"enemies":"The Guardian","floor":16.0,"turns":8.0},{"damage":2.0,"enemies":"Chosen","floor":18.0,"turns":5.0},{"damage":10.0,"enemies":"Gremlin Leader","floor":23.0,"turns":5.0},{"damage":6.0,"enemies":"Slavers","floor":28.0,"turns":3.0},{"damage":0.0,"enemies":"Shell Parasite","floor":30.0,"turns":1.0},{"damage":0.0,"enemies":"Cultist and Chosen","floor":31.0,"turns":3.0},{"damage":56.0,"enemies":"Champ","floor":33.0,"turns":10.0},{"damage":0.0,"enemies":"3 Darklings","floor":35.0,"turns":3.0},{"damage":0.0,"enemies":"Orb Walker","floor":38.0,"turns":2.0},{"damage":0.0,"enemies":"Spire Growth","floor":39.0,"turns":4.0},{"damage":4.0,"enemies":"Reptomancer","floor":40.0,"turns":4.0},{"damage":28.0,"enemies":"Nemesis","floor":42.0,"turns":7.0},{"damage":36.0,"enemies":"2 Orb Walkers","floor":45.0,"turns":4.0},{"damage":22.0,"enemies":"Writhing Mass","floor":47.0,"turns":4.0},{"damage":42.0,"enemies":"Awakened One","floor":50.0,"turns":14.0},{"damage":24,"enemies":"Donu and Deca","floor":51,"turns":8},{"damage":45,"enemies":"Shield and Spear","floor":55,"turns":6},{"damage":41,"enemies":"The Heart","floor":56,"turns":2}],"seed_played":"-5754002116713007861","potions_obtained":[{"floor":1.0,"key":"EssenceOfSteel"},{"floor":3.0,"key":"Strength Potion"},{"floor":8.0,"key":"Dexterity Potion"},{"floor":14.0,"key":"BlessingOfTheForge"},{"floor":23.0,"key":"PowerPotion"},{"floor":33.0,"key":"Fire Potion"},{"floor":47.0,"key":"Strength Potion"},{"floor":55,"key":"Weak Potion"}],"is_trial":false,"path_per_floor":["M","?","M","$","M","R","?","E","T","R","M","R","M","E","R","B",null,"M","?","?","$","?","E","R","$","T","R","E","$","M","M","R","B",null,"M","$","?","M","M","E","R","E","T","R","?","?","M","?","R","B","B",null,"R","$","E","B"],"character_chosen":"THE_SILENT","items_purchased":["Poisoned Stab","Akabeko","Noxious Fumes","Adrenaline+1","Blood Vial","Leg Sweep+1","Bouncing Flask+1","PowerPotion","Dodge and Roll+1","Vajra"],"campfire_rested":3,"item_purchase_floors":[4,4,4,21,21,25,29,29,36,36],"current_hp_per_floor":[59,59,55,55,54,54,54,42,42,42,42,42,34,21,21,7,47,45,24,24,24,24,16,34,34,34,34,35,35,42,44,44,5,46,48,48,48,50,57,53,53,29,29,46,12,12,2,47,47,10,3,36,47,47,9,0,0],"gold":62,"neow_bonus":"TWO_FIFTY_GOLD","is_daily":false,"chose_seed":false,"campfire_upgraded":7,"win_rate":0.0,"timestamp":1612365777,"path_taken":["M","?","M","$","M","R","?","E","T","R","M","R","M","E","R","BOSS","M","?","?","$","?","E","R","?","T","R","E","$","?","M","R","BOSS","M","$","?","M","M","E","R","E","T","R","?","?","?","?","R","BOSS","BOSS","R","$","E","BOSS"],"items_purchased_type":["Card","Relic","Card","Card","Relic","Card","Card","Potion","Card","Relic"],"build_version":"2020-12-22","purchased_purges":0,"victory":false,"max_hp_per_floor":[60,60,60,60,60,60,60,60,60,60,60,60,60,60,60,60,60,60,60,60,60,60,60,60,60,60,60,60,60,60,60,60,60,60,60,60,57,57,57,57,57,57,57,57,57,57,57,47,47,47,47,47,47,47,54,54,54],"card_choices":[{"not_picked":["Reflex","All Out Attack"],"picked":"Crippling Poison","floor":1.0},{"not_picked":["Catalyst","Prepared","Outmaneuver"],"picked":"SKIP","floor":3.0},{"not_picked":["Deflect","Backflip"],"picked":"Noxious Fumes","floor":5.0},{"not_picked":["Escape Plan+1","Footwork"],"picked":"Corpse Explosion+1","floor":8.0},{"not_picked":["PiercingWail+1","Dagger Spray"],"picked":"Cloak And Dagger+1","floor":11.0},{"not_picked":["Poisoned Stab","Distraction+1"],"picked":"PiercingWail+1","floor":13.0},{"not_picked":["Predator","Expertise+1","Deadly Poison+1"],"picked":"SKIP","floor":14.0},{"not_picked":["After Image","Tools of the Trade"],"picked":"Malaise+1","floor":16.0},{"not_picked":["Sucker Punch","Riddle With Holes","Underhanded Strike"],"picked":"SKIP","floor":18.0},{"not_picked":["Skewer","Crippling Poison+1"],"picked":"Backflip+1","floor":23.0},{"not_picked":["Skewer","Sucker Punch","Slice"],"picked":"SKIP","floor":28.0},{"not_picked":["Flying Knee","Dagger Spray"],"picked":"Bouncing Flask+1","floor":30.0},{"not_picked":["Bane","Slice"],"picked":"Endless Agony+1","floor":31.0},{"not_picked":["Unload","Phantasmal Killer+1"],"picked":"Doppelganger+1","floor":33.0},{"not_picked":["Flying Knee+1","Expertise+1"],"picked":"Noxious Fumes+1","floor":35.0},{"not_picked":["Choke+1","Underhanded Strike"],"picked":"Acrobatics+1","floor":38.0},{"not_picked":["Bane","Endless Agony","Sucker Punch"],"picked":"SKIP","floor":39.0},{"not_picked":["Quick Slash","Deflect+1"],"picked":"Leg Sweep+1","floor":40.0},{"not_picked":["Outmaneuver+1","Endless Agony+1"],"picked":"Blade Dance+1","floor":42.0},{"not_picked":["Caltrops+1","Deadly Poison+1"],"picked":"PiercingWail+1","floor":45.0},{"not_picked":["Cloak And Dagger+1","Dash+1"],"picked":"Well Laid Plans+1","floor":47.0},{"not_picked":["Finisher+1","Noxious Fumes"],"picked":"Concentrate+1","floor":55}],"player_experience":2129773,"relics_obtained":[{"floor":8.0,"key":"Toxic Egg 2"},{"floor":9.0,"key":"CeramicFish"},{"floor":14.0,"key":"Letter Opener"},{"floor":19.0,"key":"Enchiridion"},{"floor":23.0,"key":"Ginger"},{"floor":26.0,"key":"Toy Ornithopter"},{"floor":28.0,"key":"HornCleat"},{"floor":40.0,"key":"Bottled Flame"},{"floor":42.0,"key":"Potion Belt"},{"floor":45.0,"key":"StoneCalendar"},{"floor":55,"key":"Strawberry"}],"event_choices":[{"cards_removed":["Strike_G"],"damage_healed":0.0,"max_hp_gain":0.0,"max_hp_loss":0.0,"gold_gain":0.0,"event_name":"The Cleric","player_choice":"Card Removal","floor":2.0,"gold_loss":75.0,"damage_taken":0.0},{"damage_healed":0.0,"max_hp_gain":0.0,"max_hp_loss":0.0,"gold_gain":0.0,"event_name":"Living Wall","player_choice":"Grow","floor":7.0,"gold_loss":0.0,"damage_taken":0.0,"cards_upgraded":["Noxious Fumes"]},{"damage_healed":0.0,"max_hp_gain":0.0,"max_hp_loss":0.0,"gold_gain":0.0,"event_name":"Cursed Tome","player_choice":"Obtained Book","floor":19.0,"gold_loss":0.0,"damage_taken":21.0},{"damage_healed":0.0,"max_hp_gain":0.0,"max_hp_loss":0.0,"gold_gain":0.0,"event_name":"The Mausoleum","player_choice":"Ignored","floor":20.0,"gold_loss":0.0,"damage_taken":0.0},{"damage_healed":0.0,"max_hp_gain":0.0,"max_hp_loss":0.0,"gold_gain":0.0,"event_name":"The Library","player_choice":"Read","floor":22.0,"gold_loss":0.0,"damage_taken":0.0,"cards_obtained":["Blade Dance"]},{"damage_healed":0.0,"max_hp_gain":0.0,"max_hp_loss":3.0,"gold_gain":0.0,"event_name":"Winding Halls","player_choice":"Max HP","floor":37.0,"gold_loss":0.0,"damage_taken":0.0},{"damage_healed":0.0,"max_hp_gain":0.0,"max_hp_loss":0.0,"gold_gain":0.0,"event_name":"Mysterious Sphere","player_choice":"Fight","floor":45.0,"gold_loss":0.0,"damage_taken":0.0},{"damage_healed":0.0,"max_hp_gain":0.0,"max_hp_loss":0.0,"gold_gain":0.0,"event_name":"Tomb of Lord Red Mask","player_choice":"Paid","floor":46.0,"gold_loss":179.0,"damage_taken":0.0,"relics_obtained":["Red Mask"]},{"damage_healed":47.0,"max_hp_gain":0.0,"max_hp_loss":10.0,"gold_gain":0.0,"event_name":"The Moai Head","player_choice":"Heal","floor":48.0,"gold_loss":0.0,"damage_taken":0.0}],"is_beta":false,"boss_relics":[{"not_picked":["Velvet Choker","SacredBark"],"picked":"Pandora\u0027s Box"},{"not_picked":["HoveringKite","Empty Cage"],"picked":"Cursed Key"}],"items_purged_floors":[],"is_endless":false,"potions_floor_spawned":[1,3,8,14,16,18,23,33,35,40,47,55],"killed_by":"The Heart","ascension_level":20}}