{"host":"crmowuwgj9wiiaqp","time":1612391231,"event":{"mods":["BaseMod","Downfall","Minty Spire (QoL Compilation)","Spire Arcade","StSLib"],"gold_per_floor":[117,130,28,45,58,58,105,15,43,43,43,28,28,28,28,132,132,142,160,177,177,188,188,268,268,301,30,62,62,90,107,7,109,109,122,122,122,122],"floor_reached":36,"language":"ENG","playtime":3091,"items_purged":["bronze:Strike","bronze:Strike"],"score":490,"play_id":"91f35c1a-16ab-4b9f-9e72-84c1ac0d4205","local_time":"20210203152711","is_ascension_mode":true,"campfire_choices":[{"data":"bronze:Library","floor":6,"key":"SMITH"},{"floor":11,"key":"REST"},{"data":"bronze:Terminator","floor":15,"key":"SMITH"},{"floor":23,"key":"REST"},{"floor":25,"key":"REST"},{"floor":32,"key":"REST"}],"circlet_count":0,"master_deck":["bronze:Strike","bronze:Strike","bronze:Defend","bronze:Defend","bronze:Defend","bronze:Defend","bronze:Replicate","bronze:Goto","bronze:Library+1","bronze:FineTuning","bronze:WhirlingStrike","bronze:Constructor","bronze:Backtrace","bronze:Terminator+1","bronze:Fortify","bronze:Overheat","bronze:Constructor","bronze:Iterate","bronze:Virus","bronze:DelayedGuard+1","bronze:Optimize","bronze:Constructor+1","bronze:InfiniteBeams","bronze:ForceShield","bronze:CleanCode","bronze:ThunderWave"],"relics":["bronze:BronzeCore","Orichalcum","Lantern","Juzu Bracelet","Sundial","Fusion Hammer","MutagenicStrength","Letter Opener","The Courier","Vajra","Gremlin Horn","Mummified Hand","downfall:HeartBlessingGreen","SlaversCollar"],"acts_visited":["Exordium","TheCity","TheBeyond"],"potions_floor_usage":[9,26,30,30,33],"damage_taken":[{"damage":0,"enemies":"Small Slimes","floor":1,"turns":5},{"damage":2,"enemies":"2 Louse","floor":2,"turns":4},{"damage":0,"enemies":"downfall:FleeingMerchant","floor":3,"turns":4},{"damage":1,"enemies":"Cultist","floor":4,"turns":4},{"damage":30,"enemies":"Large Slime","floor":5,"turns":6},{"damage":9,"enemies":"downfall:FleeingMerchant","floor":8,"turns":4},{"damage":3,"enemies":"3 Sentries","floor":9,"turns":4},{"damage":1,"enemies":"downfall:FleeingMerchant","floor":12,"turns":4},{"damage":7,"enemies":"SI_SHIV_ARCHETYPE","floor":16,"turns":10},{"damage":14,"enemies":"Shell Parasite","floor":18,"turns":5},{"damage":2,"enemies":"Centurion and Healer","floor":19,"turns":4},{"damage":25,"enemies":"Snake Plant","floor":20,"turns":7},{"damage":6,"enemies":"Chosen and Byrds","floor":22,"turns":4},{"damage":0,"enemies":"Slavers","floor":26,"turns":4},{"damage":0,"enemies":"downfall:FleeingMerchant","floor":27,"turns":4},{"damage":12,"enemies":"Gremlin Leader","floor":28,"turns":6},{"damage":24,"enemies":"Slavers","floor":30,"turns":3},{"damage":9,"enemies":"Centurion and Healer","floor":31,"turns":4},{"damage":22,"enemies":"DF_ARCHETYPE_CLAW","floor":33,"turns":8},{"damage":5,"enemies":"Orb Walker","floor":35,"turns":3},{"damage":65,"enemies":"3 Darklings","floor":36,"turns":4}],"seed_played":"473483213968559410","potions_obtained":[{"floor":1,"key":"champ:CounterPotion"},{"floor":5,"key":"Swift Potion"},{"floor":9,"key":"SkillPotion"},{"floor":16,"key":"EssenceOfSteel"},{"floor":19,"key":"sneckomod:MuddlingPotion"},{"floor":22,"key":"DuplicationPotion"},{"floor":26,"key":"Guardian:BlockOnCardUsePotion"},{"floor":28,"key":"DistilledChaos"},{"floor":31,"key":"FearPotion"}],"is_trial":false,"path_per_floor":["M","M","$","M","M","R","T","$","E","?","R","$","T","?","R","B",null,"M","M","M","?","M","R","T","R","E","$","E","?","E","M","R","B",null,"M","M"],"character_chosen":"THE_AUTOMATON","items_purchased":["bronze:Constructor","bronze:Backtrace","Vajra","bronze:InfiniteBeams"],"campfire_rested":4,"item_purchase_floors":[3,3,27,27],"current_hp_per_floor":[70,68,68,67,37,37,37,28,25,25,46,45,45,45,45,38,70,56,54,29,29,23,44,44,65,65,65,53,53,29,20,41,19,70,65,0,0,0],"gold":122,"neow_bonus":"ONE_RANDOM_RARE_CARD","is_daily":false,"chose_seed":false,"campfire_upgraded":2,"win_rate":0.0,"timestamp":1612391231,"path_taken":["M","M","$","M","M","R","T","$","E","?","R","$","?","?","R","BOSS","M","M","M","?","M","R","T","R","E","$","E","?","E","M","R","BOSS","M","M"],"items_purchased_type":["Card","Card","Relic","Card"],"build_version":"2020-12-22","purchased_purges":2,"victory":false,"max_hp_per_floor":[70,70,70,70,70,70,70,70,70,70,70,70,70,70,70,70,70,70,70,70,70,70,70,70,70,70,70,70,70,70,70,70,70,70,70,70,70,70],"card_choices":[{"not_picked":["bronze:Allocate","bronze:Deprecate"],"picked":"bronze:FineTuning","floor":1},{"not_picked":["bronze:Frontload","bronze:Turbo","bronze:WhirlingStrike"],"picked":"SKIP","floor":2},{"not_picked":["bronze:Frontload","bronze:Turbo"],"picked":"bronze:WhirlingStrike","floor":2},{"not_picked":["bronze:WildBeam","bronze:FineTuning","bronze:Invalidate"],"picked":"SKIP","floor":3},{"not_picked":["bronze:DigitalCarnage","bronze:ItsAFeature"],"picked":"bronze:Terminator","floor":4},{"not_picked":["bronze:Frontload","bronze:Deprecate"],"picked":"bronze:Fortify","floor":5},{"not_picked":["bronze:Philosophize","bronze:BitShift"],"picked":"bronze:Overheat","floor":8},{"not_picked":["bronze:OilSpill","bronze:Frontload"],"picked":"bronze:Constructor","floor":9},{"not_picked":["bronze:FineTuning","bronze:DelayedGuard"],"picked":"bronze:Iterate","floor":12},{"not_picked":["bronze:BurnOut","bronze:Assembly"],"picked":"bronze:Virus","floor":16},{"not_picked":["bronze:BitShift","bronze:Fortify+1"],"picked":"bronze:DelayedGuard+1","floor":18},{"not_picked":["bronze:DelayedGuard","bronze:Overheat+1","bronze:Optimize"],"picked":"SKIP","floor":19},{"not_picked":["bronze:Constructor","bronze:Backtrace+1"],"picked":"bronze:Optimize","floor":20},{"not_picked":["bronze:Flail","bronze:ChosenStrike"],"picked":"bronze:Constructor+1","floor":22},{"not_picked":["bronze:BugBarrage","bronze:Philosophize","bronze:Frontload"],"picked":"SKIP","floor":26},{"not_picked":["bronze:WildBeam","bronze:Refactor+1","bronze:Invalidate"],"picked":"SKIP","floor":27},{"not_picked":["bronze:BuggyMess","bronze:Turbo"],"picked":"bronze:ForceShield","floor":28},{"not_picked":["bronze:Turbo","bronze:Repulsor","bronze:BugBarrage"],"picked":"SKIP","floor":30},{"not_picked":["bronze:DelayedSlice+1","bronze:Separator+1"],"picked":"bronze:CleanCode","floor":31},{"not_picked":["bronze:RecursiveStrike","bronze:CleanCode"],"picked":"bronze:ThunderWave","floor":33},{"not_picked":["bronze:Overheat+1","bronze:Terminator","bronze:WildBeam+1"],"picked":"SKIP","floor":35}],"player_experience":1387814,"relics_obtained":[{"floor":7,"key":"Orichalcum"},{"floor":9,"key":"Lantern"},{"floor":13,"key":"Sundial"},{"floor":24,"key":"Letter Opener"},{"floor":26,"key":"The Courier"},{"floor":28,"key":"Gremlin Horn"},{"floor":30,"key":"Mummified Hand"}],"event_choices":[{"damage_healed":0,"gold_gain":0,"player_choice":"Inject Mutagens","damage_taken":0,"relics_obtained":["MutagenicStrength"],"max_hp_gain":0,"max_hp_loss":0,"event_name":"Drug Dealer","floor":21,"gold_loss":0}],"is_beta":false,"boss_relics":[{"not_picked":["Astrolabe","bronze:MakeshiftBattery"],"picked":"Fusion Hammer"},{"not_picked":["Pandora\u0027s Box","Runic Pyramid"],"picked":"SlaversCollar"}],"items_purged_floors":[8,27],"is_endless":false,"potions_floor_spawned":[1,5,9,16,19,22,26,28,31],"killed_by":"3 Darklings","ascension_level":2}}