{"host":"4qkvkh7pd9qr2mca","time":1612364018,"event":{"mods":["AchievementEnabler","Act Like it!","BaseMod","Colored Map","Colored Powertips","Highlight Path","Minty Spire (QoL Compilation)","Pale of the Ancients","Permanent Neow","Quick Restart","Relic Stats","StSLib","SuperFastMode"],"gold_per_floor":[115,22,35,35,185,185,185],"floor_reached":6,"language":"ENG","playtime":185,"items_purged":[],"score":68,"play_id":"c3938c0b-094c-4e42-86f9-86c8d8df96e7","local_time":"20210203155338","is_ascension_mode":true,"campfire_choices":[],"circlet_count":0,"master_deck":["AscendersBane","Strike_G","Strike_G","Strike_G","Strike_G","Strike_G","Defend_G","Defend_G","Defend_G","Defend_G","Defend_G","Survivor","Neutralize","Underhanded Strike","Footwork","Deflect","Dagger Spray","Doubt"],"relics":["Ring of the Snake","Unceasing Top","Question Card"],"acts_visited":["Exordium"],"potions_floor_usage":[],"damage_taken":[{"damage":3,"enemies":"Cultist","floor":1,"turns":4},{"damage":0,"enemies":"Small Slimes","floor":3,"turns":5},{"damage":44,"enemies":"3 Sentries","floor":6,"turns":10}],"seed_played":"850153389627809354","potions_obtained":[],"is_trial":false,"path_per_floor":["M","$","M","T","?","E"],"character_chosen":"THE_SILENT","items_purchased":["Footwork","Deflect"],"campfire_rested":0,"item_purchase_floors":[2,2],"current_hp_per_floor":[56,56,56,56,56,12,12],"gold":185,"neow_bonus":"ONE_RARE_RELIC","is_daily":false,"chose_seed":false,"campfire_upgraded":0,"win_rate":0.0,"timestamp":1612364018,"path_taken":["M","$","M","?","?","E"],"items_purchased_type":["Card","Card"],"build_version":"2020-12-22","purchased_purges":0,"victory":false,"max_hp_per_floor":[60,60,60,60,60,60,60],"relic_stats":{"counters":[3,19],"Question Card":0,"obtain_stats":[{"Question Card":4,"Unceasing Top":0,"Ring of the Snake":0},{"Question Card":2,"Unceasing Top":0,"Ring of the Snake":0},{"Question Card":9,"Unceasing Top":0,"Ring of the Snake":0}],"Unceasing Top":[1],"Ring of the Snake":[6]},"card_choices":[{"not_picked":["Catalyst","Sucker Punch"],"picked":"Underhanded Strike","floor":1},{"not_picked":["Cloak And Dagger","Choke"],"picked":"Dagger Spray","floor":3}],"player_experience":617111,"relics_obtained":[{"floor":4,"key":"Question Card"}],"event_choices":[{"damage_healed":0,"gold_gain":150,"player_choice":"AGREE","damage_taken":0,"max_hp_gain":0,"max_hp_loss":0,"event_name":"Liars Game","floor":5,"gold_loss":0,"cards_obtained":["Doubt"]}],"is_beta":false,"boss_relics":[],"items_purged_floors":[],"is_endless":false,"potions_floor_spawned":[],"killed_by":"3 Sentries","ascension_level":20}}