{"host":"r53pw7z744tg3fxg","time":1612317037,"event":{"mods":["AchievementEnabler","BaseMod","Colored Map","Colored Powertips","Highlight Path","Minty Spire (QoL Compilation)","Quick Restart","Transform Curses"],"gold_per_floor":[112,129,51,66,66,66,94,110,136,136,156,156,156,168,168,240,240,254,1,1,1,1,1,1,1],"floor_reached":24,"language":"ENG","playtime":624,"items_purged":[],"score":369,"play_id":"309ead59-d1f4-4ef4-8800-9dbf674d9d95","local_time":"20210202185037","is_ascension_mode":true,"campfire_choices":[{"data":"Eruption","floor":6.0,"key":"SMITH"},{"floor":10.0,"key":"REST"},{"data":"LikeWater","floor":12.0,"key":"SMITH"},{"data":"Wallop","floor":15.0,"key":"SMITH"},{"floor":23,"key":"REST"}],"circlet_count":0,"master_deck":["AscendersBane","Strike_P","Strike_P","Strike_P","Strike_P","Defend_P","Defend_P","Defend_P","Defend_P","Eruption+1","Vigilance","FlurryOfBlows","Wallop+1","LikeWater+1","Prostrate","EmptyBody","WheelKick","Pray","BowlingBash","Judgement","WaveOfTheHand+1","Panacea","Decay"],"relics":["PureWater","Anchor","Ancient Tea Set","PrismaticShard","Pantograph"],"acts_visited":["Exordium","TheCity"],"potions_floor_usage":[16,18],"damage_taken":[{"damage":0.0,"enemies":"Jaw Worm","floor":1.0,"turns":5.0},{"damage":0.0,"enemies":"Small Slimes","floor":2.0,"turns":2.0},{"damage":2.0,"enemies":"Cultist","floor":4.0,"turns":3.0},{"damage":19.0,"enemies":"Gremlin Nob","floor":7.0,"turns":4.0},{"damage":10.0,"enemies":"Exordium Wildlife","floor":8.0,"turns":5.0},{"damage":2.0,"enemies":"Exordium Thugs","floor":11.0,"turns":4.0},{"damage":0.0,"enemies":"2 Fungi Beasts","floor":14.0,"turns":4.0},{"damage":21,"enemies":"Slime Boss","floor":16,"turns":7},{"damage":30,"enemies":"Shell Parasite","floor":18,"turns":5},{"damage":59,"enemies":"Book of Stabbing","floor":24,"turns":6}],"seed_played":"3095966570862284996","potions_obtained":[{"floor":2.0,"key":"LiquidMemories"},{"floor":8.0,"key":"Strength Potion"},{"floor":16,"key":"LiquidBronze"}],"is_trial":false,"path_per_floor":["M","M","$","M","?","R","E","M","T","R","M","R","?","M","R","B",null,"M","$","T","$","?","R","E"],"character_chosen":"WATCHER","items_purchased":["LikeWater","PrismaticShard","Panacea"],"campfire_rested":2,"item_purchase_floors":[3,19,19],"current_hp_per_floor":[67,67,67,65,65,65,46,36,36,58,56,56,56,56,56,35,64,34,34,34,34,34,56,0,0],"gold":1,"neow_bonus":"TEN_PERCENT_HP_BONUS","is_daily":false,"chose_seed":false,"campfire_upgraded":3,"win_rate":0.0,"timestamp":1612317037,"path_taken":["M","M","$","M","?","R","E","M","T","R","M","R","?","M","R","BOSS","M","$","?","$","?","R","E"],"items_purchased_type":["Card","Relic","Card"],"build_version":"2020-12-22","purchased_purges":0,"victory":false,"max_hp_per_floor":[74,74,74,74,74,74,74,74,74,74,74,74,74,74,74,74,74,74,74,74,74,74,74,74,74],"card_choices":[{"not_picked":["SashWhip","Perseverance"],"picked":"FlurryOfBlows","floor":1.0},{"not_picked":["InnerPeace","WaveOfTheHand"],"picked":"Wallop","floor":2.0},{"not_picked":["InnerPeace","Wireheading"],"picked":"Prostrate","floor":4.0},{"not_picked":["Perseverance","Crescendo"],"picked":"EmptyBody","floor":7.0},{"not_picked":["FollowUp","Scrawl"],"picked":"WheelKick","floor":8.0},{"not_picked":["Wallop","JustLucky"],"picked":"Pray","floor":11.0},{"not_picked":["EmptyBody","CarveReality"],"picked":"BowlingBash","floor":14.0},{"not_picked":["Establishment","Wish"],"picked":"Judgement","floor":16},{"not_picked":["TalkToTheHand","CutThroughFate"],"picked":"WaveOfTheHand+1","floor":18}],"player_experience":1426249,"relics_obtained":[{"floor":7.0,"key":"Anchor"},{"floor":9.0,"key":"Ancient Tea Set"},{"floor":20,"key":"Pantograph"}],"event_choices":[{"damage_healed":0.0,"max_hp_gain":0.0,"max_hp_loss":0.0,"gold_gain":0.0,"event_name":"Liars Game","player_choice":"Ignored","floor":5.0,"gold_loss":0.0,"damage_taken":0.0},{"damage_healed":0.0,"max_hp_gain":0.0,"max_hp_loss":0.0,"gold_gain":0.0,"event_name":"Purifier","player_choice":"Ignored","floor":13.0,"gold_loss":0.0,"damage_taken":0.0},{"damage_healed":0,"gold_gain":0,"player_choice":"Smashed Altar","damage_taken":0,"max_hp_gain":0,"max_hp_loss":0,"event_name":"Forgotten Altar","floor":22,"gold_loss":0,"cards_obtained":["Decay"]}],"is_beta":false,"boss_relics":[{"not_picked":["Velvet Choker","Fusion Hammer","Coffee Dripper"]}],"items_purged_floors":[],"is_endless":false,"potions_floor_spawned":[2,8,16],"killed_by":"Book of Stabbing","ascension_level":18}}