{"host":"w4b7hmige5bnqipq","time":1612316965,"event":{"mods":["2.2 Compatiblity","BaseMod","Colored Map","DeckTracker","Keyboard Shortcuts","Minty Spire (QoL Compilation)","Permanent Neow","Rare Cards Sparkle","SuperFastMode","everything is the same but u backflip on backflip","slay the spire mod where everything is the same but ironclad has a cowboy hat"],"gold_per_floor":[17,17,117,132,147,147,167,186,213,213,213,233,233,233,233,233,233],"floor_reached":16,"language":"KOR","playtime":279,"items_purged":[],"score":184,"play_id":"f206ccb2-5261-46f9-a68e-ae8c4f8e6f40","local_time":"20210203104925","is_ascension_mode":true,"campfire_choices":[{"data":"Backstab","floor":6,"key":"SMITH"},{"data":"Deadly Poison","floor":10,"key":"SMITH"},{"data":"Dagger Throw","floor":15,"key":"SMITH"}],"circlet_count":0,"master_deck":["AscendersBane","Strike_G","Strike_G","Strike_G","Strike_G","Defend_G","Defend_G","Defend_G","Defend_G","Survivor","Neutralize","Dagger Throw+1","Backstab+1","PiercingWail","Deadly Poison+1","Reflex","Reflex"],"relics":["Ring of the Snake","Ancient Tea Set","Nunchaku"],"acts_visited":["Exordium"],"potions_floor_usage":[16,16],"damage_taken":[{"damage":0,"enemies":"2 Louse","floor":1,"turns":3},{"damage":2,"enemies":"Cultist","floor":4,"turns":5},{"damage":2,"enemies":"Jaw Worm","floor":5,"turns":4},{"damage":3,"enemies":"Looter","floor":7,"turns":3},{"damage":0,"enemies":"2 Fungi Beasts","floor":8,"turns":3},{"damage":0,"enemies":"Lots of Slimes","floor":12,"turns":4},{"damage":63,"enemies":"Slime Boss","floor":16,"turns":9}],"seed_played":"-2487208541061210025","potions_obtained":[{"floor":4,"key":"Regen Potion"},{"floor":5,"key":"Weak Potion"}],"is_trial":false,"path_per_floor":["M","$","?","M","M","R","M","M","T","R","?","M","?","?","R","B"],"character_chosen":"THE_SILENT","items_purchased":[],"campfire_rested":0,"item_purchase_floors":[],"current_hp_per_floor":[59,59,59,57,55,55,52,52,52,52,47,47,47,43,43,0,0],"gold":233,"neow_bonus":"REMOVE_TWO","is_daily":false,"chose_seed":false,"campfire_upgraded":3,"win_rate":0.0,"timestamp":1612316965,"path_taken":["M","$","?","?","M","R","M","M","T","R","?","M","?","?","R","BOSS"],"items_purchased_type":[],"build_version":"2020-12-22","purchased_purges":0,"victory":false,"max_hp_per_floor":[66,66,66,66,66,66,66,66,66,66,66,66,66,66,66,66,66],"card_choices":[{"not_picked":["Dodge and Roll","Deadly Poison"],"picked":"Dagger Throw","floor":1},{"not_picked":["Dodge and Roll","Heel Hook"],"picked":"Backstab","floor":4},{"not_picked":["Flying Knee","Outmaneuver"],"picked":"PiercingWail","floor":5},{"not_picked":["Dodge and Roll","Terror"],"picked":"Deadly Poison","floor":7},{"not_picked":["Escape Plan","Prepared"],"picked":"Reflex","floor":8},{"not_picked":["Slice","Deflect"],"picked":"Reflex","floor":12}],"player_experience":696185,"relics_obtained":[{"floor":9,"key":"Ancient Tea Set"}],"event_choices":[{"damage_healed":0,"gold_gain":100,"player_choice":"Gold","damage_taken":0,"max_hp_gain":0,"max_hp_loss":0,"event_name":"Wheel of Change","floor":3,"gold_loss":0},{"damage_healed":0,"gold_gain":0,"player_choice":"Success","damage_taken":5,"relics_obtained":["Nunchaku"],"max_hp_gain":0,"max_hp_loss":0,"event_name":"Scrap Ooze","floor":11,"gold_loss":0},{"damage_healed":0,"gold_gain":0,"player_choice":"Ignored","damage_taken":0,"max_hp_gain":0,"max_hp_loss":0,"event_name":"Liars Game","floor":13,"gold_loss":0},{"damage_healed":0,"gold_gain":0,"player_choice":"Bought 0 Potions","damage_taken":0,"max_hp_gain":0,"max_hp_loss":0,"event_name":"The Woman in Blue","floor":14,"gold_loss":0}],"is_beta":false,"boss_relics":[],"items_purged_floors":[],"is_endless":false,"potions_floor_spawned":[4,5],"killed_by":"Slime Boss","ascension_level":20}}