{"host":"k7hcond86h7ozquk","time":1612343006,"event":{"mods":["AchievementEnabler","BaseMod","Downfall","Duelist Mod","Hermit","HololiveMod","Hubris","Infinite Spire","Jorbs\u0027s Wanderer Trilogy","Lobotomy","Marisa????????","Minty Spire (QoL Compilation)","Replay The Spire","StSLib","The Cursed","The Disciple","The Hierophant","The Jungle"],"gold_per_floor":[99,116,133,149,164,180,226,226,226,246,261,261,246,327,340,340,340],"floor_reached":16,"language":"ENG","playtime":1433,"items_purged":[],"score":98,"play_id":"c8ce0f59-bd42-412d-9b97-5dab35884849","local_time":"20210203190326","is_ascension_mode":false,"campfire_choices":[{"floor":1,"key":"RECALL"}],"circlet_count":0,"master_deck":["champ:Strike","champ:Strike","champ:Strike","champ:Strike","champ:Defend+1","champ:Defend","champ:Defend","champ:Defend","champ:Execute","champ:Taunt","champ:CalledShot","champ:Duel","champ:StanceDance","champ:EndlessRage","champ:RisingSlash","infinitespire:Oblivion","champ:RisingSlash","champ:GladiatorStyle","champ:EnGarde","champ:FanOfKnives","champ:StanceDance"],"relics":["champ:ChampionCrown","Tiny Chest","Bottled Flame"],"acts_visited":["Exordium"],"potions_floor_usage":[],"damage_taken":[{"damage":39,"enemies":"Cultist","floor":2,"turns":7},{"damage":4,"enemies":"2 Louse","floor":3,"turns":3},{"damage":10,"enemies":"Jaw Worm","floor":4,"turns":3},{"damage":38,"enemies":"Red Slaver","floor":5,"turns":5},{"damage":24,"enemies":"Blue Slaver","floor":6,"turns":4},{"damage":4,"enemies":"2 Fungi Beasts","floor":10,"turns":4},{"damage":23,"enemies":"Lots of Slimes","floor":11,"turns":4},{"damage":6,"enemies":"Large Slime","floor":12,"turns":5},{"damage":17,"enemies":"downfall:FleeingMerchant","floor":13,"turns":4},{"damage":19,"enemies":"2 Fungi Beasts","floor":15,"turns":3},{"damage":21,"enemies":"SI_SHIV_ARCHETYPE","floor":16,"turns":5}],"seed_played":"-5551493540536579240","potions_obtained":[{"floor":2,"key":"hexamod:SoulburnPotion"},{"floor":3,"key":"Explosive Potion"},{"floor":10,"key":"GamblersBrew"}],"is_trial":false,"path_per_floor":["R","M","M","M","M","M","T","?","?","M","M","M","$","T","M","B"],"character_chosen":"THE_CHAMP","items_purchased":[],"campfire_rested":0,"item_purchase_floors":[],"current_hp_per_floor":[99,75,71,71,58,49,49,26,26,32,24,18,20,20,9,0,0],"gold":340,"neow_bonus":"TEN_PERCENT_HP_BONUS","is_daily":false,"chose_seed":false,"campfire_upgraded":0,"win_rate":0.0,"timestamp":1612343006,"path_taken":["R","M","M","M","M","?","T","?","?","M","M","M","?","?","M","BOSS"],"items_purchased_type":[],"build_version":"2020-12-22","purchased_purges":0,"victory":false,"max_hp_per_floor":[99,99,99,99,99,99,99,99,99,99,99,99,99,99,99,99,99],"card_choices":[{"not_picked":["champ:FlashCut","champ:AdrenalArmor"],"picked":"champ:CalledShot","floor":2},{"not_picked":["champ:ArenaPreparation","champ:FocusedBerserking"],"picked":"champ:Duel","floor":3},{"not_picked":["champ:AdrenalArmor","champ:PreciseThrust"],"picked":"champ:StanceDance","floor":4},{"not_picked":["champ:RapidStrikes","champ:FanOfKnives"],"picked":"champ:EndlessRage","floor":5},{"not_picked":["champ:Endure","champ:PreemptiveStrike"],"picked":"champ:RisingSlash","floor":6},{"not_picked":["infinitespire:SealOfDarkness+","infinitespire:Gouge"],"picked":"infinitespire:Oblivion","floor":8},{"not_picked":["champ:StanceDance","champ:EnGarde"],"picked":"champ:RisingSlash","floor":10},{"not_picked":["champ:PreciseThrust","champ:PreemptiveStrike"],"picked":"champ:GladiatorStyle","floor":11},{"not_picked":["champ:PreciseThrust","champ:CrownThrow"],"picked":"champ:EnGarde","floor":12},{"not_picked":["champ:Encircle","champ:FalseCounter"],"picked":"champ:FanOfKnives","floor":13},{"not_picked":["champ:FanOfKnives","champ:RisingSlash"],"picked":"champ:StanceDance","floor":15}],"player_experience":136834,"relics_obtained":[{"floor":7,"key":"Tiny Chest"},{"floor":14,"key":"Bottled Flame"}],"event_choices":[],"is_beta":false,"boss_relics":[],"items_purged_floors":[],"is_endless":false,"potions_floor_spawned":[2,3,10,12],"killed_by":"SI_SHIV_ARCHETYPE","ascension_level":0}}