{"host":"Nexxot","time":1612342836,"event":{"mods":["AchievementEnabler","BaseMod","Bestiary","Colored Map","Curses Come First","Highlight Path","Minty Spire (QoL Compilation)","Relic Stats","StSLib"],"gold_per_floor":[116,126,141,91,101,101,127,127,127,127,4,36,36,36,36,137,137,154,154,1,1,13,13,38,38,110,128,128,128],"floor_reached":28,"language":"ENG","playtime":667,"items_purged":[],"score":441,"play_id":"1785d801-a452-48e8-acea-aed073bb994b","local_time":"20210203100036","is_ascension_mode":true,"campfire_choices":[{"data":"Biased Cognition","floor":6.0,"key":"SMITH"},{"floor":8.0,"key":"REST"},{"floor":10.0,"key":"REST"},{"data":"Undo","floor":15.0,"key":"SMITH"},{"data":"Biased Cognition","floor":23.0,"key":"SMITH"},{"floor":25.0,"key":"REST"}],"circlet_count":0,"master_deck":["AscendersBane","Strike_B","Strike_B","Strike_B","Defend_B","Defend_B","Defend_B","Zap","Dualcast","Ball Lightning","Undo+1","Conserve Battery","Biased Cognition+1","Biased Cognition+1","Defragment+1","Steam","Rainbow","Steam+1","Force Field+1","Go for the Eyes","Force Field+1"],"relics":["Cracked Core","NeowsBlessing","Shuriken","Kunai","Sozu","Bronze Scales","Nloth\u0027s Gift","InkBottle"],"acts_visited":["Exordium","TheCity"],"potions_floor_usage":[28],"damage_taken":[{"damage":0.0,"enemies":"Cultist","floor":1.0,"turns":1.0},{"damage":0.0,"enemies":"2 Louse","floor":2.0,"turns":1.0},{"damage":0.0,"enemies":"Small Slimes","floor":3.0,"turns":1.0},{"damage":4.0,"enemies":"Blue Slaver","floor":5.0,"turns":4.0},{"damage":48.0,"enemies":"3 Sentries","floor":7.0,"turns":7.0},{"damage":8.0,"enemies":"Lagavulin","floor":12.0,"turns":5.0},{"damage":0.0,"enemies":"Slime Boss","floor":16.0,"turns":7.0},{"damage":5.0,"enemies":"Chosen","floor":18.0,"turns":3.0},{"damage":0.0,"enemies":"Spheric Guardian","floor":22.0,"turns":4.0},{"damage":35.0,"enemies":"Gremlin Leader","floor":24.0,"turns":8.0},{"damage":20,"enemies":"Centurion and Healer","floor":27,"turns":8},{"damage":20,"enemies":"Slavers","floor":28,"turns":1}],"seed_played":"5308844767617229280","potions_obtained":[{"floor":5.0,"key":"PowerPotion"},{"floor":12.0,"key":"PowerPotion"}],"is_trial":false,"path_per_floor":["M","M","M","?","M","R","E","R","T","R","$","E","?","?","R","B",null,"M","?","$","?","M","R","E","R","T","M","E"],"character_chosen":"DEFECT","items_purchased":["Defragment","Dexterity Potion","Bronze Scales"],"campfire_rested":3,"item_purchase_floors":[11,11,20],"current_hp_per_floor":[68,68,68,68,64,64,16,38,38,60,60,52,52,45,45,47,68,65,51,51,51,51,51,16,40,40,20,0,0],"gold":128,"neow_bonus":"THREE_ENEMY_KILL","is_daily":false,"chose_seed":false,"campfire_upgraded":3,"win_rate":0.0,"timestamp":1612342836,"path_taken":["M","M","?","?","M","R","E","R","T","R","$","E","?","?","R","BOSS","M","?","$","?","M","R","E","R","T","M","E"],"items_purchased_type":["Card","Potion","Relic"],"build_version":"2020-12-18","purchased_purges":0,"victory":false,"max_hp_per_floor":[75,75,75,75,75,75,75,75,75,75,75,75,75,75,75,75,75,75,80,80,80,80,80,80,80,80,80,80,80],"relic_stats":{"Sozu":2,"counters":[12,50],"Shuriken":[3],"Bronze Scales":[66],"Nloth\u0027s Gift":1,"Kunai":[3],"obtain_stats":[{"Blood Vial":12,"Sozu":17,"NeowsBlessing":0,"Shuriken":7,"Bronze Scales":20,"Nloth\u0027s Gift":21,"Kunai":9,"Cracked Core":0,"InkBottle":24},{"Blood Vial":6,"Sozu":7,"NeowsBlessing":0,"Shuriken":5,"Bronze Scales":8,"Nloth\u0027s Gift":8,"Kunai":5,"Cracked Core":0,"InkBottle":10},{"Blood Vial":19,"Sozu":26,"NeowsBlessing":0,"Shuriken":14,"Bronze Scales":29,"Nloth\u0027s Gift":29,"Kunai":14,"Cracked Core":0,"InkBottle":41}],"InkBottle":[2]},"card_choices":[{"not_picked":["Turbo","FTL"],"picked":"Ball Lightning","floor":1.0},{"not_picked":["Force Field","Steam"],"picked":"Undo","floor":2.0},{"not_picked":["Hologram","Turbo"],"picked":"Conserve Battery","floor":3.0},{"not_picked":["Streamline","Melter"],"picked":"Biased Cognition","floor":5.0},{"not_picked":["Coolheaded","Steam Power"],"picked":"Biased Cognition","floor":7.0},{"not_picked":["Turbo","Hologram"],"picked":"Steam","floor":12.0},{"not_picked":["Hyperbeam","Reboot"],"picked":"Rainbow","floor":16.0},{"not_picked":["Reprogram+1","Ball Lightning"],"picked":"Steam+1","floor":18.0},{"not_picked":["Sweeping Beam","Melter"],"picked":"Force Field+1","floor":22.0},{"not_picked":["Turbo+1","Creative AI"],"picked":"Go for the Eyes","floor":24.0},{"not_picked":["Beam Cell","Gash"],"picked":"Force Field+1","floor":27}],"player_experience":347668,"relics_obtained":[{"floor":7.0,"key":"Shuriken"},{"floor":9.0,"key":"Kunai"},{"floor":12.0,"key":"Blood Vial"},{"floor":24.0,"key":"InkBottle"}],"event_choices":[{"cards_removed":["Defend_B"],"damage_healed":0.0,"max_hp_gain":0.0,"max_hp_loss":0.0,"gold_gain":0.0,"event_name":"The Cleric","player_choice":"Card Removal","floor":4.0,"gold_loss":50.0,"damage_taken":0.0},{"damage_healed":0.0,"max_hp_gain":0.0,"max_hp_loss":0.0,"gold_gain":0.0,"event_name":"Living Wall","player_choice":"Grow","floor":13.0,"gold_loss":0.0,"damage_taken":0.0,"cards_upgraded":["Defragment"]},{"cards_removed":["Strike_B"],"damage_healed":0.0,"max_hp_gain":0.0,"max_hp_loss":0.0,"gold_gain":0.0,"event_name":"Golden Wing","player_choice":"Card Removal","floor":14.0,"gold_loss":0.0,"damage_taken":7.0},{"damage_healed":0.0,"max_hp_gain":5.0,"max_hp_loss":0.0,"gold_gain":0.0,"event_name":"Forgotten Altar","player_choice":"Shed Blood","floor":19.0,"gold_loss":0.0,"damage_taken":19.0},{"damage_healed":0.0,"max_hp_gain":0.0,"max_hp_loss":0.0,"gold_gain":0.0,"event_name":"N\u0027loth","player_choice":"Traded Relic","floor":21.0,"relics_lost":["Blood Vial"],"gold_loss":0.0,"damage_taken":0.0,"relics_obtained":["Nloth\u0027s Gift"]}],"is_beta":true,"boss_relics":[{"not_picked":["Tiny House","Ectoplasm"],"picked":"Sozu"}],"items_purged_floors":[],"is_endless":false,"potions_floor_spawned":[5,12,18,24],"killed_by":"Slavers","ascension_level":10}}