{"host":"agdto6ifbg57aw9m","time":1612326091,"event":{"mods":["2.2 Compatiblity","Aspiration","BaseMod","BetterRewards","Duelist Mod","Friendly Minions","GifTheSpireLib","Halation","Infinite Spire","Minty Spire (QoL Compilation)","Replay The Spire","Spikes Relics","StSLib","Stuff the Spire","The Spell Scribe"],"gold_per_floor":[135,149,149,149,160,187,198,198,198,226,245,245,275,292,292,396,396,409,409,422,441,456,456,485,485,485,485,485,146,163,163,163,259,259,270,270,270,287,298,298,298,298],"floor_reached":41,"language":"ENG","playtime":3900,"items_purged":["theDuelist:Sparks"],"score":773,"play_id":"f9bee148-65a7-4174-85ce-d01ab7a483f5","local_time":"20210202232131","is_ascension_mode":true,"campfire_choices":[{"data":"theDuelist:MillenniumGolem","floor":8,"key":"SMITH"},{"data":"theDuelist:DarkFusion","floor":12,"key":"SMITH"},{"data":"theDuelist:GarbageLord","floor":15,"key":"SMITH"},{"data":"theDuelist:TheCreator","floor":23,"key":"SMITH"},{"data":"theDuelist:DarkFusion+1","floor":25,"key":"SMITH"},{"data":"theDuelist:Wiretap","floor":28,"key":"SMITH"},{"data":"theDuelist:DarknessNeosphere","floor":32,"key":"SMITH"},{"data":"theDuelist:Wiretap+1","floor":40,"key":"SMITH"}],"circlet_count":0,"master_deck":["theDuelist:ArchfiendSoldier","theDuelist:ArchfiendSoldier","theDuelist:ArchfiendSoldier","AscendersBane","theDuelist:CastleWalls","theDuelist:CastleWalls","theDuelist:CastleWalls","theDuelist:FiendMegacyber","theDuelist:Sparks","theDuelist:SummonedSkull","theDuelist:AttackTheMoon","theDuelist:FuryFire+1","theDuelist:SummoningCurse","theDuelist:ArchfiendInterceptor","theDuelist:MillenniumGolem+1","theDuelist:MagicHoleGolem","theDuelist:DarkFusion+2","theDuelist:RedMirror+1","theDuelist:UmbralHorrorUniform","theDuelist:GarbageLord+1","theDuelist:ArchfiendCommander","theDuelist:Wiretap+2","Replay:Fractal Strike","theDuelist:ArchfiendHeiress","theDuelist:TheCreator+1","theDuelist:BeastTalwar","theDuelist:SkullArchfiend","theDuelist:DarknessNeosphere+1","theDuelist:PortraitSecret","theDuelist:PortraitSecret","theDuelist:WingedKuribohLv9","theDuelist:FabledGallabas","theDuelist:DarkCubicLord+1","theDuelist:ArchfiendGeneral"],"relics":["theDuelist:MillenniumPuzzle","theDuelist:CardPoolRelic","theDuelist:CardPoolBasicRelic","theDuelist:BoosterPackPoolRelic","theDuelist:CardPoolAddRelic","theDuelist:CardPoolMinusRelic","theDuelist:CardPoolSaveRelic","theDuelist:CardPoolOptionsRelic","aspiration:Nostalgia","theScribe:StarterRelic1","theDuelist:CursedHealer","theDuelist:MillenniumRod","Mirror","theDuelist:MillenniumRing","Champion Belt","HoveringKite","infinitespire:Eraser","Coffee Dripper","Replay:Rubber Ducky","halation:SelfBoilingWater","Blue Doll","Replay:Bronze Core"],"acts_visited":["Exordium","TheCity","TheBeyond"],"potions_floor_usage":[6,10,14],"damage_taken":[{"damage":13,"enemies":"2 Louse","floor":1,"turns":2},{"damage":0,"enemies":"Small Slimes","floor":2,"turns":5},{"damage":0,"enemies":"Cultist","floor":5,"turns":4},{"damage":4,"enemies":"3 Sentries","floor":6,"turns":8},{"damage":5,"enemies":"Blue Slaver","floor":7,"turns":3},{"damage":1,"enemies":"Lagavulin","floor":10,"turns":9},{"damage":0,"enemies":"Looter","floor":11,"turns":3},{"damage":0,"enemies":"Gremlin Nob","floor":13,"turns":4},{"damage":0,"enemies":"3 Louse","floor":14,"turns":3},{"damage":44,"enemies":"Hexaghost","floor":16,"turns":7},{"damage":9,"enemies":"Shell Parasite","floor":18,"turns":6},{"damage":0,"enemies":"Chosen","floor":20,"turns":5},{"damage":23,"enemies":"Centurion and Healer","floor":21,"turns":3},{"damage":14,"enemies":"Cultist and Chosen","floor":22,"turns":7},{"damage":0,"enemies":"Book of Stabbing","floor":24,"turns":1},{"damage":0,"enemies":"3 Cultists","floor":30,"turns":2},{"damage":20,"enemies":"Collector","floor":33,"turns":5},{"damage":0,"enemies":"3 Shapes","floor":35,"turns":2},{"damage":10,"enemies":"3 Darklings","floor":38,"turns":4},{"damage":7,"enemies":"Writhing Mass","floor":39,"turns":3},{"damage":7,"enemies":"R_Hoarder","floor":41,"turns":2}],"seed_played":"1226306220500132684","potions_obtained":[{"floor":1,"key":"Adrenaline Potion"},{"floor":7,"key":"theDuelist:BigOrbBottle"},{"floor":10,"key":"Fire Potion"},{"floor":16,"key":"Doom Potion"},{"floor":18,"key":"theDuelist:LavaBottle"}],"is_trial":false,"path_per_floor":["M","M","?","?","M","E","M","R","T","E","M","R","E","M","R","B",null,"M","AVR","M","M","M","R","E","R","T","?","R","$","M","HB","R","B",null,"M","HB","?","M","M","R","E"],"character_chosen":"THE_DUELIST","items_purchased":["theDuelist:SkullArchfiend","theDuelist:DarknessNeosphere","Blue Doll","theDuelist:PortraitSecret"],"campfire_rested":0,"item_purchase_floors":[29,29,29,29],"current_hp_per_floor":[59,59,80,80,80,76,71,71,71,70,70,70,70,70,70,26,67,61,61,61,38,24,24,24,24,24,50,50,50,50,40,40,20,35,35,20,20,10,3,3,0,0],"gold":298,"neow_bonus":"NOSTALGIA","is_daily":false,"chose_seed":false,"campfire_upgraded":8,"win_rate":0.0,"timestamp":1612326091,"path_taken":["M","M","?","?","M","E","M","R","T","E","M","R","E","M","R","BOSS","M","AVR","M","M","M","R","E","R","T","?","R","$","M","HB","R","BOSS","M","HB","?","M","?","R","E"],"items_purchased_type":["Card","Card","Relic","Card"],"build_version":"2020-12-22","purchased_purges":1,"victory":false,"max_hp_per_floor":[80,80,80,80,80,80,80,80,80,80,80,80,80,80,80,80,80,80,80,80,80,80,80,80,80,80,80,80,80,80,40,40,40,40,40,20,20,20,20,20,20,20],"card_choices":[{"not_picked":["theDuelist:BigFire","theDuelist:Mudora","theDuelist:MudragonSwamp","theDuelist:GraniteLoyalist"],"picked":"theDuelist:AttackTheMoon","floor":1},{"not_picked":["theDuelist:BerserkerCrush+1","theDuelist:Hinotama+1","theDuelist:OneForOne+1","theDuelist:SphereKuriboh"],"picked":"theDuelist:FuryFire+1","floor":2},{"not_picked":["theDuelist:DarkTinker","theDuelist:UmbralHorrorUniform","theDuelist:DarklordMarie","theDuelist:SummonedSkull"],"picked":"theDuelist:ArchfiendInterceptor","floor":5},{"not_picked":["theDuelist:LightningRodLord","theDuelist:MirrorForce","theDuelist:DarkCreator","theDuelist:HarpieFeather"],"picked":"theDuelist:MillenniumGolem","floor":6},{"not_picked":["theDuelist:DummyGolem","theDuelist:GraniteLoyalist","theDuelist:PowerGiant","theDuelist:Blockman"],"picked":"theDuelist:MagicHoleGolem","floor":7},{"not_picked":["theDuelist:TwinHeadedWolf","theDuelist:DrivenDaredevil","theDuelist:AmbitiousGofer","theDuelist:PotDuality"],"picked":"theDuelist:DarkFusion","floor":10},{"not_picked":["theDuelist:DoomDonuts+1","theDuelist:DarknessNeosphere+1","theDuelist:Doomdog+1","theDuelist:CallGrave+1"],"picked":"theDuelist:RedMirror+1","floor":11},{"not_picked":["theDuelist:CyberArchfiend","theDuelist:SummonedSkull","theDuelist:DarklordMarie","theDuelist:DarkEnergy"],"picked":"theDuelist:UmbralHorrorUniform","floor":13},{"not_picked":["theDuelist:TwinHeadedWolf","theDuelist:DarklordMarie","theDuelist:UmbralHorrorUniform","theDuelist:DarkFusion"],"picked":"theDuelist:GarbageLord","floor":14},{"not_picked":["theDuelist:Wildfire","theDuelist:PutridPudding","theDuelist:CallGrave","theDuelist:DarkMasterZorc"],"picked":"theDuelist:ArchfiendCommander","floor":16},{"not_picked":["theDuelist:FiendishChain","theDuelist:Cloning","theDuelist:DarkMirrorForce","theDuelist:RadiantMirrorForce"],"picked":"theDuelist:Wiretap","floor":18},{"not_picked":["theDuelist:UmbralHorrorGhost","theDuelist:DarkTinker","theDuelist:CheerfulCoffin","theDuelist:FiendMegacyber"],"picked":"theDuelist:ArchfiendHeiress","floor":20},{"not_picked":["theDuelist:BlueBloodedOni","theDuelist:GreyGreedOni","theDuelist:PurplePainOni+1","theDuelist:RainbowKuriboh","theDuelist:YellowBelliedOni"],"picked":"SKIP","floor":21},{"not_picked":["theDuelist:LightningDarts","theDuelist:MillenniumScorpion","theDuelist:ForbiddenLance","theDuelist:SlotMachine"],"picked":"theDuelist:TheCreator","floor":22},{"not_picked":["theDuelist:Lajinn","theDuelist:BerserkerCrush+1","theDuelist:DarklordMarie","theDuelist:DarkEnergy+1"],"picked":"theDuelist:BeastTalwar","floor":24},{"not_picked":["theDuelist:BigFire","theDuelist:Jinzo+1","theDuelist:DarkFactory","theDuelist:BattleguardKing"],"picked":"theDuelist:WingedKuribohLv9","floor":30},{"not_picked":["theDuelist:DarkCubicLord","theDuelist:ArchfiendGeneral","theDuelist:Tierra","theDuelist:DarkMasterZorc"],"picked":"theDuelist:FabledGallabas","floor":33},{"not_picked":["theDuelist:FeatherShot","theDuelist:ArchfiendCommander","theDuelist:Tierra","theDuelist:DarkMasterZorc"],"picked":"theDuelist:DarkCubicLord+1","floor":35},{"not_picked":["theDuelist:EarthquakeGiant","theDuelist:EvilswarmHeliotrope+1","theDuelist:GolemSentry+1","theDuelist:LabyrinthWall+1","theDuelist:MagicHoleGolem"],"picked":"SKIP","floor":38},{"not_picked":["theDuelist:FeatherShot+1","theDuelist:ArchfiendCommander","theDuelist:Tierra","theDuelist:FabledGallabas"],"picked":"theDuelist:ArchfiendGeneral","floor":39}],"player_experience":582000,"relics_obtained":[{"floor":6,"key":"Mirror"},{"floor":9,"key":"theDuelist:MillenniumRing"},{"floor":10,"key":"Champion Belt"},{"floor":13,"key":"halation:OrihimeAndHikoboshiSamaAndTears"},{"floor":24,"key":"Replay:Rubber Ducky"},{"floor":26,"key":"halation:SelfBoilingWater"}],"event_choices":[{"damage_healed":0,"gold_gain":0,"player_choice":"Succumb - +25HP/Cursed Relic","duelist":true,"damage_taken":0,"max_hp_gain":0,"max_hp_loss":0,"event_name":"Tomb of the Nameless","floor":3,"gold_loss":0},{"damage_healed":0,"gold_gain":0,"player_choice":"Took item - Received: Millennium Rod","duelist":true,"damage_taken":0,"max_hp_gain":0,"max_hp_loss":0,"event_name":"Millennium Items","floor":4,"gold_loss":0},{"damage_healed":26,"gold_gain":0,"player_choice":"Heal","damage_taken":0,"max_hp_gain":0,"max_hp_loss":0,"event_name":"The Library","floor":27,"gold_loss":0},{"damage_healed":0,"gold_gain":0,"player_choice":"Scored: 1109","duelist":true,"damage_taken":0,"max_hp_gain":0,"max_hp_loss":0,"event_name":"Visit from Anubis","floor":37,"gold_loss":0}],"is_beta":false,"boss_relics":[{"not_picked":["halation:PinkAlligatorPlush","CosmicIsotope"],"picked":"HoveringKite"},{"not_picked":["Tiny House","theDuelist:ElectricKey"],"picked":"Replay:Bronze Core"}],"items_purged_floors":[19],"is_endless":false,"potions_floor_spawned":[1,7,10,16,18,22,30,39],"killed_by":"R_Hoarder","ascension_level":12}}