{"host":"pec1bvkeldr5yzx1","time":1612359308,"event":{"mods":["ATMod(°¢èªMod)","AchievementEnabler","Act Like it!","Aspiration","BaseMod","Better Altar","Better Match","Better Sensory Stone","Better Skull","Better Vampires","BetterRewards","Conspire","Dota2Spire","Energized Spire","Friendly Minions","GifTheSpireLib","Hubris","Minty Spire (QoL Compilation)","Replay The Spire","Spicy Shops","StSLib","Stuff the Spire","SuperFastMode","óô»ðÖ¸ÄÏ"],"gold_per_floor":[116,116,132,3,21,21,21],"floor_reached":6,"language":"ZHS","playtime":188,"items_purged":[],"score":40,"play_id":"7004da9e-0e75-4e30-a9d6-e3bc63993365","local_time":"20210203213508","is_ascension_mode":true,"campfire_choices":[],"circlet_count":0,"master_deck":["Strike_B","Strike_B","Strike_B","Strike_B","Defend_B","Defend_B","Defend_B","Defend_B","Zap","Dualcast","AT_FamilyPortrait","Dramatic Entrance","Capacitor","Capacitor","Sweeping Beam","Go for the Eyes","Normality","ReplayTheSpireMod:Calculation Training"],"relics":["Cracked Core","AT_ATBox","Replay:Rubber Ducky","conspire:DeflatedDodgeball","Peace Pipe","TheAbacus","Geode"],"acts_visited":["Exordium"],"potions_floor_usage":[],"damage_taken":[{"damage":8,"enemies":"2 Louse","floor":1,"turns":3},{"damage":0,"enemies":"Cultist","floor":3,"turns":3},{"damage":4,"enemies":"Small Slimes","floor":5,"turns":2},{"damage":40,"enemies":"Lagavulin","floor":6,"turns":5}],"seed_played":"6606410802892405589","potions_obtained":[{"floor":5,"key":"PotionOfCapacity"}],"is_trial":false,"path_per_floor":["M","?","M","$","M","E"],"character_chosen":"DEFECT","items_purchased":["Replay:Rubber Ducky","conspire:DeflatedDodgeball","Dramatic Entrance","Capacitor","TheAbacus","Geode"],"campfire_rested":0,"item_purchase_floors":[0,0,0,0,4,4],"current_hp_per_floor":[32,40,40,40,36,0,0],"gold":21,"neow_bonus":"","is_daily":false,"chose_seed":false,"campfire_upgraded":0,"win_rate":0.0,"timestamp":1612359308,"path_taken":["M","?","M","?","M","E"],"items_purchased_type":["Relic","Relic","Card","Card","Relic","Relic"],"build_version":"2020-12-22","purchased_purges":0,"victory":false,"max_hp_per_floor":[75,75,75,75,75,75,75],"card_choices":[{"not_picked":["Go for the Eyes","Blizzard"],"picked":"Sweeping Beam","floor":1},{"not_picked":["Streamline","StuffTheSpire:Plugnplay"],"picked":"Go for the Eyes","floor":3},{"not_picked":["Leap","Barrage"],"picked":"ReplayTheSpireMod:Calculation Training","floor":5}],"player_experience":130138,"relics_obtained":[],"event_choices":[],"is_beta":false,"boss_relics":[],"items_purged_floors":[],"is_endless":false,"potions_floor_spawned":[5],"killed_by":"Lagavulin","ascension_level":2}}