{"host":"p9vmbvw2hh2n16dn","time":1612349808,"event":{"mods":["AchievementEnabler","BaseMod","Block Reminder","Minty Spire (QoL Compilation)","Relic Stats","SuperFastMode"],"gold_per_floor":[119,138,151,164,177,177,177],"floor_reached":6,"language":"ENG","playtime":196,"items_purged":[],"score":54,"play_id":"906b03b3-7cd5-4367-b400-f3a4ae74031d","local_time":"20210203115648","is_ascension_mode":true,"campfire_choices":[],"circlet_count":0,"master_deck":["Strike_G","Strike_G","Strike_G","Strike_G","Strike_G","Defend_G","Defend_G","Defend_G","Defend_G","Defend_G","Survivor","Neutralize","Quick Slash","Leg Sweep","Cloak And Dagger","Slice"],"relics":["Ring of the Snake","NeowsBlessing"],"acts_visited":["Exordium"],"potions_floor_usage":[],"damage_taken":[{"damage":0,"enemies":"Cultist","floor":1,"turns":1},{"damage":0,"enemies":"Jaw Worm","floor":2,"turns":1},{"damage":0,"enemies":"2 Louse","floor":3,"turns":1},{"damage":16,"enemies":"Lots of Slimes","floor":4,"turns":6},{"damage":20,"enemies":"Exordium Thugs","floor":5,"turns":6},{"damage":0,"enemies":"3 Sentries","floor":6,"turns":1}],"seed_played":"4012546647920823879","potions_obtained":[{"floor":3,"key":"DuplicationPotion"},{"floor":4,"key":"SteroidPotion"}],"is_trial":false,"path_per_floor":["M","M","M","M","M","E"],"character_chosen":"THE_SILENT","items_purchased":[],"campfire_rested":0,"item_purchase_floors":[],"current_hp_per_floor":[63,63,63,47,27,27,27],"gold":177,"neow_bonus":"THREE_ENEMY_KILL","is_daily":false,"chose_seed":false,"campfire_upgraded":0,"win_rate":0.0,"timestamp":1612349808,"path_taken":["M","?","M","M","M","E"],"items_purchased_type":[],"build_version":"2020-12-22","purchased_purges":0,"victory":false,"max_hp_per_floor":[70,70,70,70,70,70,70],"relic_stats":{"counters":[6,16],"obtain_stats":[{"NeowsBlessing":0,"Ring of the Snake":0},{"NeowsBlessing":0,"Ring of the Snake":0},{"NeowsBlessing":0,"Ring of the Snake":0}],"Ring of the Snake":[12]},"card_choices":[{"not_picked":["Underhanded Strike","Concentrate","Accuracy"],"picked":"SKIP","floor":1},{"not_picked":["Masterful Stab","Outmaneuver"],"picked":"Quick Slash","floor":2},{"not_picked":["Flying Knee","Dodge and Roll"],"picked":"Leg Sweep","floor":3},{"not_picked":["Underhanded Strike","Sucker Punch"],"picked":"Cloak And Dagger","floor":4},{"not_picked":["PiercingWail","Catalyst"],"picked":"Slice","floor":5}],"player_experience":285396,"relics_obtained":[],"event_choices":[],"is_beta":false,"boss_relics":[],"items_purged_floors":[],"is_endless":false,"potions_floor_spawned":[3,4],"killed_by":"3 Sentries","ascension_level":7}}