{"host":"1y3caoxlf2txzqg0","time":1612388836,"event":{"mods":["Alarm Clock","BaseMod","Clockwork Mod","Colored Map","DeckTracker","GifTheSpireLib","Minty Spire (QoL Compilation)","Rare Cards Sparkle","Relic Stats","Spire Birthday Party","StSLib"],"gold_per_floor":[211,231,231,48,64,64,78,109,109,109,284,284,284,315,315,315,315],"floor_reached":16,"language":"DEU","playtime":2544,"items_purged":[],"score":158,"play_id":"2ef2fd28-478b-4af8-9981-2fcc7c84dc37","local_time":"20210203224716","is_ascension_mode":false,"campfire_choices":[{"floor":6,"key":"RECALL"},{"floor":10,"key":"REST"},{"floor":13,"key":"REST"},{"floor":15,"key":"REST"}],"circlet_count":0,"master_deck":["Clockwork:Strike","Clockwork:Strike","Clockwork:Strike","Clockwork:Strike","Clockwork:Shield","Clockwork:Shield","Clockwork:Shield","Clockwork:Shield","Clockwork:Tinker","Clockwork:WarmUp","Clockwork:ForgeStrike+1","Clockwork:InertialShield","Clockwork:TimeOut","Clockwork:RevUp","Clockwork:PerfectedStrike","Clockwork:Efficiency","Clockwork:TimeOut","Doubt","Clockwork:PerfectedStrike"],"relics":["Clockwork:MomentumEngine","Torii","Pantograph","Strawberry","The Courier"],"acts_visited":["Exordium"],"potions_floor_usage":[14,16],"damage_taken":[{"damage":2,"enemies":"Small Slimes","floor":1,"turns":5},{"damage":23,"enemies":"Cultist","floor":2,"turns":6},{"damage":1,"enemies":"2 Louse","floor":5,"turns":3},{"damage":44,"enemies":"Exordium Wildlife","floor":7,"turns":10},{"damage":14,"enemies":"3 Sentries","floor":8,"turns":14},{"damage":34,"enemies":"Lagavulin","floor":14,"turns":9},{"damage":81,"enemies":"Hexaghost","floor":16,"turns":16}],"seed_played":"2380125574753630797","potions_obtained":[{"floor":2,"key":"Swift Potion"},{"floor":8,"key":"Strength Potion"}],"is_trial":false,"path_per_floor":["M","M","?","$","M","R","M","E","T","R","?","T","R","E","R","B"],"character_chosen":"CLOCKWORK","items_purchased":["Clockwork:TimeOut","Clockwork:RevUp","Clockwork:PerfectedStrike"],"campfire_rested":3,"item_purchase_floors":[4,4,4],"current_hp_per_floor":[83,60,60,60,59,59,15,1,1,26,26,33,60,26,53,0,0],"gold":315,"neow_bonus":"HUNDRED_GOLD","is_daily":false,"chose_seed":false,"campfire_upgraded":0,"win_rate":0.0,"timestamp":1612388836,"path_taken":["M","M","?","$","M","R","?","E","T","R","?","?","R","E","R","BOSS"],"items_purchased_type":["Card","Card","Card"],"build_version":"2020-12-22","purchased_purges":0,"victory":false,"max_hp_per_floor":[85,85,85,85,85,85,85,85,85,85,85,92,92,92,92,92,92],"relic_stats":{"Torii":23,"counters":[7,63],"Pantograph":25,"obtain_stats":[{"Clockwork:MomentumEngine":0,"Torii":8,"Pantograph":9,"Strawberry":12,"The Courier":14},{"Clockwork:MomentumEngine":0,"Torii":5,"Pantograph":5,"Strawberry":5,"The Courier":6},{"Clockwork:MomentumEngine":0,"Torii":38,"Pantograph":38,"Strawberry":38,"The Courier":47}]},"card_choices":[{"not_picked":["Clockwork:Downsize","Clockwork:MechanicalMass"],"picked":"Clockwork:ForgeStrike","floor":1},{"not_picked":["Clockwork:Clone","Clockwork:Enhance"],"picked":"Clockwork:InertialShield","floor":2},{"not_picked":["Clockwork:HeadStart","Clockwork:TimeOut"],"picked":"Clockwork:Efficiency","floor":5},{"not_picked":["Clockwork:ChargingShield","Clockwork:Selectivity","Clockwork:Improve"],"picked":"SKIP","floor":7},{"not_picked":["Clockwork:Clone","Clockwork:LiteraryArmor"],"picked":"Clockwork:TimeOut","floor":8},{"not_picked":["Clockwork:Minimalism","Clockwork:CogBarrier"],"picked":"Clockwork:PerfectedStrike","floor":14}],"player_experience":931968,"relics_obtained":[{"floor":8,"key":"Torii"},{"floor":9,"key":"Pantograph"},{"floor":12,"key":"Strawberry"},{"floor":14,"key":"The Courier"}],"event_choices":[{"damage_healed":0,"gold_gain":0,"player_choice":"Upgraded","damage_taken":0,"max_hp_gain":0,"max_hp_loss":0,"event_name":"Upgrade Shrine","floor":3,"gold_loss":0,"cards_upgraded":["Clockwork:ForgeStrike"]},{"damage_healed":0,"gold_gain":175,"player_choice":"AGREE","damage_taken":0,"max_hp_gain":0,"max_hp_loss":0,"event_name":"Liars Game","floor":11,"gold_loss":0,"cards_obtained":["Doubt"]}],"is_beta":false,"boss_relics":[],"items_purged_floors":[],"is_endless":false,"potions_floor_spawned":[2,8],"killed_by":"Hexaghost","ascension_level":0}}