{"host":"qxeepl7ydvsgmfdb","time":1612365205,"event":{"mods":["AchievementEnabler","BaseMod","Colored Powertips","Minty Spire (QoL Compilation)","Quick Restart","slay the spire mod where everything is the same but ironclad has a cowboy hat"],"gold_per_floor":[113,130,130,305,320,348,33,62,134,134,134],"floor_reached":10,"language":"ENG","playtime":170,"items_purged":["Doubt"],"score":91,"play_id":"467c8d5e-395f-460c-9b37-504debe7bbdd","local_time":"20210203101325","is_ascension_mode":true,"campfire_choices":[],"circlet_count":0,"master_deck":["Strike_B","Strike_B","Strike_B","Strike_B","Defend_B","Defend_B","Defend_B","Defend_B","Zap","Dualcast","Chaos+1","Sweeping Beam","Capacitor","Ball Lightning","Leap"],"relics":["Cracked Core","NeowsBlessing","Calipers","Membership Card","DataDisk","Orichalcum","Mummified Hand"],"acts_visited":["Exordium"],"potions_floor_usage":[8,8,10],"damage_taken":[{"damage":0,"enemies":"Cultist","floor":1,"turns":1},{"damage":0,"enemies":"Small Slimes","floor":2,"turns":1},{"damage":0,"enemies":"Jaw Worm","floor":5,"turns":1},{"damage":55,"enemies":"Lagavulin","floor":6,"turns":6},{"damage":16,"enemies":"3 Sentries","floor":8,"turns":5},{"damage":12,"enemies":"Lagavulin","floor":10,"turns":2}],"seed_played":"-4190792078104774735","potions_obtained":[{"floor":1,"key":"Block Potion"},{"floor":6,"key":"FearPotion"}],"is_trial":false,"path_per_floor":["M","M","?","?","M","E","$","E","T","E"],"character_chosen":"DEFECT","items_purchased":["Membership Card","DataDisk","Strength Potion","Leap"],"campfire_rested":0,"item_purchase_floors":[7,7,7,7],"current_hp_per_floor":[75,75,75,75,75,20,20,4,4,0,0],"gold":134,"neow_bonus":"THREE_ENEMY_KILL","is_daily":false,"chose_seed":false,"campfire_upgraded":0,"win_rate":0.0,"timestamp":1612365205,"path_taken":["M","?","?","?","M","E","$","E","T","E"],"items_purchased_type":["Relic","Relic","Potion","Card"],"build_version":"2020-12-22","purchased_purges":1,"victory":false,"max_hp_per_floor":[75,75,75,75,75,75,75,75,75,75,75],"card_choices":[{"not_picked":["BootSequence","Barrage"],"picked":"Chaos","floor":1},{"not_picked":["Steam","Barrage"],"picked":"Sweeping Beam","floor":2},{"not_picked":["Go for the Eyes","Consume"],"picked":"Capacitor","floor":5},{"not_picked":["Coolheaded","Stack"],"picked":"Ball Lightning","floor":6},{"not_picked":["Blizzard","Aggregate","Reprogram"],"picked":"SKIP","floor":8}],"player_experience":162419,"relics_obtained":[{"floor":6,"key":"Calipers"},{"floor":8,"key":"Orichalcum"},{"floor":9,"key":"Mummified Hand"}],"event_choices":[{"damage_healed":0,"gold_gain":0,"player_choice":"Grow","damage_taken":0,"max_hp_gain":0,"max_hp_loss":0,"event_name":"Living Wall","floor":3,"gold_loss":0,"cards_upgraded":["Chaos"]},{"damage_healed":0,"gold_gain":175,"player_choice":"AGREE","damage_taken":0,"max_hp_gain":0,"max_hp_loss":0,"event_name":"Liars Game","floor":4,"gold_loss":0,"cards_obtained":["Doubt"]}],"is_beta":false,"boss_relics":[],"items_purged_floors":[7],"is_endless":false,"potions_floor_spawned":[1,6],"killed_by":"Lagavulin","ascension_level":4}}