{"host":"l84l8xigz5v5foa2","time":1612365100,"event":{"mods":["2.2 Compatiblity","AchievementEnabler","BaseMod","Better Note","Better Vampires","BetterRewards","Card Filter","Colored Map","DeckTracker","Downfall","Gremlin Skip","Highlight Path","Keyboard Shortcuts","Minty Spire (QoL Compilation)","Permanent Neow","Quick Restart","Relic Filter","Relic Stats","StSLib","SuperFastMode","Transform Curses","Unknown Chances"],"gold_per_floor":[116,127,127,97,113,113,133,133,133,143,155,155,183,183,183,279,279,298,311,7,22,38,65,78,28,28,47,58,58,69,69,69,145,145,162,177,1176,1176,884,884,917,917,963,854,882,899,910,930,930,930,930,930,930],"floor_reached":51,"language":"ENG","playtime":2295,"items_purged":["Pain","hexamod:Strike","Normality"],"score":1391,"play_id":"466c9f55-e55b-401e-bda3-ba395b93b454","local_time":"20210204001140","is_ascension_mode":true,"campfire_choices":[{"data":"hexamod:Float","floor":6.0,"key":"SMITH"},{"data":"hexamod:HeatMetal","floor":8.0,"key":"SMITH"},{"data":"hexamod:SpectersWail","floor":12.0,"key":"SMITH"},{"data":"hexamod:Rewind","floor":15.0,"key":"SMITH"},{"data":"hexamod:Defend","floor":29.0,"key":"PURGE"},{"data":"hexamod:Sear","floor":32.0,"key":"PURGE"},{"data":"Normality","floor":40.0,"key":"PURGE"},{"floor":42.0,"key":"RECALL"},{"data":"hexamod:ForkedFlame","floor":49.0,"key":"SMITH"}],"circlet_count":0,"master_deck":["AscendersBane","hexamod:Defend+1","hexamod:Float+1","hexamod:Hexaguard+1","hexamod:FirstSeal","hexamod:SpectersWail+1","hexamod:HeatMetal+1","hexamod:StepThrough+1","hexamod:FourthSeal","hexamod:StepThrough+1","hexamod:Rewind+1","hexamod:TimeOfNeed+1","hexamod:RecurringNightmare+1","hexamod:GhostShield+1","hexamod:GhostOfSpirePast+1","hexamod:ForkedFlame+1","hexamod:NightmareGuise+1","hexamod:SixthSeal","hexamod:ThermalTransfer+1","hexamod:ShieldOfDarkness+1","hexamod:SoulSteal+1","hexamod:AdvancingGuard+1","hexamod:HexaLevel+1","hexamod:FastForward+1","hexamod:PhantomFireball+1","Sadistic Nature+1","hexamod:NecessarySacrifice+1","hexamod:HauntingEcho+1","hexamod:GhostflameBarrier+1"],"relics":["hexamod:SpiritBrand","Bottled Flame","Smiling Mask","WarpedTongs","sneckomod:SneckoTalon","Membership Card","Peace Pipe","Molten Egg 2","Coffee Dripper","Guardian:PocketSentry","ClockworkSouvenir","hexamod:BolsterEngine","Bottled Lightning","Incense Burner"],"acts_visited":["Exordium","TheCity","TheBeyond"],"potions_floor_usage":[],"damage_taken":[{"damage":0.0,"enemies":"Small Slimes","floor":1.0,"turns":4.0},{"damage":0.0,"enemies":"Cultist","floor":2.0,"turns":3.0},{"damage":2.0,"enemies":"Jaw Worm","floor":5.0,"turns":3.0},{"damage":0.0,"enemies":"Gremlin Gang","floor":7.0,"turns":3.0},{"damage":5.0,"enemies":"Lots of Slimes","floor":10.0,"turns":3.0},{"damage":1.0,"enemies":"2 Fungi Beasts","floor":11.0,"turns":3.0},{"damage":3.0,"enemies":"Gremlin Nob","floor":13.0,"turns":3.0},{"damage":34.0,"enemies":"Hexaghost","floor":16.0,"turns":8.0},{"damage":3.0,"enemies":"3 Byrds","floor":18.0,"turns":3.0},{"damage":16.0,"enemies":"Spheric Guardian","floor":19.0,"turns":5.0},{"damage":0.0,"enemies":"3 Cultists","floor":21.0,"turns":3.0},{"damage":2.0,"enemies":"Snecko","floor":22.0,"turns":6.0},{"damage":9.0,"enemies":"Slavers","floor":23.0,"turns":4.0},{"damage":6.0,"enemies":"Cultist and Chosen","floor":24.0,"turns":8.0},{"damage":19.0,"enemies":"Snake Plant","floor":27.0,"turns":3.0},{"damage":3.0,"enemies":"Shelled Parasite and Fungi","floor":28.0,"turns":5.0},{"damage":0.0,"enemies":"Snecko","floor":30.0,"turns":6.0},{"damage":12.0,"enemies":"Automaton","floor":33.0,"turns":8.0},{"damage":22.0,"enemies":"Orb Walker","floor":35.0,"turns":4.0},{"damage":0.0,"enemies":"3 Shapes","floor":36.0,"turns":4.0},{"damage":29.0,"enemies":"Nemesis","floor":41.0,"turns":7.0},{"damage":20.0,"enemies":"Reptomancer","floor":45.0,"turns":5.0},{"damage":0.0,"enemies":"Transient","floor":46.0,"turns":6.0},{"damage":0.0,"enemies":"4 Shapes","floor":47.0,"turns":4.0},{"damage":0.0,"enemies":"Jaw Worm Horde","floor":48.0,"turns":4.0},{"damage":12.0,"enemies":"Awakened One","floor":50.0,"turns":11.0},{"damage":40,"enemies":"Donu and Deca","floor":51,"turns":7}],"seed_played":"-3099158150047316062","potions_obtained":[{"floor":4.0,"key":"Swift Potion"},{"floor":4.0,"key":"hexamod:InfernoChargePotion"},{"floor":10.0,"key":"Block Potion"},{"floor":10.0,"key":"FairyPotion"},{"floor":11.0,"key":"AttackPotion"},{"floor":13.0,"key":"ColorlessPotion"},{"floor":16.0,"key":"LiquidBronze"},{"floor":16.0,"key":"Explosive Potion"},{"floor":18.0,"key":"Explosive Potion"},{"floor":21.0,"key":"Strength Potion"},{"floor":22.0,"key":"Explosive Potion"},{"floor":23.0,"key":"Weak Potion"},{"floor":23.0,"key":"FairyPotion"},{"floor":24.0,"key":"Regen Potion"},{"floor":27.0,"key":"BlessingOfTheForge"},{"floor":28.0,"key":"AttackPotion"},{"floor":30.0,"key":"PowerPotion"},{"floor":33.0,"key":"ColorlessPotion"},{"floor":35.0,"key":"hexamod:DoubleChargePotion"},{"floor":35.0,"key":"Block Potion"},{"floor":36.0,"key":"EssenceOfSteel"},{"floor":41.0,"key":"hexamod:InfernoChargePotion"},{"floor":45.0,"key":"FairyPotion"},{"floor":46.0,"key":"ColorlessPotion"},{"floor":47.0,"key":"LiquidMemories"}],"is_trial":false,"path_per_floor":["M","M","?","?","M","R","M","R","T","M","M","R","E","?","R","B",null,"M","M","$","M","M","E","M","$","T","M","M","R","M","?","R","B",null,"M","M","?","?","$","R","E","R","T","$","E","M","M","M","R","B","B"],"character_chosen":"THE_SPIRIT","items_purchased":["Membership Card","hexamod:GhostOfSpirePast","hexamod:ForkedFlame","Guardian:PocketSentry","ClockworkSouvenir","hexamod:BolsterEngine","Sadistic Nature"],"campfire_rested":0,"item_purchase_floors":[20,20,20,39,39,39,44],"current_hp_per_floor":[57,57,57,57,57,57,57,57,57,57,57,57,54,54,54,27,50,54,45,45,52,57,55,56,56,56,44,50,50,50,50,50,45,54,39,46,46,46,46,46,24,24,24,24,11,18,18,25,25,13,0,0,0],"gold":930,"neow_bonus":"TRANSFORM_TWO_CARDS","is_daily":false,"chose_seed":false,"campfire_upgraded":5,"win_rate":0.0,"timestamp":1612365100,"path_taken":["M","M","?","?","M","R","M","R","T","M","?","R","E","?","R","BOSS","M","M","$","M","M","E","M","$","T","?","M","R","?","?","R","BOSS","M","M","?","?","$","R","E","R","T","$","E","M","M","M","R","BOSS","BOSS"],"items_purchased_type":["Relic","Card","Card","Relic","Relic","Relic","Card"],"build_version":"2020-12-22","purchased_purges":3,"victory":false,"max_hp_per_floor":[57,57,57,57,57,57,57,57,57,57,57,57,57,57,57,57,57,57,57,57,57,57,57,57,57,57,57,57,57,57,57,57,57,57,57,57,57,57,57,57,57,57,57,57,57,57,57,57,57,57,57,57,57],"relic_stats":{"Peace Pipe":3,"counters":[27,133],"Smiling Mask":1,"obtain_stats":[{"Guardian:PocketSentry":39,"Incense Burner":45,"Smiling Mask":13,"sneckomod:SneckoTalon":17,"WarpedTongs":14,"ClockworkSouvenir":39,"Peace Pipe":23,"Bottled Flame":9,"Molten Egg 2":26,"Coffee Dripper":34,"Membership Card":20,"Bottled Lightning":41,"hexamod:BolsterEngine":39,"hexamod:SpiritBrand":0},{"Guardian:PocketSentry":20,"Incense Burner":22,"Smiling Mask":7,"sneckomod:SneckoTalon":8,"WarpedTongs":7,"ClockworkSouvenir":20,"Peace Pipe":13,"Bottled Flame":4,"Molten Egg 2":14,"Coffee Dripper":18,"Membership Card":10,"Bottled Lightning":21,"hexamod:BolsterEngine":20,"hexamod:SpiritBrand":0},{"Guardian:PocketSentry":89,"Incense Burner":101,"Smiling Mask":22,"sneckomod:SneckoTalon":30,"WarpedTongs":22,"ClockworkSouvenir":89,"Peace Pipe":51,"Bottled Flame":13,"Molten Egg 2":59,"Coffee Dripper":81,"Membership Card":38,"Bottled Lightning":96,"hexamod:BolsterEngine":89,"hexamod:SpiritBrand":0}],"WarpedTongs":[79]},"card_choices":[{"not_picked":["hexamod:SuperheatedStrike","hexamod:Hexaguard"],"picked":"hexamod:SpectersWail","floor":1.0},{"not_picked":["hexamod:BacktrackSmack","hexamod:BurningTouch"],"picked":"hexamod:HeatMetal","floor":2.0},{"not_picked":["hexamod:BurningTouch","hexamod:NightmareGuise"],"picked":"hexamod:StepThrough","floor":5.0},{"not_picked":["hexamod:SwordOfDarkness","hexamod:ShieldOfDarkness"],"picked":"hexamod:FourthSeal","floor":7.0},{"not_picked":["hexamod:BacktrackSmack","hexamod:ThermalTransfer"],"picked":"hexamod:StepThrough","floor":10.0},{"not_picked":["hexamod:DynamicBlow","hexamod:SkipABeat","hexamod:SpectralSpark"],"picked":"SKIP","floor":11.0},{"not_picked":["hexamod:SearingWound","hexamod:ThirdSeal"],"picked":"hexamod:Rewind","floor":13.0},{"not_picked":["hexamod:ParanormalForm","hexamod:ApocalypticArmor"],"picked":"hexamod:TimeOfNeed","floor":16.0},{"not_picked":["hexamod:SpectersWail","hexamod:PhantomCloak"],"picked":"hexamod:RecurringNightmare+1","floor":18.0},{"not_picked":["hexamod:Hexaguard","hexamod:NightmareStrike"],"picked":"hexamod:GhostShield","floor":19.0},{"not_picked":["hexamod:StepThrough","hexamod:FlamesFromBeyond"],"picked":"hexamod:NightmareGuise","floor":21.0},{"not_picked":["hexamod:GhostShield","hexamod:EmpoweredFlame","hexamod:NightmareGuise+1"],"picked":"SKIP","floor":22.0},{"not_picked":["hexamod:GhostShield","hexamod:BurningTouch"],"picked":"hexamod:SixthSeal","floor":23.0},{"not_picked":["hexamod:SpectralSpark","hexamod:ThermalTransfer","hexamod:BurningTouch"],"picked":"SKIP","floor":24.0},{"not_picked":["hexamod:HeatShield","hexamod:GhostShield"],"picked":"hexamod:ThermalTransfer+1","floor":27.0},{"not_picked":["hexamod:PowerFromBeyond","hexamod:BacktrackSmack+1"],"picked":"hexamod:ShieldOfDarkness+1","floor":28.0},{"not_picked":["hexamod:BurningTouch","hexamod:RadiantFlame"],"picked":"hexamod:SoulSteal","floor":30.0},{"not_picked":["hexamod:TimeOfNeed","hexamod:SearingWound"],"picked":"hexamod:HexaLevel","floor":33.0},{"not_picked":["hexamod:NightmareStrike+1","hexamod:AdvancingGuard","hexamod:FourthSeal"],"picked":"SKIP","floor":35.0},{"not_picked":["hexamod:NightmareStrike+1","hexamod:FlamesFromBeyond"],"picked":"hexamod:FastForward+1","floor":36.0},{"not_picked":["hexamod:SpectralSpark","hexamod:EmpoweredFlame+1"],"picked":"hexamod:PhantomFireball+1","floor":41.0},{"not_picked":["hexamod:ThermalTransfer+1","hexamod:AdvancingGuard"],"picked":"hexamod:NecessarySacrifice+1","floor":45.0},{"not_picked":["hexamod:RainOfEmbers+1","hexamod:GhostOfSpireFuture"],"picked":"hexamod:HauntingEcho+1","floor":46.0},{"not_picked":["hexamod:GhostflameBarrier","hexamod:SkipABeat","hexamod:InspiringFlames+1"],"picked":"SKIP","floor":47.0},{"not_picked":["hexamod:SkipABeat","hexamod:InspiringFlames+1"],"picked":"hexamod:GhostflameBarrier","floor":47.0},{"not_picked":["hexamod:HeatMetal+1","hexamod:ShieldOfDarkness","hexamod:BurningTouch"],"picked":"SKIP","floor":48.0}],"player_experience":3533701,"relics_obtained":[{"floor":9.0,"key":"Bottled Flame"},{"floor":13.0,"key":"Smiling Mask"},{"floor":23.0,"key":"Peace Pipe"},{"floor":26.0,"key":"Molten Egg 2"},{"floor":41.0,"key":"Bottled Lightning"},{"floor":45.0,"key":"Incense Burner"}],"event_choices":[{"cards_removed":["hexamod:Strike"],"damage_healed":0.0,"max_hp_gain":0.0,"max_hp_loss":0.0,"gold_gain":0.0,"event_name":"Living Wall","player_choice":"Forget","floor":3.0,"gold_loss":0.0,"damage_taken":0.0},{"damage_healed":0.0,"max_hp_gain":0.0,"max_hp_loss":0.0,"gold_gain":0.0,"event_name":"The Woman in Blue","player_choice":"Bought 2 Potions","floor":4.0,"gold_loss":0.0,"damage_taken":0.0},{"damage_healed":0.0,"max_hp_gain":0.0,"max_hp_loss":0.0,"gold_gain":0.0,"event_name":"Accursed Blacksmith","player_choice":"Rummage","floor":14.0,"gold_loss":0.0,"damage_taken":0.0,"relics_obtained":["WarpedTongs"],"cards_obtained":["Pain"]},{"damage_healed":0.0,"max_hp_gain":0.0,"max_hp_loss":0.0,"gold_gain":0.0,"event_name":"The Library","player_choice":"Read","floor":31.0,"gold_loss":0.0,"damage_taken":0.0,"cards_obtained":["hexamod:AdvancingGuard"]},{"damage_healed":0.0,"max_hp_gain":0.0,"max_hp_loss":0.0,"gold_gain":999.0,"event_name":"MindBloom","player_choice":"Gold","floor":37.0,"gold_loss":0.0,"damage_taken":0.0,"cards_obtained":["Normality","Normality"]},{"damage_healed":0.0,"max_hp_gain":0.0,"max_hp_loss":0.0,"gold_gain":0.0,"event_name":"Tomb of Lord Red Mask","player_choice":"Ignored","floor":38.0,"gold_loss":0.0,"damage_taken":0.0}],"is_beta":false,"boss_relics":[{"not_picked":["Calling Bell","Busted Crown"],"picked":"sneckomod:SneckoTalon"},{"not_picked":["hexamod:IceCube","SlaversCollar"],"picked":"Coffee Dripper"}],"items_purged_floors":[20,25,39],"is_endless":false,"potions_floor_spawned":[10,11,16,21,22,23,24,27,35,47,48],"killed_by":"Donu and Deca","ascension_level":20}}