{"host":"yfkezq0m1a8tfmul","time":1612318260,"event":{"mods":["100% Spire Juice","2.2 Compatiblity","AchievementEnabler","Act Like it!","AlwaysNeverKeys","Arknights","Aspiration","Astrologer","BaseMod","Bestiary","Better Altar","Better Match","Better Note","Better Sensory Stone","Better Skull","Better Third Choice","BetterRewards","Block Reminder","Challenge The Spire","Colored Map","Colored Powertips","Conspire","Curses Come First","DeckTracker","Downfall","Duelist Mod","Elementarium","Energized Spire","Fox Events","Gensokyo","GifTheSpireLib","GungeonMod","Halation","Hallownest","Hermit","HololiveMod","Hubris","Infinite Spire","Jedi Mod","Menagerie","Minty Spire (QoL Compilation)","Pale of the Ancients","Permanent Neow","Random Character Button","Relic Stats","Reliquary","Replay The Spire","Robot Space Explorer","Shade Mod","Shop Mod","Spicy Shops","StSLib","Stuff the Spire","The Animator","The Blackbeard","The Blue Laboratory","The Bug Knight","The Construct","The Cursed","The Disciple","The Dragon Tamer","The Exalted","The Forsaken","The Gatherer","The Hierophant","The Marked","The Necromancer","The Poker Player","The Runesmith","The Servant 0.9.4","TheFirefly","Treasure Hunter","UnlockEverythingMod","Wandering Minibosses","Weighted Paths"],"gold_per_floor":[168,168,168,168,168,168,180,180,180,191,217,228,240,256,256,357,357,367,292,292,292,309,309,339,351,390,402,440,464,497,525,537,646,658,674,695,714,116,143,170,186,206,206,206,206,233,86,99,99,100,100],"floor_reached":50,"language":"ENG","playtime":7696,"items_purged":["construct:Strike_Gold","construct:Strike_Gold"],"score":744,"play_id":"dc432262-35ed-4df6-a6d5-9d9615039324","local_time":"20210202211059","is_ascension_mode":false,"campfire_choices":[{"data":"construct:DefenseMode","floor":4,"key":"SMITH"},{"data":"construct:OneWayMirror","floor":6,"key":"SMITH"},{"data":"construct:SpinDrive","floor":8,"key":"SMITH"},{"data":"construct:ShieldGenerator","floor":15,"key":"SMITH"},{"data":"construct:SpinDrive+1","floor":23,"key":"SMITH"},{"data":"construct:LaserCore+1","floor":25,"key":"SMITH"},{"data":"construct:FlameCore","floor":32,"key":"SMITH"},{"floor":45,"key":"REST"}],"circlet_count":0,"master_deck":["construct:Strike_Gold","construct:Strike_Gold","construct:Defend_Gold","construct:Defend_Gold","construct:Defend_Gold","construct:Defend_Gold","construct:Defend_Gold","construct:AttackMode","construct:DefenseMode+2","construct:OneWayMirror+1","TH:ArmorSpikes+1","TH:ArmorSpikes","construct:ShieldGenerator+1","TH:ArmorSpikes","construct:ClockworkEgg","Good Instincts+1","construct:LaserCore+2","construct:Reserves","TH:CopperCoins","ReplayTheSpireMod:??????????????????????","construct:FlameCore+1","construct:ScopeCore+1","TH:BikiniMail","construct:Forcefield","construct:Anticipate+1","construct:Reserves+1","construct:Autoturret+1","construct:ScopeCore","TH:CopperCoins","construct:ScopeCore+1","construct:Boost+1","TH:EnergyPotion","Bandage Up","Panacea","construct:Enhance+1","construct:SyphonStrike+1"],"relics":["construct:ClockworkPhoenix","jedi:arcanewood","halation:PurpleSoulGem","StuffTheSpire:CocoNut","jedi:matchstick","energizedSpire:MagnifyingGlass","Red Mask","HollowMod:StagPassRelic","reliquary:RedPaperclip","Medical Kit","halation:LostSnail","DemoMod:MonsterBlood","DemoMod:ResourcefulSack","hubris:Teleporter","Toy Ornithopter"],"acts_visited":["Exordium","Hallownest:CityofTears","Gensokyo:Gensokyoest"],"potions_floor_usage":[16,28,41,48,50],"damage_taken":[{"damage":6,"enemies":"Jaw Worm","floor":1,"turns":3},{"damage":0,"enemies":"2 Louse","floor":7,"turns":5},{"damage":0,"enemies":"Cultist","floor":10,"turns":7},{"damage":0,"enemies":"3 Sentries","floor":11,"turns":12},{"damage":9,"enemies":"3 Louse","floor":12,"turns":7},{"damage":3,"enemies":"Exordium Thugs","floor":13,"turns":10},{"damage":0,"enemies":"2 Fungi Beasts","floor":14,"turns":7},{"damage":0,"enemies":"Hexaghost","floor":16,"turns":23},{"damage":5,"enemies":"Hallownest:Guard_and_Sentry","floor":18,"turns":13},{"damage":21,"enemies":"Hallownest:3_Youths","floor":22,"turns":9},{"damage":0,"enemies":"Hallownest:eliteSoulWarrior","floor":24,"turns":11},{"damage":12,"enemies":"Nightmare","floor":28,"turns":8},{"damage":0,"enemies":"Hallownest:monsterShrumalOgre","floor":29,"turns":5},{"damage":0,"enemies":"Hallownest:monsterMisterMushroom","floor":30,"turns":6},{"damage":21,"enemies":"Hallownest:2_Husk_Sentries","floor":31,"turns":5},{"damage":0,"enemies":"Hallownest:BossGrimm","floor":33,"turns":10},{"damage":0,"enemies":"Gensokyo:3_Bats","floor":35,"turns":4},{"damage":0,"enemies":"Gensokyo:AncientGuardian","floor":36,"turns":5},{"damage":25,"enemies":"Gensokyo:Sharpion","floor":37,"turns":8},{"damage":1,"enemies":"conspire:MimicChest","floor":39,"turns":6},{"damage":18,"enemies":"Gensokyo:Marisa","floor":40,"turns":6},{"damage":15,"enemies":"Gensokyo:AtlasGolem","floor":41,"turns":6},{"damage":26,"enemies":"Gensokyo:Rafflesia","floor":42,"turns":7},{"damage":0,"enemies":"Gensokyo:Doremy","floor":46,"turns":7},{"damage":41,"enemies":"Gensokyo:Dusk_and_Dawn","floor":48,"turns":10},{"damage":21,"enemies":"Gensokyo:Yuyuko","floor":50,"turns":6}],"seed_played":"-2774841414038585655","potions_obtained":[{"floor":1,"key":"blueLaboratory:EnragingPotion"},{"floor":7,"key":"LiquidMemories"},{"floor":16,"key":"blueLaboratory:BottleOfRum"},{"floor":18,"key":"Guardian:BlockOnCardUsePotion"},{"floor":29,"key":"champ:CounterPotion"},{"floor":31,"key":"blueLaboratory:HorrorPotion"},{"floor":40,"key":"blueLaboratory:BubblePotion"},{"floor":41,"key":"blueLaboratory:TrueEctoplasm"},{"floor":48,"key":"Explosive Potion"}],"is_trial":false,"path_per_floor":["M","?","?","R","?","R","M","R","T","M","E","M","M","M","R","B",null,"M","?","?","?","M","R","E","R","T","AVR","NM","M","M","M","R","B",null,"M","M","M","$","?","E","M","M","T","?","R","E","$","M","R_BF","B"],"character_chosen":"THE_CONSTRUCT_MOD","items_purchased":["Medical Kit","halation:LostSnail","construct:Reserves","construct:Autoturret","Toy Ornithopter"],"campfire_rested":1,"item_purchase_floors":[38,38,38,38,47],"current_hp_per_floor":[79,79,79,79,79,79,79,79,86,86,86,77,74,74,74,74,92,87,87,87,87,66,66,66,66,66,66,54,54,54,33,33,33,92,92,92,67,67,73,55,40,14,14,14,43,47,47,15,44,0,0],"gold":100,"neow_bonus":"RANDOM_COMMON_RELIC","is_daily":false,"chose_seed":false,"campfire_upgraded":7,"win_rate":0.0,"timestamp":1612318259,"path_taken":["M","?","?","?","?","R","M","R","T","M","E","M","?","M","R","BOSS","M","?","?","?","?","R","E","R","T","AVR","NM","M","M","M","R","BOSS","M","M","M","$","?","E","M","?","T","?","R","E","?","M","R_BF","BOSS"],"items_purchased_type":["Relic","Relic","Card","Card","Relic"],"build_version":"2020-12-22","purchased_purges":2,"victory":false,"max_hp_per_floor":[85,85,85,85,85,85,85,85,92,92,92,92,92,92,92,92,92,92,92,92,92,92,92,92,92,92,92,92,92,92,92,92,92,92,92,92,92,92,99,99,99,99,99,99,99,99,99,99,99,2,2],"relic_stats":{"counters":[26,198],"Medical Kit":[0],"obtain_stats":[{"hubris:Teleporter":46,"halation:PurpleSoulGem":2,"DemoMod:GlassGuonStoneRelic":1,"construct:ClockworkPhoenix":0,"MawBank":24,"HollowMod:StagPassRelic":28,"Medical Kit":38,"reliquary:RedPaperclip":34,"DemoMod:MonsterBlood":39,"StuffTheSpire:CocoNut":9,"jedi:matchstick":11,"Tiny Chest":26,"energizedSpire:MagnifyingGlass":17,"Red Mask":21,"DemoMod:ResourcefulSack":40,"halation:LostSnail":38,"jedi:arcanewood":0,"Toy Ornithopter":47},{"hubris:Teleporter":24,"halation:PurpleSoulGem":1,"DemoMod:GlassGuonStoneRelic":1,"construct:ClockworkPhoenix":0,"MawBank":11,"HollowMod:StagPassRelic":12,"Medical Kit":19,"reliquary:RedPaperclip":16,"DemoMod:MonsterBlood":20,"StuffTheSpire:CocoNut":2,"jedi:matchstick":4,"Tiny Chest":11,"energizedSpire:MagnifyingGlass":8,"Red Mask":9,"DemoMod:ResourcefulSack":21,"halation:LostSnail":19,"jedi:arcanewood":0,"Toy Ornithopter":24},{"hubris:Teleporter":184,"halation:PurpleSoulGem":3,"DemoMod:GlassGuonStoneRelic":3,"construct:ClockworkPhoenix":0,"MawBank":106,"HollowMod:StagPassRelic":113,"Medical Kit":155,"reliquary:RedPaperclip":139,"DemoMod:MonsterBlood":160,"StuffTheSpire:CocoNut":8,"jedi:matchstick":27,"Tiny Chest":106,"energizedSpire:MagnifyingGlass":74,"Red Mask":87,"DemoMod:ResourcefulSack":166,"halation:LostSnail":155,"jedi:arcanewood":0,"Toy Ornithopter":184}],"Toy Ornithopter":9},"card_choices":[{"not_picked":["construct:FocusedBeam","construct:Reinforce","construct:ShiftStrike"],"picked":"SKIP","floor":1},{"not_picked":["construct:Impenetrable","construct:Electrocute"],"picked":"construct:SpinDrive","floor":7},{"not_picked":["TH:CursedSword"],"picked":"TH:ArmorSpikes","floor":9},{"not_picked":["construct:FierceBash","construct:ClusterMines","construct:ShiftStrike"],"picked":"SKIP","floor":10},{"not_picked":["TH:ElvenBoots"],"picked":"TH:ArmorSpikes","floor":11},{"not_picked":["construct:SyphonStrike","construct:FocusedBeam","construct:HeavyBolt"],"picked":"SKIP","floor":11},{"not_picked":["construct:SaveState","construct:Disrupt","construct:SyphonStrike"],"picked":"SKIP","floor":12},{"not_picked":["construct:VentSteam","construct:Backup","construct:Accumulate"],"picked":"SKIP","floor":13},{"not_picked":["construct:Analyze","construct:SaveState"],"picked":"construct:ShieldGenerator","floor":14},{"not_picked":["TH:DeckOfManyThings"],"picked":"TH:ArmorSpikes","floor":16},{"not_picked":["construct:PanicFire","construct:SiegeForm"],"picked":"construct:ClockworkEgg","floor":16},{"not_picked":["construct:Anticipate","construct:SaveState","construct:ClusterMines"],"picked":"SKIP","floor":18},{"not_picked":["Panacea+1","Deep Breath+1"],"picked":"Good Instincts+1","floor":19},{"not_picked":["construct:HeavyBolt","construct:ScopeCore"],"picked":"construct:LaserCore+1","floor":22},{"not_picked":["construct:Impenetrable","construct:HeavyBolt"],"picked":"construct:Reserves","floor":24},{"not_picked":["TH:PixieDust","TH:TreasureMap"],"picked":"SKIP","floor":24},{"not_picked":["TH:ElvenBoots"],"picked":"TH:CopperCoins","floor":26},{"not_picked":["construct:SweepLaser","construct:Backfire"],"picked":"construct:FlameCore","floor":28},{"not_picked":["TH:TreasureMap","TH:DeckOfManyThings"],"picked":"SKIP","floor":28},{"not_picked":["construct:UnbalancingBlast","construct:FocusedBeam","construct:HeavyBolt+1"],"picked":"SKIP","floor":29},{"not_picked":["construct:FierceBash","construct:Overcharge","construct:SweepLaser"],"picked":"SKIP","floor":30},{"not_picked":["construct:ModeShift+1","construct:ScrapCannon"],"picked":"construct:ScopeCore+1","floor":31},{"not_picked":["TH:CursedSword"],"picked":"TH:BikiniMail","floor":33},{"not_picked":["construct:HeavyBolt","construct:Backup+1"],"picked":"construct:Forcefield","floor":35},{"not_picked":["construct:ClusterMines+1","construct:SaveState"],"picked":"construct:Anticipate+1","floor":36},{"not_picked":["construct:Backfire","construct:Isolate","construct:FierceBash+1"],"picked":"SKIP","floor":37},{"not_picked":["construct:MassProduction","construct:ModeShift+1"],"picked":"construct:ScopeCore","floor":39},{"not_picked":["TH:DeckOfManyThings"],"picked":"TH:CopperCoins","floor":40},{"not_picked":["construct:Backup","construct:ElectricArmor"],"picked":"construct:ScopeCore+1","floor":40},{"not_picked":["construct:Disrupt","construct:Reinforce+1","construct:FocusedBeam"],"picked":"SKIP","floor":41},{"not_picked":["construct:HeavyBolt+1","construct:FierceBash"],"picked":"construct:Boost+1","floor":42},{"not_picked":["TH:ElvenBoots"],"picked":"TH:EnergyPotion","floor":43},{"not_picked":["StuffTheSpire:Recharge","Discovery"],"picked":"Bandage Up","floor":44},{"not_picked":["Jack Of All Trades","hubris:Ssssneak"],"picked":"Panacea","floor":44},{"not_picked":["construct:OmegaCannon+1","construct:Impenetrable"],"picked":"construct:Enhance+1","floor":46},{"not_picked":["TH:ElvenBoots","TH:ArmorSpikes"],"picked":"SKIP","floor":46},{"not_picked":["construct:Accumulate","construct:FierceBash"],"picked":"construct:SyphonStrike+1","floor":48}],"player_experience":27679,"relics_obtained":[{"floor":9,"key":"StuffTheSpire:CocoNut"},{"floor":11,"key":"jedi:matchstick"},{"floor":24,"key":"MawBank"},{"floor":26,"key":"Tiny Chest"},{"floor":28,"key":"HollowMod:StagPassRelic"},{"floor":39,"key":"DemoMod:MonsterBlood"},{"floor":40,"key":"DemoMod:ResourcefulSack"},{"floor":46,"key":"hubris:Teleporter"}],"event_choices":[{"damage_healed":0,"gold_gain":0,"cards_transformed":["construct:Strike_Gold"],"player_choice":"Transformed","damage_taken":0,"max_hp_gain":0,"max_hp_loss":0,"event_name":"Transmorgrifier","floor":3,"gold_loss":0,"cards_obtained":["construct:OneWayMirror"]},{"damage_healed":0,"gold_gain":0,"player_choice":"Upgraded","damage_taken":0,"max_hp_gain":0,"max_hp_loss":0,"event_name":"Upgrade Shrine","floor":5,"gold_loss":0,"cards_upgraded":["construct:DefenseMode"]},{"damage_healed":0,"gold_gain":0,"player_choice":"2","damage_taken":0,"max_hp_gain":0,"max_hp_loss":0,"event_name":"betterMatch:BetterMatch","floor":19,"gold_loss":0,"cards_obtained":["betterMatch:ColorlessUncommonCard"]},{"damage_healed":0,"gold_gain":3,"player_choice":"1","damage_taken":0,"max_hp_gain":0,"max_hp_loss":0,"event_name":"betterStone:BetterStone","floor":44,"gold_loss":0}],"is_beta":false,"boss_relics":[{"not_picked":["hubris:TerracottaHorce","jedi:paperlyon"],"picked":"energizedSpire:MagnifyingGlass"},{"not_picked":["hubris:CrackedHourglass","energizedSpire:SpiderWeb"],"picked":"reliquary:RedPaperclip"}],"items_purged_floors":[38,38],"is_endless":true,"potions_floor_spawned":[1,7,16,18,29,31,40,41,46,48],"killed_by":"Gensokyo:Yuyuko","ascension_level":0}}