{"host":"6iv6hzocosv1haef","time":1612393535,"event":{"mods":["AchievementEnabler","AlwaysNeverKeys","BaseMod","Colored Map","Colored Powertips","Downfall","Friendly Minions","GifTheSpireLib","Highlight Path","Minty Spire (QoL Compilation)","Permanent Neow","Quick Restart","Relic Filter","Relic Sorter","StSLib"],"gold_per_floor":[99,118,131,148,58,88,88,102,120,146,146,176,76,96,115,218,218,218,236,236,236,336,367,367,402,402,402,402],"floor_reached":26,"language":"ENG","playtime":2608,"items_purged":["Guardian:Defend_Guardian"],"score":316,"play_id":"b4cff36a-3ee6-4db4-bc4d-755ceff17c38","local_time":"20210203230535","is_ascension_mode":false,"campfire_choices":[{"data":"Guardian:CurlUp","floor":1.0,"key":"SMITH"},{"data":"Guardian:BronzeArmor","floor":13.0,"key":"SMITH"},{"data":"Guardian:PiercingHide","floor":18,"key":"SMITH"}],"circlet_count":0,"master_deck":["Guardian:Strike_Guardian","Guardian:Strike_Guardian","Guardian:Strike_Guardian","Guardian:Defend_Guardian","Guardian:Defend_Guardian","Guardian:CurlUp+1","Guardian:TwinSlam+1","Guardian:GuardianWhirl","Guardian:PiercingHide+1","Guardian:BronzeArmor+1","Guardian:StasisField","Guardian:ArmoredProtocol","Guardian:AncientConstruct","Guardian:Gem_White","Injury","Guardian:EvasiveProtocol"],"relics":["Guardian:ModeShifter","Darkstone Periapt","Pantograph","MealTicket","Juzu Bracelet","downfall:HeartBlessingGreen","Cursed Key","Toy Ornithopter","Dream Catcher","Gremlin Horn","Boot"],"acts_visited":["Exordium","TheCity"],"potions_floor_usage":[16,23,25,25,25],"damage_taken":[{"damage":1.0,"enemies":"Cultist","floor":2.0,"turns":3.0},{"damage":3.0,"enemies":"Small Slimes","floor":3.0,"turns":3.0},{"damage":3.0,"enemies":"2 Louse","floor":4.0,"turns":3.0},{"damage":0.0,"enemies":"downfall:FleeingMerchant","floor":5.0,"turns":4.0},{"damage":10.0,"enemies":"3 Sentries","floor":6.0,"turns":8.0},{"damage":0.0,"enemies":"Exordium Wildlife","floor":8.0,"turns":5.0},{"damage":1.0,"enemies":"Large Slime","floor":9.0,"turns":9.0},{"damage":6.0,"enemies":"Lagavulin","floor":10.0,"turns":9.0},{"damage":19.0,"enemies":"Gremlin Nob","floor":12.0,"turns":5.0},{"damage":2.0,"enemies":"Exordium Thugs","floor":14.0,"turns":4.0},{"damage":4,"enemies":"Lots of Slimes","floor":15,"turns":4},{"damage":0,"enemies":"SI_SHIV_ARCHETYPE","floor":16,"turns":12},{"damage":2,"enemies":"Shell Parasite","floor":19,"turns":6},{"damage":49,"enemies":"downfall:LadyInBlue","floor":22,"turns":15},{"damage":25,"enemies":"Gremlin Leader","floor":23,"turns":9},{"damage":13,"enemies":"Slavers","floor":25,"turns":7},{"damage":32,"enemies":"downfall:FaceTrader","floor":26,"turns":7}],"seed_played":"5802094799529891807","potions_obtained":[{"floor":2.0,"key":"DistilledChaos"},{"floor":8.0,"key":"Guardian:DefensiveModePotion"},{"floor":10.0,"key":"Energy Potion"},{"floor":12.0,"key":"Fire Potion"},{"floor":16,"key":"SpeedPotion"},{"floor":22,"key":"Strength Potion"},{"floor":22,"key":"Guardian:AcceleratePotion"},{"floor":22,"key":"Guardian:AcceleratePotion"},{"floor":23,"key":"PowerPotion"}],"is_trial":false,"path_per_floor":["R","M","M","M","$","E","T","M","M","E","?","E","R","M","M","B",null,"R","M","?","?","?","E","T","E","?"],"character_chosen":"GUARDIAN","items_purchased":[],"campfire_rested":0,"item_purchase_floors":[],"current_hp_per_floor":[80,79,76,73,73,63,63,63,62,56,56,37,37,35,31,56,80,80,78,78,78,29,9,15,17,0,0,0],"gold":402,"neow_bonus":"UPGRADE_CARD","is_daily":false,"chose_seed":false,"campfire_upgraded":3,"win_rate":0.0,"timestamp":1612393535,"path_taken":["R","M","M","M","$","E","T","M","?","E","?","E","R","M","M","BOSS","R","M","?","?","?","E","T","E","?"],"items_purchased_type":[],"build_version":"2020-12-22","purchased_purges":1,"victory":false,"max_hp_per_floor":[80,80,80,80,80,80,80,80,80,80,80,80,80,80,80,80,80,80,80,80,80,80,80,86,86,86,86,86],"card_choices":[{"not_picked":["Guardian:FloatingOrbs","Guardian:ChargeCore"],"picked":"Guardian:GuardianWhirl","floor":2.0},{"not_picked":["Guardian:Planning","Guardian:TemporalStrike","Guardian:MultiBeam"],"picked":"SKIP","floor":3.0},{"not_picked":["Guardian:Recover","Guardian:Gem_Crimson"],"picked":"Guardian:PiercingHide","floor":4.0},{"not_picked":["Guardian:SentryBeam","Guardian:FloatingOrbs"],"picked":"Guardian:Gem_Orange","floor":5.0},{"not_picked":["Guardian:TemporalStrike","Guardian:RefractedBeam"],"picked":"Guardian:BronzeArmor","floor":6.0},{"not_picked":["Guardian:TimeCapacitor","Guardian:Gem_Crimson","Guardian:Gem_Cyan"],"picked":"SKIP","floor":8.0},{"not_picked":["Guardian:BodySlam","Guardian:WalkerClaw","Guardian:SentryBeam"],"picked":"SKIP","floor":9.0},{"not_picked":["Guardian:Recover","Guardian:PrimingBeam"],"picked":"Guardian:StasisField","floor":10.0},{"not_picked":["Guardian:SentryBeam","Guardian:PrismaticBarrier","Guardian:Suspension"],"picked":"SKIP","floor":12.0},{"not_picked":["Guardian:ShieldCharger","Guardian:Incinerate"],"picked":"Guardian:ArmoredProtocol","floor":14},{"not_picked":["Guardian:Gem_Cyan","Guardian:Gem_Red","Guardian:CrystalBeam"],"picked":"SKIP","floor":15},{"not_picked":["Guardian:FastForward","Guardian:ExploitGems"],"picked":"Guardian:AncientConstruct","floor":16},{"not_picked":["Guardian:Reroute","Guardian:ShieldCharger","Guardian:CrystalBeam+1"],"picked":"SKIP","floor":19},{"not_picked":["Guardian:Gem_Red","Guardian:ChargeCore"],"picked":"Guardian:Gem_White","floor":22},{"not_picked":["Guardian:Preprogram+1","Guardian:Gem_White","Guardian:MultiBeam+1"],"picked":"SKIP","floor":23},{"not_picked":["Guardian:CrystalBeam","Guardian:Gem_Cyan"],"picked":"Guardian:EvasiveProtocol","floor":25}],"player_experience":183585,"relics_obtained":[{"floor":6.0,"key":"Darkstone Periapt"},{"floor":7.0,"key":"Pantograph"},{"floor":10.0,"key":"MealTicket"},{"floor":12.0,"key":"Juzu Bracelet"},{"floor":22,"key":"Toy Ornithopter"},{"floor":23,"key":"Dream Catcher"},{"floor":24,"key":"Gremlin Horn"},{"floor":25,"key":"Boot"}],"event_choices":[],"is_beta":false,"boss_relics":[{"not_picked":["Pandora\u0027s Box","Guardian:ModeShifterPlus"],"picked":"Cursed Key"}],"items_purged_floors":[5],"is_endless":false,"potions_floor_spawned":[2,8,10,12,14,16,23],"killed_by":"downfall:FaceTrader","ascension_level":0}}