{"host":"ttx8tv95o5vka1nm","time":1612312515,"event":{"mods":["AchievementEnabler","BaseMod","Colored Map","Downfall","Infinite Spire","Minty Spire (QoL Compilation)","Relic Filter Mod","Replay The Spire","Shop Mod","StSLib","The Jungle"],"gold_per_floor":[0,15,26,26,42,42,42,55,55,68,68,68,68,93,103,201,201,101,118,28,28,28,62,133,160,160,180,215,215,261,383,417,445,445,445],"floor_reached":33,"language":"ENG","playtime":2975,"items_purged":["downfall:Malfunctioning","champ:Strike"],"score":347,"play_id":"d714dc8e-6e2e-48e5-b197-8aef2cc24b2d","local_time":"20210203103515","is_ascension_mode":true,"campfire_choices":[{"data":"champ:GladiatorForm","floor":1,"key":"SMITH"},{"data":"champ:Taunt","floor":6,"key":"SMITH"},{"data":"1","floor":12,"key":"LIFT"},{"data":"2","floor":18,"key":"LIFT"}],"circlet_count":0,"master_deck":["champ:Strike+1","champ:Strike","champ:Defend","champ:Defend","champ:Execute","champ:Taunt+1","champ:GladiatorForm+1","champ:TornadoPunch+1","champ:EnragedBash+1","champ:DefensiveShout","champ:BringItOn+1","champ:FanOfKnives","champ:Duel","champ:Backstep","champ:UltimateStance","champ:ArenaPreparation","champ:FaceSlap","Necronomicurse","champ:Improvising","champ:TripleStrike","infinitespire:Gouge","champ:GutPunch","RitualDagger","champ:FocusedBerserking","J.A.X.","champ:Endure","champ:SwordThrow","champ:FancyFootwork","champ:Haymaker+1"],"relics":["champ:ChampionCrown","Girya","Garlic","ReplayTheSpireMod:TigerMarble","Sozu","downfall:HeartBlessingGreen","Necronomicon","Gambling Chip","Question Card","Ornamental Fan","Toolbox","Replay:Bandana","MutagenicStrength"],"acts_visited":["Exordium","TheCity"],"potions_floor_usage":[10,16],"damage_taken":[{"damage":16,"enemies":"Small Slimes","floor":2,"turns":3},{"damage":25,"enemies":"Jaw Worm","floor":3,"turns":5},{"damage":25,"enemies":"2 Louse","floor":5,"turns":5},{"damage":13,"enemies":"2 Fungi Beasts","floor":8,"turns":3},{"damage":22,"enemies":"Exordium Wildlife","floor":10,"turns":4},{"damage":40,"enemies":"Gremlin Nob","floor":14,"turns":5},{"damage":0,"enemies":"3 Louse","floor":15,"turns":1},{"damage":50,"enemies":"DF_ARCHETYPE_STREAMLINE","floor":16,"turns":11},{"damage":15,"enemies":"3 Byrds","floor":19,"turns":5},{"damage":40,"enemies":"downfall:FleeingMerchant","floor":20,"turns":4},{"damage":42,"enemies":"Slavers","floor":23,"turns":3},{"damage":31,"enemies":"Replay:Snechameleon","floor":25,"turns":3},{"damage":5,"enemies":"Spheric Guardian","floor":27,"turns":2},{"damage":30,"enemies":"Gremlin Leader","floor":28,"turns":2},{"damage":40,"enemies":"3 Cultists","floor":30,"turns":2},{"damage":74,"enemies":"downfall:Augmenter","floor":31,"turns":4},{"damage":33,"enemies":"Chosen and Byrds","floor":32,"turns":2},{"damage":33,"enemies":"IC_MUSHROOM_ARCHETYPE","floor":33,"turns":4}],"seed_played":"-3528109119616348867","potions_obtained":[{"floor":8,"key":"Flashbang"},{"floor":14,"key":"champ:OpenerPotion"},{"floor":15,"key":"Slimebound:ThreeZeroPotion"},{"floor":16,"key":"DuplicationPotion"}],"is_trial":false,"path_per_floor":["R_BF","M","M","?","M","R","T","M","?","M","?","R","T","E","M","B",null,"R","M","$","?","?","E","T","E","AVR","M","E","?","M","?","M","B"],"character_chosen":"THE_CHAMP","items_purchased":[],"campfire_rested":0,"item_purchase_floors":[],"current_hp_per_floor":[90,84,79,79,74,74,74,71,71,69,69,69,69,44,44,39,90,90,90,90,90,74,67,67,56,56,56,56,50,50,36,33,0,0,0],"gold":445,"neow_bonus":"THREE_RARE_CARDS","is_daily":false,"chose_seed":false,"campfire_upgraded":2,"win_rate":0.0,"timestamp":1612312515,"path_taken":["R_BF","M","M","?","M","R","T","M","?","M","?","R","?","E","M","BOSS","R","M","$","?","?","E","T","E","AVR","M","E","?","M","?","M","BOSS"],"items_purchased_type":[],"build_version":"2020-12-22","purchased_purges":2,"victory":false,"max_hp_per_floor":[90,90,90,90,90,90,90,90,90,90,90,90,90,90,90,90,90,90,90,90,90,90,90,90,90,90,90,90,90,90,90,90,90,90,90],"card_choices":[{"not_picked":["champ:MurderStrike","champ:Devastate"],"picked":"champ:GladiatorForm","floor":0},{"not_picked":["champ:BladeFlurry","champ:FalseCounter"],"picked":"champ:CalledShot","floor":2},{"not_picked":["champ:FocusedDefense","champ:GladiatorStyle"],"picked":"champ:TornadoPunch","floor":3},{"not_picked":["champ:GladiatorStyle","champ:CrownThrow"],"picked":"champ:DefensiveShout","floor":5},{"not_picked":["champ:FancyFootwork","champ:Lariat"],"picked":"champ:BringItOn","floor":8},{"not_picked":["champ:FancyFootwork","champ:EndlessRage"],"picked":"champ:FanOfKnives","floor":10},{"not_picked":["champ:GladiatorStyle","champ:UltimateStance"],"picked":"champ:Duel","floor":14},{"not_picked":["champ:ViciousMockery","champ:BladeFlurry"],"picked":"champ:Backstep","floor":15},{"not_picked":["champ:VampiricStrike","champ:HeavySlash"],"picked":"champ:UltimateStance","floor":16},{"not_picked":["champ:PerfectedStrike+1","champ:PreciseThrust"],"picked":"champ:ArenaPreparation","floor":19},{"not_picked":["champ:DancingMaster","champ:DefensiveShout"],"picked":"champ:FaceSlap","floor":20},{"not_picked":["champ:IronFortress","champ:EnragedBash"],"picked":"champ:Improvising","floor":23},{"not_picked":["champ:GladiatorStyle","champ:DeathBlow","champ:PerfectedStrike"],"picked":"champ:TripleStrike","floor":25},{"not_picked":["champ:FocusedDefense+1","champ:FlashCut+1","champ:PreciseThrust+1"],"picked":"champ:GutPunch","floor":27},{"not_picked":["champ:EnGarde","champ:Lariat","champ:FanOfKnives+1","champ:BringItOn+1"],"picked":"SKIP","floor":28},{"not_picked":["champ:PerfectedStrike","champ:Shatter","champ:GladiatorForm"],"picked":"champ:FocusedBerserking","floor":30},{"not_picked":[],"picked":"J.A.X.","floor":31},{"not_picked":["champ:ViciousMockery","champ:BerserkersShout","champ:FanOfKnives"],"picked":"champ:Endure","floor":31},{"not_picked":["champ:Parry","champ:FalseCounter","champ:BerserkersShout+1"],"picked":"champ:Haymaker+1","floor":32}],"player_experience":954499,"relics_obtained":[{"floor":7,"key":"Girya"},{"floor":13,"key":"Garlic"},{"floor":14,"key":"ReplayTheSpireMod:TigerMarble"},{"floor":22,"key":"Necronomicon"},{"floor":23,"key":"Gambling Chip"},{"floor":24,"key":"Question Card"},{"floor":25,"key":"Ornamental Fan"},{"floor":28,"key":"Replay:Bandana"},{"floor":31,"key":"MutagenicStrength"}],"event_choices":[{"damage_healed":0,"gold_gain":0,"player_choice":"Ignored","damage_taken":0,"max_hp_gain":0,"max_hp_loss":0,"event_name":"Ghosts","floor":21,"gold_loss":0}],"is_beta":false,"boss_relics":[{"not_picked":["Snecko Eye","Replay:Drink Me"],"picked":"Sozu"}],"items_purged_floors":[20,26],"is_endless":false,"potions_floor_spawned":[8,14,15,16,19,23,28,32],"killed_by":"IC_MUSHROOM_ARCHETYPE","ascension_level":1}}