{"host":"zi8hgkvmbjur1a9v","time":1612372318,"event":{"mods":["AchievementEnabler","AlwaysNeverKeys","Aspiration","BaseMod","BetterRewards","Colored Map","Colored Powertips","Conspire","Downfall","Energized Spire","Friendly Minions","Hubris","Infinite Spire","Minty Spire (QoL Compilation)","Permanent Neow","Quick Restart","Relic Filter","Replay The Spire","Shop Mod","StSLib"],"gold_per_floor":[99,113,132,144,155,167,167,152,224,241,256,267,297,56,66,66,66,66],"floor_reached":16,"language":"ENG","playtime":1030,"items_purged":[],"score":133,"play_id":"fb6d0c73-7de7-4a1b-8f55-644e9cec3614","local_time":"20210203121158","is_ascension_mode":false,"campfire_choices":[{"data":"champ:Taunt","floor":1,"key":"SMITH"}],"circlet_count":0,"master_deck":["champ:Strike","champ:Strike","champ:Strike","champ:Strike","champ:Defend","champ:Defend","champ:Defend","champ:Defend","champ:Execute","champ:Taunt+1","champ:IronFortress","champ:CalledShot","champ:Encircle","champ:Improvising","champ:Lariat","downfall:Icky","champ:RisingSlash","champ:RisingSlash","champ:FocusedBerserking","champ:EnragedBash","champ:GladiatorStyle","champ:Backstep"],"relics":["Cursed Key","Happy Flower","infinitespire:Beetle Shell","Anchor","Membership Card","MerchantsRug"],"acts_visited":["Exordium"],"potions_floor_usage":[16,16,16],"damage_taken":[{"damage":25,"enemies":"Cultist","floor":2,"turns":4},{"damage":13,"enemies":"Jaw Worm","floor":3,"turns":3},{"damage":23,"enemies":"Small Slimes","floor":4,"turns":3},{"damage":32,"enemies":"Exordium Thugs","floor":5,"turns":4},{"damage":20,"enemies":"2 Fungi Beasts","floor":6,"turns":4},{"damage":20,"enemies":"downfall:FleeingMerchant","floor":8,"turns":4},{"damage":30,"enemies":"Large Slime","floor":10,"turns":3},{"damage":51,"enemies":"3 Louse","floor":11,"turns":3},{"damage":15,"enemies":"Exordium Wildlife","floor":12,"turns":4},{"damage":30,"enemies":"Gremlin Nob","floor":13,"turns":3},{"damage":33,"enemies":"downfall:FleeingMerchant","floor":14,"turns":4},{"damage":24,"enemies":"2 Fungi Beasts","floor":15,"turns":3},{"damage":194,"enemies":"WA_ARCHETYPE_RETAIN","floor":16,"turns":6}],"seed_played":"7637048864396734007","potions_obtained":[{"floor":3,"key":"LiquidBronze"},{"floor":5,"key":"Block Potion"},{"floor":9,"key":"Toxic Potion"},{"floor":13,"key":"BlessingOfTheForge"},{"floor":15,"key":"SneckoOil"}],"is_trial":false,"path_per_floor":["R","M","M","M","M","M","T","$","?","M","M","M","E","$","M","B"],"character_chosen":"THE_CHAMP","items_purchased":["Membership Card","MerchantsRug"],"campfire_rested":0,"item_purchase_floors":[14,14],"current_hp_per_floor":[90,90,87,84,62,52,52,52,52,52,39,34,34,24,15,0,0,0],"gold":66,"neow_bonus":"BOSS_RELIC","is_daily":false,"chose_seed":false,"campfire_upgraded":1,"win_rate":0.0,"timestamp":1612372318,"path_taken":["R","M","M","?","M","M","T","$","?","M","M","M","E","?","M","BOSS"],"items_purchased_type":["Relic","Relic"],"build_version":"2020-12-22","purchased_purges":0,"victory":false,"max_hp_per_floor":[90,90,90,90,90,90,90,90,90,90,90,90,90,90,90,90,90,90],"card_choices":[{"not_picked":["champ:EnGarde","champ:FanOfKnives"],"picked":"champ:IronFortress","floor":2},{"not_picked":["champ:BladeFlurry","champ:SkillfulDodge"],"picked":"champ:CalledShot","floor":3},{"not_picked":["champ:Circumvent","champ:CrownThrow"],"picked":"champ:Encircle","floor":4},{"not_picked":["champ:SetATrap","champ:BerserkersShout"],"picked":"champ:Improvising","floor":5},{"not_picked":["champ:PerfectedStrike","champ:BringItOn"],"picked":"champ:Lariat","floor":6},{"not_picked":["champ:CrownThrow","champ:Backstep"],"picked":"champ:RisingSlash","floor":8},{"not_picked":["champ:FocusedDefense","champ:SetATrap"],"picked":"champ:RisingSlash","floor":9},{"not_picked":["champ:ShieldSlam","champ:Circumvent"],"picked":"champ:FocusedBerserking","floor":10},{"not_picked":["champ:PerfectedStrike","champ:PreciseThrust","champ:Backstep"],"picked":"SKIP","floor":11},{"not_picked":["champ:Circumvent","champ:BladeFlurry"],"picked":"champ:EnragedBash","floor":12},{"not_picked":["champ:SkillfulDodge","champ:FlashCut"],"picked":"champ:GladiatorStyle","floor":13},{"not_picked":["champ:ShieldThrow","champ:Circumvent","champ:DefensiveShout"],"picked":"SKIP","floor":14},{"not_picked":["champ:PreciseThrust","champ:Shatter"],"picked":"champ:Backstep","floor":15}],"player_experience":607638,"relics_obtained":[{"floor":7,"key":"Happy Flower"},{"floor":9,"key":"infinitespire:Beetle Shell"},{"floor":13,"key":"Anchor"}],"event_choices":[],"is_beta":false,"boss_relics":[],"items_purged_floors":[],"is_endless":false,"potions_floor_spawned":[3,5,13,15],"killed_by":"WA_ARCHETYPE_RETAIN","ascension_level":0}}