{"host":"kda2p2afd6bvz6qo","time":1612389686,"event":{"mods":["BaseMod","Colored Map","Minty Spire (QoL Compilation)","Relic Stats"],"gold_per_floor":[118,118,131,181,201,201,236,236,236,253,272,272,52,52,52,126,126,139,208,258,320,330,330,330],"floor_reached":23,"language":"ENG","playtime":1303,"items_purged":[],"score":386,"play_id":"cc5a1ef8-6ab6-4233-86f3-75932ce8d0e8","local_time":"20210203220126","is_ascension_mode":true,"campfire_choices":[{"data":"Noxious Fumes","floor":6,"key":"SMITH"},{"floor":12,"key":"REST"},{"floor":15,"key":"REST"}],"circlet_count":0,"master_deck":["AscendersBane","Strike_G","Strike_G","Strike_G","Strike_G","Strike_G","Defend_G","Defend_G","Defend_G","Defend_G","Defend_G","Survivor","Neutralize","Riddle With Holes","Dagger Throw","Noxious Fumes+1","Die Die Die","Deflect","Deadly Poison","Blade Dance","Infinite Blades","Cloak And Dagger","Storm of Steel","Dodge and Roll"],"relics":["SacredBark","Kunai","Centennial Puzzle","HornCleat","InkBottle","SsserpentHead","Philosopher\u0027s Stone"],"acts_visited":["Exordium","TheCity"],"potions_floor_usage":[7,10,19,22,23],"damage_taken":[{"damage":1,"enemies":"2 Louse","floor":1,"turns":3},{"damage":7,"enemies":"Jaw Worm","floor":3,"turns":6},{"damage":2,"enemies":"Cultist","floor":5,"turns":5},{"damage":11,"enemies":"3 Sentries","floor":7,"turns":8},{"damage":0,"enemies":"Exordium Wildlife","floor":10,"turns":3},{"damage":9,"enemies":"Large Slime","floor":11,"turns":5},{"damage":31,"enemies":"The Guardian","floor":16,"turns":10},{"damage":27,"enemies":"Spheric Guardian","floor":18,"turns":6},{"damage":22,"enemies":"Chosen","floor":19,"turns":4},{"damage":7,"enemies":"Snake Plant","floor":21,"turns":6},{"damage":15,"enemies":"Centurion and Healer","floor":22,"turns":5},{"damage":61,"enemies":"Gremlin Leader","floor":23,"turns":5}],"seed_played":"6420503777679548699","potions_obtained":[{"floor":1,"key":"Weak Potion"},{"floor":3,"key":"Block Potion"},{"floor":5,"key":"DistilledChaos"},{"floor":19,"key":"DuplicationPotion"},{"floor":21,"key":"Fire Potion"}],"is_trial":false,"path_per_floor":["M","?","M","?","M","R","E","?","T","M","M","R","$","?","R","B",null,"M","M","?","M","M","E"],"character_chosen":"THE_SILENT","items_purchased":["Blade Dance","CunningPotion","Infinite Blades"],"campfire_rested":2,"item_purchase_floors":[13,13,13],"current_hp_per_floor":[58,32,25,25,23,23,12,12,12,12,3,22,22,22,41,10,52,25,3,76,69,54,0,0],"gold":330,"neow_bonus":"BOSS_RELIC","is_daily":false,"chose_seed":false,"campfire_upgraded":1,"win_rate":0.0,"timestamp":1612389686,"path_taken":["M","?","M","?","?","R","E","?","T","M","M","R","$","?","R","BOSS","M","?","?","?","M","E"],"items_purchased_type":["Card","Potion","Card"],"build_version":"2020-12-22","purchased_purges":0,"victory":false,"max_hp_per_floor":[66,66,66,66,66,66,66,66,66,66,66,66,66,66,66,66,66,66,66,76,76,76,76,76],"relic_stats":{"SsserpentHead":150,"Centennial Puzzle":[21],"counters":[12,66],"Kunai":[31],"obtain_stats":[{"SsserpentHead":14,"Centennial Puzzle":7,"HornCleat":8,"SacredBark":0,"Philosopher\u0027s Stone":17,"Kunai":2,"InkBottle":9,"Ring of the Snake":0},{"SsserpentHead":6,"Centennial Puzzle":4,"HornCleat":4,"SacredBark":0,"Philosopher\u0027s Stone":7,"Kunai":1,"InkBottle":4,"Ring of the Snake":0},{"SsserpentHead":30,"Centennial Puzzle":22,"HornCleat":22,"SacredBark":0,"Philosopher\u0027s Stone":40,"Kunai":3,"InkBottle":22,"Ring of the Snake":0}],"InkBottle":[19]},"card_choices":[{"not_picked":["Concentrate","Tactician"],"picked":"Riddle With Holes","floor":1},{"not_picked":["Bane","Deflect"],"picked":"Dagger Throw","floor":3},{"not_picked":["Bane","Acrobatics"],"picked":"Noxious Fumes","floor":5},{"not_picked":["Slice","Endless Agony"],"picked":"Die Die Die","floor":7},{"not_picked":["Prepared","Finisher"],"picked":"Deflect","floor":10},{"not_picked":["Expertise","Eviscerate"],"picked":"Deadly Poison","floor":11},{"not_picked":["Glass Knife","Bullet Time"],"picked":"Night Terror","floor":16},{"not_picked":["Prepared","Flying Knee"],"picked":"Cloak And Dagger","floor":18},{"not_picked":["Acrobatics","Deadly Poison"],"picked":"Storm of Steel","floor":19},{"not_picked":["Poisoned Stab","Deflect"],"picked":"Dodge and Roll","floor":21},{"not_picked":["Sucker Punch","Concentrate+1","Slice"],"picked":"SKIP","floor":22}],"player_experience":195257,"relics_obtained":[{"floor":7,"key":"Centennial Puzzle"},{"floor":9,"key":"InkBottle"}],"event_choices":[{"damage_healed":0,"gold_gain":0,"player_choice":"Success","damage_taken":26,"relics_obtained":["Kunai"],"max_hp_gain":0,"max_hp_loss":0,"event_name":"Scrap Ooze","floor":2,"gold_loss":0},{"damage_healed":0,"gold_gain":50,"player_choice":"Pray","damage_taken":0,"max_hp_gain":0,"max_hp_loss":0,"event_name":"Golden Shrine","floor":4,"gold_loss":0},{"damage_healed":0,"gold_gain":0,"player_choice":"Searched \u00271\u0027 times","damage_taken":0,"relics_obtained":["HornCleat"],"max_hp_gain":0,"max_hp_loss":0,"event_name":"Dead Adventurer","floor":8,"gold_loss":0},{"damage_healed":0,"gold_gain":0,"player_choice":"Trade","damage_taken":0,"relics_obtained":["SsserpentHead"],"max_hp_gain":0,"max_hp_loss":0,"event_name":"FaceTrader","floor":14,"gold_loss":0},{"cards_removed":["Night Terror"],"damage_healed":63,"gold_gain":0,"player_choice":"Offered Rare","damage_taken":0,"max_hp_gain":10,"max_hp_loss":0,"event_name":"Bonfire Elementals","floor":20,"gold_loss":0}],"is_beta":false,"boss_relics":[{"not_picked":["Black Star","HoveringKite"],"picked":"Philosopher\u0027s Stone"}],"items_purged_floors":[],"is_endless":false,"potions_floor_spawned":[1,3,5,19,21],"killed_by":"Gremlin Leader","ascension_level":20}}