{"host":"0ntunplbxyg40l63","time":1612343221,"event":{"mods":["BaseMod","Colored Powertips","Downfall","Minty Spire (QoL Compilation)","StSLib"],"gold_per_floor":[99,99,116,566,581,581,581,600,44,44,58,58,76,92,105,200,200,0,18,37,37,22,22,71,86,86,86,86],"floor_reached":26,"language":"ENG","playtime":1118,"items_purged":[],"score":325,"play_id":"10b6f7e4-005d-4014-9d39-304c94e67332","local_time":"20210203090701","is_ascension_mode":false,"campfire_choices":[{"data":"sneckomod:TailWhip","floor":1,"key":"SMITH"},{"floor":6,"key":"RECALL"},{"data":"sneckomod:WideSting","floor":10,"key":"SMITH"},{"data":"sneckomod:SerpentMind","floor":18,"key":"SMITH"},{"data":"sneckomod:DiceBoulder","floor":23,"key":"SMITH"}],"circlet_count":0,"master_deck":["sneckomod:Strike","sneckomod:Strike+1","sneckomod:Strike","sneckomod:Defend","sneckomod:Defend+1","sneckomod:Defend","sneckomod:TailWhip+1","sneckomod:SnekBite+1","sneckomod:Unknown","sneckomod:Unknown","Decay","downfall:Malfunctioning","sneckomod:DiceCrush","downfall:Icky","downfall:Icky","downfall:Icky","sneckomod:RainOfDice","sneckomod:DiceCrush","sneckomod:UnknownCommonSkill","sneckomod:UnendingSupply","sneckomod:WideSting+1","Guardian:FierceBash+1","sneckomod:UnknownCommonSkill+1","sneckomod:UnknownUncommonAttack+1","sneckomod:UnknownX+1","sneckomod:SerpentMind+1","sneckomod:DiceBoulder+1","sneckomod:UnknownUncommonPower+1","sneckomod:UnknownStrike+1","downfall:Haunted","sneckomod:DiceBlock"],"relics":["sneckomod:SneckoSoul","sneckomod:UnknownEgg","Sling","Cursed Key","downfall:HeartBlessingRed","downfall:HeartBlessingBlue","MutagenicStrength","sneckomod:LoadedDie"],"acts_visited":["Exordium","TheCity"],"potions_floor_usage":[13,16,16,16],"damage_taken":[{"damage":0,"enemies":"2 Louse","floor":3,"turns":3},{"damage":11,"enemies":"Jaw Worm","floor":5,"turns":3},{"damage":7,"enemies":"Small Slimes","floor":8,"turns":4},{"damage":9,"enemies":"downfall:FleeingMerchant","floor":9,"turns":4},{"damage":15,"enemies":"2 Fungi Beasts","floor":11,"turns":4},{"damage":11,"enemies":"Blue Slaver","floor":13,"turns":2},{"damage":13,"enemies":"Red Slaver","floor":14,"turns":3},{"damage":18,"enemies":"3 Louse","floor":15,"turns":3},{"damage":7,"enemies":"SI_SHIV_ARCHETYPE","floor":16,"turns":5},{"damage":24,"enemies":"Chosen","floor":19,"turns":5},{"damage":20,"enemies":"Shell Parasite","floor":20,"turns":5},{"damage":2,"enemies":"downfall:FleeingMerchant","floor":22,"turns":4},{"damage":44,"enemies":"Snake Plant","floor":25,"turns":4},{"damage":34,"enemies":"Gremlin Leader","floor":26,"turns":4}],"seed_played":"7424657742481822373","potions_obtained":[{"floor":3,"key":"CultistPotion"},{"floor":5,"key":"Fire Potion"},{"floor":13,"key":"sneckomod:DiceRollPotion"},{"floor":14,"key":"Fire Potion"}],"is_trial":false,"path_per_floor":["R","?","M","?","M","R","T","M","$","R","M","R","M","M","M","B",null,"R","M","M","?","$","R","T","M","E"],"character_chosen":"THE_SNECKO","items_purchased":["sneckomod:UnendingSupply","sneckomod:WideSting","sneckomod:UnknownEgg","Sling"],"campfire_rested":0,"item_purchase_floors":[9,9,9,9],"current_hp_per_floor":[108,108,108,108,97,97,97,90,81,81,66,66,55,42,24,17,108,118,94,74,74,72,72,72,28,0,0,0],"gold":86,"neow_bonus":"TWENTY_PERCENT_HP_BONUS","is_daily":false,"chose_seed":false,"campfire_upgraded":4,"win_rate":0.0,"timestamp":1612343221,"path_taken":["R","?","M","?","M","R","T","M","$","R","M","R","M","M","M","BOSS","R","M","M","?","$","R","T","M","E"],"items_purchased_type":["Card","Card","Relic","Relic"],"build_version":"2020-12-22","purchased_purges":0,"victory":false,"max_hp_per_floor":[108,108,108,108,108,108,108,108,108,108,108,108,108,108,108,108,108,118,118,118,118,118,118,118,118,118,118,118],"card_choices":[{"not_picked":["sneckomod:WideSting","sneckomod:Unknown1Cost"],"picked":"sneckomod:DiceCrush","floor":3},{"not_picked":["sneckomod:Unknown1Cost","sneckomod:UnknownDraw"],"picked":"sneckomod:RainOfDice","floor":5},{"not_picked":["sneckomod:UnknownUncommonAttack","sneckomod:SoulRoll"],"picked":"sneckomod:DiceCrush","floor":8},{"not_picked":["sneckomod:UnknownDraw","sneckomod:UnknownBlock"],"picked":"sneckomod:UnknownCommonSkill","floor":9},{"not_picked":["sneckomod:SnakeSap","sneckomod:UnknownDraw+1"],"picked":"sneckomod:Unknown3Cost+1","floor":11},{"not_picked":["sneckomod:UnknownX+1","sneckomod:Unknown0Cost+1"],"picked":"sneckomod:UnknownCommonSkill+1","floor":13},{"not_picked":["sneckomod:Nope","sneckomod:SoulDraw"],"picked":"sneckomod:UnknownUncommonAttack+1","floor":14},{"not_picked":["sneckomod:Nope","sneckomod:QuickBite"],"picked":"sneckomod:UnknownX+1","floor":15},{"not_picked":["sneckomod:Cheat","sneckomod:Restock"],"picked":"sneckomod:SerpentMind","floor":16},{"not_picked":["sneckomod:UnknownDraw+1","sneckomod:WideSting"],"picked":"sneckomod:DiceBoulder","floor":19},{"not_picked":["sneckomod:Unknown1Cost+1","sneckomod:UnknownBlock+1"],"picked":"sneckomod:UnknownUncommonPower+1","floor":20},{"not_picked":["sneckomod:QuickBite","sneckomod:UnknownCommonSkill+1"],"picked":"sneckomod:UnknownStrike+1","floor":22},{"not_picked":["sneckomod:UnknownExhaust+1","sneckomod:UnknownCommonAttack+1"],"picked":"sneckomod:DiceBlock","floor":25}],"player_experience":41590,"relics_obtained":[{"floor":24,"key":"sneckomod:LoadedDie"}],"event_choices":[{"damage_healed":0,"gold_gain":0,"player_choice":"Inject Mutagens","damage_taken":0,"relics_obtained":["MutagenicStrength"],"max_hp_gain":0,"max_hp_loss":0,"event_name":"Drug Dealer","floor":21,"gold_loss":0}],"is_beta":false,"boss_relics":[{"not_picked":["Busted Crown","Astrolabe"],"picked":"Cursed Key"}],"items_purged_floors":[],"is_endless":false,"potions_floor_spawned":[3,5,13,14,15],"killed_by":"Gremlin Leader","ascension_level":0}}