{"host":"r3islh0l1a1ykxfu","time":1612381357,"event":{"mods":["BaseMod","Bestiary","Colored Map","Colored Powertips","Highlight Path","Minty Spire (QoL Compilation)","Relic Stats","Slay-I"],"gold_per_floor":[18,28,28,45,45,80,90,90,113,113,155,169,179,196,196,306,306,333,378,378,394,394,405,405,432,459,474,512,535,535,564,564,666,666,690,255,280,339,339,364,384,426,426,449,67,77,102,117,117,117],"floor_reached":51,"language":"ENG","playtime":12292,"items_purged":[],"score":908,"play_id":"7498e792-8218-41f6-b0e3-6da86d02e23c","local_time":"20210203134237","is_ascension_mode":true,"campfire_choices":[{"floor":8.0,"key":"REST"},{"floor":10.0,"key":"REST"},{"data":"True Grit","floor":15.0,"key":"SMITH"},{"data":"Double Tap","floor":24.0,"key":"SMITH"},{"data":"Immolate","floor":30.0,"key":"SMITH"},{"data":"Bite","floor":32.0,"key":"SMITH"},{"data":"Rupture","floor":49,"key":"SMITH"}],"circlet_count":0,"master_deck":["Defend_R+1","Defend_R","Defend_R","Bash","Offering","True Grit+1","Battle Trance","Clash","Clash","Rage","Double Tap+1","Iron Wave","Bite+1","Bite","Bite","Bite","Bite","Hemokinesis+1","Rage+1","Immolate+1","Rupture+1","Immolate","Iron Wave","Infernal Blade+1","Clash","Hemokinesis+1","Blood for Blood+1"],"relics":["Burning Blood","Oddly Smooth Stone","MealTicket","CeramicFish","Philosopher\u0027s Stone","MutagenicStrength","Orichalcum","Bag of Marbles","Self Forming Clay","Runic Pyramid","Bottled Lightning","CaptainsWheel","Bag of Preparation","Bottled Tornado","Regal Pillow","Vajra","Bronze Scales","Lantern"],"acts_visited":["Exordium","TheCity","TheBeyond"],"potions_floor_usage":[],"damage_taken":[{"damage":8.0,"enemies":"Jaw Worm","floor":1.0,"turns":3.0},{"damage":8.0,"enemies":"2 Louse","floor":2.0,"turns":3.0},{"damage":0.0,"enemies":"Small Slimes","floor":4.0,"turns":3.0},{"damage":35.0,"enemies":"Lagavulin","floor":6.0,"turns":6.0},{"damage":7.0,"enemies":"Red Slaver","floor":7.0,"turns":4.0},{"damage":20.0,"enemies":"Gremlin Nob","floor":11.0,"turns":3.0},{"damage":9.0,"enemies":"Gremlin Gang","floor":12.0,"turns":5.0},{"damage":6.0,"enemies":"Lots of Slimes","floor":13.0,"turns":5.0},{"damage":6.0,"enemies":"Looter","floor":14.0,"turns":3.0},{"damage":40.0,"enemies":"The Guardian","floor":16.0,"turns":10.0},{"damage":12.0,"enemies":"Shell Parasite","floor":18.0,"turns":3.0},{"damage":6.0,"enemies":"Spheric Guardian","floor":21.0,"turns":3.0},{"damage":23.0,"enemies":"Shelled Parasite and Fungi","floor":23.0,"turns":4.0},{"damage":6.0,"enemies":"Chosen and Byrds","floor":25.0,"turns":4.0},{"damage":12.0,"enemies":"Centurion and Healer","floor":27.0,"turns":3.0},{"damage":12.0,"enemies":"Book of Stabbing","floor":28.0,"turns":3.0},{"damage":10.0,"enemies":"Cultist and Chosen","floor":29.0,"turns":4.0},{"damage":10.0,"enemies":"Slavers","floor":31.0,"turns":4.0},{"damage":61.0,"enemies":"Collector","floor":33.0,"turns":9.0},{"damage":6.0,"enemies":"3 Shapes","floor":35.0,"turns":3.0},{"damage":8.0,"enemies":"3 Darklings","floor":37.0,"turns":1.0},{"damage":12.0,"enemies":"Mind Bloom Boss Battle","floor":38.0,"turns":6.0},{"damage":45.0,"enemies":"Nemesis","floor":40.0,"turns":4.0},{"damage":8.0,"enemies":"Transient","floor":41.0,"turns":5.0},{"damage":8.0,"enemies":"Reptomancer","floor":42.0,"turns":1.0},{"damage":8.0,"enemies":"Jaw Worm Horde","floor":44.0,"turns":1.0},{"damage":10,"enemies":"Spire Growth","floor":46,"turns":2},{"damage":9,"enemies":"Nemesis","floor":47,"turns":3},{"damage":6,"enemies":"3 Darklings","floor":48,"turns":1},{"damage":53,"enemies":"Awakened One","floor":50,"turns":7}],"seed_played":"-7165231093830022305","potions_obtained":[{"floor":1.0,"key":"Fire Potion"},{"floor":6.0,"key":"BlessingOfTheForge"},{"floor":11.0,"key":"EssenceOfSteel"},{"floor":13.0,"key":"Strength Potion"},{"floor":16.0,"key":"ElixirPotion"},{"floor":23.0,"key":"Regen Potion"},{"floor":29.0,"key":"FearPotion"},{"floor":33.0,"key":"Fruit Juice"},{"floor":37.0,"key":"Block Potion"},{"floor":40.0,"key":"DistilledChaos"},{"floor":41.0,"key":"LiquidBronze"},{"floor":46,"key":"ElixirPotion"}],"is_trial":false,"path_per_floor":["M","M","?","M","?","E","M","R","T","R","E","M","M","M","R","B",null,"M","?","?","M","?","M","R","M","T","M","E","M","R","E","R","B",null,"M","$","M","?","?","E","M","E","T","M","$","M","E","M","R","B",null],"character_chosen":"IRONCLAD","items_purchased":["Immolate","Bottled Lightning","True Grit","Vajra","Bronze Scales","DuplicationPotion"],"campfire_rested":2,"item_purchase_floors":[36,36,36,45,45,45],"current_hp_per_floor":[78,76,76,80,64,35,34,58,58,80,66,63,63,63,63,29,80,74,56,56,56,56,53,53,56,56,56,56,56,56,56,56,28,56,61,61,61,61,61,38,49,49,49,51,61,57,58,61,61,30],"gold":117,"neow_bonus":"THREE_RARE_CARDS","is_daily":false,"chose_seed":false,"campfire_upgraded":5,"win_rate":0.0,"timestamp":1612381357,"path_taken":["M","M","?","M","?","E","M","R","T","R","E","M","M","M","R","BOSS","M","?","?","M","?","?","R","M","T","?","E","?","R","E","R","BOSS","M","$","M","?","?","E","M","E","T","M","$","M","E","M","R","BOSS"],"items_purchased_type":["Card","Relic","Card","Relic","Relic","Potion"],"build_version":"2020-12-22","purchased_purges":0,"victory":true,"max_hp_per_floor":[80,80,80,80,80,80,80,80,80,80,80,80,80,80,80,80,80,80,56,56,56,56,56,56,56,56,56,56,56,56,56,56,56,56,61,61,61,61,61,61,61,61,61,61,61,61,61,61,61,61],"relic_stats":{"Regal Pillow":0,"counters":[30,116],"Self Forming Clay":[105],"CeramicFish":171,"Bronze Scales":[40],"MealTicket":10,"Bag of Preparation":[14],"Orichalcum":[18],"obtain_stats":[{"Regal Pillow":43,"Lantern":47,"Self Forming Clay":31,"CeramicFish":11,"Oddly Smooth Stone":6,"Vajra":45,"Bag of Preparation":40,"Orichalcum":26,"Bottled Tornado":42,"Burning Blood":0,"CaptainsWheel":38,"MutagenicStrength":20,"Bronze Scales":45,"MealTicket":9,"Philosopher\u0027s Stone":17,"Bag of Marbles":28,"Bottled Lightning":36,"Runic Pyramid":34},{"Regal Pillow":25,"Lantern":28,"Self Forming Clay":18,"CeramicFish":6,"Oddly Smooth Stone":4,"Vajra":26,"Bag of Preparation":23,"Orichalcum":14,"Bottled Tornado":25,"Burning Blood":0,"CaptainsWheel":22,"MutagenicStrength":11,"Bronze Scales":26,"MealTicket":5,"Philosopher\u0027s Stone":10,"Bag of Marbles":16,"Bottled Lightning":20,"Runic Pyramid":19},{"Regal Pillow":102,"Lantern":108,"Self Forming Clay":73,"CeramicFish":22,"Oddly Smooth Stone":15,"Vajra":103,"Bag of Preparation":96,"Orichalcum":59,"Bottled Tornado":102,"Burning Blood":0,"CaptainsWheel":92,"MutagenicStrength":48,"Bronze Scales":103,"MealTicket":19,"Philosopher\u0027s Stone":45,"Bag of Marbles":65,"Bottled Lightning":85,"Runic Pyramid":82}],"Burning Blood":133},"card_choices":[{"not_picked":["Fiend Fire","Juggernaut"],"picked":"Offering","floor":0.0},{"not_picked":["Shockwave","Dual Wield"],"picked":"True Grit","floor":1.0},{"not_picked":["Sever Soul","Armaments"],"picked":"Battle Trance","floor":2.0},{"not_picked":["Anger","Headbutt"],"picked":"Clash","floor":4.0},{"not_picked":["Perfected Strike","Limit Break","Twin Strike"],"picked":"SKIP","floor":6.0},{"not_picked":["Perfected Strike","Shockwave"],"picked":"Clash","floor":7.0},{"not_picked":["Havoc","Headbutt"],"picked":"Rage","floor":11.0},{"not_picked":["Entrench","Flame Barrier","Dropkick"],"picked":"SKIP","floor":12.0},{"not_picked":["Power Through","Heavy Blade","Pommel Strike"],"picked":"SKIP","floor":13.0},{"not_picked":["Perfected Strike","Thunderclap","Spot Weakness"],"picked":"SKIP","floor":14.0},{"not_picked":["Corruption","Brutality"],"picked":"Double Tap","floor":16.0},{"not_picked":["Headbutt","Armaments"],"picked":"Iron Wave","floor":18.0},{"not_picked":["Body Slam+1","Sword Boomerang","Headbutt+1"],"picked":"SKIP","floor":21.0},{"not_picked":["Havoc","Twin Strike","Anger"],"picked":"SKIP","floor":23.0},{"not_picked":["Armaments","Flex"],"picked":"Hemokinesis+1","floor":25.0},{"not_picked":["Whirlwind","Second Wind","Rampage"],"picked":"SKIP","floor":27.0},{"not_picked":["Sword Boomerang+1","Pommel Strike"],"picked":"Rage+1","floor":28.0},{"not_picked":["Body Slam","Armaments"],"picked":"Immolate","floor":29.0},{"not_picked":["Body Slam","Cleave+1","Power Through+1"],"picked":"SKIP","floor":31.0},{"not_picked":["Sword Boomerang+1","Clothesline+1"],"picked":"Rupture","floor":35.0},{"not_picked":["Havoc+1","Pommel Strike+1"],"picked":"Iron Wave","floor":37.0},{"not_picked":["Clothesline+1","Rage+1"],"picked":"Infernal Blade+1","floor":38.0},{"not_picked":["Headbutt","Fire Breathing+1","Sword Boomerang+1"],"picked":"SKIP","floor":40.0},{"not_picked":["True Grit","Clothesline"],"picked":"Clash","floor":41.0},{"not_picked":["Evolve+1","Rampage"],"picked":"Hemokinesis+1","floor":42.0},{"not_picked":["Berserk","Heavy Blade"],"picked":"Blood for Blood+1","floor":44.0},{"not_picked":["Blood for Blood+1","Clothesline+1","Shrug It Off+1"],"picked":"SKIP","floor":46},{"not_picked":["Havoc+1","Perfected Strike","Disarm+1"],"picked":"SKIP","floor":47},{"not_picked":["Pommel Strike","Anger","Metallicize+1"],"picked":"SKIP","floor":48}],"player_experience":1199807,"relics_obtained":[{"floor":6.0,"key":"Oddly Smooth Stone"},{"floor":9.0,"key":"MealTicket"},{"floor":11.0,"key":"CeramicFish"},{"floor":26.0,"key":"Orichalcum"},{"floor":28.0,"key":"Bag of Marbles"},{"floor":31.0,"key":"Self Forming Clay"},{"floor":38.0,"key":"CaptainsWheel"},{"floor":40.0,"key":"Bag of Preparation"},{"floor":42.0,"key":"Bottled Tornado"},{"floor":43.0,"key":"Regal Pillow"},{"floor":47,"key":"Lantern"}],"event_choices":[{"cards_removed":["Defend_R"],"damage_healed":0.0,"max_hp_gain":0.0,"max_hp_loss":0.0,"gold_gain":0.0,"event_name":"Living Wall","player_choice":"Forget","floor":3.0,"gold_loss":0.0,"damage_taken":0.0},{"damage_healed":0.0,"max_hp_gain":0.0,"max_hp_loss":0.0,"gold_gain":0.0,"event_name":"Shining Light","player_choice":"Entered Light","floor":5.0,"gold_loss":0.0,"damage_taken":16.0,"cards_upgraded":["Defend_R","Strike_R"]},{"damage_healed":0.0,"max_hp_gain":0.0,"max_hp_loss":24.0,"gold_gain":0.0,"event_name":"Vampires","player_choice":"Became a vampire","floor":19.0,"gold_loss":0.0,"damage_taken":0.0,"cards_obtained":["Bite","Bite","Bite","Bite","Bite"]},{"damage_healed":0.0,"max_hp_gain":0.0,"max_hp_loss":0.0,"gold_gain":0.0,"event_name":"Drug Dealer","player_choice":"Inject Mutagens","floor":20.0,"gold_loss":0.0,"damage_taken":0.0,"relics_obtained":["MutagenicStrength"]},{"damage_healed":0.0,"max_hp_gain":0.0,"max_hp_loss":0.0,"gold_gain":0.0,"event_name":"Wheel of Change","player_choice":"Full Heal","floor":22.0,"gold_loss":0.0,"damage_taken":0.0},{"damage_healed":0.0,"max_hp_gain":0.0,"max_hp_loss":0.0,"gold_gain":0.0,"event_name":"MindBloom","player_choice":"Fight","floor":38.0,"gold_loss":0.0,"damage_taken":0.0},{"cards_removed":["True Grit"],"damage_healed":0.0,"max_hp_gain":0.0,"max_hp_loss":0.0,"gold_gain":0.0,"event_name":"Falling","player_choice":"Removed Skill","floor":39.0,"gold_loss":0.0,"damage_taken":0.0}],"is_beta":false,"boss_relics":[{"not_picked":["SacredBark","Busted Crown"],"picked":"Philosopher\u0027s Stone"},{"not_picked":["Snecko Eye","Velvet Choker"],"picked":"Runic Pyramid"}],"items_purged_floors":[],"is_endless":false,"potions_floor_spawned":[1,6,11,13,16,21,23,27,29,33,37,40,41,42,46],"ascension_level":3}}