{"host":"aas8f8jvicx6tcxp","time":1612360319,"event":{"mods":["BaseMod","Better Third Choice","BetterRewards","Clockwork Mod","Downfall","Minty Spire (QoL Compilation)","Shop Mod","StSLib","The Cursed"],"gold_per_floor":[0,12,26,26,43,75,75,75,108,128,192,6,6,33,52,52,52,52],"floor_reached":16,"language":"ENG","playtime":2616,"items_purged":[],"score":126,"play_id":"d50c971b-2e49-445c-99c3-277ee62c2d09","local_time":"20210203075159","is_ascension_mode":true,"campfire_choices":[{"floor":1,"key":"RECALL"},{"data":"Guardian:ChargeUp","floor":8,"key":"SMITH"}],"circlet_count":0,"master_deck":["Guardian:Strike_Guardian","Guardian:Strike_Guardian","Guardian:Strike_Guardian","Guardian:Defend_Guardian","Guardian:Defend_Guardian","Guardian:Defend_Guardian","Guardian:Defend_Guardian","Guardian:CurlUp","Guardian:TwinSlam","Guardian:ShieldSpikes","Guardian:ChargeUp+1","Guardian:Reroute","Guardian:GatlingBeam","Guardian:PrismaticBeam","Guardian:Orbwalk","Guardian:DecasProtection","Guardian:ShieldCharger","Guardian:Gem_Lightblue","Guardian:Preprogram","expansioncontent:StudyTheSpire","Guardian:RevengeProtocol","Guardian:BodySlam"],"relics":["Guardian:ModeShifter","Prayer Wheel","Kunai","Ancient Tea Set","InkBottle","PreservedInsect","Centennial Puzzle"],"acts_visited":["Exordium"],"potions_floor_usage":[6,6,16],"damage_taken":[{"damage":6,"enemies":"Jaw Worm","floor":2,"turns":4},{"damage":7,"enemies":"Small Slimes","floor":3,"turns":5},{"damage":0,"enemies":"Cultist","floor":5,"turns":4},{"damage":9,"enemies":"3 Sentries","floor":6,"turns":8},{"damage":13,"enemies":"Lagavulin","floor":9,"turns":12},{"damage":11,"enemies":"Large Slime","floor":10,"turns":5},{"damage":20,"enemies":"3 Sentries","floor":11,"turns":7},{"damage":0,"enemies":"downfall:FleeingMerchant","floor":12,"turns":4},{"damage":5,"enemies":"Gremlin Nob","floor":14,"turns":5},{"damage":7,"enemies":"Blue Slaver","floor":15,"turns":4},{"damage":4,"enemies":"Hexaghost","floor":16,"turns":4}],"seed_played":"8150537866249603400","potions_obtained":[{"floor":2,"key":"champ:CounterPotion"},{"floor":5,"key":"Swift Potion"},{"floor":15,"key":"sneckomod:MuddlingPotion"}],"is_trial":false,"path_per_floor":["R","M","M","?","M","E","T","R","E","M","?","$","?","E","M","B"],"character_chosen":"GUARDIAN","items_purchased":["expansioncontent:StudyTheSpire"],"campfire_rested":0,"item_purchase_floors":[12],"current_hp_per_floor":[80,74,67,67,67,58,58,58,45,34,14,14,14,9,2,0,0,0],"gold":52,"neow_bonus":"ONE_RARE_RELIC","is_daily":false,"chose_seed":false,"campfire_upgraded":1,"win_rate":0.0,"timestamp":1612360319,"path_taken":["R","M","M","?","M","E","T","R","E","M","?","$","?","E","M","BOSS"],"items_purchased_type":["Card"],"build_version":"2020-12-22","purchased_purges":0,"victory":false,"max_hp_per_floor":[80,80,80,80,80,80,80,80,80,80,80,80,80,80,80,80,80,80],"card_choices":[{"not_picked":["Guardian:Gem_Green","Guardian:ShieldCharger"],"picked":"Guardian:ShieldSpikes","floor":2},{"not_picked":["Guardian:TemporalShield","Guardian:ChargeCore","Guardian:ShieldSpikes"],"picked":"SKIP","floor":2},{"not_picked":["Guardian:ShieldCharger","Guardian:BronzeOrb"],"picked":"Guardian:Gem_White","floor":3},{"not_picked":["Guardian:VentSteam","Guardian:PiercingHide"],"picked":"Guardian:ChargeUp","floor":3},{"not_picked":["Guardian:PrimingBeam","Guardian:Incinerate"],"picked":"Guardian:Gem_Lightblue","floor":5},{"not_picked":["Guardian:CrystalBeam","Guardian:TemporalShield"],"picked":"Guardian:GatlingBeam","floor":5},{"not_picked":["Guardian:Incinerate","Guardian:Gem_Green"],"picked":"Guardian:PrismaticBeam","floor":6},{"not_picked":["Guardian:SpikerProtocol","Guardian:TemporalStrike"],"picked":"Guardian:Orbwalk","floor":9},{"not_picked":["Guardian:Gem_Green","Guardian:Gem_Purple"],"picked":"Guardian:DecasProtection","floor":10},{"not_picked":["Guardian:Reroute","Guardian:Suspension"],"picked":"Guardian:ShieldCharger","floor":10},{"not_picked":["Guardian:TemporalStrike","Guardian:TemporalShield"],"picked":"Guardian:Gem_Lightblue","floor":11},{"not_picked":["Guardian:GuardianWhirl","Guardian:BronzeOrb"],"picked":"Guardian:Preprogram","floor":12},{"not_picked":["Guardian:SentryBeam","Guardian:PiercingHide"],"picked":"Guardian:RevengeProtocol","floor":14},{"not_picked":["Guardian:PiercingHide","Guardian:WalkerClaw"],"picked":"Guardian:BodySlam","floor":15},{"not_picked":["Guardian:CrystalBeam","Guardian:Gem_Lightblue","Guardian:PrismaticBarrier"],"picked":"SKIP","floor":15}],"player_experience":356365,"relics_obtained":[{"floor":6,"key":"Kunai"},{"floor":7,"key":"Ancient Tea Set"},{"floor":9,"key":"InkBottle"},{"floor":11,"key":"PreservedInsect"},{"floor":14,"key":"Centennial Puzzle"}],"event_choices":[{"damage_healed":0,"gold_gain":0,"cards_transformed":["Guardian:Strike_Guardian"],"player_choice":"Change","damage_taken":0,"max_hp_gain":0,"max_hp_loss":0,"event_name":"Living Wall","floor":4,"gold_loss":0,"cards_obtained":["Guardian:Reroute"]},{"damage_healed":0,"gold_gain":0,"player_choice":"Searched \u00271\u0027 times","damage_taken":0,"max_hp_gain":0,"max_hp_loss":0,"event_name":"Dead Adventurer","floor":11,"gold_loss":0}],"is_beta":false,"boss_relics":[],"items_purged_floors":[],"is_endless":false,"potions_floor_spawned":[2,5,15],"killed_by":"Hexaghost","ascension_level":1}}