{"host":"nxma0dbhh74lxenq","time":1612351602,"event":{"mods":["Astrologer","BaseMod","Beaked The Cultist","CapriCore","Colored Map","DeckTracker","Gremlin Mod","HololiveMod","KinomotoSakuraMod(ñÿîVñ{?)","Koishi","Mad Scientist","Minty Spire (QoL Compilation)","Prisma Mod","StSLib","SuperFastMode","The Bladedancer","The Cursed","The Immortal","The Mystic","YoumuÅiç∞ÈÆódöÎÅj"],"gold_per_floor":[115,115,115,80,3,37,37,69,124,124,124,47,47,60,60,133,133,147,161,161,171,183,183,194,194,219,42,42,0,12,29,29,103,103,121,121,121,121],"floor_reached":37,"language":"JPN","playtime":1259,"items_purged":[],"score":744,"play_id":"3edc45f6-2aa2-4546-b3e5-8fa977855cc0","local_time":"20210203202642","is_ascension_mode":true,"campfire_choices":[{"data":"Koishi:PredatoryInstincts","floor":7,"key":"SMITH"},{"data":"Koishi:SubterraneanRose","floor":11,"key":"SMITH"},{"data":"Koishi:HauntingSlash","floor":13,"key":"SMITH"},{"data":"Koishi:ParalyzingFear","floor":15,"key":"SMITH"},{"data":"Koishi:Catatonia","floor":23,"key":"SMITH"},{"data":"Koishi:GeneticsOfTheUnconscious","floor":25,"key":"SMITH"},{"floor":32,"key":"REST"}],"circlet_count":0,"master_deck":["AscendersBane","Koishi:BasicStrike+1","Koishi:BasicStrike","Koishi:BasicDefend+1","Koishi:BasicDefend","Koishi:BasicDefend","Koishi:Provoke+1","Koishi:HauntingSlash+1","Koishi:LastRemote","Koishi:PredatoryInstincts+1","Koishi:SubterraneanRose+1","Koishi:MindNumbingTerror","Koishi:RacingHeart","Koishi:ParalyzingFear+1","Koishi:BloodcurdlingScream","Koishi:RuptureMind","Koishi:EmbryosDream","Koishi:Catatonia+1","Koishi:GeneticsOfTheUnconscious+1","Koishi:FleetingPhantom","J.A.X.","Koishi:EmbersOfLove","Koishi:TerrifyingSpectre","Koishi:JumpScare+1"],"relics":["Koishi:ImaginaryFriend","NeowsBlessing","Juzu Bracelet","Du-Vu Doll","Anchor","Koishi:ColorfulDays","Bag of Marbles","Potion Belt","Empty Cage"],"acts_visited":["Exordium","TheCity","TheBeyond"],"potions_floor_usage":[24,33,37],"damage_taken":[{"damage":0,"enemies":"Small Slimes","floor":1,"turns":1},{"damage":0,"enemies":"Gremlin Nob","floor":6,"turns":1},{"damage":0,"enemies":"Lagavulin","floor":8,"turns":2},{"damage":0,"enemies":"2 Louse","floor":14,"turns":2},{"damage":13,"enemies":"The Guardian","floor":16,"turns":12},{"damage":0,"enemies":"Chosen","floor":18,"turns":4},{"damage":15,"enemies":"2 Thieves","floor":19,"turns":5},{"damage":12,"enemies":"3 Cultists","floor":21,"turns":4},{"damage":25,"enemies":"Cultist and Chosen","floor":22,"turns":6},{"damage":25,"enemies":"Sentry and Sphere","floor":24,"turns":7},{"damage":5,"enemies":"Snake Plant","floor":30,"turns":3},{"damage":12,"enemies":"Centurion and Healer","floor":31,"turns":5},{"damage":35,"enemies":"Automaton","floor":33,"turns":10},{"damage":7,"enemies":"Orb Walker","floor":35,"turns":3},{"damage":61,"enemies":"Time Eater","floor":37,"turns":4}],"seed_played":"-4023765233473788542","potions_obtained":[{"floor":14,"key":"Energy Potion"},{"floor":16,"key":"DistilledChaos"},{"floor":30,"key":"FearPotion"},{"floor":31,"key":"EssenceOfSteel"}],"is_trial":false,"path_per_floor":["M","?","?","?","$","E","R","E","T","?","R","$","R","M","R","B",null,"M","M","?","M","M","R","M","R","T","$","?","?","M","M","R","B",null,"M","?","B"],"character_chosen":"KOISHI","items_purchased":["Koishi:PredatoryInstincts","Koishi:RacingHeart","Koishi:ParalyzingFear","Potion Belt","Koishi:FleetingPhantom"],"campfire_rested":1,"item_purchase_floors":[5,12,12,27,27],"current_hp_per_floor":[51,44,27,41,41,41,41,48,48,48,48,48,48,48,48,55,57,57,50,50,57,42,42,17,17,17,17,17,17,20,26,43,32,51,54,54,0,0],"gold":121,"neow_bonus":"THREE_ENEMY_KILL","is_daily":false,"chose_seed":false,"campfire_upgraded":6,"win_rate":0.0,"timestamp":1612351602,"path_taken":["M","?","?","?","$","E","R","E","T","?","R","$","R","M","R","BOSS","M","M","?","M","M","R","M","R","T","$","?","?","M","M","R","BOSS","M","?","BOSS"],"items_purchased_type":["Card","Card","Card","Relic","Card"],"build_version":"2020-12-22","purchased_purges":0,"victory":false,"max_hp_per_floor":[57,57,57,57,57,57,57,57,57,57,57,57,57,57,57,57,57,57,57,57,57,57,57,57,57,57,57,57,57,57,57,57,57,57,57,57,57,57],"card_choices":[{"not_picked":["Koishi:BloodcurdlingScream","Koishi:YoukaiPolygraph"],"picked":"Koishi:LastRemote","floor":1},{"not_picked":["Koishi:CatchAndRose","Koishi:YoukaiPolygraph"],"picked":"Koishi:SubterraneanRose","floor":6},{"not_picked":["Koishi:LastRemote","Koishi:FreudianInstinct"],"picked":"Koishi:MindNumbingTerror","floor":8},{"not_picked":["Koishi:FreudianInstinct","Koishi:PhilosophyOfTheDespised"],"picked":"Koishi:BloodcurdlingScream","floor":14},{"not_picked":["Koishi:FadingMemory","Koishi:ConditionedTeleport"],"picked":"Koishi:RuptureMind","floor":16},{"not_picked":["Koishi:UnconsciousUprising","Koishi:EmbersOfLove+1","Koishi:SprinkleStarAndHeart"],"picked":"SKIP","floor":18},{"not_picked":["Koishi:SubconsciousSweep","Koishi:IdleWhim"],"picked":"Koishi:EmbryosDream","floor":19},{"not_picked":["Koishi:BloodcurdlingScream","Koishi:Bloodlust","Koishi:StingingMind"],"picked":"SKIP","floor":21},{"not_picked":["Koishi:SubconsciousSweep","Koishi:RorschachInDanmaku","Koishi:StrangeCloudFist"],"picked":"SKIP","floor":22},{"not_picked":["Koishi:PhantomStrike","Koishi:EmbryosDream"],"picked":"Koishi:GeneticsOfTheUnconscious","floor":24},{"not_picked":["Koishi:Ego","Koishi:Bloodlust","Koishi:FreudianInstinct"],"picked":"SKIP","floor":30},{"not_picked":["Koishi:Vanish","Koishi:UnansweredLove"],"picked":"Koishi:EmbersOfLove","floor":31},{"not_picked":["Koishi:SuperEgo","Koishi:ImGoingToCallYouNow"],"picked":"Koishi:TerrifyingSpectre","floor":33},{"not_picked":["Koishi:Jaunt","Koishi:HeartfeltFancy"],"picked":"Koishi:JumpScare+1","floor":35}],"player_experience":573449,"relics_obtained":[{"floor":6,"key":"Juzu Bracelet"},{"floor":8,"key":"Du-Vu Doll"},{"floor":9,"key":"Anchor"},{"floor":26,"key":"Bag of Marbles"}],"event_choices":[{"cards_removed":["Koishi:BasicStrike"],"damage_healed":0,"gold_gain":0,"player_choice":"Card Removal","damage_taken":7,"max_hp_gain":0,"max_hp_loss":0,"event_name":"Golden Wing","floor":2,"gold_loss":0},{"damage_healed":0,"gold_gain":0,"player_choice":"Entered Light","damage_taken":17,"max_hp_gain":0,"max_hp_loss":0,"event_name":"Shining Light","floor":3,"gold_loss":0,"cards_upgraded":["Koishi:BasicDefend","Koishi:BasicStrike"]},{"damage_healed":14,"gold_gain":0,"player_choice":"Healed","damage_taken":0,"max_hp_gain":0,"max_hp_loss":0,"event_name":"The Cleric","floor":4,"gold_loss":35},{"damage_healed":0,"gold_gain":0,"player_choice":"Forge","damage_taken":0,"max_hp_gain":0,"max_hp_loss":0,"event_name":"Accursed Blacksmith","floor":10,"gold_loss":0,"cards_upgraded":["Koishi:Provoke"]},{"damage_healed":0,"gold_gain":0,"player_choice":"Read","damage_taken":0,"max_hp_gain":0,"max_hp_loss":0,"event_name":"The Library","floor":20,"gold_loss":0,"cards_obtained":["Koishi:Catatonia"]},{"damage_healed":0,"gold_gain":0,"player_choice":"Obtain J.A.X.","damage_taken":0,"max_hp_gain":0,"max_hp_loss":0,"event_name":"Drug Dealer","floor":28,"gold_loss":0,"cards_obtained":["J.A.X."]},{"damage_healed":0,"gold_gain":0,"player_choice":"Paid Fearfully","damage_taken":0,"max_hp_gain":0,"max_hp_loss":0,"event_name":"Masked Bandits","floor":29,"gold_loss":42},{"damage_healed":0,"gold_gain":0,"player_choice":"Took Portal","damage_taken":0,"max_hp_gain":0,"max_hp_loss":0,"event_name":"SecretPortal","floor":36,"gold_loss":0}],"is_beta":false,"boss_relics":[{"not_picked":["Black Star","Cursed Key"],"picked":"Koishi:ColorfulDays"},{"not_picked":["Velvet Choker","SlaversCollar"],"picked":"Empty Cage"}],"items_purged_floors":[],"is_endless":false,"potions_floor_spawned":[14,16,19,21,30,31],"killed_by":"Time Eater","ascension_level":15}}