{"host":"vhvubw4jk4f204qs","time":1612324865,"event":{"mods":["AchievementEnabler","BaseMod","DeckTracker","GifTheSpireLib","Minty Spire (QoL Compilation)","Permanent Neow","Quick Restart","StSLib","SuperFastMode","The IronCluck","slay the spire mod where everything is the same but ironclad has a cowboy hat"],"gold_per_floor":[110,90,109,119,134,134,134,134],"floor_reached":7,"language":"ENG","playtime":310,"items_purged":[],"score":86,"play_id":"71c9e763-14c1-4d25-95bb-4a15b061c860","local_time":"20210202230105","is_ascension_mode":true,"campfire_choices":[{"data":"Zap","floor":6,"key":"SMITH"}],"circlet_count":0,"master_deck":["AscendersBane","Strike_B","Strike_B","Strike_B","Strike_B","Defend_B","Defend_B","Defend_B","Defend_B","Zap+1","Dualcast","Glacier","Barrage","Chill","Self Repair","Gash","Doom and Gloom","Doom and Gloom","Leap"],"relics":["Cracked Core","Prayer Wheel"],"acts_visited":["Exordium"],"potions_floor_usage":[3,7],"damage_taken":[{"damage":1,"enemies":"Cultist","floor":1,"turns":3},{"damage":0,"enemies":"2 Louse","floor":3,"turns":2},{"damage":5,"enemies":"Jaw Worm","floor":4,"turns":6},{"damage":8,"enemies":"Looter","floor":5,"turns":4},{"damage":51,"enemies":"Gremlin Nob","floor":7,"turns":4}],"seed_played":"3287661742527271546","potions_obtained":[{"floor":1,"key":"CultistPotion"},{"floor":2,"key":"Fruit Juice"}],"is_trial":false,"path_per_floor":["M","?","M","M","M","R","E"],"character_chosen":"DEFECT","items_purchased":[],"campfire_rested":0,"item_purchase_floors":[],"current_hp_per_floor":[45,45,50,52,51,51,0,0],"gold":134,"neow_bonus":"ONE_RARE_RELIC","is_daily":false,"chose_seed":false,"campfire_upgraded":1,"win_rate":0.0,"timestamp":1612324865,"path_taken":["M","?","M","M","M","R","E"],"items_purchased_type":[],"build_version":"2020-12-22","purchased_purges":0,"victory":false,"max_hp_per_floor":[71,71,76,76,76,76,76,76],"card_choices":[{"not_picked":["Coolheaded","Reprogram"],"picked":"Glacier","floor":1},{"not_picked":["Streamline","Turbo"],"picked":"Barrage","floor":1},{"not_picked":["White Noise","Steam"],"picked":"Chill","floor":3},{"not_picked":["Barrage","Loop"],"picked":"Self Repair","floor":3},{"not_picked":["Turbo","Beam Cell"],"picked":"Gash","floor":4},{"not_picked":["Hologram","Beam Cell"],"picked":"Doom and Gloom","floor":4},{"not_picked":["Melter","Streamline"],"picked":"Doom and Gloom","floor":5},{"not_picked":["Turbo","Aggregate"],"picked":"Leap","floor":5}],"player_experience":763743,"relics_obtained":[],"event_choices":[{"damage_healed":0,"gold_gain":0,"player_choice":"Bought 1 Potion","damage_taken":0,"max_hp_gain":0,"max_hp_loss":0,"event_name":"The Woman in Blue","floor":2,"gold_loss":0}],"is_beta":false,"boss_relics":[],"items_purged_floors":[],"is_endless":false,"potions_floor_spawned":[1],"killed_by":"Gremlin Nob","ascension_level":20}}