{"host":"9n6i2vl93jt4o42q","time":1612313323,"event":{"mods":["BaseMod","Minty Spire (QoL Compilation)","Relic Stats"],"gold_per_floor":[109,127,202,216,230,259,259,15,38,38,38,38,68,83,83,159,159,173,185,235,253,264,264,30,30,55,82,102,102,134,134,134,134,134],"floor_reached":33,"language":"ENG","playtime":2096,"items_purged":[],"score":590,"play_id":"ef001be1-ffe9-401e-9437-d3bd5e2e3ce8","local_time":"20210203014843","is_ascension_mode":true,"campfire_choices":[{"data":"True Grit","floor":7.0,"key":"SMITH"},{"floor":11.0,"key":"REST"},{"floor":15.0,"key":"REST"},{"floor":23,"key":"REST"},{"data":"Body Slam","floor":25,"key":"SMITH"},{"floor":29,"key":"REST"},{"floor":32,"key":"REST"}],"circlet_count":0,"master_deck":["AscendersBane","Strike_R","Strike_R","Strike_R","Strike_R","Defend_R+1","Defend_R","Defend_R","Defend_R","Bash+1","Clothesline+1","Cleave+1","True Grit+1","Anger","Flame Barrier","Feel No Pain+1","Pommel Strike","Offering","Headbutt","Rage","Body Slam+1","Juggernaut","Shrug It Off","Iron Wave","Shockwave+1","Fiend Fire"],"relics":["Burning Blood","Blood Vial","Lantern","Juzu Bracelet","Art of War","Sozu","Smiling Mask","Whetstone","Omamori"],"acts_visited":["Exordium","TheCity"],"potions_floor_usage":[],"damage_taken":[{"damage":2.0,"enemies":"2 Louse","floor":1.0,"turns":3.0},{"damage":8.0,"enemies":"Small Slimes","floor":2.0,"turns":4.0},{"damage":9.0,"enemies":"Jaw Worm","floor":4.0,"turns":3.0},{"damage":4.0,"enemies":"Red Slaver","floor":5.0,"turns":3.0},{"damage":30.0,"enemies":"Gremlin Nob","floor":6.0,"turns":4.0},{"damage":24.0,"enemies":"3 Sentries","floor":13.0,"turns":8.0},{"damage":9.0,"enemies":"Exordium Thugs","floor":14.0,"turns":4.0},{"damage":15,"enemies":"The Guardian","floor":16,"turns":16},{"damage":12,"enemies":"3 Byrds","floor":18,"turns":4},{"damage":18,"enemies":"Shell Parasite","floor":19,"turns":5},{"damage":27,"enemies":"Shelled Parasite and Fungi","floor":21,"turns":7},{"damage":13,"enemies":"Snake Plant","floor":22,"turns":4},{"damage":32,"enemies":"Gremlin Leader","floor":27,"turns":7},{"damage":4,"enemies":"Centurion and Healer","floor":28,"turns":6},{"damage":39,"enemies":"Slavers","floor":30,"turns":7},{"damage":62,"enemies":"Champ","floor":33,"turns":9}],"seed_played":"4065854060797633707","potions_obtained":[{"floor":2.0,"key":"LiquidMemories"},{"floor":4.0,"key":"PowerPotion"},{"floor":16,"key":"Ancient Potion"}],"is_trial":false,"path_per_floor":["M","M","?","M","M","E","R","$","T","?","R","?","E","M","R","B",null,"M","M","?","M","M","R","$","R","T","E","M","R","E","?","R","B"],"character_chosen":"IRONCLAD","items_purchased":["Feel No Pain","Lantern","Juggernaut","Shrug It Off","Iron Wave"],"campfire_rested":5,"item_purchase_floors":[8,8,24,24,24],"current_hp_per_floor":[72,70,59,56,58,34,34,34,34,27,49,26,10,9,31,24,62,58,48,48,29,24,46,46,46,46,22,26,48,17,32,54,0,0],"gold":134,"neow_bonus":"UPGRADE_CARD","is_daily":false,"chose_seed":false,"campfire_upgraded":2,"win_rate":0.0,"timestamp":1612313323,"path_taken":["M","M","?","M","M","E","R","$","T","?","R","?","E","M","R","BOSS","M","M","?","M","M","R","$","R","T","E","M","R","E","?","R","BOSS"],"items_purchased_type":["Card","Relic","Card","Card","Card"],"build_version":"2020-12-22","purchased_purges":0,"victory":false,"max_hp_per_floor":[75,75,75,75,75,75,75,75,75,75,75,75,75,75,75,75,75,75,75,75,75,75,75,75,75,75,75,75,75,75,75,75,75,75],"relic_stats":{"Blood Vial":22,"Sozu":2,"counters":[16,94],"Juzu Bracelet":1,"Art of War":[5],"Whetstone":["Cleave","Clothesline"],"Smiling Mask":0,"obtain_stats":[{"Blood Vial":6,"Sozu":17,"Lantern":8,"Juzu Bracelet":9,"Art of War":13,"Omamori":30,"Whetstone":27,"Smiling Mask":26,"Burning Blood":0},{"Blood Vial":5,"Sozu":8,"Lantern":5,"Juzu Bracelet":5,"Art of War":6,"Omamori":15,"Whetstone":13,"Smiling Mask":12,"Burning Blood":0},{"Blood Vial":17,"Sozu":45,"Lantern":17,"Juzu Bracelet":17,"Art of War":25,"Omamori":85,"Whetstone":72,"Smiling Mask":65,"Burning Blood":0}],"Burning Blood":90},"card_choices":[{"not_picked":["Clash","Havoc"],"picked":"Clothesline","floor":1.0},{"not_picked":["Havoc","Iron Wave"],"picked":"Cleave","floor":2.0},{"not_picked":["Flex","Dual Wield"],"picked":"True Grit","floor":4.0},{"not_picked":["Pommel Strike","Shrug It Off"],"picked":"Anger","floor":5.0},{"not_picked":["Entrench","Barricade"],"picked":"Flame Barrier","floor":6.0},{"not_picked":["Havoc","Rupture","Thunderclap"],"picked":"SKIP","floor":13.0},{"not_picked":["Heavy Blade","Blood for Blood"],"picked":"Pommel Strike","floor":14.0},{"not_picked":["Limit Break","Fiend Fire"],"picked":"Offering","floor":16},{"not_picked":["Heavy Blade","Wild Strike"],"picked":"Headbutt","floor":18},{"not_picked":["Dropkick","Perfected Strike"],"picked":"Rage","floor":19},{"not_picked":["Sword Boomerang+1","Flex","Second Wind"],"picked":"SKIP","floor":21},{"not_picked":["Havoc","Uppercut"],"picked":"Body Slam","floor":22},{"not_picked":["Rupture","Rampage","Clash"],"picked":"SKIP","floor":27},{"not_picked":["Brutality","Warcry"],"picked":"Shockwave+1","floor":28},{"not_picked":["Ghostly Armor","Reaper"],"picked":"Fiend Fire","floor":30}],"player_experience":2411248,"relics_obtained":[{"floor":6.0,"key":"Blood Vial"},{"floor":9.0,"key":"Juzu Bracelet"},{"floor":13.0,"key":"Art of War"},{"floor":26,"key":"Smiling Mask"},{"floor":27,"key":"Whetstone"},{"floor":30,"key":"Omamori"}],"event_choices":[{"damage_healed":0.0,"max_hp_gain":0.0,"max_hp_loss":0.0,"gold_gain":75.0,"event_name":"World of Goop","player_choice":"Gather Gold","floor":3.0,"gold_loss":0.0,"damage_taken":11.0},{"cards_removed":["Strike_R"],"damage_healed":0.0,"max_hp_gain":0.0,"max_hp_loss":0.0,"gold_gain":0.0,"event_name":"Golden Wing","player_choice":"Card Removal","floor":10.0,"gold_loss":0.0,"damage_taken":7.0},{"damage_healed":0.0,"max_hp_gain":0.0,"max_hp_loss":0.0,"gold_gain":0.0,"event_name":"Shining Light","player_choice":"Entered Light","floor":12.0,"gold_loss":0.0,"damage_taken":23.0,"cards_upgraded":["Defend_R","Feel No Pain"]},{"damage_healed":0,"gold_gain":100,"player_choice":"Bet on Murderer","damage_taken":0,"max_hp_gain":0,"max_hp_loss":0,"event_name":"The Joust","floor":20,"gold_loss":50},{"damage_healed":15,"gold_gain":0,"player_choice":"Heal","damage_taken":0,"max_hp_gain":0,"max_hp_loss":0,"event_name":"The Library","floor":31,"gold_loss":0}],"is_beta":false,"boss_relics":[{"not_picked":["Velvet Choker","Pandora\u0027s Box"],"picked":"Sozu"}],"items_purged_floors":[],"is_endless":false,"potions_floor_spawned":[2,4,16,22,30],"killed_by":"Champ","ascension_level":20}}