{"host":"dpbezu80jg8zk7un","time":1612366885,"event":{"mods":["BaseMod","Colored Map","Colored Powertips","Custom Start","DeckTracker","Minty Spire (QoL Compilation)","Quick Restart","StSLib","SuperFastMode"],"gold_per_floor":[111,111,125,125,149,149,167,167,241,241,255,294,308,328,328,424,424,444,444,444,163,177,177,177,6,6,26,26,26],"floor_reached":28,"language":"KOR","playtime":718,"items_purged":["Strike_R"],"score":440,"play_id":"31945e4d-366c-4669-8976-acfc8defdaaf","local_time":"20210204004125","is_ascension_mode":true,"campfire_choices":[{"data":"Hemokinesis","floor":6,"key":"SMITH"},{"data":"Burning Pact","floor":8,"key":"SMITH"},{"data":"Bash","floor":10,"key":"SMITH"},{"data":"Metallicize","floor":15,"key":"SMITH"},{"floor":24,"key":"REST"}],"circlet_count":0,"master_deck":["AscendersBane","Strike_R","Defend_R","Defend_R","Defend_R","Defend_R","Bash+1","Ghostly Armor","Hemokinesis+1","Burning Pact+1","Metallicize+1","Power Through","Rupture","Dark Embrace","Warcry","Reckless Charge","Ghostly Armor+1","Combust"],"relics":["Burning Blood","Lantern","Golden Idol","Paper Frog","Mercury Hourglass","SacredBark","Bag of Preparation","Orrery","Mummified Hand"],"acts_visited":["Exordium","TheCity"],"potions_floor_usage":[16,28],"damage_taken":[{"damage":15,"enemies":"2 Louse","floor":1,"turns":4},{"damage":1,"enemies":"Cultist","floor":3,"turns":3},{"damage":0,"enemies":"Small Slimes","floor":5,"turns":4},{"damage":3,"enemies":"2 Fungi Beasts","floor":7,"turns":4},{"damage":6,"enemies":"Looter","floor":11,"turns":3},{"damage":57,"enemies":"Lagavulin","floor":12,"turns":7},{"damage":10,"enemies":"Blue Slaver","floor":13,"turns":2},{"damage":2,"enemies":"3 Louse","floor":14,"turns":2},{"damage":10,"enemies":"The Guardian","floor":16,"turns":12},{"damage":31,"enemies":"Shell Parasite","floor":18,"turns":11},{"damage":12,"enemies":"Chosen","floor":22,"turns":3},{"damage":17,"enemies":"Centurion and Healer","floor":27,"turns":6},{"damage":34,"enemies":"Gremlin Leader","floor":28,"turns":5}],"seed_played":"-606971238885797362","potions_obtained":[{"floor":7,"key":"CultistPotion"},{"floor":11,"key":"LiquidBronze"},{"floor":18,"key":"Energy Potion"}],"is_trial":false,"path_per_floor":["M","?","M","?","M","R","M","R","T","R","M","E","M","M","R","B",null,"M","?","?","$","M","?","R","$","T","M","E"],"character_chosen":"IRONCLAD","items_purchased":["Bag of Preparation","Dark Embrace","Orrery"],"campfire_rested":1,"item_purchase_floors":[21,21,25],"current_hp_per_floor":[59,59,64,64,68,68,68,68,68,68,68,17,13,17,17,13,54,29,29,29,29,23,23,43,43,43,32,0,0],"gold":26,"neow_bonus":"REMOVE_CARD","is_daily":false,"chose_seed":false,"campfire_upgraded":4,"win_rate":0.0,"timestamp":1612366885,"path_taken":["M","?","?","?","M","R","M","R","T","R","M","E","M","M","R","BOSS","M","?","?","$","M","?","R","?","T","M","E"],"items_purchased_type":["Relic","Card","Relic"],"build_version":"2020-12-22","purchased_purges":1,"victory":false,"max_hp_per_floor":[75,75,75,68,68,68,68,68,68,68,68,68,68,68,68,68,68,68,68,68,68,68,68,68,68,68,68,68,68],"card_choices":[{"not_picked":["Sword Boomerang","Cleave"],"picked":"Twin Strike","floor":1},{"not_picked":["Thunderclap","Armaments"],"picked":"Ghostly Armor","floor":3},{"not_picked":["Sentinel","Burning Pact"],"picked":"Hemokinesis","floor":5},{"not_picked":["Cleave","Clash"],"picked":"Burning Pact","floor":7},{"not_picked":["Carnage","Flex","Sword Boomerang"],"picked":"SKIP","floor":11},{"not_picked":["Searing Blow","Iron Wave","Flex"],"picked":"SKIP","floor":12},{"not_picked":["Headbutt","Iron Wave"],"picked":"Metallicize","floor":13},{"not_picked":["Inflame","Exhume"],"picked":"Power Through","floor":14},{"not_picked":["Warcry+1","Reckless Charge"],"picked":"Rupture","floor":18},{"not_picked":["Armaments","Headbutt+1","Anger"],"picked":"SKIP","floor":22},{"not_picked":["True Grit","Twin Strike"],"picked":"Ghostly Armor+1","floor":25},{"not_picked":["Cleave","Wild Strike"],"picked":"Combust","floor":25},{"not_picked":["Cleave","Rampage","Armaments"],"picked":"SKIP","floor":27}],"player_experience":2947379,"relics_obtained":[{"floor":9,"key":"Paper Frog"},{"floor":12,"key":"Mercury Hourglass"},{"floor":26,"key":"Mummified Hand"}],"event_choices":[{"cards_removed":["Twin Strike"],"damage_healed":0,"gold_gain":0,"player_choice":"Gave Card","damage_taken":0,"relics_obtained":["Lantern"],"max_hp_gain":0,"max_hp_loss":0,"event_name":"WeMeetAgain","floor":2,"gold_loss":0},{"damage_healed":0,"gold_gain":0,"player_choice":"Lose Max HP","damage_taken":0,"relics_obtained":["Golden Idol"],"max_hp_gain":0,"max_hp_loss":7,"event_name":"Golden Idol","floor":4,"gold_loss":0},{"damage_healed":0,"gold_gain":0,"player_choice":"Ignored","damage_taken":0,"max_hp_gain":0,"max_hp_loss":0,"event_name":"Vampires","floor":19,"gold_loss":0},{"damage_healed":0,"gold_gain":0,"player_choice":"Ignored","damage_taken":0,"max_hp_gain":0,"max_hp_loss":0,"event_name":"Ghosts","floor":20,"gold_loss":0},{"damage_healed":0,"gold_gain":0,"cards_transformed":["Strike_R","Strike_R"],"player_choice":"Became Test Subject","damage_taken":0,"max_hp_gain":0,"max_hp_loss":0,"event_name":"Drug Dealer","floor":23,"gold_loss":0,"cards_obtained":["Warcry","Reckless Charge"]}],"is_beta":false,"boss_relics":[{"not_picked":["Coffee Dripper","Ectoplasm"],"picked":"SacredBark"}],"items_purged_floors":[21],"is_endless":false,"potions_floor_spawned":[7,11,13,18],"killed_by":"Gremlin Leader","ascension_level":20}}