{"host":"08z5bj28eube4vug","time":1612332467,"event":{"mods":["100% Spire Juice","2.2 Compatiblity","Abigail Mod","Act Like it!","BaseMod","Beaked The Cultist","Bestiary","Friendly Minions","Gensokyo","GungeonMod","Hallownest","Kiyohime????","Koishi","Lobotomy","Marisa????????","Minty Spire (QoL Compilation)","Prisma Mod","Remilia??????","Replay The Spire","Spire Arcade","StSLib","Td1madao Mod","The Alterego","The Bug Knight","The Jungle","The Sage","The Senshi","The Servant 0.9.4","Waifu the Spire","WarShipGirlsR/????R mod","Yuri Mod"],"gold_per_floor":[110,110,123,143,233,258,258,271,295,295,325,325,338,114,114,209,89,99,99,116,133,13,13,47,47,47,47,47,58,58,78,78,183,283,299,241,255,265,265,265,265,265,297,297,297,297,297,317,317,328,328,328],"floor_reached":53,"language":"ENG","playtime":3588,"items_purged":[],"score":907,"play_id":"6c18c067-ea6f-4fe9-bae9-21252667dc0b","local_time":"20210203090747","is_ascension_mode":false,"campfire_choices":[{"data":"Moonworks:Ambush","floor":7,"key":"SMITH"},{"data":"sagemod:Upwards","floor":10,"key":"SMITH"},{"data":"Moonworks:AnotherUltimateWeapon","floor":12,"key":"SMITH"},{"data":"Moonworks:DevilHand","floor":15,"key":"SMITH"},{"data":"Moonworks:Encore","floor":23,"key":"SMITH"},{"data":"Moonworks:BindingChains","floor":25,"key":"SMITH"},{"data":"Moonworks:LulusLuckyEgg","floor":27,"key":"SMITH"},{"data":"Moonworks:LongDistanceShot","floor":30,"key":"SMITH"},{"data":"Moonworks:IndiscriminateFireSupport","floor":32,"key":"SMITH"},{"data":"Moonworks:NicePresent","floor":40,"key":"SMITH"},{"floor":46,"key":"REST"},{"floor":49,"key":"REST"},{"floor":51,"key":"DIG"}],"circlet_count":0,"master_deck":["Moonworks:Strike","Moonworks:Strike","Moonworks:Strike","Moonworks:Defend","Moonworks:Defend","Moonworks:Defend+1","Moonworks:Ambush+1","Moonworks:LongDistanceShot+1","sagemod:Upwards+1","Moonworks:DevilHand+1","Moonworks:Encore+1","Moonworks:EvilSpyWorkPreparation+1","Moonworks:BindingChains+1","Moonworks:LulusLuckyEgg+1","Moonworks:AnotherUltimateWeapon+1","Moonworks:NicePresent+1","Moonworks:Encore+1","Moonworks:SakisCookie+1","Moonworks:IndiscriminateFireSupport+1","Moonworks:BigMagnum","Moonworks:RagingMadness","Moonworks:ImOnFire+1","Moonworks:BigMagnum+1","Moonworks:NicePresent+1","Moonworks:BindingChains+1"],"relics":["Moonworks:BrokenBomb","Moonworks:Homemark","Replay:Kaleidoscope","War Paint","Pet Ghost","ReplayTheSpireMod:TigerMarble","Happy Flower","Busted Crown","Replay:WaspNest","DemoMod:GlassGuonStoneRelic","Dream Catcher","Prayer Wheel","Replay:Wanted Poster","DemoMod:WhiteGuonStone","Moonworks:LittleGull","Nunchaku"],"acts_visited":["Exordium","TheCity","TheBeyond"],"potions_floor_usage":[14,16,36,52,52],"damage_taken":[{"damage":0,"enemies":"Small Slimes","floor":1,"turns":3},{"damage":0,"enemies":"2 Louse","floor":3,"turns":4},{"damage":0,"enemies":"Cultist","floor":4,"turns":4},{"damage":15,"enemies":"Gremlin Nob","floor":6,"turns":4},{"damage":2,"enemies":"Exordium Thugs","floor":8,"turns":5},{"damage":0,"enemies":"3 Louse","floor":13,"turns":3},{"damage":0,"enemies":"Lots of Slimes","floor":14,"turns":2},{"damage":0,"enemies":"Hexaghost","floor":16,"turns":8},{"damage":0,"enemies":"Spheric Guardian","floor":18,"turns":3},{"damage":7,"enemies":"Chosen","floor":20,"turns":4},{"damage":0,"enemies":"Snake Plant","floor":21,"turns":3},{"damage":0,"enemies":"HollowMod:Nosk","floor":24,"turns":4},{"damage":0,"enemies":"Sentry and Sphere","floor":29,"turns":3},{"damage":5,"enemies":"3 Cultists","floor":31,"turns":4},{"damage":5,"enemies":"Champ","floor":33,"turns":5},{"damage":2,"enemies":"3 Shapes","floor":35,"turns":1},{"damage":5,"enemies":"Orb Walker","floor":37,"turns":2},{"damage":5,"enemies":"3 Darklings","floor":38,"turns":2},{"damage":6,"enemies":"Nemesis","floor":43,"turns":5},{"damage":6,"enemies":"Spire Growth","floor":48,"turns":3},{"damage":14,"enemies":"Sphere and 2 Shapes","floor":50,"turns":2},{"damage":11,"enemies":"Time Eater","floor":52,"turns":5}],"seed_played":"-5579168894123714988","potions_obtained":[{"floor":1,"key":"sagemod:Wine"},{"floor":6,"key":"PowerPotion"},{"floor":8,"key":"Energy Potion"},{"floor":14,"key":"Venom Potion"},{"floor":20,"key":"Elixir"},{"floor":21,"key":"Adrenaline Potion"},{"floor":37,"key":"Weak Potion"}],"is_trial":false,"path_per_floor":["M","?","M","M","?","E","R","M","T","R","?","R","M","M","R","B",null,"M","?","M","M","T","R","E","R","T","R","?","M","R","M","R","B",null,"M","$","M","M","$","R","PTL","PTL","E","?","T","R","?","M","R","M","R","B",null],"character_chosen":"THE_STARBREAKER","items_purchased":["Moonworks:RagingMadness"],"campfire_rested":2,"item_purchase_floors":[36],"current_hp_per_floor":[60,60,60,60,60,45,45,43,43,43,43,43,43,43,43,43,60,60,60,53,53,53,53,56,56,56,56,56,59,59,57,57,55,60,60,60,55,53,53,53,53,53,53,53,53,57,57,51,57,48,48,40],"gold":328,"neow_bonus":"ONE_RARE_RELIC","is_daily":false,"chose_seed":false,"campfire_upgraded":10,"win_rate":0.0,"timestamp":1612332467,"path_taken":["M","?","M","M","?","E","R","M","T","R","?","R","M","M","R","BOSS","M","?","?","M","?","R","E","R","T","R","?","M","R","M","R","BOSS","M","$","M","M","?","R","PTL","PTL","E","?","T","R","?","M","R","M","R","BOSS"],"items_purchased_type":["Card"],"build_version":"2020-12-22","purchased_purges":0,"victory":true,"max_hp_per_floor":[60,60,60,60,60,60,60,60,60,60,60,60,60,60,60,60,60,60,60,60,60,60,60,60,60,60,60,60,60,60,60,60,60,60,60,60,60,60,60,60,60,60,60,57,57,57,57,57,57,57,57,57],"card_choices":[{"not_picked":["Moonworks:IndiscriminateFireSupport","Moonworks:Assault"],"picked":"Moonworks:DevilHand","floor":1},{"not_picked":["Moonworks:CloudOfSeagulls","Moonworks:UnluckyCharm","Moonworks:TreasureThief"],"picked":"SKIP","floor":3},{"not_picked":["Moonworks:Dash","Moonworks:Assault"],"picked":"Moonworks:EvilSpyWorkPreparation","floor":4},{"not_picked":["Moonworks:BigMagnum","Moonworks:NicePresent"],"picked":"Moonworks:BindingChains","floor":5},{"not_picked":["Moonworks:ForcedRevival","Moonworks:EvilSpyWorkPreparation"],"picked":"Moonworks:LulusLuckyEgg","floor":6},{"not_picked":["Moonworks:Assault","Moonworks:Heat300Percent"],"picked":"Moonworks:AnotherUltimateWeapon","floor":8},{"not_picked":["Moonworks:TreasureThief","Moonworks:SakisCookie","Moonworks:Assault"],"picked":"SKIP","floor":13},{"not_picked":["Moonworks:OutOfAmmo","Moonworks:RedAndBlue"],"picked":"Moonworks:NicePresent","floor":14},{"not_picked":["Moonworks:EvilMastermind","Moonworks:PlushieMaster"],"picked":"Moonworks:Encore","floor":16},{"not_picked":["Moonworks:SweetBattle"],"picked":"SKIP","floor":18},{"not_picked":["Moonworks:JonathanRush"],"picked":"SKIP","floor":20},{"not_picked":[],"picked":"Moonworks:SakisCookie+1","floor":21},{"not_picked":["Moonworks:UnpaidWork"],"picked":"SKIP","floor":24},{"not_picked":[],"picked":"Moonworks:IndiscriminateFireSupport","floor":29},{"not_picked":["Moonworks:CloudOfSeagulls"],"picked":"SKIP","floor":29},{"not_picked":[],"picked":"Moonworks:BigMagnum","floor":31},{"not_picked":["Moonworks:Heat300Percent"],"picked":"SKIP","floor":31},{"not_picked":["Moonworks:IndiscriminateFireSupport"],"picked":"SKIP","floor":35},{"not_picked":["Moonworks:ImmovableObject"],"picked":"SKIP","floor":35},{"not_picked":["Moonworks:FinalSurgery"],"picked":"SKIP","floor":37},{"not_picked":["Moonworks:ScrambledEve"],"picked":"SKIP","floor":37},{"not_picked":[],"picked":"Moonworks:ImOnFire+1","floor":38},{"not_picked":["Moonworks:ImOnFire"],"picked":"SKIP","floor":38},{"not_picked":[],"picked":"Moonworks:BigMagnum+1","floor":43},{"not_picked":[],"picked":"Moonworks:NicePresent+1","floor":46},{"not_picked":[],"picked":"Moonworks:BindingChains+1","floor":48},{"not_picked":["Moonworks:ImOnFire+1"],"picked":"SKIP","floor":48},{"not_picked":["Moonworks:ImOnFire+1"],"picked":"SKIP","floor":48},{"not_picked":["Moonworks:BeyondHell+1"],"picked":"SKIP","floor":50},{"not_picked":["Moonworks:ImmovableObject"],"picked":"SKIP","floor":50}],"player_experience":881311,"relics_obtained":[{"floor":5,"key":"War Paint"},{"floor":6,"key":"Pet Ghost"},{"floor":9,"key":"ReplayTheSpireMod:TigerMarble"},{"floor":22,"key":"Replay:WaspNest"},{"floor":24,"key":"Dream Catcher"},{"floor":26,"key":"Prayer Wheel"},{"floor":43,"key":"DemoMod:WhiteGuonStone"},{"floor":45,"key":"Moonworks:LittleGull"},{"floor":51,"key":"Nunchaku"}],"event_choices":[{"damage_healed":0,"gold_gain":30,"player_choice":"Searched \u00272\u0027 times","damage_taken":0,"relics_obtained":["Happy Flower"],"max_hp_gain":0,"max_hp_loss":0,"event_name":"Dead Adventurer","floor":11,"gold_loss":0},{"cards_removed":["Vigilance"],"damage_healed":0,"gold_gain":0,"player_choice":"Offered Basic","damage_taken":0,"max_hp_gain":0,"max_hp_loss":0,"event_name":"Bonfire Elementals","floor":19,"gold_loss":0},{"cards_removed":["Moonworks:Defend"],"damage_healed":0,"gold_gain":0,"player_choice":"Purged","damage_taken":0,"max_hp_gain":0,"max_hp_loss":0,"event_name":"Purifier","floor":28,"gold_loss":0},{"damage_healed":0,"gold_gain":0,"player_choice":"Max HP","damage_taken":0,"max_hp_gain":0,"max_hp_loss":3,"event_name":"Winding Halls","floor":44,"gold_loss":0}],"is_beta":false,"boss_relics":[{"not_picked":["Astrolabe","Black Star"],"picked":"Busted Crown"},{"not_picked":["Honey Jar","Runic Pyramid"],"picked":"Replay:Wanted Poster"}],"items_purged_floors":[],"is_endless":false,"potions_floor_spawned":[1,6,8,14,20,21,24,37,48,50],"ascension_level":0}}