{"host":"9l1knhxfturzliqa","time":1612320810,"event":{"mods":["BaseMod","Colored Map","Colored Powertips","DeckTracker","Highlight Path","Keyboard Shortcuts","Minty Spire (QoL Compilation)","Random Character Button"],"gold_per_floor":[131,147,147,199,234,269,312,312,365,365,18,38,38,98,98,249,249,295,210,7,25,63,63,109,109,109,109,109,147,195,236,236,367,367,383,403,278,278,341,377,401,439,465,521,42,42,65,111,111,111,111,111,38,78,78,78],"floor_reached":55,"language":"KOR","playtime":3923,"items_purged":["Strike_R","Strike_R","Defend_R"],"score":1214,"play_id":"69ec3f21-0ac1-4b80-8099-59ce7f301bd9","local_time":"20210203115330","is_ascension_mode":true,"campfire_choices":[{"data":"Body Slam","floor":8.0,"key":"SMITH"},{"floor":10.0,"key":"REST"},{"data":"Dark Embrace","floor":15.0,"key":"SMITH"},{"data":"Spot Weakness","floor":23.0,"key":"SMITH"},{"data":"Pommel Strike","floor":25.0,"key":"SMITH"},{"data":"Burning Pact","floor":28.0,"key":"SMITH"},{"data":"Barricade","floor":32.0,"key":"SMITH"},{"data":"Fire Breathing","floor":46.0,"key":"SMITH"},{"floor":49.0,"key":"RECALL"},{"data":"Discovery","floor":52.0,"key":"SMITH"}],"circlet_count":0,"master_deck":["Strike_R","Strike_R","Strike_R","Defend_R","Defend_R","Defend_R+1","Bash","HandOfGreed+1","Dropkick","Clash","Pommel Strike+1","Wild Strike","Body Slam+1","Shrug It Off","Dark Embrace+1","Reaper","Impervious","Spot Weakness+1","Power Through+1","Reckless Charge+1","Burning Pact+1","Barricade+1","Sever Soul+1","Exhume","Fire Breathing+1","Metamorphosis","Discovery+1","Dark Shackles","Offering","Warcry+1","Sentinel","True Grit+1","Fire Breathing","Feel No Pain","Uppercut+1"],"relics":["Burning Blood","Toy Ornithopter","StoneCalendar","Omamori","StrikeDummy","Golden Idol","Letter Opener","Coffee Dripper","Darkstone Periapt","Ornamental Fan","Gremlin Horn","Calling Bell","Regal Pillow","White Beast Statue","Champion Belt","CaptainsWheel","Nunchaku","Dream Catcher","Oddly Smooth Stone","Orrery","Ice Cream","Kunai"],"acts_visited":["Exordium","TheCity","TheBeyond","TheEnding"],"potions_floor_usage":[55],"damage_taken":[{"damage":7.0,"enemies":"Jaw Worm","floor":1.0,"turns":2.0},{"damage":1.0,"enemies":"Cultist","floor":2.0,"turns":3.0},{"damage":7.0,"enemies":"Small Slimes","floor":5.0,"turns":4.0},{"damage":30.0,"enemies":"Lagavulin","floor":6.0,"turns":4.0},{"damage":7.0,"enemies":"2 Fungi Beasts","floor":7.0,"turns":3.0},{"damage":10.0,"enemies":"Exordium Wildlife","floor":12.0,"turns":5.0},{"damage":0.0,"enemies":"3 Sentries","floor":14.0,"turns":6.0},{"damage":7.0,"enemies":"Slime Boss","floor":16.0,"turns":7.0},{"damage":7.0,"enemies":"Chosen","floor":18.0,"turns":4.0},{"damage":17.0,"enemies":"Shell Parasite","floor":21.0,"turns":5.0},{"damage":4.0,"enemies":"3 Cultists","floor":22.0,"turns":5.0},{"damage":2.0,"enemies":"Chosen and Byrds","floor":24.0,"turns":4.0},{"damage":0.0,"enemies":"Gremlin Leader","floor":29.0,"turns":5.0},{"damage":0.0,"enemies":"Centurion and Healer","floor":30.0,"turns":6.0},{"damage":31.0,"enemies":"Shelled Parasite and Fungi","floor":31.0,"turns":7.0},{"damage":49.0,"enemies":"Automaton","floor":33.0,"turns":12.0},{"damage":0.0,"enemies":"Orb Walker","floor":35.0,"turns":3.0},{"damage":41.0,"enemies":"3 Darklings","floor":36.0,"turns":6.0},{"damage":40.0,"enemies":"Mind Bloom Boss Battle","floor":39.0,"turns":8.0},{"damage":0.0,"enemies":"Giant Head","floor":40.0,"turns":5.0},{"damage":23.0,"enemies":"Spire Growth","floor":41.0,"turns":5.0},{"damage":10.0,"enemies":"Reptomancer","floor":42.0,"turns":6.0},{"damage":6.0,"enemies":"Giant Head","floor":44.0,"turns":7.0},{"damage":12.0,"enemies":"Writhing Mass","floor":47.0,"turns":5.0},{"damage":6.0,"enemies":"Maw","floor":48.0,"turns":7.0},{"damage":73.0,"enemies":"Awakened One","floor":50.0,"turns":9.0},{"damage":87.0,"enemies":"Shield and Spear","floor":54.0,"turns":7.0},{"damage":39,"enemies":"The Heart","floor":55,"turns":2}],"seed_played":"1220097284219799684","potions_obtained":[{"floor":1.0,"key":"Energy Potion"},{"floor":2.0,"key":"BloodPotion"},{"floor":12.0,"key":"ColorlessPotion"},{"floor":14.0,"key":"Strength Potion"},{"floor":24.0,"key":"LiquidBronze"},{"floor":29.0,"key":"CultistPotion"},{"floor":30.0,"key":"BlessingOfTheForge"},{"floor":35.0,"key":"FairyPotion"},{"floor":36.0,"key":"PowerPotion"},{"floor":40.0,"key":"BloodPotion"},{"floor":41.0,"key":"BloodPotion"},{"floor":42.0,"key":"Block Potion"},{"floor":44.0,"key":"PowerPotion"},{"floor":47.0,"key":"ElixirPotion"},{"floor":54.0,"key":"DistilledChaos"}],"is_trial":false,"path_per_floor":["M","M","?","T","M","E","M","R","T","R","$","M","?","E","R","B",null,"M","?","$","M","M","R","M","R","T","?","R","E","M","M","R","B",null,"M","M","$","?","?","E","M","E","T","E","$","R","M","M","R","B",null,"R","$","E","B"],"character_chosen":"IRONCLAD","items_purchased":["StrikeDummy","Shrug It Off","Fruit Juice","Orrery","Ice Cream","Fire Breathing","Feel No Pain"],"campfire_rested":1,"item_purchase_floors":[11,11,20,45,45,45,53],"current_hp_per_floor":[50,55,39,39,38,19,18,18,18,42,42,38,38,49,49,53,69,68,68,78,67,69,69,73,73,73,73,73,79,79,66,66,31,67,73,58,58,48,22,42,33,57,57,79,79,79,79,79,79,28,66,66,66,20,0,0],"gold":78,"neow_bonus":"RANDOM_COLORLESS_2","is_daily":false,"chose_seed":false,"campfire_upgraded":8,"win_rate":0.0,"timestamp":1612320810,"path_taken":["M","M","?","?","M","E","M","R","T","R","$","?","?","E","R","BOSS","M","?","$","M","M","R","M","R","T","?","R","E","?","M","R","BOSS","M","M","$","?","?","E","M","E","T","E","$","R","M","M","R","BOSS","R","$","E","BOSS"],"items_purchased_type":["Relic","Card","Potion","Relic","Relic","Card","Card"],"build_version":"2020-12-22","purchased_purges":3,"victory":false,"max_hp_per_floor":[80,80,80,80,80,80,80,80,80,80,80,80,74,74,74,74,74,74,74,79,79,79,79,79,79,79,79,79,79,79,79,79,79,79,79,79,79,79,79,79,79,79,79,79,79,79,79,79,79,79,79,79,79,79,79,79],"card_choices":[{"not_picked":["Sadistic Nature","Metamorphosis"],"picked":"HandOfGreed","floor":0.0},{"not_picked":["Anger","Pommel Strike"],"picked":"Dropkick","floor":1.0},{"not_picked":["Sword Boomerang","Battle Trance"],"picked":"Clash","floor":2.0},{"not_picked":["Armaments","Rampage"],"picked":"Pommel Strike","floor":5.0},{"not_picked":["Body Slam","Flame Barrier"],"picked":"Wild Strike","floor":6.0},{"not_picked":["Twin Strike","True Grit"],"picked":"Body Slam","floor":7.0},{"not_picked":["Perfected Strike","Clash"],"picked":"Dark Embrace","floor":12.0},{"not_picked":["Battle Trance","True Grit"],"picked":"Reaper","floor":14.0},{"not_picked":["Berserk","Immolate"],"picked":"Impervious","floor":16.0},{"not_picked":["Sword Boomerang+1","Dark Embrace+1"],"picked":"Spot Weakness","floor":18.0},{"not_picked":["Headbutt+1","Havoc"],"picked":"Power Through+1","floor":21.0},{"not_picked":["Flex","Clash+1"],"picked":"Reckless Charge+1","floor":22.0},{"not_picked":["Anger","Flame Barrier+1"],"picked":"Burning Pact","floor":24.0},{"not_picked":["Shrug It Off+1","Whirlwind"],"picked":"Barricade","floor":29.0},{"not_picked":["Dropkick+1","Wild Strike","Inflame"],"picked":"SKIP","floor":30.0},{"not_picked":["Thunderclap","Anger"],"picked":"Sever Soul+1","floor":31.0},{"not_picked":["Impervious","Limit Break"],"picked":"Exhume","floor":33.0},{"not_picked":["Headbutt","Battle Trance","Clash"],"picked":"SKIP","floor":35.0},{"not_picked":["Cleave+1","Flame Barrier"],"picked":"Fire Breathing","floor":36.0},{"not_picked":["Blind","The Bomb"],"picked":"Metamorphosis","floor":38.0},{"not_picked":["Blind","Finesse"],"picked":"Discovery","floor":38.0},{"not_picked":["Impatience","Good Instincts"],"picked":"Dark Shackles","floor":38.0},{"not_picked":["Heavy Blade+1","Feed","Wild Strike+1"],"picked":"SKIP","floor":40.0},{"not_picked":["Blood for Blood","Heavy Blade","Armaments"],"picked":"SKIP","floor":41.0},{"not_picked":["Clash","Hemokinesis"],"picked":"Offering","floor":42.0},{"not_picked":["Cleave+1","Infernal Blade"],"picked":"Warcry+1","floor":44.0},{"not_picked":["Flex","Havoc+1"],"picked":"Sentinel","floor":45.0},{"not_picked":["Warcry+1","Fire Breathing"],"picked":"True Grit+1","floor":45.0},{"not_picked":["Rage","Flex","Pommel Strike"],"picked":"SKIP","floor":47.0},{"not_picked":["Flame Barrier","Wild Strike","Combust+1"],"picked":"SKIP","floor":48.0},{"not_picked":["Iron Wave+1","Clash"],"picked":"Uppercut+1","floor":54.0}],"player_experience":583922,"relics_obtained":[{"floor":4.0,"key":"Toy Ornithopter"},{"floor":6.0,"key":"StoneCalendar"},{"floor":9.0,"key":"Omamori"},{"floor":14.0,"key":"Letter Opener"},{"floor":26.0,"key":"Ornamental Fan"},{"floor":29.0,"key":"Gremlin Horn"},{"floor":34.0,"key":"Regal Pillow"},{"floor":34.0,"key":"White Beast Statue"},{"floor":34.0,"key":"Champion Belt"},{"floor":39.0,"key":"CaptainsWheel"},{"floor":40.0,"key":"Nunchaku"},{"floor":42.0,"key":"Dream Catcher"},{"floor":44.0,"key":"Oddly Smooth Stone"},{"floor":54.0,"key":"Kunai"}],"event_choices":[{"damage_healed":0.0,"max_hp_gain":0.0,"max_hp_loss":0.0,"gold_gain":0.0,"event_name":"Shining Light","player_choice":"Entered Light","floor":3.0,"gold_loss":0.0,"damage_taken":16.0,"cards_upgraded":["HandOfGreed","Defend_R"]},{"damage_healed":0.0,"max_hp_gain":0.0,"max_hp_loss":6.0,"gold_gain":0.0,"event_name":"Golden Idol","player_choice":"Lose Max HP","floor":13.0,"gold_loss":0.0,"damage_taken":0.0,"relics_obtained":["Golden Idol"]},{"damage_healed":0.0,"max_hp_gain":0.0,"max_hp_loss":0.0,"gold_gain":0.0,"event_name":"Addict","player_choice":"Obtained Relic","floor":19.0,"gold_loss":85.0,"damage_taken":0.0,"relics_obtained":["Darkstone Periapt"]},{"damage_healed":0.0,"max_hp_gain":0.0,"max_hp_loss":0.0,"gold_gain":0.0,"event_name":"Ghosts","player_choice":"Ignored","floor":27.0,"gold_loss":0.0,"damage_taken":0.0},{"damage_healed":0.0,"max_hp_gain":0.0,"max_hp_loss":0.0,"gold_gain":0.0,"event_name":"SensoryStone","player_choice":"Memory 3","floor":38.0,"gold_loss":0.0,"damage_taken":10.0},{"damage_healed":0.0,"max_hp_gain":0.0,"max_hp_loss":0.0,"gold_gain":0.0,"event_name":"MindBloom","player_choice":"Fight","floor":39.0,"gold_loss":0.0,"damage_taken":0.0}],"is_beta":false,"boss_relics":[{"not_picked":["Fusion Hammer","SlaversCollar"],"picked":"Coffee Dripper"},{"not_picked":["Philosopher\u0027s Stone","Black Star"],"picked":"Calling Bell"}],"items_purged_floors":[11,20,37],"is_endless":false,"potions_floor_spawned":[1,2,12,14,24,29,30,31,33,35,36,39,40,41,42,44,47,48,54],"killed_by":"The Heart","ascension_level":7}}