{"host":"lxihx0b6awoz2w1j","time":1612376206,"event":{"mods":["Act Like it!","Ascension Reborn","BaseMod","Better Third Choice","BetterRewards","CapriCore","Colored Powertips","Conspire","Downfall","Fox Events","Gensokyo","Hermit","Hubris","Infinite Spire","JesterMod","Luminous","Melee Mod","Minty Spire (QoL Compilation)","Permanent Neow","Prisma Mod","Quick Restart","Relic Stats","Reliquary","Replay The Spire","Shade Mod","Spicy Shops","StSLib","Td1madao Mod","The Alterego","The Blue Laboratory","The Construct","The Cursed","The Death Knight","The Disciple","The Forsaken","The Gatherer","The Immortal","The Jungle","The Marked","The Mystic","The Runesmith","The Senshi","The Servant 0.9.4","The Spell Scribe","Waifu the Spire"],"gold_per_floor":[115,172,188,207,220,220,250,250,250,250,261,261,129,149,149,250,250,264,264,41,54,66,66,94,94,94,103,142,142,251,276,276,380,380,393,418,442,463,472,508,508,528,553,572,601,627,656,676,676,676,676],"floor_reached":50,"language":"ENG","playtime":3790,"items_purged":["Writhe"],"score":723,"play_id":"9f9d58e6-329a-4e87-948f-6a1d03df092e","local_time":"20210203191646","is_ascension_mode":true,"campfire_choices":[{"floor":6.0,"key":"REST"},{"data":"Storm","floor":8.0,"key":"SMITH"},{"data":"FTL","floor":10.0,"key":"SMITH"},{"data":"Crystallizer","floor":12.0,"key":"SMITH"},{"data":"Genetic Algorithm","floor":15.0,"key":"SMITH"},{"data":"Self Repair","floor":23.0,"key":"SMITH"},{"data":"Buffer","floor":25.0,"key":"SMITH"},{"floor":32.0,"key":"DIG"},{"floor":49.0,"key":"DIG"}],"circlet_count":1,"master_deck":["Strike_B","Strike_B","Strike_B","Strike_B","Defend_B","Defend_B","Defend_B","Defend_B","Zap","Dualcast","Ball Lightning","Machine Learning","Redo","Stack","Crystallizer+1","FTL+1","Darkness","Steam","Storm+1","Sweeping Beam","Genetic Algorithm+1","Conserve Battery","Compile Driver","Thunder Strike","Hello World+1","Self Repair+1","Conserve Battery+1","Buffer+1","infinitespire:Menacing","Cold Snap","Static Discharge","Double Energy","Amplify","Leap+1","Static Discharge","Ball Lightning+1","infinitespire:Oblivion","ReplayTheSpireMod:Dual Polarity","Compile Driver+1","Creative AI","hubris:PowerSurge","ReplayTheSpireMod:Calculation Training+1"],"relics":["Cracked Core","Frozen Eye","Onion Ring","Bag of Marbles","HornCleat","conspire:DecoderRing","infinitespire:Cupcake","reliquary:Stiletto","PreservedInsect","infinitespire:SolderingIron","theForsaken:ScaryMask","CeramicFish","hubris:ScarierMask","Turnip","bronze:BronzeCore","Shovel","Shuriken","reliquary:OuijaBoard","Painkiller Herb","infinitespire:Golems Mask","reliquary:SharkskinSheath","conspire:Boomerang","Circlet","reliquary:Knoch"],"acts_visited":["Exordium","TheCity","TheBeyond"],"potions_floor_usage":[],"damage_taken":[{"damage":3.0,"enemies":"Jaw Worm","floor":1.0,"turns":3.0},{"damage":0.0,"enemies":"2 Louse","floor":3.0,"turns":1.0},{"damage":0.0,"enemies":"Cultist","floor":4.0,"turns":2.0},{"damage":0.0,"enemies":"Lots of Slimes","floor":5.0,"turns":3.0},{"damage":8.0,"enemies":"Lagavulin","floor":7.0,"turns":5.0},{"damage":0.0,"enemies":"3 Louse","floor":11.0,"turns":3.0},{"damage":5.0,"enemies":"Exordium Thugs","floor":14.0,"turns":4.0},{"damage":22.0,"enemies":"Fading Forest","floor":16.0,"turns":11.0},{"damage":6.0,"enemies":"3 Byrds","floor":18.0,"turns":4.0},{"damage":9.0,"enemies":"Chosen","floor":21.0,"turns":3.0},{"damage":0.0,"enemies":"Snecko","floor":22.0,"turns":4.0},{"damage":5.0,"enemies":"Replay:Snechameleon","floor":24.0,"turns":4.0},{"damage":8.0,"enemies":"Slavers","floor":28.0,"turns":3.0},{"damage":1.0,"enemies":"Colosseum Slavers","floor":30.0,"turns":3.0},{"damage":0.0,"enemies":"Colosseum Nobs","floor":30.0,"turns":3.0},{"damage":0.0,"enemies":"conspire:HollyBat","floor":31.0,"turns":8.0},{"damage":40.0,"enemies":"Pondfish","floor":33.0,"turns":10.0},{"damage":1.0,"enemies":"3 Darklings","floor":35.0,"turns":2.0},{"damage":6.0,"enemies":"3 Shapes","floor":36.0,"turns":2.0},{"damage":0.0,"enemies":"Jaw Worm Horde","floor":37.0,"turns":3.0},{"damage":11.0,"enemies":"Transient","floor":38.0,"turns":5.0},{"damage":12.0,"enemies":"R_Hoarder","floor":40.0,"turns":6.0},{"damage":0.0,"enemies":"Writhing Mass","floor":42.0,"turns":4.0},{"damage":0.0,"enemies":"Maw","floor":44.0,"turns":8.0},{"damage":0.0,"enemies":"Sphere and 2 Shapes","floor":45.0,"turns":2.0},{"damage":0.0,"enemies":"Jaw Worm Horde","floor":46.0,"turns":2.0},{"damage":13.0,"enemies":"Nightmare","floor":47.0,"turns":5.0},{"damage":0.0,"enemies":"Transient","floor":48.0,"turns":5.0},{"damage":15,"enemies":"infinitespire:MassOfShapes","floor":50,"turns":4}],"seed_played":"5203557951783485327","potions_obtained":[{"floor":2.0,"key":"bronze:BurnAndBuffPotion"},{"floor":4.0,"key":"blueLaboratory:BottleOfVodka"},{"floor":7.0,"key":"ColorlessPotion"},{"floor":11.0,"key":"LiquidMemories"},{"floor":30.0,"key":"blueLaboratory:ExaltedPotion"},{"floor":41.0,"key":"EntropicBrew"},{"floor":45.0,"key":"FairyPotion"}],"is_trial":false,"path_per_floor":["M","?","M","M","M","R","E","R","T","R","M","R","$","M","R","B",null,"M","?","$","M","M","R","E","R","T","AVR","E","?","?","M","R","B",null,"?","?","?","?","AVR","E","?","?","T","?","?","?","NM","?","T","B"],"character_chosen":"DEFECT","items_purchased":["Frozen Eye","Ball Lightning","Onion Ring","Machine Learning","Genetic Algorithm","Conserve Battery","PreservedInsect"],"campfire_rested":1,"item_purchase_floors":[0,0,0,0,13,13,20],"current_hp_per_floor":[64,46,46,46,46,68,60,60,60,60,60,60,60,55,55,43,75,69,69,69,60,60,60,55,55,55,55,47,47,46,56,56,16,75,74,68,75,74,74,69,69,69,69,75,75,75,72,72,72,57,57],"gold":676,"neow_bonus":"","is_daily":false,"chose_seed":false,"campfire_upgraded":6,"win_rate":0.0,"timestamp":1612376206,"path_taken":["M","?","M","M","M","R","E","R","T","R","M","R","$","M","R","BOSS","M","?","$","M","M","R","E","R","T","AVR","E","?","?","?","R","BOSS","?","?","?","?","AVR","E","?","?","T","?","?","?","NM","?","T","BOSS"],"items_purchased_type":["Relic","Card","Relic","Card","Card","Card","Relic"],"build_version":"2020-12-22","purchased_purges":1,"victory":false,"max_hp_per_floor":[75,75,75,75,75,75,75,75,75,75,75,75,75,75,75,75,75,75,75,75,75,75,75,75,75,75,75,75,75,75,75,75,75,75,75,75,75,75,75,75,75,75,75,75,75,75,75,75,75,75,75],"relic_stats":{"Shovel":2,"counters":[29,122],"Shuriken":[16],"CeramicFish":126,"PreservedInsect":282,"Turnip":[9],"obtain_stats":[{"reliquary:OuijaBoard":32,"theForsaken:ScaryMask":26,"bronze:BronzeCore":29,"CeramicFish":27,"Painkiller Herb":34,"Frozen Eye":0,"BranchBurnRelic":49,"HornCleat":7,"infinitespire:SolderingIron":24,"Shovel":30,"conspire:DecoderRing":9,"hubris:ScarierMask":27,"infinitespire:Golems Mask":39,"Cracked Core":0,"reliquary:SharkskinSheath":43,"Dead Branch":40,"Circlet":0,"PreservedInsect":20,"conspire:Boomerang":47,"Shuriken":30,"Onion Ring":0,"reliquary:Stiletto":19,"Turnip":28,"Bag of Marbles":2,"reliquary:Knoch":49,"infinitespire:Cupcake":17},{"reliquary:OuijaBoard":16,"theForsaken:ScaryMask":12,"bronze:BronzeCore":13,"CeramicFish":12,"Painkiller Herb":17,"Frozen Eye":0,"BranchBurnRelic":28,"HornCleat":5,"infinitespire:SolderingIron":12,"Shovel":15,"conspire:DecoderRing":5,"hubris:ScarierMask":12,"infinitespire:Golems Mask":21,"Cracked Core":0,"reliquary:SharkskinSheath":23,"Dead Branch":22,"Circlet":0,"PreservedInsect":9,"conspire:Boomerang":27,"Shuriken":15,"Onion Ring":0,"reliquary:Stiletto":9,"Turnip":13,"Bag of Marbles":1,"reliquary:Knoch":28,"infinitespire:Cupcake":8},{"reliquary:OuijaBoard":64,"theForsaken:ScaryMask":47,"bronze:BronzeCore":50,"CeramicFish":47,"Painkiller Herb":74,"Frozen Eye":0,"BranchBurnRelic":118,"HornCleat":14,"infinitespire:SolderingIron":47,"Shovel":56,"conspire:DecoderRing":14,"hubris:ScarierMask":47,"infinitespire:Golems Mask":86,"Cracked Core":0,"reliquary:SharkskinSheath":96,"Dead Branch":92,"Circlet":0,"PreservedInsect":36,"conspire:Boomerang":113,"Shuriken":56,"Onion Ring":0,"reliquary:Stiletto":36,"Turnip":50,"Bag of Marbles":3,"reliquary:Knoch":118,"infinitespire:Cupcake":32}]},"card_choices":[{"not_picked":["BasicCrystalCard","Streamline"],"picked":"Redo","floor":1.0},{"not_picked":["Barrage","Turbo"],"picked":"Stack","floor":2.0},{"not_picked":["Reprogram","Darkness"],"picked":"Crystallizer","floor":2.0},{"not_picked":["Redo","Chill"],"picked":"FTL","floor":3.0},{"not_picked":["Melter","Hologram"],"picked":"Darkness","floor":4.0},{"not_picked":["Aggregate","Cold Snap"],"picked":"Steam","floor":5.0},{"not_picked":["Chaos","Beam Cell"],"picked":"Storm","floor":7.0},{"not_picked":["Rainbow","Streamline"],"picked":"Sweeping Beam","floor":11.0},{"not_picked":["BasicCrystalCard","ReplayTheSpireMod:GoodbyeWorld"],"picked":"Compile Driver","floor":14.0},{"not_picked":["Rainbow","All For One"],"picked":"Thunder Strike","floor":16.0},{"not_picked":["Sweeping Beam","Recycle+1"],"picked":"Hello World+1","floor":18.0},{"not_picked":["Undo+1","ReplayGash"],"picked":"Self Repair","floor":21.0},{"not_picked":["Steam","Lockon"],"picked":"Conserve Battery+1","floor":22.0},{"not_picked":["Beam Cell","Coolheaded+1"],"picked":"Buffer","floor":24.0},{"not_picked":["Steam","Rebound"],"picked":"Cold Snap","floor":28.0},{"not_picked":["Rebound+1","ReplayRNGCard"],"picked":"Static Discharge","floor":30.0},{"not_picked":["Rebound","Cold Snap"],"picked":"Double Energy","floor":31.0},{"not_picked":["Buffer","Meteor Strike"],"picked":"Amplify","floor":33.0},{"not_picked":["Beam Cell","ReplayGash","Aggregate+1"],"picked":"SKIP","floor":35.0},{"not_picked":["Darkness+1","Reprogram"],"picked":"Leap+1","floor":36.0},{"not_picked":["Turbo+1","Leap+1"],"picked":"Static Discharge","floor":37.0},{"not_picked":["Go for the Eyes","Auto Shields+1"],"picked":"Ball Lightning+1","floor":38.0},{"not_picked":["Gash+1","Streamline"],"picked":"ReplayTheSpireMod:Dual Polarity","floor":40.0},{"not_picked":["Streamline","Static Discharge","Beam Cell"],"picked":"SKIP","floor":42.0},{"not_picked":["Go for the Eyes","BootSequence+1"],"picked":"Compile Driver+1","floor":44.0},{"not_picked":["Redo+1","Recycle+1"],"picked":"Creative AI","floor":45.0},{"not_picked":["Leap+1","Conserve Battery+1"],"picked":"hubris:PowerSurge","floor":46.0},{"not_picked":["Panic Button+1","Reinforced Body","Redo"],"picked":"SKIP","floor":47.0},{"not_picked":["Heatsinks+1","Turbo+1"],"picked":"ReplayTheSpireMod:Calculation Training+1","floor":48.0}],"player_experience":705085,"relics_obtained":[{"floor":2.0,"key":"Bag of Marbles"},{"floor":7.0,"key":"HornCleat"},{"floor":9.0,"key":"conspire:DecoderRing"},{"floor":24.0,"key":"infinitespire:SolderingIron"},{"floor":26.0,"key":"theForsaken:ScaryMask"},{"floor":28.0,"key":"Turnip"},{"floor":30.0,"key":"Shovel"},{"floor":30.0,"key":"Shuriken"},{"floor":32.0,"key":"reliquary:OuijaBoard"},{"floor":40.0,"key":"Dead Branch"},{"floor":43.0,"key":"reliquary:SharkskinSheath"},{"floor":47.0,"key":"conspire:Boomerang"},{"floor":49.0,"key":"reliquary:Knoch"}],"event_choices":[{"damage_healed":0.0,"max_hp_gain":0.0,"max_hp_loss":0.0,"gold_gain":0.0,"event_name":"The Mausoleum","player_choice":"Opened","floor":19.0,"gold_loss":0.0,"damage_taken":0.0,"relics_obtained":["reliquary:Stiletto"],"cards_obtained":["Writhe"]},{"damage_healed":0.0,"max_hp_gain":0.0,"max_hp_loss":0.0,"gold_gain":0.0,"event_name":"Colosseum","player_choice":"Fight","floor":30.0,"gold_loss":0.0,"damage_taken":0.0},{"damage_healed":0.0,"max_hp_gain":0.0,"max_hp_loss":0.0,"gold_gain":0.0,"event_name":"Colosseum","player_choice":"Fought Nobs","floor":30.0,"gold_loss":0.0,"damage_taken":0.0},{"damage_healed":0.0,"max_hp_gain":0.0,"max_hp_loss":0.0,"gold_gain":0.0,"event_name":"Lab","player_choice":"Got Potions","floor":41.0,"gold_loss":0.0,"damage_taken":0.0}],"is_beta":false,"boss_relics":[{"not_picked":["construct:WeddingRing","hubris:CrackedHourglass"],"picked":"infinitespire:Cupcake"},{"not_picked":["reliquary:Ember","conspire:RunicOctahedron"],"picked":"Painkiller Herb"}],"items_purged_floors":[20],"is_endless":true,"potions_floor_spawned":[4,7,11,14,18,21,30,30,31,36,37,45,48],"killed_by":"infinitespire:MassOfShapes","ascension_level":0}}