{"host":"zf1gvustpgbojd4t","time":1612374302,"event":{"mods":["Act Like it!","BaseMod","Downfall","Hallownest","Map Debug Mod","Minty Spire (QoL Compilation)","MostiFishMod","Replay The Spire","StSLib"],"gold_per_floor":[99,118,118,136,71,104,127,143,143,73,101,1,1,31,48,150,150,50,66,519,13,27,27,27,27,43,43,61,61,107,117,132,236,236,136,136,136,136],"floor_reached":36,"language":"ZHS","playtime":7449,"items_purged":["Slimebound:Strike_Slimebound","Slimebound:Strike_Slimebound"],"score":407,"play_id":"cce5cedd-c8ee-48a8-8701-31261c41f38d","local_time":"20210204014502","is_ascension_mode":false,"campfire_choices":[{"floor":1,"key":"RECALL"},{"data":"Slimebound:Gluttony","floor":9,"key":"SMITH"},{"data":"Slimebound:Split","floor":12,"key":"SMITH"},{"data":"Slimebound:WasteNot","floor":18,"key":"SMITH"},{"data":"Slimebound:LeadByExample","floor":23,"key":"SMITH"},{"data":"Slimebound:GrowthPunch","floor":29,"key":"SMITH"},{"data":"Slimebound:OozeBath","floor":35,"key":"SMITH"}],"circlet_count":0,"master_deck":["Slimebound:Strike_Slimebound","Slimebound:Tackle","Slimebound:Defend_Slimebound","Slimebound:Defend_Slimebound","Slimebound:Defend_Slimebound","Slimebound:Defend_Slimebound","Slimebound:Split+1","Slimebound:CorrosiveSpit","Slimebound:RejuvenatingLick+1","Slimebound:SamplingLick","Slimebound:LeechingTouch","Slimebound:ItLooksTasty","Slimebound:Equalize","Slimebound:Gluttony+1","Slimebound:SplitMire","Slimebound:GrowthPunch+1","Slimebound:TongueLash+1","Slimebound:WasteNot+1","Slimebound:LeechEnergy+1","Slimebound:LeadByExample+1","Slimebound:LivingWall+1","Slimebound:RainOfGoop","Slimebound:Schlurp","Slimebound:PressTheAttack+1","Slimebound:TongueLash+1","Slimebound:OozeBath+1"],"relics":["Slimebound:AbsorbEndCombat","ImprovedEquipment","NeowsBlessing","Question Card","Oddly Smooth Stone","Hallownest:StagBellRelic1","Kunai","downfall:HeartBlessingRed","Bottled Tornado","Darkstone Periapt","GreenFoldingFan","downfall:HeartBlessingBlue","Divine Protection","Medical Kit","Molten Egg 2","Sozu","downfall:HeartBlessingGreen"],"acts_visited":["Hallownest:Greenpath","Hallownest:CityofTears","Hallownest:KingdomsEdge"],"potions_floor_usage":[14,19,26,33,33,33],"damage_taken":[{"damage":0,"enemies":"Hallownest:2_Tiktiks_and_1_Crawlid","floor":2,"turns":2},{"damage":0,"enemies":"Hallownest:2_Baldur","floor":4,"turns":2},{"damage":0,"enemies":"downfall:FleeingMerchant","floor":5,"turns":1},{"damage":20,"enemies":"Hallownest:eliteCrystalGuardian","floor":6,"turns":6},{"damage":0,"enemies":"2_ Uuma","floor":8,"turns":5},{"damage":8,"enemies":"Hallownest:eliteMossKnight","floor":11,"turns":11},{"damage":29,"enemies":"Hallownest:eliteCrystalGuardian","floor":14,"turns":6},{"damage":18,"enemies":"Hallownest:2_Tiktiks_1_Baldur_1_Crawlid","floor":15,"turns":4},{"damage":41,"enemies":"WA_ARCHETYPE_RETAIN","floor":16,"turns":7},{"damage":24,"enemies":"Hallownest:2_Mistakes","floor":19,"turns":5},{"damage":14,"enemies":"Hallownest:3_Youths","floor":22,"turns":6},{"damage":0,"enemies":"Hallownest:Warrior_and_Youth","floor":26,"turns":4},{"damage":8,"enemies":"Hallownest:monsterShrumalOgre","floor":28,"turns":5},{"damage":8,"enemies":"Hallownest:Glutton_and_Coward","floor":30,"turns":4},{"damage":34,"enemies":"Hallownest:2_Husk_Sentries","floor":31,"turns":6},{"damage":0,"enemies":"Hallownest:Warrior_and_Youth","floor":32,"turns":4},{"damage":57,"enemies":"DF_ARCHETYPE_CLAW","floor":33,"turns":8},{"damage":0,"enemies":"Hallownest:2_Littles","floor":36,"turns":1}],"seed_played":"-290844350038716361","potions_obtained":[{"floor":4,"key":"BlessingOfTheForge"},{"floor":6,"key":"Guardian:BlockOnCardUsePotion"},{"floor":11,"key":"SkillPotion"},{"floor":14,"key":"Explosive Potion"},{"floor":22,"key":"DistilledChaos"},{"floor":32,"key":"Fire Potion"},{"floor":33,"key":"BlessingOfTheForge"}],"is_trial":false,"path_per_floor":["R","M","?","M","$","E","T","M","R","?","E","R","T","E","M","B",null,"R","M","?","$","M","R","T","?","M","?","M","R","M","M","M","B",null,"R","M"],"character_chosen":"SLIMEBOUND","items_purchased":["Slimebound:ItLooksTasty","Question Card","Divine Protection","Medical Kit"],"campfire_rested":0,"item_purchase_floors":[5,5,21,21],"current_hp_per_floor":[65,65,65,65,65,47,47,59,59,59,57,57,57,42,40,15,65,75,75,75,75,75,75,75,75,75,75,75,75,75,65,75,38,75,75,75,75,75],"gold":136,"neow_bonus":"THREE_ENEMY_KILL","is_daily":false,"chose_seed":false,"campfire_upgraded":6,"win_rate":0.0,"timestamp":1612374302,"path_taken":["R","M","?","M","$","E","T","M","R","?","E","R","?","E","M","BOSS","R","M","?","$","M","R","T","?","?","?","M","R","M","?","M","BOSS","R","M"],"items_purchased_type":["Card","Relic","Relic","Relic"],"build_version":"2020-12-22","purchased_purges":2,"victory":false,"max_hp_per_floor":[65,65,65,65,65,65,65,65,65,65,65,65,65,65,65,65,65,75,75,75,75,75,75,75,75,75,75,75,75,75,75,75,75,75,75,75,75,75],"card_choices":[{"not_picked":["Slimebound:SplitAcid","Slimebound:ComboTackle"],"picked":"Slimebound:RejuvenatingLick","floor":2},{"not_picked":["Slimebound:FinishingTackle","Slimebound:BestDefense"],"picked":"Slimebound:SamplingLick","floor":4},{"not_picked":["Slimebound:Repurpose","Slimebound:RainOfGoop"],"picked":"Slimebound:LeechingTouch","floor":5},{"not_picked":["Slimebound:GoopTackle","Slimebound:SlimeSpikes","Slimebound:LeadByExample"],"picked":"Slimebound:Equalize","floor":6},{"not_picked":["Slimebound:SlimeSpikes","Slimebound:ItLooksTasty","Slimebound:Dissolve"],"picked":"Slimebound:Gluttony","floor":8},{"not_picked":["Slimebound:PressTheAttack","Slimebound:LivingWall","Slimebound:SlimeBarrage"],"picked":"Slimebound:SplitMire","floor":11},{"not_picked":["Slimebound:DisruptingSlam","Slimebound:Prepare","Slimebound:SpikyOuterGoop"],"picked":"Slimebound:GrowthPunch","floor":14},{"not_picked":["Slimebound:Replication","Slimebound:SplitLeeching","Slimebound:ForwardTackle"],"picked":"Slimebound:TongueLash","floor":15},{"not_picked":["Slimebound:MassRepurpose","Slimebound:OneTwoCombo","Slimebound:SlimeSlap"],"picked":"Slimebound:WasteNot","floor":16},{"not_picked":["Slimebound:Prepare+1","Slimebound:ItLooksTasty+1","Slimebound:LeechingTouch+1"],"picked":"Slimebound:LeechEnergy+1","floor":19},{"not_picked":["Slimebound:BestDefense","Slimebound:Grow","Slimebound:SlimeBrawl"],"picked":"Slimebound:LeadByExample","floor":22},{"not_picked":["Slimebound:SplitLeeching","Slimebound:GoopTackle+1","Slimebound:Repurpose"],"picked":"Slimebound:LivingWall+1","floor":26},{"not_picked":["Slimebound:SlimeTap","Slimebound:LivingWall","Slimebound:WasteNot"],"picked":"Slimebound:RainOfGoop","floor":28},{"not_picked":["Slimebound:Equalize+1","Slimebound:HauntingLick+1","Slimebound:SplitBruiser"],"picked":"Slimebound:Schlurp","floor":30},{"not_picked":["Slimebound:Repurpose+1","Slimebound:Prepare","Slimebound:SlimeSpikes+1"],"picked":"Slimebound:PressTheAttack+1","floor":31},{"not_picked":["Slimebound:ProtectTheBoss","Slimebound:FinishingTackle+1","Slimebound:GoopTackle+1"],"picked":"Slimebound:TongueLash+1","floor":32},{"not_picked":["Slimebound:Overexert","Slimebound:RallyTheTroops+1","Slimebound:SelfFormingGoo"],"picked":"Slimebound:OozeBath","floor":33}],"player_experience":76785,"relics_obtained":[{"floor":6,"key":"Oddly Smooth Stone"},{"floor":11,"key":"Kunai"},{"floor":13,"key":"Bottled Tornado"},{"floor":14,"key":"Darkstone Periapt"},{"floor":24,"key":"Molten Egg 2"}],"event_choices":[],"is_beta":false,"boss_relics":[{"not_picked":["Transparent","SacredBark"],"picked":"GreenFoldingFan"},{"not_picked":["Coffee Dripper","Busted Crown"],"picked":"Sozu"}],"items_purged_floors":[5,21],"is_endless":false,"potions_floor_spawned":[4,6,11,14,15,22,32,33],"killed_by":"Hallownest:2_Littles","ascension_level":0}}