{"host":"ihh4s6fv44n8dgh3","time":1612360278,"event":{"mods":["AchievementEnabler","Act Like it!","Aspiration","BaseMod","Better Match","Better Note","Better Third Choice","Better Vampires","BetterRewards","Block Reminder","Colored Powertips","Conspire","Downfall","Elementarium","Energized Spire","Friendly Minions","GifTheSpireLib","Halation","Hermit","Highlight Path","Infinite Spire","Jedi Mod","Jorbs\u0027s Wanderer Trilogy","Key Reminder","Magitek Elite","Minty Spire (QoL Compilation)","Permanent Neow","Shade Mod","Shop Mod","Spicy Shops","StSLib","Stuff the Spire","SuperFastMode","The Jungle","WarShipGirlsR/????R mod","Yohane!","Yuri Mod"],"gold_per_floor":[109,109,121,121,132,132,155,155,181,131,131,148,174,193,193,298,298,315,328,328,328,328,360,360,360,360,360,380,380,380,392,392,487,487,501,501,512,512,512,547,547,560,586,611,611,636,646,676,676,676,676,676,0,25,25],"floor_reached":56,"language":"ENG","playtime":7182,"items_purged":["rmod:strick","rmod:strick","rmod:defend","rmod:basicallowance","rmod:defend"],"score":1656,"play_id":"26751ad2-fcd1-4ba6-8674-d7040f470354","local_time":"20210203055118","is_ascension_mode":false,"campfire_choices":[{"data":"rmod:openingtorpedo","floor":6.0,"key":"SMITH"},{"data":"rmod:rockthrower","floor":8.0,"key":"SMITH"},{"data":"rmod:steelsupply","floor":15.0,"key":"SMITH"},{"data":"rmod:smokecover","floor":24.0,"key":"SMITH"},{"data":"rmod:aluminumsupply","floor":27.0,"key":"SMITH"},{"data":"rmod:acesubmarine","floor":30.0,"key":"SMITH"},{"data":"rmod:steelsupply","floor":32.0,"key":"SMITH"},{"data":"rmod:rockthrower","floor":41.0,"key":"SMITH"},{"floor":49.0,"key":"RECALL"},{"data":"rmod:timeschanged","floor":52.0,"key":"SMITH"}],"circlet_count":0,"master_deck":["rmod:maingunfire","rmod:goodsister","Mayhem","rmod:openingtorpedo+1","rmod:rockthrower+1","rmod:mineteam","infinitespire:Gouge","Self Repair","rmod:generalist","rmod:highspeedmaneuver+1","rmod:fletcherpendant","rmod:firesupport","rmod:steelsupply+1","rmod:seals","rmod:goodfighter+1","rmod:smokecover+1","rmod:aluminumsupply+1","rmod:rockthrower+1","rmod:acesubmarine+1","Transpose_P","rmod:steelsupply+1","rmod:timeschanged+1","rmod:victimresponsibility+1","rmod:fletcherpendant","StuffTheSpire:Brawn","rmod:fletcherpendant","rmod:firesupport+1","rmod:diamondstrike+1","rmod:maintain+1","rmod:sl+1","rmod:punchline","rmod:guardianhero+1"],"relics":["rmod:firstchargereward","StuffTheSpire:OldFever","conspire:TreasureMap","jedi:gremlinknob","Odd Mushroom","jedi:heavyjacket","Akabeko","StuffTheSpire:ModemDavis","Pear","Bottled Flame","infinitespire:ShieldingShard","infinitespire:Cupcake","StuffTheSpire:SapphireSignet","jedi:Pinwheel","Anchor","Toy Ornithopter","Lee\u0027s Waffle","StuffTheSpire:EmeraldSignet","Kunai"],"acts_visited":["Exordium","Exordium","TheBeyond","TheEnding"],"potions_floor_usage":[55,55],"damage_taken":[{"damage":0.0,"enemies":"Small Slimes","floor":1.0,"turns":4.0},{"damage":5.0,"enemies":"2 Louse","floor":3.0,"turns":2.0},{"damage":0.0,"enemies":"Cultist","floor":5.0,"turns":2.0},{"damage":11.0,"enemies":"The Mushroom Lair","floor":7.0,"turns":4.0},{"damage":0.0,"enemies":"Looter","floor":12.0,"turns":2.0},{"damage":6.0,"enemies":"3 Sentries","floor":13.0,"turns":5.0},{"damage":0.0,"enemies":"Large Slime","floor":14.0,"turns":3.0},{"damage":3.0,"enemies":"Hexaghost","floor":16.0,"turns":8.0},{"damage":2.0,"enemies":"theJungle:MUSHROOMGANG","floor":18.0,"turns":3.0},{"damage":1.0,"enemies":"theJungle:5_Spyders","floor":19.0,"turns":4.0},{"damage":0.0,"enemies":"theJungle:MamaSnecko","floor":23.0,"turns":5.0},{"damage":0.0,"enemies":"theJungle:JungleHuntersEncounter","floor":28.0,"turns":5.0},{"damage":0.0,"enemies":"theJungle:2_Flameangoes","floor":31.0,"turns":4.0},{"damage":0.0,"enemies":"theJungle:FunGuy","floor":33.0,"turns":9.0},{"damage":0.0,"enemies":"3 Shapes","floor":35.0,"turns":4.0},{"damage":0.0,"enemies":"Orb Walker","floor":37.0,"turns":1.0},{"damage":6.0,"enemies":"Reptomancer","floor":40.0,"turns":4.0},{"damage":0.0,"enemies":"Sphere and 2 Shapes","floor":42.0,"turns":3.0},{"damage":63.0,"enemies":"Nightmare","floor":44.0,"turns":8.0},{"damage":0.0,"enemies":"Reptomancer","floor":46.0,"turns":4.0},{"damage":10.0,"enemies":"3 Darklings","floor":47.0,"turns":3.0},{"damage":7.0,"enemies":"Giant Head","floor":48.0,"turns":5.0},{"damage":0.0,"enemies":"Time Eater","floor":50.0,"turns":5.0},{"damage":26,"enemies":"Shield and Spear","floor":54,"turns":7},{"damage":86,"enemies":"The Heart","floor":55,"turns":8}],"seed_played":"-946595351652247930","potions_obtained":[{"floor":5.0,"key":"Regen Potion"},{"floor":7.0,"key":"SpeedPotion"},{"floor":13.0,"key":"DuplicationPotion"},{"floor":35.0,"key":"LiquidBronze"}],"is_trial":false,"path_per_floor":["M","?","M","?","M","R","?","R","T","?","?","M","E","M","R","B",null,"M","M","?","AVR","T","E","R","?","T","R","M","?","R","M","R","B",null,"M","?","M","?","?","E","R","M","T","NM","?","E","M","E","R","B",null,"R","$","E","B",null],"character_chosen":"PRAEFECT","items_purchased":["StuffTheSpire:OldFever","conspire:TreasureMap","rmod:goodsister","Mayhem","rmod:openingtorpedo","Lee\u0027s Waffle","StuffTheSpire:EmeraldSignet"],"campfire_rested":0,"item_purchase_floors":[0,0,0,0,0,53,53],"current_hp_per_floor":[40,21,16,7,7,7,23,23,23,23,23,30,24,31,31,35,75,73,75,75,85,85,85,85,85,85,85,85,85,85,85,85,85,85,85,85,85,85,85,85,85,85,85,29,29,29,26,26,26,26,85,85,92,73,16],"gold":25,"neow_bonus":"","is_daily":false,"chose_seed":false,"campfire_upgraded":9,"win_rate":0.0,"timestamp":1612360278,"path_taken":["M","?","M","?","?","R","?","R","T","?","?","?","E","?","R","BOSS","M","?","?","AVR","?","E","R","?","T","R","M","?","R","M","R","BOSS","M","?","M","?","?","E","R","M","T","NM","?","E","M","E","R","BOSS","R","$","E","BOSS"],"items_purchased_type":["Relic","Relic","Card","Card","Card","Relic","Relic"],"build_version":"2020-12-22","purchased_purges":5,"victory":true,"max_hp_per_floor":[75,75,75,75,75,75,75,75,75,75,75,75,75,75,75,75,75,75,75,75,85,85,85,85,85,85,85,85,85,85,85,85,85,85,85,85,85,85,85,85,85,85,85,85,85,85,85,85,85,85,85,85,92,92,92],"card_choices":[{"not_picked":["rmod:ammunitionsupply","rmod:intelligenceanalysis"],"picked":"rmod:mineteam","floor":1.0},{"not_picked":["infinitespire:Execution","infinitespire:SealOfDarkness+"],"picked":"infinitespire:Gouge","floor":2.0},{"not_picked":["rmod:launchingtorpedo","rmod:luckystar","rmod:aviationdawn"],"picked":"SKIP","floor":3.0},{"not_picked":["rmod:bulid","rmod:firesupport"],"picked":"rmod:generalist","floor":5.0},{"not_picked":["rmod:goodfighter","rmod:circuitoustactics"],"picked":"rmod:highspeedmaneuver","floor":7.0},{"not_picked":["rmod:ring","rmod:aviationdawn"],"picked":"rmod:fletcherpendant","floor":12.0},{"not_picked":["rmod:chargemoney","rmod:supportescort"],"picked":"rmod:firesupport","floor":13.0},{"not_picked":["rmod:lonelyqueen","rmod:unsinkable"],"picked":"rmod:steelsupply","floor":14.0},{"not_picked":["rmod:u235","rmod:fletcher"],"picked":"rmod:seals","floor":16.0},{"not_picked":["rmod:luckystar+1","rmod:aluminumsupply"],"picked":"rmod:goodfighter+1","floor":18.0},{"not_picked":["rmod:luckystar","rmod:firesupport"],"picked":"rmod:smokecover","floor":19.0},{"not_picked":["rmod:capitalist","rmod:luckystar"],"picked":"rmod:aluminumsupply","floor":23.0},{"not_picked":["rmod:garrisonisland","rmod:tearstotiara"],"picked":"rmod:acesubmarine","floor":28.0},{"not_picked":["rmod:tearstotiara","rmod:unsinkable"],"picked":"rmod:steelsupply","floor":31.0},{"not_picked":["rmod:highspeedmaneuver","rmod:u235"],"picked":"rmod:timeschanged","floor":33.0},{"not_picked":["rmod:slowdown","rmod:firesupport"],"picked":"rmod:victimresponsibility+1","floor":35.0},{"not_picked":["rmod:circuitoustactics","rmod:tearstotiara+1"],"picked":"rmod:fletcherpendant","floor":37.0},{"not_picked":["StuffTheSpire:Vigor","StuffTheSpire:Perfection"],"picked":"StuffTheSpire:Brawn","floor":39.0},{"not_picked":["rmod:maintain","rmod:capitalist+1"],"picked":"rmod:fletcherpendant","floor":40.0},{"not_picked":["rmod:circuitoustactics+1","rmod:tearstotiara"],"picked":"rmod:firesupport+1","floor":42.0},{"not_picked":["rmod:spoils+1","rmod:ring"],"picked":"rmod:diamondstrike+1","floor":44.0},{"not_picked":["rmod:tearstotiara+1","rmod:selfconfidence"],"picked":"rmod:maintain+1","floor":46.0},{"not_picked":["rmod:aviationdawn","rmod:slowdown"],"picked":"rmod:sl+1","floor":47.0},{"not_picked":["rmod:fletcher","rmod:diamondstrike+1"],"picked":"rmod:punchline","floor":48.0},{"not_picked":["rmod:tearstotiara+1","rmod:lonelyqueen+1"],"picked":"rmod:guardianhero+1","floor":54}],"player_experience":367276,"relics_obtained":[{"floor":7.0,"key":"Odd Mushroom"},{"floor":9.0,"key":"jedi:heavyjacket"},{"floor":13.0,"key":"Akabeko"},{"floor":22.0,"key":"Bottled Flame"},{"floor":23.0,"key":"infinitespire:ShieldingShard"},{"floor":26.0,"key":"Juzu Bracelet"},{"floor":40.0,"key":"StuffTheSpire:SapphireSignet"},{"floor":44.0,"key":"jedi:Pinwheel"},{"floor":46.0,"key":"Anchor"},{"floor":48.0,"key":"Toy Ornithopter"},{"floor":54,"key":"Kunai"}],"event_choices":[{"damage_healed":0.0,"max_hp_gain":0.0,"max_hp_loss":0.0,"gold_gain":0.0,"event_name":"betterThird:BetterScrap","player_choice":"Card ","floor":4.0,"gold_loss":0.0,"damage_taken":9.0,"cards_obtained":["Self Repair"]},{"damage_healed":0.0,"max_hp_gain":0.0,"max_hp_loss":0.0,"gold_gain":0.0,"event_name":"Mushrooms","player_choice":"Fought Mushrooms","floor":7.0,"gold_loss":0.0,"damage_taken":0.0},{"cards_removed":["rmod:defend"],"damage_healed":0.0,"max_hp_gain":0.0,"max_hp_loss":0.0,"gold_gain":0.0,"event_name":"The Cleric","player_choice":"Card Removal","floor":10.0,"gold_loss":50.0,"damage_taken":0.0},{"damage_healed":0.0,"max_hp_gain":0.0,"max_hp_loss":0.0,"gold_gain":0.0,"event_name":"Accursed Blacksmith","player_choice":"Forge","floor":11.0,"gold_loss":0.0,"damage_taken":0.0,"cards_upgraded":["rmod:highspeedmaneuver"]},{"cards_removed":["rmod:strick"],"damage_healed":0.0,"max_hp_gain":0.0,"max_hp_loss":0.0,"gold_gain":0.0,"event_name":"Purifier","player_choice":"Purged","floor":20.0,"gold_loss":0.0,"damage_taken":0.0},{"damage_healed":0.0,"max_hp_gain":0.0,"max_hp_loss":0.0,"gold_gain":0.0,"cards_transformed":["rmod:strick"],"event_name":"Transmorgrifier","player_choice":"Transformed","floor":25.0,"gold_loss":0.0,"damage_taken":0.0,"cards_obtained":["rmod:rockthrower"]},{"cards_removed":["Mayhem"],"damage_healed":0.0,"max_hp_gain":0.0,"max_hp_loss":0.0,"gold_gain":0.0,"event_name":"betterNote:BetterNote","player_choice":"Take \u0026 Give","floor":29.0,"gold_loss":0.0,"damage_taken":0.0,"cards_obtained":["Transpose_P"]},{"cards_removed":["rmod:defend"],"damage_healed":0.0,"max_hp_gain":0.0,"max_hp_loss":0.0,"gold_gain":0.0,"event_name":"Falling","player_choice":"Removed Skill","floor":36.0,"gold_loss":0.0,"damage_taken":0.0},{"damage_healed":0.0,"max_hp_gain":0.0,"max_hp_loss":0.0,"gold_gain":0.0,"event_name":"Lab","player_choice":"Got Potions","floor":38.0,"gold_loss":0.0,"damage_taken":0.0},{"damage_healed":0.0,"max_hp_gain":0.0,"max_hp_loss":0.0,"gold_gain":0.0,"event_name":"The Woman in Blue","player_choice":"Bought 0 Potions","floor":45.0,"gold_loss":0.0,"damage_taken":0.0}],"is_beta":false,"boss_relics":[{"not_picked":["energizedSpire:RedRose","Runic Pyramid"],"picked":"StuffTheSpire:ModemDavis"},{"not_picked":["Velvet Choker","halation:Yufonium"],"picked":"infinitespire:Cupcake"}],"items_purged_floors":[0,0,21,53,53],"is_endless":false,"potions_floor_spawned":[5,7,13,18,19,35,37,47,54],"ascension_level":0}}