{"host":"u1ja96cwu1wu8jpx","time":1612385231,"event":{"mods":["BaseMod","Better Match","Colored Map","Minty Spire (QoL Compilation)","Permanent Neow","StSLib"],"gold_per_floor":[13,13,13,88,38,67,67,93,161,161,161],"floor_reached":10,"language":"ENG","playtime":651,"items_purged":[],"score":76,"play_id":"6c703635-535c-458c-9b61-bbb529970fc8","local_time":"20210203154711","is_ascension_mode":true,"campfire_choices":[{"floor":7,"key":"REST"}],"circlet_count":0,"master_deck":["Strike_G","Strike_G","Strike_G","Defend_G","Defend_G","Defend_G","Survivor","Neutralize","Poisoned Stab","Outmaneuver","Poisoned Stab"],"relics":["Ring of the Snake","Eternal Feather","Boot","Singing Bowl"],"acts_visited":["Exordium"],"potions_floor_usage":[],"damage_taken":[{"damage":0,"enemies":"Small Slimes","floor":1,"turns":4},{"damage":38,"enemies":"3 Sentries","floor":6,"turns":15},{"damage":38,"enemies":"Lagavulin","floor":8,"turns":11},{"damage":26,"enemies":"Gremlin Nob","floor":10,"turns":4}],"seed_played":"-7992788280808199069","potions_obtained":[],"is_trial":false,"path_per_floor":["M","?","?","?","?","E","R","E","T","E"],"character_chosen":"THE_SILENT","items_purchased":[],"campfire_rested":1,"item_purchase_floors":[],"current_hp_per_floor":[70,70,75,64,64,26,54,16,16,0,0],"gold":161,"neow_bonus":"REMOVE_TWO","is_daily":false,"chose_seed":false,"campfire_upgraded":0,"win_rate":0.0,"timestamp":1612385231,"path_taken":["M","?","?","?","?","E","R","E","T","E"],"items_purchased_type":[],"build_version":"2020-12-22","purchased_purges":0,"victory":false,"max_hp_per_floor":[70,70,75,75,75,75,75,75,75,75,75],"card_choices":[{"not_picked":["Quick Slash","Sucker Punch"],"picked":"Poisoned Stab","floor":1},{"not_picked":["Leg Sweep","Blade Dance"],"picked":"Outmaneuver","floor":6},{"not_picked":["Predator","Tactician"],"picked":"Poisoned Stab","floor":8}],"player_experience":460469,"relics_obtained":[{"floor":6,"key":"Eternal Feather"},{"floor":8,"key":"Boot"},{"floor":9,"key":"Singing Bowl"}],"event_choices":[{"cards_removed":["Strike_G"],"damage_healed":0,"gold_gain":0,"player_choice":"Forget","damage_taken":0,"max_hp_gain":0,"max_hp_loss":0,"event_name":"Living Wall","floor":2,"gold_loss":0},{"damage_healed":0,"gold_gain":0,"player_choice":"Donut","damage_taken":0,"max_hp_gain":5,"max_hp_loss":0,"event_name":"Big Fish","floor":3,"gold_loss":0},{"damage_healed":0,"gold_gain":75,"player_choice":"Gather Gold","damage_taken":11,"max_hp_gain":0,"max_hp_loss":0,"event_name":"World of Goop","floor":4,"gold_loss":0},{"cards_removed":["Defend_G"],"damage_healed":0,"gold_gain":0,"player_choice":"Card Removal","damage_taken":0,"max_hp_gain":0,"max_hp_loss":0,"event_name":"The Cleric","floor":5,"gold_loss":50}],"is_beta":false,"boss_relics":[],"items_purged_floors":[],"is_endless":false,"potions_floor_spawned":[],"killed_by":"Gremlin Nob","ascension_level":1}}