{"host":"gk336il5jfnqajsw","time":1612350122,"event":{"mods":["2.2 Compatiblity","AchievementEnabler","BaseMod","Colored Powertips","Minty Spire (QoL Compilation)","Relic Stats","StSLib"],"gold_per_floor":[110,110,110,65,65,97,97,117,144,158,177,211,161,188,188,285,285,298,223,242,167,167,67,67,67,67],"floor_reached":25,"language":"ENG","playtime":934,"items_purged":["Zap","Shame"],"score":257,"play_id":"e2dee6d1-194e-486e-a7be-7f0f9d8167fb","local_time":"20210203040202","is_ascension_mode":false,"campfire_choices":[{"data":"Heatsinks","floor":7,"key":"SMITH"},{"data":"Blizzard","floor":15,"key":"SMITH"},{"floor":24,"key":"REST"}],"circlet_count":0,"master_deck":["Strike_B","Strike_B+1","Defend_B","Defend_B","Defend_B","Defend_B","Dualcast","Heatsinks+1","Coolheaded+1","Coolheaded+1","Redo","Blizzard+1","Storm","Buffer","Consume","Coolheaded"],"relics":["Cracked Core","NeowsBlessing","Letter Opener","Vajra","Toy Ornithopter","Odd Mushroom","Inserter","Prayer Wheel"],"acts_visited":["Exordium","TheCity"],"potions_floor_usage":[1,12,16,16],"damage_taken":[{"damage":0,"enemies":"2 Louse","floor":1,"turns":1},{"damage":0,"enemies":"3 Sentries","floor":6,"turns":1},{"damage":0,"enemies":"Small Slimes","floor":8,"turns":1},{"damage":0,"enemies":"Cultist","floor":10,"turns":3},{"damage":7,"enemies":"Exordium Wildlife","floor":11,"turns":4},{"damage":0,"enemies":"Lagavulin","floor":12,"turns":10},{"damage":17,"enemies":"The Mushroom Lair","floor":14,"turns":4},{"damage":20,"enemies":"The Guardian","floor":16,"turns":11},{"damage":12,"enemies":"3 Byrds","floor":18,"turns":7},{"damage":34,"enemies":"2 Thieves","floor":19,"turns":5},{"damage":17,"enemies":"Snake Plant","floor":20,"turns":6},{"damage":38,"enemies":"Slavers","floor":25,"turns":3}],"seed_played":"2552810531775163314","potions_obtained":[{"floor":1,"key":"Fruit Juice"},{"floor":10,"key":"PowerPotion"},{"floor":11,"key":"FearPotion"},{"floor":14,"key":"SpeedPotion"},{"floor":20,"key":"Explosive Potion"}],"is_trial":false,"path_per_floor":["M","?","?","$","?","E","R","M","T","M","M","E","?","?","R","B",null,"M","M","M","$","?","$","R","E"],"character_chosen":"DEFECT","items_purchased":["Coolheaded"],"campfire_rested":1,"item_purchase_floors":[4],"current_hp_per_floor":[80,80,64,64,64,64,64,64,64,64,57,57,57,40,40,30,80,68,34,17,17,17,17,41,3,3],"gold":67,"neow_bonus":"THREE_ENEMY_KILL","is_daily":false,"chose_seed":false,"campfire_upgraded":2,"win_rate":0.0,"timestamp":1612350122,"path_taken":["M","?","?","$","?","E","R","M","T","?","M","E","?","?","R","BOSS","M","M","M","$","?","$","R","E"],"items_purchased_type":["Card"],"build_version":"2020-12-22","purchased_purges":2,"victory":false,"max_hp_per_floor":[80,80,80,80,80,80,80,80,80,80,80,80,80,80,80,80,80,80,80,80,80,80,80,80,80,80],"relic_stats":{"Inserter":[10],"counters":[12,56],"Prayer Wheel":0,"Letter Opener":[169],"obtain_stats":[{"Inserter":17,"NeowsBlessing":0,"Vajra":9,"Prayer Wheel":22,"Letter Opener":6,"Odd Mushroom":14,"Cracked Core":0,"Toy Ornithopter":12},{"Inserter":8,"NeowsBlessing":0,"Vajra":3,"Prayer Wheel":11,"Letter Opener":2,"Odd Mushroom":7,"Cracked Core":0,"Toy Ornithopter":6},{"Inserter":35,"NeowsBlessing":0,"Vajra":3,"Prayer Wheel":53,"Letter Opener":2,"Odd Mushroom":24,"Cracked Core":0,"Toy Ornithopter":20}],"Toy Ornithopter":10},"card_choices":[{"not_picked":["Fusion","Sunder"],"picked":"Heatsinks","floor":1},{"not_picked":["Cold Snap","Rebound","Melter"],"picked":"SKIP","floor":6},{"not_picked":["Fusion","Hologram"],"picked":"Redo","floor":8},{"not_picked":["Stack","Conserve Battery","Leap"],"picked":"SKIP","floor":10},{"not_picked":["Coolheaded","Ball Lightning"],"picked":"Blizzard","floor":11},{"not_picked":["Hologram","BootSequence","Recycle"],"picked":"SKIP","floor":12},{"not_picked":["Beam Cell","Capacitor"],"picked":"Storm","floor":14},{"not_picked":["Reboot","Machine Learning"],"picked":"Buffer","floor":16},{"not_picked":["Beam Cell+1","Static Discharge+1"],"picked":"Consume","floor":18},{"not_picked":["Steam+1","Reinforced Body"],"picked":"Coolheaded","floor":19},{"not_picked":["Hologram","Conserve Battery","Compile Driver"],"picked":"SKIP","floor":20}],"player_experience":568142,"relics_obtained":[{"floor":6,"key":"Letter Opener"},{"floor":9,"key":"Vajra"},{"floor":12,"key":"Toy Ornithopter"},{"floor":14,"key":"Odd Mushroom"}],"event_choices":[{"damage_healed":0,"gold_gain":0,"cards_transformed":["Strike_B"],"player_choice":"Change","damage_taken":0,"max_hp_gain":0,"max_hp_loss":0,"event_name":"Living Wall","floor":2,"gold_loss":0,"cards_obtained":["Coolheaded"]},{"damage_healed":0,"gold_gain":0,"player_choice":"Entered Light","damage_taken":16,"max_hp_gain":0,"max_hp_loss":0,"event_name":"Shining Light","floor":3,"gold_loss":0,"cards_upgraded":["Strike_B","Coolheaded"]},{"damage_healed":0,"gold_gain":0,"player_choice":"Upgraded","damage_taken":0,"max_hp_gain":0,"max_hp_loss":0,"event_name":"Upgrade Shrine","floor":5,"gold_loss":0,"cards_upgraded":["Coolheaded"]},{"cards_removed":["Strike_B"],"damage_healed":0,"gold_gain":0,"player_choice":"Card Removal","damage_taken":0,"max_hp_gain":0,"max_hp_loss":0,"event_name":"The Cleric","floor":13,"gold_loss":50},{"damage_healed":0,"gold_gain":0,"player_choice":"Fought Mushrooms","damage_taken":0,"max_hp_gain":0,"max_hp_loss":0,"event_name":"Mushrooms","floor":14,"gold_loss":0},{"damage_healed":0,"gold_gain":0,"player_choice":"Stole Relic","damage_taken":0,"relics_obtained":["Prayer Wheel"],"max_hp_gain":0,"max_hp_loss":0,"event_name":"Addict","floor":22,"gold_loss":0,"cards_obtained":["Shame"]}],"is_beta":false,"boss_relics":[{"not_picked":["Fusion Hammer","SacredBark"],"picked":"Inserter"}],"items_purged_floors":[21,23],"is_endless":false,"potions_floor_spawned":[1,10,11,14,20],"killed_by":"Slavers","ascension_level":0}}