{"host":"iejw1f7ltal95128","time":1612312271,"event":{"mods":["2.2 Compatiblity","AchievementEnabler","Act Like it!","BaseMod","Bestiary","Better Note","Better Sensory Stone","Better Third Choice","BetterRewards","Booster Modes","Card Forge","Colored Powertips","Energized Spire","Gremlin Skip","Minty Spire (QoL Compilation)","Pale of the Ancients","Permanent Neow","Relic Sorter","Replay The Spire","Shop Mod","StSLib","Unknown Chances","UnlockEverythingMod"],"gold_per_floor":[118,138,153,165,175,205,205,217,217,217,217,217,227,227,227,304,304,317,36,36,55,55,55],"floor_reached":22,"language":"ENG","playtime":1916,"items_purged":[],"score":576,"play_id":"2b2f6548-9f0a-4aec-a9ac-735f990e44e1","local_time":"20210202203111","is_ascension_mode":true,"campfire_choices":[{"floor":7,"key":"REST"},{"data":"Bash","floor":10,"key":"SMITH"},{"data":"Berserk","floor":12,"key":"SMITH"},{"data":"Demonic Infusion","floor":15,"key":"SMITH"}],"circlet_count":0,"master_deck":["AscendersBane","Strike_R","Strike_R","Defend_R","Defend_R","Defend_R","Bash+1","Immolate","Demonic Infusion+1","Immolate+1","Second Wind","Shrug It Off","Anger","Limit Break","Berserk+1","Fire Breathing","Demon Form","Intimidate+1","Seeing Red"],"relics":["Burning Blood","Hammer of Thor","Seething Fire","Anvil of the Gods","Replay:PocketPolymizer","Dead Branch","Bag of Preparation","Orrery","Replay:Wax Seal","WingedGreaves","energizedSpire:CursedPentagram","Replay:Bottled Snecko"],"acts_visited":["Exordium","TheCity"],"potions_floor_usage":[6,13,16,22],"damage_taken":[{"damage":0.0,"enemies":"Small Slimes","floor":1.0,"turns":1.0},{"damage":1.0,"enemies":"Cultist","floor":2.0,"turns":3.0},{"damage":9.0,"enemies":"Jaw Worm","floor":3.0,"turns":5.0},{"damage":12.0,"enemies":"Looter","floor":4.0,"turns":2.0},{"damage":17.0,"enemies":"Exordium Thugs","floor":5.0,"turns":3.0},{"damage":23,"enemies":"Lagavulin","floor":6,"turns":7},{"damage":8,"enemies":"2 Fungi Beasts","floor":8,"turns":3},{"damage":3,"enemies":"Blue Slaver","floor":13,"turns":2},{"damage":36,"enemies":"Hexaghost","floor":16,"turns":8},{"damage":35,"enemies":"Shell Parasite","floor":18,"turns":4},{"damage":28,"enemies":"Spheric Guardian","floor":21,"turns":5},{"damage":15,"enemies":"Snecko","floor":22,"turns":3}],"seed_played":"6907726916830790513","potions_obtained":[{"floor":5.0,"key":"BlessingOfTheForge"},{"floor":8,"key":"DuplicationPotion"},{"floor":11,"key":"PowerPotion"},{"floor":16,"key":"Strength Potion"},{"floor":18,"key":"ColorlessPotion"}],"is_trial":false,"path_per_floor":["M","M","M","M","M","E","R","M","T","R","?","R","M","?","R","B",null,"M","$","?","M","M"],"character_chosen":"IRONCLAD","items_purchased":["Dead Branch","Bag of Preparation","Orrery","Replay:Bottled Snecko"],"campfire_rested":1,"item_purchase_floors":[0,0,0,19],"current_hp_per_floor":[39,44,41,35,24,7,29,27,27,27,27,27,30,55,55,25,63,34,34,34,12,0,0],"gold":55,"neow_bonus":"","is_daily":false,"chose_seed":false,"campfire_upgraded":3,"win_rate":0.0,"timestamp":1612312271,"path_taken":["M","M","M","M","M","E","R","M","T","R","?","R","?","?","R","BOSS","M","$","?","M","M"],"items_purchased_type":["Relic","Relic","Relic","Relic"],"build_version":"2020-12-22","purchased_purges":0,"victory":false,"max_hp_per_floor":[75,75,75,75,75,75,75,75,75,75,75,75,75,75,75,75,75,75,75,75,75,75,75],"card_choices":[{"not_picked":["Shockwave","Iron Wave"],"picked":"Immolate","floor":0.0},{"not_picked":["Flex","Perfected Strike"],"picked":"Demonic Infusion","floor":0.0},{"not_picked":["ReplayTheSpireMod:LeadingStrike","Headbutt"],"picked":"Immolate","floor":0.0},{"not_picked":["Wild Strike","True Grit","Spot Weakness"],"picked":"SKIP","floor":1.0},{"not_picked":["Run Through","ReplayTheSpireMod:Limb From Limb","Warcry"],"picked":"SKIP","floor":2.0},{"not_picked":["Iron Wave","Abandon"],"picked":"Second Wind","floor":3.0},{"not_picked":["Flex","Combust","Infernal Blade"],"picked":"SKIP","floor":4.0},{"not_picked":["ReplayTheSpireMod:Strike From Hell","Headbutt","Uppercut"],"picked":"SKIP","floor":5.0},{"not_picked":["Sentinel","Anger"],"picked":"Shrug It Off","floor":6},{"not_picked":["Havoc","Whirlwind","Replay:Undeath\u0027s Touch"],"picked":"SKIP","floor":8},{"not_picked":["Clash","Havoc","Sword Boomerang"],"picked":"SKIP","floor":13},{"not_picked":["Impervious","Replay:Many Hands"],"picked":"Demon Form","floor":16},{"not_picked":["Pommel Strike","Seeing Red"],"picked":"Intimidate+1","floor":18},{"not_picked":["Armaments","Iron Wave"],"picked":"Seeing Red","floor":21}],"player_experience":437258,"relics_obtained":[{"floor":6,"key":"Replay:Wax Seal"},{"floor":9,"key":"WingedGreaves"}],"event_choices":[{"damage_healed":0,"gold_gain":0,"player_choice":"Got Potions","damage_taken":0,"max_hp_gain":0,"max_hp_loss":0,"event_name":"Lab","floor":11,"gold_loss":0},{"damage_healed":25,"gold_gain":0,"player_choice":"Banana","damage_taken":0,"max_hp_gain":0,"max_hp_loss":0,"event_name":"Big Fish","floor":14,"gold_loss":0},{"damage_healed":0,"gold_gain":0,"player_choice":"Forge","damage_taken":0,"max_hp_gain":0,"max_hp_loss":0,"event_name":"Accursed Blacksmith","floor":20,"gold_loss":0,"cards_upgraded":["Immolate"]}],"is_beta":false,"boss_relics":[{"not_picked":["Replay:Bronze Core","ReplayTheSpireMod:DimensionalGlitch"],"picked":"energizedSpire:CursedPentagram"}],"items_purged_floors":[],"is_endless":false,"potions_floor_spawned":[5,8,16,18],"killed_by":"Snecko","ascension_level":20}}