{"host":"2hlhnd4tei6r1t0s","time":1612334218,"event":{"mods":["100% Spire Juice","ATMod(阿瑾Mod)","Act Like it!","Arknights","Aspiration","Astrologer","Bard","BaseMod","Chen","Conspire","Downfall","Energized Spire","Evolution","Gensokyo","Gremlin Mod","GungeonMod","Hallownest","HololiveMod","HumanHunterMod(怪物杀人mod)","Jedi Mod","Jorbs\u0027s Wanderer Trilogy","KinomotoSakuraMod(木之本樱)","Koishi","Luminous","Mari Mod (Legacy)","Mari\u0027s V1 Patch","Minty Spire (QoL Compilation)","MostiFishMod","Pale of the Ancients","Potionbrewer","Prisma Mod","Quick Restart","Reimu（博丽灵梦）","Reliquary","Replay The Spire","Robot Space Explorer","RumiaBox-露米娅的神秘盒子","StSLib","TestMod","The Administrix","The Alterego","The Animator","The Blackbeard","The Construct","The Cursed","The Forsaken","The Gatherer","The Hayseed","The Jungle","The Mystic","The Runesmith","The Saiyan","The Senshi","The Showman","TheHeartMod","TheWitcher","Uncapped","WarShipGirlsR/战舰少女R mod","Yakumo Yukari mod","[GremlinLeader]The Maniac","[IsaacMod]以撒尖塔","noobMod","【功能Mod】混沌之环修复补丁","【功能Mod】聪明的最终Boss","【遗物卡牌】REMEMod","残留之物","篝火指南"],"gold_per_floor":[997483],"floor_reached":0,"language":"ZHS","playtime":0,"items_purged":[],"score":25,"play_id":"4ae64a5c-79b9-4b93-8d31-c441295d2433","local_time":"20210203143658","is_ascension_mode":false,"campfire_choices":[],"circlet_count":0,"master_deck":["PrismaMod:IllyaStunPoison","PrismaMod:IllyaCommonDefend","PrismaMod:IllyaAOECommonAttack","PrismaMod:IllyaAOECommonAttack","PrismaMod:IllyaCommonDefend","PrismaMod:IllyaBerserCAR","PrismaMod:IllyaCommonAttack","PrismaMod:IllyaUncommonAttack","MostiFishMod:404NotFound","AT_EssenceShift","stsjorbsmod:TrueStrike","Luminous:Light_Sylvan_Lance","testmod-Recap","PrismaMod:IllyaTestament","PrismaMod:IllyaCheapDefend","PrismaMod:IllyaCommonEvoke","PrismaMod:IllyaCheapChannelPoison","PrismaMod:IllyaStunPoison"],"relics":[],"acts_visited":["Exordium"],"potions_floor_usage":[],"damage_taken":[],"seed_played":"-4457306639995536402","potions_obtained":[],"is_trial":false,"path_per_floor":[],"character_chosen":"ILLYA","items_purchased":[],"campfire_rested":0,"item_purchase_floors":[],"current_hp_per_floor":[16],"gold":997483,"neow_bonus":"","is_daily":false,"chose_seed":false,"campfire_upgraded":0,"win_rate":0.0,"timestamp":1612334218,"path_taken":[],"items_purchased_type":[],"build_version":"2020-12-22","purchased_purges":0,"victory":false,"max_hp_per_floor":[104],"card_choices":[],"player_experience":184507,"relics_obtained":[],"event_choices":[],"is_beta":false,"boss_relics":[],"items_purged_floors":[],"is_endless":false,"potions_floor_spawned":[],"killed_by":"Slime Boss","ascension_level":0}}