{"host":"t7mx8yfj1no5p62f","time":1612328609,"event":{"mods":["BaseMod","Colored Map","Colored Powertips","Curses Come First","Minty Spire (QoL Compilation)","Relic Stats","StSLib"],"gold_per_floor":[16,29,43,43,43,43,59,86,131,131,162,162,162,183,183,273,273,289,307,15,35,35,35,50,50,74,89,89,108,151,76,76,175,175,193,193,27,27,52,52,327,340,340,340,355,379,398,439,439,439,439,439],"floor_reached":51,"language":"ENG","playtime":2936,"items_purged":[],"score":1343,"play_id":"dd70afe4-2000-4c37-be75-e330a467103b","local_time":"20210203000329","is_ascension_mode":true,"campfire_choices":[{"data":"Ball Lightning","floor":6,"key":"SMITH"},{"data":"Rip and Tear","floor":13,"key":"SMITH"},{"data":"Cold Snap","floor":15,"key":"SMITH"},{"data":"Defragment","floor":23,"key":"SMITH"},{"data":"Defragment","floor":28,"key":"SMITH"},{"data":"Consume","floor":32,"key":"SMITH"},{"data":"Buffer","floor":40,"key":"SMITH"},{"data":"Chill","floor":44,"key":"SMITH"},{"floor":49,"key":"RECALL"}],"circlet_count":0,"master_deck":["AscendersBane","Defend_B","Defend_B","Defend_B","Zap","Dualcast","Self Repair","Conserve Battery","Compile Driver","Chill+1","Ball Lightning+1","Rip and Tear+1","Cold Snap+1","Biased Cognition","CurseOfTheBell","Go for the Eyes","Defragment+1","Defragment+1","Coolheaded","Consume+1","Buffer+1","Regret","Redo+1"],"relics":["Cracked Core","WarpedTongs","Cables","Bag of Preparation","Golden Idol","Bag of Marbles","Calling Bell","Potion Belt","InkBottle","Gambling Chip","Runic Capacitor","Toy Ornithopter","Cursed Key","Membership Card","PreservedInsect"],"acts_visited":["Exordium","TheCity","TheBeyond"],"potions_floor_usage":[29,45,50],"damage_taken":[{"damage":4,"enemies":"Jaw Worm","floor":1,"turns":4},{"damage":6,"enemies":"2 Louse","floor":2,"turns":4},{"damage":0,"enemies":"Cultist","floor":3,"turns":4},{"damage":4,"enemies":"Looter","floor":7,"turns":3},{"damage":23,"enemies":"3 Sentries","floor":8,"turns":8},{"damage":39,"enemies":"Lagavulin","floor":11,"turns":6},{"damage":0,"enemies":"Blue Slaver","floor":14,"turns":2},{"damage":9,"enemies":"Hexaghost","floor":16,"turns":9},{"damage":15,"enemies":"Shell Parasite","floor":18,"turns":6},{"damage":0,"enemies":"Chosen","floor":19,"turns":3},{"damage":2,"enemies":"Snecko","floor":21,"turns":4},{"damage":0,"enemies":"Centurion and Healer","floor":24,"turns":7},{"damage":10,"enemies":"Snake Plant","floor":27,"turns":3},{"damage":3,"enemies":"Shelled Parasite and Fungi","floor":29,"turns":3},{"damage":4,"enemies":"Book of Stabbing","floor":30,"turns":6},{"damage":23,"enemies":"Collector","floor":33,"turns":13},{"damage":19,"enemies":"3 Darklings","floor":35,"turns":5},{"damage":0,"enemies":"Orb Walker","floor":39,"turns":4},{"damage":0,"enemies":"3 Darklings","floor":42,"turns":5},{"damage":4,"enemies":"Writhing Mass","floor":45,"turns":7},{"damage":3,"enemies":"Transient","floor":46,"turns":6},{"damage":0,"enemies":"Maw","floor":47,"turns":7},{"damage":8,"enemies":"Nemesis","floor":48,"turns":9},{"damage":63,"enemies":"Donu and Deca","floor":50,"turns":16},{"damage":32,"enemies":"Time Eater","floor":51,"turns":14}],"seed_played":"7502339977759250033","potions_obtained":[{"floor":3,"key":"FairyPotion"},{"floor":11,"key":"LiquidMemories"},{"floor":14,"key":"Fire Potion"},{"floor":19,"key":"SteroidPotion"},{"floor":29,"key":"Dexterity Potion"},{"floor":39,"key":"DistilledChaos"},{"floor":42,"key":"Swift Potion"},{"floor":45,"key":"PotionOfCapacity"}],"is_trial":false,"path_per_floor":["M","M","M","?","?","R","M","E","T","?","E","?","R","M","R","B",null,"M","M","$","M","?","R","M","?","T","M","R","M","E","?","R","B",null,"M","?","$","$","M","R","?","M","T","R","M","M","M","E","R","B","B"],"character_chosen":"DEFECT","items_purchased":["Runic Capacitor","Defragment","Explosive Potion","Membership Card"],"campfire_rested":0,"item_purchase_floors":[20,20,20,37],"current_hp_per_floor":[67,68,71,64,64,64,70,57,57,33,28,28,28,38,38,39,63,48,58,58,63,63,63,71,71,71,71,71,71,71,71,71,58,68,59,59,59,59,59,59,59,59,59,59,67,71,71,70,70,19,0,0],"gold":439,"neow_bonus":"TRANSFORM_TWO_CARDS","is_daily":false,"chose_seed":false,"campfire_upgraded":8,"win_rate":0.0,"timestamp":1612328609,"path_taken":["M","M","M","?","?","R","?","E","T","?","E","?","R","M","R","BOSS","M","M","$","M","?","R","M","?","T","M","R","?","E","?","R","BOSS","M","?","?","$","M","R","?","?","T","R","M","M","M","E","R","BOSS","BOSS"],"items_purchased_type":["Relic","Card","Potion","Relic"],"build_version":"2020-12-22","purchased_purges":0,"victory":false,"max_hp_per_floor":[71,71,71,71,71,71,71,71,71,71,71,71,71,71,71,71,71,71,71,71,71,71,71,71,71,71,71,71,71,71,71,71,71,71,71,71,71,71,71,71,71,71,71,71,71,71,71,71,71,71,71,71],"relic_stats":{"counters":[25,158],"Golden Idol":129,"Gambling Chip":[68],"PreservedInsect":0,"Bag of Preparation":[40],"Cursed Key":0,"obtain_stats":[{"Potion Belt":17,"Golden Idol":10,"PreservedInsect":48,"Bag of Preparation":9,"Runic Capacitor":20,"Cursed Key":34,"WarpedTongs":5,"Cables":8,"Calling Bell":17,"Gambling Chip":17,"Bag of Marbles":11,"Membership Card":37,"Cracked Core":0,"InkBottle":17,"Toy Ornithopter":30},{"Potion Belt":8,"Golden Idol":5,"PreservedInsect":23,"Bag of Preparation":5,"Runic Capacitor":10,"Cursed Key":16,"WarpedTongs":3,"Cables":5,"Calling Bell":8,"Gambling Chip":8,"Bag of Marbles":6,"Membership Card":17,"Cracked Core":0,"InkBottle":8,"Toy Ornithopter":15},{"Potion Belt":40,"Golden Idol":23,"PreservedInsect":128,"Bag of Preparation":23,"Runic Capacitor":49,"Cursed Key":85,"WarpedTongs":12,"Cables":23,"Calling Bell":40,"Gambling Chip":40,"Bag of Marbles":29,"Membership Card":90,"Cracked Core":0,"InkBottle":40,"Toy Ornithopter":72}],"InkBottle":[41],"Toy Ornithopter":10,"WarpedTongs":[127],"Cables":[128,66,62,0,0]},"card_choices":[{"not_picked":["Turbo","Coolheaded"],"picked":"Compile Driver","floor":1},{"not_picked":["Force Field","Fusion"],"picked":"Chill","floor":2},{"not_picked":["Hologram","Buffer"],"picked":"Ball Lightning","floor":3},{"not_picked":["Ball Lightning","Beam Cell"],"picked":"Rip and Tear","floor":7},{"not_picked":["Gash","Go for the Eyes","Chaos"],"picked":"SKIP","floor":8},{"not_picked":["Redo","All For One","Go for the Eyes"],"picked":"SKIP","floor":11},{"not_picked":["Rip and Tear","Gash"],"picked":"Cold Snap","floor":14},{"not_picked":["Hyperbeam","Buffer"],"picked":"Biased Cognition","floor":16},{"not_picked":["Streamline+1","Beam Cell"],"picked":"Go for the Eyes","floor":18},{"not_picked":["Go for the Eyes","Gash","Beam Cell"],"picked":"SKIP","floor":19},{"not_picked":["Hello World","Gash"],"picked":"Defragment","floor":21},{"not_picked":["Steam","Barrage","Beam Cell+1"],"picked":"SKIP","floor":24},{"not_picked":["Compile Driver","Streamline","Double Energy"],"picked":"SKIP","floor":27},{"not_picked":["Streamline","Steam"],"picked":"Coolheaded","floor":29},{"not_picked":["Coolheaded","Scrape"],"picked":"Consume","floor":30},{"not_picked":["Reboot","Meteor Strike"],"picked":"Buffer","floor":33},{"not_picked":["Leap","Turbo","Cold Snap"],"picked":"SKIP","floor":35},{"not_picked":["Darkness","Streamline","Cold Snap+1"],"picked":"SKIP","floor":39},{"not_picked":["Turbo+1","Sweeping Beam","Tempest"],"picked":"SKIP","floor":42},{"not_picked":["Fusion","FTL","Recycle"],"picked":"SKIP","floor":45},{"not_picked":["Conserve Battery","Steam","Ball Lightning+1"],"picked":"SKIP","floor":46},{"not_picked":["Melter","Cold Snap","Streamline+1"],"picked":"SKIP","floor":47},{"not_picked":["Scrape","Coolheaded+1"],"picked":"Redo+1","floor":48}],"player_experience":1913956,"relics_obtained":[{"floor":8,"key":"Cables"},{"floor":9,"key":"Bag of Preparation"},{"floor":11,"key":"Bag of Marbles"},{"floor":17,"key":"Potion Belt"},{"floor":17,"key":"InkBottle"},{"floor":17,"key":"Gambling Chip"},{"floor":30,"key":"Toy Ornithopter"},{"floor":48,"key":"PreservedInsect"}],"event_choices":[{"cards_removed":["Strike_B"],"damage_healed":0,"gold_gain":0,"player_choice":"Card Removal","damage_taken":7,"max_hp_gain":0,"max_hp_loss":0,"event_name":"Golden Wing","floor":4,"gold_loss":0},{"damage_healed":0,"gold_gain":0,"player_choice":"Rummage","damage_taken":0,"relics_obtained":["WarpedTongs"],"max_hp_gain":0,"max_hp_loss":0,"event_name":"Accursed Blacksmith","floor":5,"gold_loss":0,"cards_obtained":["Pain"]},{"damage_healed":0,"gold_gain":0,"player_choice":"Take Damage","damage_taken":24,"relics_obtained":["Golden Idol"],"max_hp_gain":0,"max_hp_loss":0,"event_name":"Golden Idol","floor":10,"gold_loss":0},{"cards_removed":["Pain"],"damage_healed":0,"gold_gain":0,"player_choice":"Forget","damage_taken":0,"max_hp_gain":0,"max_hp_loss":0,"event_name":"Living Wall","floor":12,"gold_loss":0},{"damage_healed":0,"gold_gain":0,"player_choice":"Ignored","damage_taken":0,"max_hp_gain":0,"max_hp_loss":0,"event_name":"Ghosts","floor":22,"gold_loss":0},{"cards_removed":["Strike_B"],"damage_healed":0,"gold_gain":0,"player_choice":"Purged","damage_taken":0,"max_hp_gain":0,"max_hp_loss":0,"event_name":"Purifier","floor":25,"gold_loss":0},{"cards_removed":["Defend_B"],"damage_healed":0,"gold_gain":0,"player_choice":"Gave Gold","damage_taken":0,"max_hp_gain":0,"max_hp_loss":0,"event_name":"Beggar","floor":31,"gold_loss":75},{"damage_healed":0,"gold_gain":0,"player_choice":"Got Potions","damage_taken":0,"max_hp_gain":0,"max_hp_loss":0,"event_name":"Lab","floor":36,"gold_loss":0},{"damage_healed":0,"gold_gain":275,"player_choice":"Desecrate","damage_taken":0,"max_hp_gain":0,"max_hp_loss":0,"event_name":"Golden Shrine","floor":41,"gold_loss":0,"cards_obtained":["Regret"]}],"is_beta":false,"boss_relics":[{"not_picked":["Nuclear Battery","FrozenCore"],"picked":"Calling Bell"},{"not_picked":["Tiny House","Runic Pyramid"],"picked":"Cursed Key"}],"items_purged_floors":[],"is_endless":false,"potions_floor_spawned":[3,11,14,16,19,24,29,39,42,45],"killed_by":"Time Eater","ascension_level":20}}