{"host":"3twtdwjpiqhvvn5s","time":1612390118,"event":{"mods":["AchievementEnabler","Act Like it!","Aspiration","BaseMod","BetterRewards","Colored Map","Colored Powertips","Downfall","Duelist Mod","Friendly Minions","GifTheSpireLib","Hallownest","Hermit","Hubris","Infinite Spire","Jorbs\u0027s Wanderer Trilogy","Koishi","KomeijiMod","Marisa????????","Minty Spire (QoL Compilation)","Quick Restart","Rare Cards Sparkle","Replay The Spire","Shop Mod","StSLib","Td1madao Mod","The Administrix","The Animator","The Bug Knight","The Caster","The Cursed","The Disciple","The Hierophant","The Necromancer","The Poker Player","The Runesmith","The Servant 0.9.4"],"gold_per_floor":[113,133,133,148,148,177,191,226,226,226,266,282,301,301,301,301],"floor_reached":14,"language":"ENG","playtime":2303,"items_purged":[],"score":112,"play_id":"9fe3f719-b6d0-4b55-bcc5-9dab2c4f318b","local_time":"20210203160838","daily_mods":["Elite Swarm"],"is_ascension_mode":false,"campfire_choices":[{"floor":10,"key":"REST"}],"circlet_count":0,"master_deck":["bronze:Strike","bronze:Strike","bronze:Strike","bronze:Strike","bronze:Defend","bronze:Defend","bronze:Defend","bronze:Defend","bronze:Goto","PokerPlayerMod:Manipulation","bronze:Iterate","Looming Evil","bronze:WhirlingStrike","bronze:Separator","bronze:AlphaBuild","bronze:ThunderWave+1"],"relics":["bronze:BronzeCore","Ring of Chaos","Ring of Panic","ReplayTheSpireMod:Ring of Exchange","Onion Ring","CeramicFish","Letter Opener","Golden Egg"],"acts_visited":["Exordium"],"potions_floor_usage":[4,6,14],"damage_taken":[{"damage":0,"enemies":"Small Slimes","floor":1,"turns":4},{"damage":0,"enemies":"Cultist","floor":2,"turns":4},{"damage":6,"enemies":"2 Louse","floor":4,"turns":2},{"damage":19,"enemies":"HollowMod:MossKnight","floor":6,"turns":7},{"damage":13,"enemies":"2 Fungi Beasts","floor":7,"turns":3},{"damage":4,"enemies":"3 Sentries","floor":8,"turns":2},{"damage":20,"enemies":"HollowMod:MossKnight","floor":11,"turns":3},{"damage":0,"enemies":"Large Slime","floor":12,"turns":2},{"damage":17,"enemies":"Gremlin Gang","floor":13,"turns":2},{"damage":16,"enemies":"Replay:BlueRogue","floor":14,"turns":3}],"seed_played":"1095795856511365947","potions_obtained":[{"floor":1,"key":"AttackPotion"},{"floor":4,"key":"Slimebound:ThreeZeroPotion"},{"floor":12,"key":"bronze:CleanCodePotion"},{"floor":13,"key":"hexamod:SoulburnPotion"}],"is_trial":true,"path_per_floor":["M","M","?","M","?","E","M","E","T","R","E","M","M","E"],"character_chosen":"THE_AUTOMATON","items_purchased":[],"campfire_rested":1,"item_purchase_floors":[],"current_hp_per_floor":[70,70,70,64,64,45,32,28,28,49,29,29,12,0,0,0],"gold":301,"neow_bonus":"","is_daily":false,"chose_seed":false,"campfire_upgraded":0,"win_rate":0.0,"timestamp":1612390118,"path_taken":["M","M","?","M","?","E","M","E","T","R","E","?","M","E"],"items_purchased_type":[],"build_version":"2020-12-22","purchased_purges":0,"victory":false,"max_hp_per_floor":[70,70,70,70,70,70,70,70,70,70,70,70,70,70,70,70],"card_choices":[{"not_picked":["PokerPlayerMod:Configure","bronze:OilSpill"],"picked":"PokerPlayerMod:Manipulation","floor":1},{"not_picked":["bronze:Shield","bronze:Invalidate"],"picked":"bronze:Iterate","floor":2},{"not_picked":["bronze:MaxOutput","PokerPlayerMod:JackOfSpades"],"picked":"bronze:WhirlingStrike","floor":4},{"not_picked":["bronze:CleanCode","PokerPlayerMod:RoyalStrike"],"picked":"bronze:AlphaBuild","floor":6},{"not_picked":["PokerPlayerMod:Fold","bronze:BitShift","bronze:Deprecate"],"picked":"SKIP","floor":7},{"not_picked":["PokerPlayerMod:FakeSymbols","PokerPlayerMod:ItsShowtime","PokerPlayerMod:GamblerForm"],"picked":"SKIP","floor":8},{"not_picked":["PokerPlayerMod:FakeSymbols","PokerPlayerMod:TheDieIsCast"],"picked":"bronze:ThunderWave","floor":11},{"not_picked":["bronze:Deprecate","bronze:CutThrough","PokerPlayerMod:CardBurn"],"picked":"SKIP","floor":12},{"not_picked":["bronze:Safeguard","PokerPlayerMod:Configure","bronze:Branch"],"picked":"SKIP","floor":13}],"player_experience":2548959,"relics_obtained":[{"floor":3,"key":"Ring of Panic"},{"floor":3,"key":"ReplayTheSpireMod:Ring of Exchange"},{"floor":6,"key":"Onion Ring"},{"floor":8,"key":"CeramicFish"},{"floor":9,"key":"Letter Opener"},{"floor":11,"key":"Golden Egg"}],"event_choices":[],"is_beta":false,"boss_relics":[],"items_purged_floors":[],"is_endless":false,"potions_floor_spawned":[1,4,12,13],"killed_by":"Replay:BlueRogue","ascension_level":0}}