{"host":"l1bfbgeb3oxa8ieg","time":1612392903,"event":{"mods":["AlwaysNeverKeys","Aspiration","BaseMod","Beaked The Cultist","Better Match","Better Note","Better Third Choice","BetterRewards","Clockwork Mod","Colored Powertips","Conspire","Energized Spire","Friendly Minions","Gremlin Mod","Halation","Infinite Spire","Minty Spire (QoL Compilation)","Permanent Neow","Quick Restart","Replay The Spire","Shop Mod","Spicy Shops","Spikes Relics","StSLib","TestMod","The Blackbeard","The Construct","The Hierophant","The Necromancer","TheBandit","Uncapped","UnlockEverythingMod"],"gold_per_floor":[110,129,66,81,101,101,121,131,131,131,157,157,0,0,0,103,103,123,123,138,588,588,588,499,499,499,499,499,309,339,356,356,456,456,472,254,254,270,289,289,322,332,379,389,402,402,802,817,817,817,817,817,514,546,546],"floor_reached":56,"language":"ENG","playtime":4410,"items_purged":["construct:AttackMode","construct:Defend_Gold","construct:Autoturret","construct:Autoturret"],"score":1172,"play_id":"4853a960-dca3-410d-8204-33dcadeb895f","local_time":"20210203235503","is_ascension_mode":false,"campfire_choices":[{"data":"construct:Autoturret","floor":6,"key":"SMITH"},{"data":"construct:Autoturret+1","floor":10,"key":"SMITH"},{"floor":15,"key":"REST"},{"data":"construct:DefenseMode","floor":23,"key":"SMITH"},{"data":"construct:DefenseMode+1","floor":28,"key":"SMITH"},{"floor":32,"key":"DIG"},{"data":"construct:BatteryCore","floor":40,"key":"SMITH"},{"data":"construct:BatteryCore+1","floor":40,"key":"SMITH"},{"data":"construct:SpinDrive","floor":46,"key":"SMITH"},{"data":"construct:SpinDrive+1","floor":46,"key":"SMITH"},{"data":"construct:Reinforce","floor":49,"key":"SMITH"},{"data":"construct:Autoturret","floor":52,"key":"SMITH"},{"data":"construct:Autoturret+1","floor":52,"key":"SMITH"}],"circlet_count":0,"master_deck":["construct:Strike_Gold","construct:Strike_Gold","construct:Strike_Gold","construct:Strike_Gold","construct:Strike_Gold","construct:Defend_Gold","construct:Defend_Gold","construct:Defend_Gold","construct:DefenseMode+2","construct:BatteryCore+2","construct:Autoturret+2","construct:Boost","construct:Reinforce+1","construct:HammerDown","construct:Autoturret+2","construct:ReactiveShield","construct:SpinDrive+2","construct:Autoturret+2","construct:ElectricArmor"],"relics":["construct:ClockworkPhoenix","testmod-TestBox","Centennial Puzzle","ReplayFunnel","Membership Card","aspiration:SeaSaltIceCream","aspiration:Nostalgia","beaked:MendingPlumage","energizedSpire:RedRose","Bronze Scales","aspiration:Lifesprig","Darkstone Periapt","halation:PeacePiece","halation:PenCase","testmod-BalancedPeriapt","conspire:RunicOctahedron","DollysMirror","Replay:Bottled Flurry","MealTicket","infinitespire:Joker Card","Medical Kit","Pet Ghost"],"acts_visited":["Exordium","TheCity","TheBeyond","TheEnding"],"potions_floor_usage":[50,53,55],"damage_taken":[{"damage":2,"enemies":"2 Louse","floor":1,"turns":3},{"damage":0,"enemies":"Cultist","floor":2,"turns":13},{"damage":10,"enemies":"Jaw Worm","floor":4,"turns":5},{"damage":0,"enemies":"Blue Slaver","floor":5,"turns":7},{"damage":11,"enemies":"Exordium Wildlife","floor":7,"turns":7},{"damage":16,"enemies":"3 Louse","floor":8,"turns":3},{"damage":21,"enemies":"3 Sentries","floor":11,"turns":10},{"damage":17,"enemies":"Hexaghost","floor":16,"turns":22},{"damage":5,"enemies":"Spheric Guardian","floor":18,"turns":6},{"damage":5,"enemies":"3 Byrds","floor":20,"turns":8},{"damage":10,"enemies":"conspire:SneckoGhost","floor":30,"turns":10},{"damage":3,"enemies":"conspire:HollyBat","floor":31,"turns":7},{"damage":18,"enemies":"Champ","floor":33,"turns":13},{"damage":4,"enemies":"3 Darklings","floor":35,"turns":7},{"damage":11,"enemies":"Orb Walker","floor":38,"turns":3},{"damage":25,"enemies":"Spire Growth","floor":39,"turns":5},{"damage":10,"enemies":"Giant Head","floor":41,"turns":6},{"damage":30,"enemies":"4 Shapes","floor":42,"turns":4},{"damage":55,"enemies":"Sphere and 2 Shapes","floor":44,"turns":7},{"damage":14,"enemies":"Spire Growth","floor":45,"turns":5},{"damage":41,"enemies":"Jaw Worm Horde","floor":48,"turns":3},{"damage":16,"enemies":"conspire:OrnateMirror","floor":50,"turns":8},{"damage":43,"enemies":"Shield and Spear","floor":54,"turns":4},{"damage":46,"enemies":"The Heart","floor":55,"turns":5}],"seed_played":"-620166050613903701","potions_obtained":[{"floor":7,"key":"PowerPotion"},{"floor":11,"key":"Ancient Potion"},{"floor":16,"key":"SpeedPotion"},{"floor":22,"key":"FairyPotion"},{"floor":41,"key":"Energy Potion"}],"is_trial":false,"path_per_floor":["M","M","?","M","M","R","M","M","T","R","E","?","$","?","R","B",null,"M","?","M","?","?","R","$","?","T","T","R","$","E","M","R","B",null,"M","$","?","M","M","R","E","M","T","M","M","R","?","M","R","B",null,"R","$","E","B",null],"character_chosen":"THE_CONSTRUCT_MOD","items_purchased":["Membership Card","construct:Autoturret","Bronze Scales","construct:Autoturret","halation:PeacePiece","construct:SpinDrive","DollysMirror","Fruit Juice","infinitespire:Joker Card","Medical Kit","construct:ElectricArmor"],"campfire_rested":1,"item_purchase_floors":[13,24,24,29,29,36,36,53,53,53,53],"current_hp_per_floor":[83,83,83,73,73,73,62,46,46,46,25,25,25,18,43,78,85,85,85,85,39,39,39,39,39,39,39,39,39,58,76,76,85,85,85,85,85,80,72,72,85,74,74,40,43,43,43,26,26,85,85,85,85,63,73],"gold":546,"neow_bonus":"ONE_RANDOM_RARE_CARD","is_daily":false,"chose_seed":false,"campfire_upgraded":11,"win_rate":0.0,"timestamp":1612392903,"path_taken":["M","M","?","M","?","R","M","M","T","R","E","?","$","?","R","BOSS","M","?","?","?","?","R","$","?","T","?","R","$","E","M","R","BOSS","M","$","?","M","M","R","E","M","T","M","M","R","?","M","R","BOSS","R","$","E","BOSS"],"items_purchased_type":["Relic","Card","Relic","Card","Relic","Card","Relic","Potion","Relic","Relic","Card"],"build_version":"2020-12-22","purchased_purges":4,"victory":true,"max_hp_per_floor":[85,85,85,85,85,85,85,85,85,85,85,85,85,85,85,85,85,85,85,85,85,85,85,85,85,85,85,85,85,85,85,85,85,85,85,85,85,85,85,85,85,85,85,85,85,85,85,85,85,85,85,85,85,85,85],"card_choices":[{"not_picked":["construct:SaveState","construct:Missile"],"picked":"construct:Autoturret","floor":1},{"not_picked":["construct:Overcharge","construct:SuppressiveFire"],"picked":"construct:Boost","floor":2},{"not_picked":["construct:BatteryAcid","construct:Isolate"],"picked":"construct:FlameCore","floor":4},{"not_picked":["construct:Backfire","construct:SweepLaser"],"picked":"construct:Reinforce","floor":5},{"not_picked":["construct:Missile","construct:CriticalHit","construct:ForceCore"],"picked":"SKIP","floor":7},{"not_picked":["construct:HeavyBolt","construct:FierceBash","construct:Boost"],"picked":"SKIP","floor":8},{"not_picked":["construct:HeavyBolt","construct:Accumulate","construct:VentSteam"],"picked":"SKIP","floor":11},{"not_picked":["construct:HyperBeam","construct:ShieldBurst"],"picked":"construct:HammerDown","floor":16},{"not_picked":["construct:SweepLaser","construct:SuppressiveFire"],"picked":"construct:Autoturret","floor":18},{"not_picked":["construct:HyperBeam","construct:VentSteam+1","construct:ClusterMines"],"picked":"SKIP","floor":20},{"not_picked":["construct:Stasis+1","construct:Isolate"],"picked":"construct:ReactiveShield","floor":30},{"not_picked":["construct:SaveState","construct:CripplingShot+1","construct:BatteryAcid"],"picked":"SKIP","floor":31},{"not_picked":["construct:ScrapCannon","construct:ClusterMines","construct:Accumulate"],"picked":"SKIP","floor":35},{"not_picked":["construct:Backfire+1","construct:Boost+1","construct:Failsafe+1"],"picked":"SKIP","floor":38},{"not_picked":["construct:Backfire","construct:PowerUp+1","construct:SuppressiveFire"],"picked":"SKIP","floor":39},{"not_picked":["construct:ClockworkEgg","construct:Antimatter+1","construct:ScrapCannon+1"],"picked":"SKIP","floor":41},{"not_picked":["construct:SuppressiveFire+1","construct:Antimatter+1","construct:Stasis"],"picked":"SKIP","floor":42},{"not_picked":["construct:Anticipate+1","construct:SuppressiveFire","construct:SyphonStrike+1"],"picked":"SKIP","floor":44},{"not_picked":["construct:ClusterMines+1","construct:FierceBash","construct:Autoturret"],"picked":"SKIP","floor":45},{"not_picked":["construct:SyphonStrike","construct:Backfire+1","construct:Overcharge+1"],"picked":"SKIP","floor":48},{"not_picked":["construct:HeavyBolt+1","construct:SyphonStrike+1","construct:Forcefield+1"],"picked":"SKIP","floor":54}],"player_experience":214283,"relics_obtained":[{"floor":9,"key":"Centennial Puzzle"},{"floor":11,"key":"ReplayFunnel"},{"floor":26,"key":"aspiration:Lifesprig"},{"floor":27,"key":"Darkstone Periapt"},{"floor":30,"key":"halation:PenCase"},{"floor":32,"key":"testmod-BalancedPeriapt"},{"floor":41,"key":"Replay:Bottled Flurry"},{"floor":43,"key":"MealTicket"},{"floor":54,"key":"Pet Ghost"}],"event_choices":[{"damage_healed":0,"gold_gain":0,"player_choice":"Paid Gold","damage_taken":0,"relics_obtained":["SpikesRelics:ToyHorsey"],"max_hp_gain":0,"max_hp_loss":0,"event_name":"WeMeetAgain","floor":3,"gold_loss":63},{"damage_healed":0,"gold_gain":0,"player_choice":"Swap Relic","damage_taken":0,"relics_obtained":["testmod-TestBox"],"max_hp_gain":0,"max_hp_loss":0,"event_name":"Box For Yourself","floor":12,"relics_lost":["SpikesRelics:ToyHorsey"],"gold_loss":0},{"damage_healed":0,"gold_gain":0,"player_choice":"Relic ","damage_taken":7,"max_hp_gain":0,"max_hp_loss":0,"event_name":"betterThird:BetterScrap","floor":14,"gold_loss":0,"cards_obtained":["ReplayRNGCard"]},{"cards_removed":["construct:FlameCore"],"damage_healed":0,"gold_gain":0,"player_choice":"Offered Uncommon","damage_taken":0,"max_hp_gain":0,"max_hp_loss":0,"event_name":"Bonfire Elementals","floor":19,"gold_loss":0},{"damage_healed":0,"gold_gain":450,"player_choice":"GOLD GOLD GOLD GOLD GOLD ","damage_taken":46,"max_hp_gain":0,"max_hp_loss":0,"event_name":"Knowing Skull","floor":21,"potions_obtained":[],"gold_loss":0,"cards_obtained":[]},{"damage_healed":0,"gold_gain":0,"player_choice":"Got Potions","damage_taken":0,"max_hp_gain":0,"max_hp_loss":0,"event_name":"Lab","floor":22,"gold_loss":0},{"damage_healed":0,"gold_gain":0,"player_choice":"Leave","damage_taken":0,"max_hp_gain":0,"max_hp_loss":0,"event_name":"conspire:Investor","floor":25,"gold_loss":0},{"cards_removed":["construct:Defend_Gold"],"damage_healed":0,"gold_gain":0,"player_choice":"Removed Skill","damage_taken":0,"max_hp_gain":0,"max_hp_loss":0,"event_name":"Falling","floor":37,"gold_loss":0},{"damage_healed":0,"gold_gain":400,"player_choice":"Sell","damage_taken":0,"max_hp_gain":0,"max_hp_loss":0,"event_name":"Plate Of N\u0027loth","floor":47,"relics_lost":["testmod-TestBox"],"gold_loss":0}],"is_beta":false,"boss_relics":[{"not_picked":["Runic Dome","energizedSpire:EnergizedDie"],"picked":"energizedSpire:RedRose"},{"not_picked":["Pandora\u0027s Box","testmod-TimeTraveler"],"picked":"conspire:RunicOctahedron"}],"items_purged_floors":[29,29,53,53],"is_endless":false,"potions_floor_spawned":[7,11,16,18,31,35,39,41,44],"ascension_level":0}}