{"host":"t7mx8yfj1no5p62f","time":1612373086,"event":{"mods":["BaseMod","Colored Map","Colored Powertips","Curses Come First","Minty Spire (QoL Compilation)","Relic Stats","StSLib"],"gold_per_floor":[119,130,146,163,180,180,180,212,235,247,247,247],"floor_reached":11,"language":"ENG","playtime":422,"items_purged":[],"score":154,"play_id":"444e42bf-af6a-465c-a62f-34770f02447e","local_time":"20210203122446","is_ascension_mode":true,"campfire_choices":[{"data":"Bouncing Flask","floor":6,"key":"SMITH"}],"circlet_count":0,"master_deck":["AscendersBane","Strike_G","Strike_G","Strike_G","Strike_G","Strike_G","Defend_G","Defend_G","Defend_G","Defend_G","Defend_G","Survivor","Neutralize","Trip","Underhanded Strike+1","Bouncing Flask+1","Flying Knee","Doppelganger","Blur","Acrobatics","Backflip"],"relics":["Ring of the Snake","Pantograph"],"acts_visited":["Exordium"],"potions_floor_usage":[8,10,11,11],"damage_taken":[{"damage":0,"enemies":"Cultist","floor":1,"turns":4},{"damage":9,"enemies":"Jaw Worm","floor":2,"turns":5},{"damage":0,"enemies":"2 Louse","floor":3,"turns":3},{"damage":2,"enemies":"2 Fungi Beasts","floor":4,"turns":3},{"damage":3,"enemies":"Blue Slaver","floor":5,"turns":3},{"damage":12,"enemies":"Lagavulin","floor":8,"turns":6},{"damage":12,"enemies":"Lots of Slimes","floor":10,"turns":5},{"damage":33,"enemies":"Gremlin Nob","floor":11,"turns":3}],"seed_played":"3575482740127334550","potions_obtained":[{"floor":2,"key":"SneckoOil"},{"floor":4,"key":"Swift Potion"},{"floor":5,"key":"DuplicationPotion"},{"floor":8,"key":"Energy Potion"},{"floor":10,"key":"Explosive Potion"}],"is_trial":false,"path_per_floor":["M","M","M","M","M","R","?","E","T","M","E"],"character_chosen":"THE_SILENT","items_purchased":[],"campfire_rested":0,"item_purchase_floors":[],"current_hp_per_floor":[59,50,50,48,45,45,45,33,33,21,0,0],"gold":247,"neow_bonus":"RANDOM_COLORLESS","is_daily":false,"chose_seed":false,"campfire_upgraded":1,"win_rate":0.0,"timestamp":1612373086,"path_taken":["M","M","?","M","M","R","?","E","T","M","E"],"items_purchased_type":[],"build_version":"2020-12-22","purchased_purges":0,"victory":false,"max_hp_per_floor":[66,66,66,66,66,66,66,66,66,66,66,66],"relic_stats":{"counters":[8,32],"Pantograph":0,"obtain_stats":[{"Pantograph":8,"Ring of the Snake":0},{"Pantograph":6,"Ring of the Snake":0},{"Pantograph":24,"Ring of the Snake":0}],"Ring of the Snake":[16]},"card_choices":[{"not_picked":["Forethought","Deep Breath"],"picked":"Trip","floor":0},{"not_picked":["Backflip","Dodge and Roll"],"picked":"Underhanded Strike","floor":1},{"not_picked":["Concentrate","Dagger Spray"],"picked":"Bouncing Flask","floor":2},{"not_picked":["Underhanded Strike","Expertise"],"picked":"Flying Knee","floor":3},{"not_picked":["Bane","Quick Slash"],"picked":"Doppelganger","floor":4},{"not_picked":["Bouncing Flask","Deflect"],"picked":"Blur","floor":5},{"not_picked":["Dodge and Roll","Outmaneuver"],"picked":"Acrobatics","floor":8},{"not_picked":["Distraction","Acrobatics"],"picked":"Backflip","floor":10}],"player_experience":1922329,"relics_obtained":[{"floor":8,"key":"Pantograph"}],"event_choices":[{"damage_healed":0,"gold_gain":0,"player_choice":"Grow","damage_taken":0,"max_hp_gain":0,"max_hp_loss":0,"event_name":"Living Wall","floor":7,"gold_loss":0,"cards_upgraded":["Underhanded Strike"]}],"is_beta":false,"boss_relics":[],"items_purged_floors":[],"is_endless":false,"potions_floor_spawned":[2,4,5,8,10],"killed_by":"Gremlin Nob","ascension_level":20}}