{"host":"61y0z9o9vf3ujftj","time":1612312906,"event":{"mods":["BaseMod","Colored Map","Colored Powertips","GifTheSpireLib","HexUI Lib","Highlight Path","Minty Spire (QoL Compilation)","Relic Stats","StSLib","ojb\u0027s Info Mod"],"gold_per_floor":[119,119,44,56,68,86,112,142,142,169,169,203,203,203,203,300,300,311,79,79,93,18,47,47,76,76,95,95,95],"floor_reached":28,"language":"ENG","playtime":5393,"items_purged":["Defend_B"],"score":438,"play_id":"e18efe31-d3d6-45f3-93bf-e533518e39fe","local_time":"20210202184146","is_ascension_mode":true,"campfire_choices":[{"floor":11,"key":"REST"},{"data":"Reinforced Body","floor":13,"key":"SMITH"},{"floor":15,"key":"REST"},{"floor":24,"key":"REST"}],"circlet_count":0,"master_deck":["AscendersBane","Defend_B","Zap","Dualcast","Gash","Steam","Ball Lightning","Reinforced Body+1","Go for the Eyes","Core Surge","Fusion+1","Meteor Strike+1","Sweeping Beam+1","Leap+1","Reinforced Body","Gash","Sweeping Beam+1","FTL","Hologram"],"relics":["Sozu","Art of War","Nunchaku","Ornamental Fan","TungstenRod","Astrolabe","Chemical X","White Beast Statue","Potion Belt","Kunai"],"acts_visited":["Exordium","TheCity"],"potions_floor_usage":[],"damage_taken":[{"damage":1.0,"enemies":"Cultist","floor":1.0,"turns":4.0},{"damage":3.0,"enemies":"2 Louse","floor":4.0,"turns":2.0},{"damage":1.0,"enemies":"Small Slimes","floor":5.0,"turns":3.0},{"damage":7.0,"enemies":"3 Louse","floor":6.0,"turns":4.0},{"damage":14.0,"enemies":"Lagavulin","floor":7.0,"turns":7.0},{"damage":31,"enemies":"Gremlin Nob","floor":10,"turns":5},{"damage":8,"enemies":"Lagavulin","floor":12,"turns":8},{"damage":36,"enemies":"Slime Boss","floor":16,"turns":12},{"damage":8,"enemies":"3 Byrds","floor":18,"turns":6},{"damage":8,"enemies":"Shell Parasite","floor":21,"turns":6},{"damage":23,"enemies":"Slavers","floor":23,"turns":6},{"damage":34,"enemies":"Gremlin Leader","floor":25,"turns":7},{"damage":0,"enemies":"Snake Plant","floor":27,"turns":5},{"damage":12,"enemies":"Snecko","floor":28,"turns":2}],"seed_played":"-1811295162539738733","potions_obtained":[],"is_trial":false,"path_per_floor":["M","?","$","M","M","M","E","?","T","E","R","E","R","?","R","B",null,"M","$","?","M","?","E","R","E","T","M","M"],"character_chosen":"DEFECT","items_purchased":["Chemical X","Reinforced Body"],"campfire_rested":3,"item_purchase_floors":[19,19],"current_hp_per_floor":[67,67,67,64,63,56,42,42,42,11,33,25,25,19,41,5,58,50,50,50,42,42,19,41,7,7,7,0,0],"gold":95,"neow_bonus":"BOSS_RELIC","is_daily":false,"chose_seed":false,"campfire_upgraded":1,"win_rate":0.0,"timestamp":1612312906,"path_taken":["M","?","$","M","M","M","E","?","T","E","R","E","R","?","R","BOSS","M","$","?","M","?","E","R","E","T","M","M"],"items_purchased_type":["Relic","Card"],"build_version":"2020-12-22","purchased_purges":1,"victory":false,"max_hp_per_floor":[75,75,75,75,75,75,75,75,75,75,75,75,75,75,75,75,75,75,75,75,75,75,75,75,75,75,75,75,75],"relic_stats":{"Sozu":6,"Nunchaku":[11],"counters":[14,77],"Ornamental Fan":[52],"Astrolabe":["Fusion","Meteor Strike","Sweeping Beam"],"Art of War":[2],"Chemical X":[14],"Kunai":[3],"obtain_stats":[{"Sozu":0,"Potion Belt":25,"Nunchaku":9,"Ornamental Fan":10,"Astrolabe":17,"Art of War":7,"Chemical X":19,"Kunai":26,"Cracked Core":0,"TungstenRod":12,"White Beast Statue":23},{"Sozu":0,"Potion Belt":12,"Nunchaku":5,"Ornamental Fan":6,"Astrolabe":8,"Art of War":5,"Chemical X":9,"Kunai":12,"Cracked Core":0,"TungstenRod":7,"White Beast Statue":11},{"Sozu":0,"Potion Belt":70,"Nunchaku":20,"Ornamental Fan":25,"Astrolabe":45,"Art of War":20,"Chemical X":51,"Kunai":70,"Cracked Core":0,"TungstenRod":33,"White Beast Statue":63}],"TungstenRod":22},"card_choices":[{"not_picked":["Aggregate","Redo"],"picked":"Gash","floor":1.0},{"not_picked":["Rebound","Fusion","Leap"],"picked":"SKIP","floor":4.0},{"not_picked":["Turbo","Redo"],"picked":"Steam","floor":5.0},{"not_picked":["Stack","Melter"],"picked":"Ball Lightning","floor":6.0},{"not_picked":["Tempest","Ball Lightning"],"picked":"Reinforced Body","floor":7.0},{"not_picked":["Melter","Blizzard"],"picked":"Go for the Eyes","floor":10},{"not_picked":["Stack","Fusion","Ball Lightning"],"picked":"SKIP","floor":12},{"not_picked":["Thunder Strike","Creative AI"],"picked":"Core Surge","floor":16},{"not_picked":["Redo+1","Sweeping Beam"],"picked":"Leap+1","floor":18},{"not_picked":["Gash","Ball Lightning"],"picked":"Sweeping Beam+1","floor":21},{"not_picked":["Sweeping Beam","Storm","Recycle+1"],"picked":"SKIP","floor":23},{"not_picked":["Chaos","Capacitor"],"picked":"FTL","floor":25},{"not_picked":["Conserve Battery","Chill"],"picked":"Hologram","floor":27}],"player_experience":483730,"relics_obtained":[{"floor":7.0,"key":"Art of War"},{"floor":9,"key":"Nunchaku"},{"floor":10,"key":"Ornamental Fan"},{"floor":12,"key":"TungstenRod"},{"floor":23,"key":"White Beast Statue"},{"floor":25,"key":"Potion Belt"},{"floor":26,"key":"Kunai"}],"event_choices":[{"cards_removed":["Strike_B"],"damage_healed":0.0,"max_hp_gain":0.0,"max_hp_loss":0.0,"gold_gain":0.0,"event_name":"Living Wall","player_choice":"Forget","floor":2.0,"gold_loss":0.0,"damage_taken":0.0},{"damage_healed":0,"gold_gain":30,"player_choice":"Searched \u00271\u0027 times","damage_taken":0,"max_hp_gain":0,"max_hp_loss":0,"event_name":"Dead Adventurer","floor":8,"gold_loss":0},{"cards_removed":["Defend_B"],"damage_healed":0,"gold_gain":0,"player_choice":"Card Removal","damage_taken":7,"max_hp_gain":0,"max_hp_loss":0,"event_name":"Golden Wing","floor":14,"gold_loss":0},{"damage_healed":0,"gold_gain":0,"player_choice":"Read","damage_taken":0,"max_hp_gain":0,"max_hp_loss":0,"event_name":"The Library","floor":20,"gold_loss":0,"cards_obtained":["Gash"]},{"cards_removed":["Defend_B"],"damage_healed":0,"gold_gain":0,"player_choice":"Gave Gold","damage_taken":0,"max_hp_gain":0,"max_hp_loss":0,"event_name":"Beggar","floor":22,"gold_loss":75}],"is_beta":false,"boss_relics":[{"not_picked":["Fusion Hammer","Nuclear Battery"],"picked":"Astrolabe"}],"items_purged_floors":[3],"is_endless":false,"potions_floor_spawned":[5,10,12,23,25,27],"killed_by":"Snecko","ascension_level":12}}