{"host":"vyjryxuuuxkt43k4","time":1612323511,"event":{"mods":["AchievementEnabler","BaseMod","Colored Map","DeckTracker","Keyboard Shortcuts","Minty Spire (QoL Compilation)","Permanent Neow","Quick Restart","Rare Cards Sparkle","Relic Stats","StSLib","SuperFastMode","everything is the same but u backflip on backflip"],"gold_per_floor":[109,109,26,43,61,61,95,115,115,115,128,128,193,203,203,277,277,291,341,20,20,31,31,47,47,47,47,47,76,96,112,112,184,184,204,23,23,33,33,33,67,67,67,102,119,145,158,33,33,33,33,33,33,62,62],"floor_reached":56,"language":"KOR","playtime":9392,"items_purged":["Infinite Blades","Caltrops","Leg Sweep+1"],"score":2479,"play_id":"7339aba0-6784-41a3-943d-16370c679cdf","local_time":"20210203123831","is_ascension_mode":true,"campfire_choices":[{"data":"Quick Slash","floor":6.0,"key":"SMITH"},{"floor":10.0,"key":"REST"},{"data":"Crippling Poison","floor":12.0,"key":"SMITH"},{"data":"Deadly Poison","floor":15.0,"key":"SMITH"},{"data":"Well Laid Plans","floor":23.0,"key":"SMITH"},{"data":"Tactician","floor":25,"key":"SMITH"},{"data":"Adrenaline","floor":27,"key":"SMITH"},{"data":"Burst","floor":32,"key":"SMITH"},{"floor":40,"key":"RECALL"},{"data":"Wraith Form v2","floor":49,"key":"SMITH"},{"floor":52,"key":"REST"}],"circlet_count":0,"master_deck":["AscendersBane","Survivor+1","Neutralize+1","Acrobatics+1","Tactician+1","Endless Agony+1","Backflip+1","Crippling Poison+1","Reflex+1","Deadly Poison+1","Adrenaline+1","Adrenaline+1","Grand Finale+1","Outmaneuver+1","After Image+1","Burst+1","Leg Sweep+1","Well Laid Plans+1","Secret Technique+1","Venomology+1","Footwork+1","Escape Plan+1","Wraith Form v2+1","Tactician+1"],"relics":["Ring of the Snake","Pen Nib","Pear","Bag of Marbles","Mummified Hand","FossilizedHelix","Pandora\u0027s Box","MutagenicStrength","Art of War","Happy Flower","Empty Cage","Mark of the Bloom","Blood Vial","Gremlin Horn","Blue Candle","Orichalcum"],"acts_visited":["Exordium","TheCity","TheBeyond","TheEnding"],"potions_floor_usage":[29,33,35,35,38,41,44,44,45,45,46,46,47,47,47,50,55,55,55],"damage_taken":[{"damage":2.0,"enemies":"Jaw Worm","floor":1.0,"turns":6.0},{"damage":1.0,"enemies":"2 Louse","floor":4.0,"turns":4.0},{"damage":9.0,"enemies":"Small Slimes","floor":5.0,"turns":5.0},{"damage":27.0,"enemies":"Gremlin Nob","floor":7.0,"turns":4.0},{"damage":1.0,"enemies":"Looter","floor":8.0,"turns":4.0},{"damage":0.0,"enemies":"Exordium Wildlife","floor":11.0,"turns":3.0},{"damage":3.0,"enemies":"3 Sentries","floor":13.0,"turns":6.0},{"damage":0.0,"enemies":"2 Fungi Beasts","floor":14.0,"turns":3.0},{"damage":8.0,"enemies":"Hexaghost","floor":16.0,"turns":11.0},{"damage":0.0,"enemies":"Chosen","floor":18.0,"turns":3.0},{"damage":0.0,"enemies":"Shell Parasite","floor":22.0,"turns":2.0},{"damage":0,"enemies":"Snecko","floor":24,"turns":4},{"damage":0,"enemies":"Book of Stabbing","floor":29,"turns":3},{"damage":6,"enemies":"Snake Plant","floor":30,"turns":2},{"damage":0,"enemies":"Shelled Parasite and Fungi","floor":31,"turns":2},{"damage":0,"enemies":"Champ","floor":33,"turns":8},{"damage":0,"enemies":"3 Shapes","floor":35,"turns":2},{"damage":0,"enemies":"3 Darklings","floor":38,"turns":1},{"damage":0,"enemies":"Nemesis","floor":41,"turns":3},{"damage":0,"enemies":"Reptomancer","floor":44,"turns":3},{"damage":0,"enemies":"Jaw Worm Horde","floor":45,"turns":1},{"damage":0,"enemies":"Nemesis","floor":46,"turns":3},{"damage":0,"enemies":"4 Shapes","floor":47,"turns":2},{"damage":0,"enemies":"Awakened One","floor":50,"turns":6},{"damage":0,"enemies":"Shield and Spear","floor":54,"turns":1},{"damage":5,"enemies":"The Heart","floor":55,"turns":8}],"seed_played":"-6184138944139053007","potions_obtained":[{"floor":4.0,"key":"Explosive Potion"},{"floor":5.0,"key":"Weak Potion"},{"floor":8.0,"key":"EssenceOfSteel"},{"floor":22.0,"key":"DuplicationPotion"},{"floor":31,"key":"Dexterity Potion"},{"floor":33,"key":"Swift Potion"},{"floor":47,"key":"Poison Potion"}],"is_trial":false,"path_per_floor":["M","?","$","M","M","R","E","M","T","R","M","R","?","M","R","B",null,"M","?","$","?","M","R","M","R","T","R","$","E","M","M","R","B",null,"M","$","?","M","?","R","E","?","T","E","M","E","M","$","R","B",null,"R","$","E","B",null],"character_chosen":"THE_SILENT","items_purchased":["Tactician","BlessingOfTheForge","Secret Technique","Footwork"],"campfire_rested":2,"item_purchase_floors":[3,20,20,36],"current_hp_per_floor":[57,41,41,40,31,31,4,3,3,25,25,25,22,22,22,14,61,61,61,61,61,61,61,61,61,61,61,61,61,55,55,55,55,71,71,71,71,71,71,71,71,71,71,71,71,71,71,71,71,71,71,71,71,71,66],"gold":62,"neow_bonus":"RANDOM_COMMON_RELIC","is_daily":false,"chose_seed":false,"campfire_upgraded":8,"win_rate":0.0,"timestamp":1612323511,"path_taken":["M","?","$","M","M","R","E","M","T","R","M","R","?","M","R","BOSS","M","?","$","?","M","R","M","R","T","R","$","E","?","M","R","BOSS","M","$","?","M","?","R","E","?","T","E","M","E","M","$","R","BOSS","R","$","E","BOSS"],"items_purchased_type":["Card","Potion","Card","Card"],"build_version":"2020-12-22","purchased_purges":3,"victory":true,"max_hp_per_floor":[66,76,76,76,76,76,76,76,76,76,76,76,76,76,76,76,76,76,76,76,76,76,76,76,76,76,76,76,76,76,76,76,76,76,76,76,76,76,72,72,72,72,72,72,72,72,72,72,72,72,72,72,72,72,72],"relic_stats":{"Mark of the Bloom":45,"Happy Flower":[14],"Gremlin Horn":[5,5],"counters":[26,100],"Blue Candle":[0],"Pen Nib":[23],"Orichalcum":[6],"Blood Vial":0,"Mummified Hand":[70],"Pandora\u0027s Box":["Adrenaline","Infinite Blades","Caltrops","Grand Finale","Outmaneuver","After Image","Poisoned Stab","All Out Attack","Burst","Leg Sweep"],"Art of War":[4],"obtain_stats":[{"Mark of the Bloom":37,"Pear":2,"Happy Flower":29,"Gremlin Horn":44,"Blue Candle":46,"Pen Nib":0,"Orichalcum":54,"Empty Cage":34,"Blood Vial":41,"Mummified Hand":9,"MutagenicStrength":21,"Pandora\u0027s Box":17,"Bag of Marbles":7,"Art of War":26,"FossilizedHelix":13,"Ring of the Snake":0},{"Mark of the Bloom":17,"Pear":1,"Happy Flower":13,"Gremlin Horn":20,"Blue Candle":22,"Pen Nib":0,"Orichalcum":25,"Empty Cage":16,"Blood Vial":19,"Mummified Hand":5,"MutagenicStrength":10,"Pandora\u0027s Box":9,"Bag of Marbles":4,"Art of War":12,"FossilizedHelix":7,"Ring of the Snake":0},{"Mark of the Bloom":72,"Pear":6,"Happy Flower":58,"Gremlin Horn":79,"Blue Candle":83,"Pen Nib":0,"Orichalcum":92,"Empty Cage":70,"Blood Vial":76,"Mummified Hand":23,"MutagenicStrength":49,"Pandora\u0027s Box":46,"Bag of Marbles":19,"Art of War":55,"FossilizedHelix":32,"Ring of the Snake":0}],"Ring of the Snake":[55]},"card_choices":[{"not_picked":["Prepared","Outmaneuver"],"picked":"Acrobatics","floor":1.0},{"not_picked":["Prepared","Acrobatics"],"picked":"Quick Slash","floor":4.0},{"not_picked":["PiercingWail","Dagger Throw"],"picked":"Endless Agony","floor":5.0},{"not_picked":["Slice","Outmaneuver"],"picked":"Backflip","floor":7.0},{"not_picked":["Setup","Flying Knee"],"picked":"Crippling Poison","floor":8.0},{"not_picked":["Choke","Setup"],"picked":"Leg Sweep","floor":11.0},{"not_picked":["Distraction","Outmaneuver"],"picked":"Reflex","floor":13.0},{"not_picked":["Cloak And Dagger","Poisoned Stab"],"picked":"Deadly Poison","floor":14.0},{"not_picked":["Night Terror","Doppelganger"],"picked":"Adrenaline","floor":16.0},{"not_picked":["Flying Knee","Quick Slash"],"picked":"Well Laid Plans","floor":18.0},{"not_picked":["Quick Slash+1","Flechettes","Deflect"],"picked":"SKIP","floor":22.0},{"not_picked":["Caltrops","Flechettes","Bane"],"picked":"SKIP","floor":24},{"not_picked":["Poisoned Stab+1","Endless Agony","Deflect"],"picked":"SKIP","floor":29},{"not_picked":["Flying Knee","Sucker Punch","Outmaneuver+1"],"picked":"SKIP","floor":30},{"not_picked":["Outmaneuver","Envenom","Choke"],"picked":"SKIP","floor":31},{"not_picked":["Corpse Explosion","Envenom"],"picked":"Venomology","floor":33},{"not_picked":["Skewer","Poisoned Stab","Underhanded Strike"],"picked":"SKIP","floor":35},{"not_picked":["Deadly Poison+1","Setup","Masterful Stab"],"picked":"SKIP","floor":38},{"not_picked":["Heel Hook","Tools of the Trade"],"picked":"Escape Plan+1","floor":41},{"not_picked":["Expertise","Skewer+1","Dodge and Roll"],"picked":"SKIP","floor":44},{"not_picked":["Outmaneuver","Expertise","Flying Knee"],"picked":"SKIP","floor":45},{"not_picked":["Escape Plan","Underhanded Strike"],"picked":"Wraith Form v2","floor":46},{"not_picked":["Poisoned Stab","Outmaneuver+1","Flying Knee"],"picked":"SKIP","floor":47},{"not_picked":["Bane","Quick Slash"],"picked":"Tactician+1","floor":54}],"player_experience":641084,"relics_obtained":[{"floor":7.0,"key":"Bag of Marbles"},{"floor":9.0,"key":"Mummified Hand"},{"floor":13.0,"key":"FossilizedHelix"},{"floor":26,"key":"Art of War"},{"floor":29,"key":"Happy Flower"},{"floor":41,"key":"Blood Vial"},{"floor":44,"key":"Gremlin Horn"},{"floor":46,"key":"Blue Candle"},{"floor":54,"key":"Orichalcum"}],"event_choices":[{"damage_healed":0.0,"max_hp_gain":0.0,"max_hp_loss":0.0,"gold_gain":0.0,"event_name":"Scrap Ooze","player_choice":"Success","floor":2.0,"gold_loss":0.0,"damage_taken":26.0,"relics_obtained":["Pear"]},{"damage_healed":0.0,"max_hp_gain":0.0,"max_hp_loss":0.0,"gold_gain":0.0,"event_name":"Dead Adventurer","player_choice":"Searched \u00271\u0027 times","floor":13.0,"gold_loss":0.0,"damage_taken":0.0},{"damage_healed":0.0,"max_hp_gain":0.0,"max_hp_loss":0.0,"gold_gain":50.0,"event_name":"Nest","player_choice":"Stole From Cult","floor":19.0,"gold_loss":0.0,"damage_taken":0.0},{"damage_healed":0.0,"max_hp_gain":0.0,"max_hp_loss":0.0,"gold_gain":0.0,"event_name":"Drug Dealer","player_choice":"Inject Mutagens","floor":21.0,"gold_loss":0.0,"damage_taken":0.0,"relics_obtained":["MutagenicStrength"]},{"damage_healed":0,"gold_gain":0,"player_choice":"Upgrade","damage_taken":0,"relics_obtained":["Mark of the Bloom"],"max_hp_gain":0,"max_hp_loss":0,"event_name":"MindBloom","floor":37,"gold_loss":0,"cards_upgraded":["Survivor","Neutralize","Acrobatics","Endless Agony","Backflip","Leg Sweep","Reflex","Adrenaline","Grand Finale","Outmaneuver","After Image","Leg Sweep","Secret Technique","Venomology","Footwork"]},{"damage_healed":0,"gold_gain":0,"player_choice":"Max HP","damage_taken":0,"max_hp_gain":0,"max_hp_loss":4,"event_name":"Winding Halls","floor":39,"gold_loss":0},{"cards_removed":["Quick Slash"],"damage_healed":0,"gold_gain":0,"player_choice":"Removed Attack","damage_taken":0,"max_hp_gain":0,"max_hp_loss":0,"event_name":"Falling","floor":42,"gold_loss":0}],"is_beta":false,"boss_relics":[{"not_picked":["Calling Bell","SacredBark"],"picked":"Pandora\u0027s Box"},{"not_picked":["Snecko Eye","Velvet Choker"],"picked":"Empty Cage"}],"items_purged_floors":[20,36,48],"is_endless":false,"potions_floor_spawned":[4,5,8,22,31,33,38,47],"ascension_level":17}}