{"host":"clf2hd4adhiiw0zf","time":1612330577,"event":{"mods":["AchievementEnabler","BaseMod","Beaked The Cultist","Bestiary","Dark Map","Downfall","Gremlin Mod","Hermit","Jorbs\u0027s Wanderer Trilogy","Marisa????????","Minty Spire (QoL Compilation)","Shop Mod","StSLib","The Cursed","The Servant 0.9.4","Wide Potions"],"gold_per_floor":[99,99,99,99,99,199,275,275,75,91,91,103,103,131,150,248,248,248,262,262,92,192,192,192,192,192,222,122,122,122,122],"floor_reached":29,"language":"ENG","playtime":1409,"items_purged":["Normality"],"score":381,"play_id":"b6dfdc14-36dd-48e5-b826-a532144c4f18","local_time":"20210202223617","is_ascension_mode":true,"campfire_choices":[{"floor":1.0,"key":"RECALL"},{"data":"bronze:Format","floor":9.0,"key":"SMITH"},{"data":"bronze:Separator","floor":13.0,"key":"SMITH"},{"data":"bronze:Library","floor":18.0,"key":"SMITH"},{"floor":26.0,"key":"REST"},{"data":"bronze:Format","floor":28.0,"key":"SMITH"}],"circlet_count":0,"master_deck":["bronze:Strike","bronze:Strike","bronze:Strike","bronze:Defend","bronze:Defend","bronze:Defend+1","bronze:Defend","bronze:Replicate","bronze:Goto","bronze:OilSpill","bronze:Repulsor+1","bronze:Hardcode+1","downfall:Malfunctioning","Pain","bronze:Format+1","Shame","Shame","Writhe","bronze:Separator+1","bronze:Optimize","bronze:DigitalCarnage","bronze:Library+1","bronze:ChosenStrike","bronze:FollowUp","bronze:Format+1","bronze:Flail","bronze:Overload","stsjorbsmod:Amnesia","TheCursedMod:Dregs","bronze:FineTuning"],"relics":["bronze:BronzeCore","downfall:HeartsMalice","downfall:ExtraCursedKey","downfall:HeartBlessingRed","downfall:HeartBlessingBlue","bronze:Timepiece","bronze:ElectromagneticCoil","WingedGreaves","downfall:RedIOU","The Courier","Regal Pillow","downfall:HeartBlessingGreen"],"acts_visited":["Exordium","TheCity"],"potions_floor_usage":[],"damage_taken":[{"damage":0.0,"enemies":"Small Slimes","floor":2.0,"turns":1.0},{"damage":0.0,"enemies":"2 Louse","floor":3.0,"turns":1.0},{"damage":0.0,"enemies":"Jaw Worm","floor":4.0,"turns":1.0},{"damage":23.0,"enemies":"Exordium Wildlife","floor":10.0,"turns":4.0},{"damage":17.0,"enemies":"3 Louse","floor":12.0,"turns":4.0},{"damage":21.0,"enemies":"Lagavulin","floor":14.0,"turns":6.0},{"damage":0.0,"enemies":"Blue Slaver","floor":15.0,"turns":2.0},{"damage":10.0,"enemies":"SI_SHIV_ARCHETYPE","floor":16.0,"turns":6.0},{"damage":37.0,"enemies":"3 Byrds","floor":19.0,"turns":6.0},{"damage":0.0,"enemies":"Chosen","floor":20.0,"turns":1.0},{"damage":2.0,"enemies":"downfall:FleeingMerchant","floor":21.0,"turns":4.0},{"damage":28.0,"enemies":"IC_STATUS_ARCHETYPE","floor":22.0,"turns":5.0},{"damage":20.0,"enemies":"Book of Stabbing","floor":27.0,"turns":5.0},{"damage":24,"enemies":"Centurion and Healer","floor":29,"turns":3}],"seed_played":"-2975720716427256282","potions_obtained":[{"floor":10.0,"key":"EssenceOfSteel"},{"floor":12.0,"key":"ColorlessPotion"},{"floor":22.0,"key":"Strength Potion"},{"floor":27.0,"key":"SteroidPotion"}],"is_trial":false,"path_per_floor":["R","M","M","M","?","?","T","?","R","M","?","M","R","E","M","B",null,"R","M","M","$","?","?","T","?","R","E","R","M"],"character_chosen":"THE_AUTOMATON","items_purchased":["bronze:Flail"],"campfire_rested":1,"item_purchase_floors":[21],"current_hp_per_floor":[70,70,70,70,70,75,75,75,85,62,62,45,45,24,24,14,85,85,48,48,46,18,18,18,18,43,23,23,0,0,0],"gold":122,"neow_bonus":"THREE_ENEMY_KILL","is_daily":false,"chose_seed":false,"campfire_upgraded":4,"win_rate":0.0,"timestamp":1612330577,"path_taken":["R","M","M","M","?","?","T","?","R","M","?","M","R","E","M","BOSS","R","M","M","$","?","?","T","?","R","E","R","M"],"items_purchased_type":["Card"],"build_version":"2020-12-22","purchased_purges":1,"victory":false,"max_hp_per_floor":[70,70,70,70,70,75,75,75,85,85,85,85,85,85,85,85,85,85,85,85,85,85,85,85,85,85,85,85,85,85,85],"card_choices":[{"not_picked":["bronze:Deprecate","bronze:WhirlingStrike"],"picked":"bronze:OilSpill","floor":2.0},{"not_picked":["bronze:DelayedSlice","bronze:CutThrough"],"picked":"bronze:Repulsor","floor":3.0},{"not_picked":["bronze:BugBarrage","bronze:DelayedSlice"],"picked":"bronze:Hardcode","floor":4.0},{"not_picked":["bronze:BitShift","bronze:Overheat"],"picked":"bronze:Separator","floor":10.0},{"not_picked":["bronze:CutThrough","bronze:WhirlingStrike"],"picked":"bronze:Optimize","floor":12.0},{"not_picked":["bronze:WildBeam","bronze:Separator","bronze:Break"],"picked":"SKIP","floor":14.0},{"not_picked":["bronze:BugBarrage","bronze:ItsAFeature"],"picked":"bronze:DigitalCarnage","floor":15.0},{"not_picked":["bronze:RecursiveStrike","bronze:FindAndReplace"],"picked":"bronze:Library","floor":16.0},{"not_picked":["bronze:Invalidate","bronze:OilSpill+1"],"picked":"bronze:ChosenStrike","floor":19.0},{"not_picked":["bronze:Shield","bronze:OilSpill"],"picked":"bronze:FollowUp","floor":20.0},{"not_picked":["bronze:DelayedSlice","bronze:Iterate+1"],"picked":"bronze:Format","floor":21.0},{"not_picked":["bronze:ChosenStrike","bronze:Safeguard"],"picked":"bronze:Overload","floor":22.0},{"not_picked":["bronze:Invalidate","bronze:GetLatest","bronze:WhirlingStrike"],"picked":"SKIP","floor":27.0}],"player_experience":183288,"relics_obtained":[{"floor":14.0,"key":"bronze:Timepiece"},{"floor":22.0,"key":"WingedGreaves"},{"floor":22.0,"key":"Bottled Lightning"},{"floor":24.0,"key":"The Courier"},{"floor":27.0,"key":"Regal Pillow"}],"event_choices":[{"damage_healed":0.0,"max_hp_gain":0.0,"max_hp_loss":0.0,"gold_gain":0.0,"event_name":"The Library","player_choice":"Read","floor":25.0,"gold_loss":0.0,"damage_taken":0.0,"cards_obtained":["bronze:FineTuning"]}],"is_beta":false,"boss_relics":[{"not_picked":["Busted Crown","Tiny House"],"picked":"bronze:ElectromagneticCoil"}],"items_purged_floors":[21],"is_endless":false,"potions_floor_spawned":[10,12,22,27],"killed_by":"Centurion and Healer","ascension_level":2}}