{"host":"7cp3z5w0tcrrm8ys","time":1612324718,"event":{"mods":["AchievementEnabler","BaseMod","DeckTracker","Minty Spire (QoL Compilation)","StSLib","SuperFastMode"],"gold_per_floor":[118,118,118,136,22,48,67,67,67,67,67,83,83,101,101,174,174,194,194,35,48,62,62,62,62,62,62,62,81,91,106,106,106,106],"floor_reached":33,"language":"KOR","playtime":565,"items_purged":["Strike_R"],"score":494,"play_id":"dba7feba-a70f-4d8f-8902-28716ddbae73","local_time":"20210203125838","is_ascension_mode":true,"campfire_choices":[{"data":"Bash","floor":10,"key":"SMITH"},{"data":"Shrug It Off","floor":13,"key":"SMITH"},{"data":"Spot Weakness","floor":15,"key":"SMITH"},{"floor":23,"key":"REST"},{"floor":25,"key":"REST"},{"data":"Double Tap","floor":27,"key":"SMITH"},{"floor":32,"key":"REST"}],"circlet_count":0,"master_deck":["AscendersBane","Strike_R+1","Strike_R+1","Defend_R","Defend_R","Defend_R","Defend_R","Bash+1","Dropkick","Flex+1","Shrug It Off+1","Cleave","Spot Weakness+1","Double Tap+1","Pummel","Blood for Blood","Anger+1","Pummel"],"relics":["Burning Blood","Bag of Preparation","Ice Cream","Mercury Hourglass","Mango","Sozu","Blue Candle"],"acts_visited":["Exordium","TheCity"],"potions_floor_usage":[6,6,16],"damage_taken":[{"damage":7,"enemies":"Cultist","floor":1,"turns":4},{"damage":2,"enemies":"2 Louse","floor":4,"turns":4},{"damage":25,"enemies":"3 Sentries","floor":6,"turns":8},{"damage":10,"enemies":"Small Slimes","floor":7,"turns":3},{"damage":3,"enemies":"Looter","floor":12,"turns":2},{"damage":16,"enemies":"Exordium Thugs","floor":14,"turns":5},{"damage":5,"enemies":"Hexaghost","floor":16,"turns":7},{"damage":17,"enemies":"Shell Parasite","floor":18,"turns":3},{"damage":27,"enemies":"Spheric Guardian","floor":21,"turns":4},{"damage":34,"enemies":"Chosen and Byrds","floor":22,"turns":6},{"damage":11,"enemies":"Centurion and Healer","floor":29,"turns":3},{"damage":28,"enemies":"Shelled Parasite and Fungi","floor":30,"turns":3},{"damage":14,"enemies":"3 Cultists","floor":31,"turns":4},{"damage":38,"enemies":"Automaton","floor":33,"turns":4}],"seed_played":"-5294512246170561729","potions_obtained":[{"floor":1,"key":"SpeedPotion"},{"floor":6,"key":"Strength Potion"}],"is_trial":false,"path_per_floor":["M","?","?","M","$","E","M","?","T","R","?","M","R","M","R","B",null,"M","?","$","M","M","R","?","R","T","R","?","M","M","M","R","B"],"character_chosen":"IRONCLAD","items_purchased":["Block Potion","Strength Potion","Pummel"],"campfire_rested":3,"item_purchase_floors":[5,5,20],"current_hp_per_floor":[67,44,44,48,48,29,25,25,39,39,39,42,42,32,32,33,75,64,64,64,43,15,41,15,43,43,43,43,38,16,8,36,0,0],"gold":106,"neow_bonus":"RANDOM_COMMON_RELIC","is_daily":false,"chose_seed":false,"campfire_upgraded":4,"win_rate":0.0,"timestamp":1612324718,"path_taken":["M","?","?","?","$","E","M","?","T","R","?","?","R","M","R","BOSS","M","?","$","M","?","R","?","R","T","R","?","M","M","?","R","BOSS"],"items_purchased_type":["Potion","Potion","Card"],"build_version":"2020-12-22","purchased_purges":1,"victory":false,"max_hp_per_floor":[75,75,75,75,75,75,75,75,89,89,89,89,89,89,89,89,89,89,89,89,89,89,89,94,94,94,94,94,94,94,94,94,94,94],"card_choices":[{"not_picked":["Pommel Strike","Havoc"],"picked":"Dropkick","floor":1},{"not_picked":["Armaments","Sentinel"],"picked":"Flex","floor":4},{"not_picked":["Clash","Dual Wield","Wild Strike"],"picked":"SKIP","floor":6},{"not_picked":["Armaments","Hemokinesis"],"picked":"Shrug It Off","floor":7},{"not_picked":["Entrench","Perfected Strike"],"picked":"Cleave","floor":12},{"not_picked":["Twin Strike","Armaments"],"picked":"Spot Weakness","floor":14},{"not_picked":["Limit Break","Bludgeon"],"picked":"Double Tap","floor":16},{"not_picked":["Iron Wave","Hemokinesis","True Grit"],"picked":"SKIP","floor":18},{"not_picked":["Ghostly Armor","Clash"],"picked":"Blood for Blood","floor":21},{"not_picked":["Rupture","Havoc","Wild Strike"],"picked":"SKIP","floor":22},{"not_picked":["Battle Trance","Rupture"],"picked":"Anger+1","floor":29},{"not_picked":["Twin Strike","Anger"],"picked":"Pummel","floor":30},{"not_picked":["Combust","Heavy Blade+1","Immolate"],"picked":"SKIP","floor":31}],"player_experience":805636,"relics_obtained":[{"floor":6,"key":"Mercury Hourglass"},{"floor":9,"key":"Mango"},{"floor":26,"key":"Blue Candle"}],"event_choices":[{"damage_healed":0,"gold_gain":0,"player_choice":"Entered Light","damage_taken":23,"max_hp_gain":0,"max_hp_loss":0,"event_name":"Shining Light","floor":2,"gold_loss":0,"cards_upgraded":["Strike_R","Strike_R"]},{"damage_healed":0,"gold_gain":0,"player_choice":"Gave Potion","damage_taken":0,"relics_obtained":["Ice Cream"],"max_hp_gain":0,"max_hp_loss":0,"event_name":"WeMeetAgain","floor":3,"gold_loss":0},{"damage_healed":0,"gold_gain":0,"player_choice":"Ignored","damage_taken":0,"max_hp_gain":0,"max_hp_loss":0,"event_name":"Golden Wing","floor":8,"gold_loss":0},{"damage_healed":0,"gold_gain":0,"player_choice":"Forge","damage_taken":0,"max_hp_gain":0,"max_hp_loss":0,"event_name":"Accursed Blacksmith","floor":11,"gold_loss":0,"cards_upgraded":["Flex"]},{"cards_removed":["Strike_R"],"damage_healed":0,"gold_gain":0,"player_choice":"Offered Basic","damage_taken":0,"max_hp_gain":0,"max_hp_loss":0,"event_name":"Bonfire Elementals","floor":19,"gold_loss":0},{"damage_healed":0,"gold_gain":0,"player_choice":"Shed Blood","damage_taken":31,"max_hp_gain":5,"max_hp_loss":0,"event_name":"Forgotten Altar","floor":24,"gold_loss":0},{"cards_removed":["Strike_R"],"damage_healed":0,"gold_gain":0,"player_choice":"Purged","damage_taken":0,"max_hp_gain":0,"max_hp_loss":0,"event_name":"Purifier","floor":28,"gold_loss":0}],"is_beta":false,"boss_relics":[{"not_picked":["SacredBark","Runic Dome"],"picked":"Sozu"}],"items_purged_floors":[20],"is_endless":false,"potions_floor_spawned":[1,6,22,30],"killed_by":"Automaton","ascension_level":20}}