{"host":"aj7el8l5kufbk20z","time":1612334625,"event":{"mods":["AchievementEnabler","BaseMod","Colored Map","Colored Powertips","Curses Come First","Highlight Path","Minty Spire (QoL Compilation)","Permanent Neow","Poor People Problems","Quick Restart","Rare Cards Sparkle","Relic Stats","StSLib","SuperFastMode","Waifu the Spire"],"gold_per_floor":[118,509,520,537,550,580,580,618,618,642,662,662,662,182,182,308,308,329,541,561,561,509,543,543,543,594,594,613,636,654,694,694,819,819,843,491,554,570,570,613,613,651,678,726,264,295,295,318,318,318,318,318,109,150,150],"floor_reached":56,"language":"ZHS","playtime":4433,"items_purged":["Strike_B","Strike_B","Defend_B","Defend_B","Defend_B","Defend_B","Strike_B"],"score":1546,"play_id":"caab4bbc-57ff-4b2e-b8a2-f35ed4da0c47","local_time":"20210203144345","is_ascension_mode":true,"campfire_choices":[{"data":"Genetic Algorithm","floor":12.0,"key":"SMITH"},{"data":"Capacitor","floor":15.0,"key":"SMITH"},{"data":"Zap","floor":24.0,"key":"SMITH"},{"data":"Dualcast","floor":27.0,"key":"SMITH"},{"data":"Echo Form","floor":32.0,"key":"SMITH"},{"data":"Coolheaded","floor":41.0,"key":"SMITH"},{"floor":47.0,"key":"RECALL"},{"data":"FTL","floor":49.0,"key":"SMITH"},{"data":"Streamline","floor":52.0,"key":"SMITH"}],"circlet_count":0,"master_deck":["Zap+1","Dualcast+1","Echo Form+1","Capacitor+1","Streamline+1","Genetic Algorithm+1","Storm+1","FTL+1","Coolheaded+1","BootSequence","Glacier+1","Core Surge","White Noise+1","Stack+1","Force Field+1","Loop+1","Consume+1","Biased Cognition+1","Stack+1","Creative AI+1","Defragment+1","Bandage Up+1","Amplify+1","Aggregate+1","Double Energy+1","Loop+1","Capacitor+1"],"relics":["FrozenCore","Frozen Egg 2","Pantograph","PreservedInsect","Golden Idol","Symbiotic Virus","Ornamental Fan","Toxic Egg 2","WingedGreaves","Strawberry","Incense Burner","Orrery","Bottled Flame","Ancient Tea Set","Bottled Lightning","Black Star","Calipers","Gremlin Horn","Dead Branch","Omamori","Centennial Puzzle","Molten Egg 2","Thread and Needle","Mummified Hand","CeramicFish","Toolbox","Darkstone Periapt","Sundial","Lantern","HornCleat","Boot","Art of War"],"acts_visited":["Exordium","TheCity","TheBeyond","TheEnding"],"potions_floor_usage":[55,55],"damage_taken":[{"damage":6.0,"enemies":"Cultist","floor":1.0,"turns":4.0},{"damage":8.0,"enemies":"2 Louse","floor":3.0,"turns":3.0},{"damage":6.0,"enemies":"Jaw Worm","floor":4.0,"turns":3.0},{"damage":6.0,"enemies":"Exordium Wildlife","floor":5.0,"turns":3.0},{"damage":15.0,"enemies":"Gremlin Nob","floor":6.0,"turns":4.0},{"damage":28.0,"enemies":"3 Sentries","floor":8.0,"turns":5.0},{"damage":14.0,"enemies":"Blue Slaver","floor":10.0,"turns":3.0},{"damage":18.0,"enemies":"2 Fungi Beasts","floor":11.0,"turns":4.0},{"damage":0.0,"enemies":"Slime Boss","floor":16.0,"turns":7.0},{"damage":13.0,"enemies":"3 Byrds","floor":18.0,"turns":6.0},{"damage":18.0,"enemies":"Spheric Guardian","floor":20.0,"turns":4.0},{"damage":18.0,"enemies":"Book of Stabbing","floor":23.0,"turns":5.0},{"damage":17.0,"enemies":"3 Cultists","floor":28.0,"turns":5.0},{"damage":11.0,"enemies":"Snecko","floor":29.0,"turns":6.0},{"damage":8.0,"enemies":"Centurion and Healer","floor":30.0,"turns":5.0},{"damage":49.0,"enemies":"Gremlin Leader","floor":31.0,"turns":7.0},{"damage":23.0,"enemies":"Collector","floor":33.0,"turns":12.0},{"damage":3.0,"enemies":"3 Darklings","floor":35.0,"turns":6.0},{"damage":16.0,"enemies":"Mind Bloom Boss Battle","floor":37.0,"turns":5.0},{"damage":6.0,"enemies":"Orb Walker","floor":38.0,"turns":3.0},{"damage":6.0,"enemies":"Reptomancer","floor":40.0,"turns":7.0},{"damage":0.0,"enemies":"Giant Head","floor":42.0,"turns":7.0},{"damage":0.0,"enemies":"Reptomancer","floor":44.0,"turns":3.0},{"damage":0.0,"enemies":"Giant Head","floor":46.0,"turns":6.0},{"damage":8.0,"enemies":"Sphere and 2 Shapes","floor":48.0,"turns":4.0},{"damage":10.0,"enemies":"Time Eater","floor":50.0,"turns":9.0},{"damage":0.0,"enemies":"Shield and Spear","floor":54.0,"turns":4.0},{"damage":28,"enemies":"The Heart","floor":55,"turns":7}],"seed_played":"6085086549339023443","potions_obtained":[{"floor":3.0,"key":"SpeedPotion"},{"floor":6.0,"key":"Energy Potion"},{"floor":8.0,"key":"Fire Potion"},{"floor":10.0,"key":"Energy Potion"},{"floor":16.0,"key":"Strength Potion"},{"floor":23.0,"key":"Dexterity Potion"},{"floor":30.0,"key":"DuplicationPotion"},{"floor":35.0,"key":"Fire Potion"},{"floor":44.0,"key":"DuplicationPotion"}],"is_trial":false,"path_per_floor":["M","$","M","M","M","E","?","E","T","M","M","R","?","$","R","B",null,"M","$","M","?","$","E","R","?","T","R","M","M","M","E","R","B",null,"M","$","?","M","?","E","R","E","T","E","$","E","R","M","R","B",null,"R","$","E","B",null],"character_chosen":"DEFECT","items_purchased":["Frozen Egg 2","Pantograph","Toxic Egg 2","Glacier+1","WingedGreaves","Strawberry","Incense Burner","Orrery","Calipers","Gremlin Horn","Toolbox","Loop+1","PotionOfCapacity","Lantern","DuplicationPotion","HornCleat"],"campfire_rested":0,"item_purchase_floors":[2,2,14,14,14,19,22,22,36,36,45,45,45,53,53,53],"current_hp_per_floor":[69,69,61,55,49,90,72,44,44,92,74,74,74,74,74,75,75,62,69,51,51,51,33,33,33,33,33,91,80,72,99,99,59,82,79,79,66,60,60,82,82,82,82,82,82,82,82,74,74,78,82,82,82,82,60],"gold":150,"neow_bonus":"ONE_RANDOM_RARE_CARD","is_daily":false,"chose_seed":false,"campfire_upgraded":8,"win_rate":0.0,"timestamp":1612334625,"path_taken":["M","$","?","M","M","E","?","E","T","M","M","R","?","$","R","BOSS","M","$","M","?","$","E","R","?","T","R","M","M","M","E","R","BOSS","M","$","?","M","?","E","R","E","T","E","$","E","R","M","R","BOSS","R","$","E","BOSS"],"items_purchased_type":["Relic","Relic","Relic","Card","Relic","Relic","Relic","Relic","Relic","Relic","Relic","Card","Potion","Relic","Potion","Relic"],"build_version":"2020-12-22","purchased_purges":7,"victory":true,"max_hp_per_floor":[75,75,75,75,75,75,75,75,75,75,75,75,75,75,75,75,75,75,82,82,82,82,82,82,82,82,82,82,82,82,82,82,82,82,82,82,82,82,82,82,82,82,82,82,82,82,82,82,82,82,82,82,82,82,82],"relic_stats":{"Darkstone Periapt":0,"Gremlin Horn":[10,12],"counters":[28,145],"Golden Idol":217,"Dead Branch":[43],"CeramicFish":27,"PreservedInsect":551,"Boot":[0],"FrozenCore":[40],"Centennial Puzzle":[9],"Ornamental Fan":[32],"Mummified Hand":[96],"Sundial":[2],"Pantograph":-5,"Black Star":5,"Art of War":[2],"obtain_stats":[{"Darkstone Periapt":46,"Lantern":53,"Calipers":36,"Gremlin Horn":36,"CeramicFish":44,"Incense Burner":22,"Ancient Tea Set":26,"Boot":54,"FrozenCore":17,"Centennial Puzzle":40,"HornCleat":53,"Mummified Hand":44,"Sundial":46,"Pantograph":2,"Strawberry":19,"Toolbox":45,"WingedGreaves":14,"Toxic Egg 2":14,"Cracked Core":0,"Golden Idol":7,"Dead Branch":37,"Thread and Needle":42,"PreservedInsect":6,"Omamori":40,"Frozen Egg 2":2,"Bottled Flame":23,"Ornamental Fan":9,"Orrery":22,"Molten Egg 2":42,"Black Star":34,"Art of War":54,"Bottled Lightning":31,"Symbiotic Virus":8},{"Darkstone Periapt":24,"Lantern":26,"Calipers":18,"Gremlin Horn":18,"CeramicFish":23,"Incense Burner":11,"Ancient Tea Set":12,"Boot":27,"FrozenCore":9,"Centennial Puzzle":21,"HornCleat":26,"Mummified Hand":23,"Sundial":24,"Pantograph":1,"Strawberry":10,"Toolbox":23,"WingedGreaves":8,"Toxic Egg 2":8,"Cracked Core":0,"Golden Idol":5,"Dead Branch":19,"Thread and Needle":22,"PreservedInsect":5,"Omamori":21,"Frozen Egg 2":1,"Bottled Flame":12,"Ornamental Fan":6,"Orrery":11,"Molten Egg 2":22,"Black Star":17,"Art of War":27,"Bottled Lightning":16,"Symbiotic Virus":6},{"Darkstone Periapt":122,"Lantern":135,"Calipers":92,"Gremlin Horn":92,"CeramicFish":117,"Incense Burner":46,"Ancient Tea Set":51,"Boot":139,"FrozenCore":36,"Centennial Puzzle":107,"HornCleat":135,"Mummified Hand":117,"Sundial":122,"Pantograph":4,"Strawberry":42,"Toolbox":117,"WingedGreaves":29,"Toxic Egg 2":29,"Cracked Core":0,"Golden Idol":17,"Dead Branch":97,"Thread and Needle":114,"PreservedInsect":17,"Omamori":107,"Frozen Egg 2":4,"Bottled Flame":51,"Ornamental Fan":22,"Orrery":46,"Molten Egg 2":114,"Black Star":86,"Art of War":139,"Bottled Lightning":74,"Symbiotic Virus":22}]},"card_choices":[{"not_picked":["Go for the Eyes","Self Repair"],"picked":"Capacitor","floor":1.0},{"not_picked":["Sweeping Beam","Compile Driver"],"picked":"Streamline","floor":3.0},{"not_picked":["Darkness","Conserve Battery"],"picked":"Genetic Algorithm","floor":4.0},{"not_picked":["Redo","Barrage"],"picked":"Storm+1","floor":5.0},{"not_picked":["Scrape","Darkness","Compile Driver"],"picked":"SKIP","floor":6.0},{"not_picked":["Aggregate","Storm+1"],"picked":"FTL","floor":8.0},{"not_picked":["Sweeping Beam","Gash"],"picked":"Coolheaded","floor":10.0},{"not_picked":["Leap","Compile Driver"],"picked":"BootSequence","floor":11.0},{"not_picked":["Fission+1","Amplify+1"],"picked":"Core Surge","floor":16.0},{"not_picked":["Sweeping Beam","Cold Snap"],"picked":"White Noise+1","floor":18.0},{"not_picked":["Darkness+1","Genetic Algorithm+1"],"picked":"Stack+1","floor":20.0},{"not_picked":["Coolheaded+1","Redo+1"],"picked":"Loop+1","floor":22.0},{"not_picked":["Loop+1","Conserve Battery+1"],"picked":"Consume+1","floor":22.0},{"not_picked":["Steam+1","Lockon"],"picked":"Biased Cognition+1","floor":23.0},{"not_picked":["Steam+1","Sweeping Beam+1","Coolheaded+1"],"picked":"SKIP","floor":28.0},{"not_picked":["Chill+1","Go for the Eyes","Leap+1"],"picked":"SKIP","floor":29.0},{"not_picked":["Thunder Strike","Leap+1"],"picked":"Stack+1","floor":30.0},{"not_picked":["Steam+1","Tempest+1","Rebound+1"],"picked":"SKIP","floor":31.0},{"not_picked":["Steam+1","Tempest+1","Rebound+1"],"picked":"SKIP","floor":31.0},{"not_picked":["Reboot+1","Buffer+1"],"picked":"Creative AI+1","floor":33.0},{"not_picked":["Sweeping Beam","Hologram+1"],"picked":"Defragment+1","floor":35.0},{"not_picked":["Undo+1","Go for the Eyes","Steam+1"],"picked":"SKIP","floor":38.0},{"not_picked":["Panache+1","Deep Breath+1"],"picked":"Bandage Up+1","floor":39.0},{"not_picked":["Streamline","Double Energy+1"],"picked":"Amplify+1","floor":40.0},{"not_picked":["Sweeping Beam+1","Cold Snap+1"],"picked":"Aggregate+1","floor":42.0},{"not_picked":["Turbo+1","Chaos+1"],"picked":"Double Energy+1","floor":44.0},{"not_picked":["Ball Lightning+1","Biased Cognition+1","Undo+1"],"picked":"SKIP","floor":46.0},{"not_picked":["Sunder+1","Leap+1"],"picked":"Capacitor+1","floor":48.0},{"not_picked":["Steam+1","Consume+1","Chaos+1"],"picked":"SKIP","floor":54.0}],"player_experience":264695,"relics_obtained":[{"floor":6.0,"key":"PreservedInsect"},{"floor":8.0,"key":"Symbiotic Virus"},{"floor":9.0,"key":"Ornamental Fan"},{"floor":23.0,"key":"Bottled Flame"},{"floor":26.0,"key":"Ancient Tea Set"},{"floor":31.0,"key":"Bottled Lightning"},{"floor":37.0,"key":"Dead Branch"},{"floor":40.0,"key":"Omamori"},{"floor":40.0,"key":"Centennial Puzzle"},{"floor":42.0,"key":"Molten Egg 2"},{"floor":42.0,"key":"Thread and Needle"},{"floor":44.0,"key":"Mummified Hand"},{"floor":44.0,"key":"CeramicFish"},{"floor":46.0,"key":"Darkstone Periapt"},{"floor":46.0,"key":"Sundial"},{"floor":54.0,"key":"Boot"},{"floor":54.0,"key":"Art of War"}],"event_choices":[{"damage_healed":0.0,"max_hp_gain":0.0,"max_hp_loss":0.0,"gold_gain":0.0,"event_name":"Golden Idol","player_choice":"Take Damage","floor":7.0,"gold_loss":0.0,"damage_taken":18.0,"relics_obtained":["Golden Idol"]},{"cards_removed":["Strike_B"],"damage_healed":0.0,"max_hp_gain":0.0,"max_hp_loss":0.0,"gold_gain":0.0,"event_name":"Living Wall","player_choice":"Forget","floor":13.0,"gold_loss":0.0,"damage_taken":0.0},{"damage_healed":0.0,"max_hp_gain":0.0,"max_hp_loss":0.0,"gold_gain":0.0,"event_name":"The Library","player_choice":"Read","floor":21.0,"gold_loss":0.0,"damage_taken":0.0,"cards_obtained":["Force Field"]},{"damage_healed":0.0,"max_hp_gain":0.0,"max_hp_loss":0.0,"gold_gain":0.0,"event_name":"Vampires","player_choice":"Ignored","floor":25.0,"gold_loss":0.0,"damage_taken":0.0},{"damage_healed":0.0,"max_hp_gain":0.0,"max_hp_loss":0.0,"gold_gain":0.0,"event_name":"MindBloom","player_choice":"Fight","floor":37.0,"gold_loss":0.0,"damage_taken":0.0},{"damage_healed":0.0,"max_hp_gain":0.0,"max_hp_loss":0.0,"gold_gain":0.0,"event_name":"SensoryStone","player_choice":"Memory 1","floor":39.0,"gold_loss":0.0,"damage_taken":0.0}],"is_beta":false,"boss_relics":[{"not_picked":["Calling Bell","Ectoplasm"],"picked":"FrozenCore"},{"not_picked":["Coffee Dripper","Runic Dome"],"picked":"Black Star"}],"items_purged_floors":[2,14,19,22,36,45,53],"is_endless":false,"potions_floor_spawned":[3,6,8,10,16,23,30,35,44,46,54],"ascension_level":1}}