{"host":"y76clbnovzmw9ubx","time":1612326795,"event":{"mods":["AchievementEnabler","BaseMod","Minty Spire (QoL Compilation)","Permanent Neow","Relic Stats"],"gold_per_floor":[218,15,33,50,66,93,39,56,56,56,87,87,114,127,127,204,204,222,232,248,248,248],"floor_reached":21,"language":"ENG","playtime":1060,"items_purged":["Strike_G"],"score":406,"play_id":"523a7b43-ede4-4e6f-a9bc-7048d9ddebd6","local_time":"20210202233315","is_ascension_mode":true,"campfire_choices":[{"floor":10,"key":"REST"},{"floor":12,"key":"REST"},{"data":"Catalyst","floor":15,"key":"SMITH"}],"circlet_count":0,"master_deck":["AscendersBane","Strike_G","Strike_G","Strike_G","Strike_G","Defend_G","Defend_G","Defend_G","Defend_G","Defend_G","Survivor","Neutralize","Noxious Fumes","Footwork","Deadly Poison","Catalyst+1","Dagger Spray","Poisoned Stab","Flechettes","Catalyst","Deflect","Adrenaline","Venomology","Backstab","Backflip"],"relics":["Ring of the Snake","White Beast Statue","Frozen Egg 2","Pear","Philosopher\u0027s Stone"],"acts_visited":["Exordium","TheCity"],"potions_floor_usage":[6,13,19,19,20,21],"damage_taken":[{"damage":11,"enemies":"Cultist","floor":1,"turns":5},{"damage":2,"enemies":"Small Slimes","floor":3,"turns":5},{"damage":3,"enemies":"Jaw Worm","floor":4,"turns":4},{"damage":11,"enemies":"Exordium Wildlife","floor":5,"turns":4},{"damage":14,"enemies":"3 Sentries","floor":6,"turns":9},{"damage":0,"enemies":"3 Louse","floor":8,"turns":4},{"damage":17,"enemies":"Lagavulin","floor":11,"turns":8},{"damage":22,"enemies":"3 Sentries","floor":13,"turns":7},{"damage":2,"enemies":"2 Fungi Beasts","floor":14,"turns":4},{"damage":5,"enemies":"Hexaghost","floor":16,"turns":6},{"damage":15,"enemies":"Spheric Guardian","floor":18,"turns":4},{"damage":13,"enemies":"2 Thieves","floor":19,"turns":4},{"damage":6,"enemies":"Snecko","floor":20,"turns":4},{"damage":33,"enemies":"Centurion and Healer","floor":21,"turns":6}],"seed_played":"2330802550463801976","potions_obtained":[{"floor":1,"key":"Fire Potion"},{"floor":4,"key":"SpeedPotion"},{"floor":11,"key":"Strength Potion"},{"floor":13,"key":"SteroidPotion"},{"floor":14,"key":"CultistPotion"},{"floor":18,"key":"AttackPotion"},{"floor":19,"key":"Block Potion"},{"floor":20,"key":"Swift Potion"}],"is_trial":false,"path_per_floor":["M","$","M","M","M","E","$","M","T","R","E","R","E","M","R","B",null,"M","M","M","M"],"character_chosen":"THE_SILENT","items_purchased":["Footwork","Deadly Poison","Poisoned Stab"],"campfire_rested":2,"item_purchase_floors":[2,2,7],"current_hp_per_floor":[48,48,46,43,32,18,18,18,18,37,20,39,27,25,25,20,62,47,34,28,0,0],"gold":248,"neow_bonus":"HUNDRED_GOLD","is_daily":false,"chose_seed":false,"campfire_upgraded":1,"win_rate":0.0,"timestamp":1612326795,"path_taken":["M","$","M","M","M","E","$","M","T","R","E","R","E","?","R","BOSS","M","M","M","M"],"items_purchased_type":["Card","Card","Card"],"build_version":"2020-12-22","purchased_purges":1,"victory":false,"max_hp_per_floor":[66,66,66,66,66,66,66,66,66,66,66,66,76,76,76,76,76,76,76,76,76,76],"relic_stats":{"counters":[14,74],"obtain_stats":[{"Pear":13,"Philosopher\u0027s Stone":17,"Frozen Egg 2":11,"White Beast Statue":9,"Ring of the Snake":0},{"Pear":8,"Philosopher\u0027s Stone":10,"Frozen Egg 2":7,"White Beast Statue":6,"Ring of the Snake":0},{"Pear":46,"Philosopher\u0027s Stone":56,"Frozen Egg 2":39,"White Beast Statue":31,"Ring of the Snake":0}],"Ring of the Snake":[28]},"card_choices":[{"not_picked":["Prepared","Sucker Punch"],"picked":"Noxious Fumes","floor":1},{"not_picked":["Acrobatics","Tactician","Eviscerate"],"picked":"SKIP","floor":3},{"not_picked":["Blade Dance","Wraith Form v2"],"picked":"Catalyst","floor":4},{"not_picked":["Outmaneuver","Dagger Throw"],"picked":"Dagger Spray","floor":5},{"not_picked":["Dagger Spray","Prepared","Cloak And Dagger"],"picked":"SKIP","floor":6},{"not_picked":["Accuracy","Outmaneuver"],"picked":"Flechettes","floor":8},{"not_picked":["Deflect","Dagger Spray"],"picked":"Catalyst","floor":11},{"not_picked":["Finisher","Cloak And Dagger"],"picked":"Deflect","floor":13},{"not_picked":["Choke","Deadly Poison"],"picked":"Adrenaline","floor":14},{"not_picked":["Unload","Malaise"],"picked":"Venomology","floor":16},{"not_picked":["Flying Knee","Bane","Deadly Poison"],"picked":"SKIP","floor":18},{"not_picked":["Slice","Deflect"],"picked":"Backstab","floor":19},{"not_picked":["Skewer","Setup+1"],"picked":"Backflip","floor":20}],"player_experience":3182030,"relics_obtained":[{"floor":9,"key":"White Beast Statue"},{"floor":11,"key":"Frozen Egg 2"},{"floor":13,"key":"Pear"}],"event_choices":[],"is_beta":false,"boss_relics":[{"not_picked":["Sozu","Busted Crown"],"picked":"Philosopher\u0027s Stone"}],"items_purged_floors":[2],"is_endless":false,"potions_floor_spawned":[1,4,11,13,14,16,18,19,20],"killed_by":"Centurion and Healer","ascension_level":20}}