{"host":"4rvakrj1idbgia3f","time":1612359495,"event":{"mods":["BaseMod","Colored Map","Colored Powertips","DeckTracker","Highlight Path","Minty Spire (QoL Compilation)","Random Character Button","StSLib"],"gold_per_floor":[110,110,110,124,141,141,13,48,48,48,83,83,94,112,112,190,190,166,186,101,101,101,101,133,133,133,167,167,167,202,8,8,87,87,104,104,104],"floor_reached":36,"language":"JPN","playtime":2293,"items_purged":["Strike_B"],"score":952,"play_id":"d1a476d1-8229-48d9-bde7-89df551bc979","local_time":"20210203223815","is_ascension_mode":true,"campfire_choices":[{"data":"Darkness","floor":6.0,"key":"SMITH"},{"data":"Barrage","floor":10.0,"key":"SMITH"},{"data":"Creative AI","floor":12.0,"key":"SMITH"},{"data":"Glacier","floor":15.0,"key":"SMITH"},{"data":"Rainbow","floor":23,"key":"SMITH"},{"floor":25,"key":"REST"},{"data":"Coolheaded","floor":28,"key":"SMITH"},{"data":"Coolheaded","floor":32,"key":"SMITH"}],"circlet_count":0,"master_deck":["AscendersBane","Defend_B","Defend_B","Defend_B","Zap+1","Dualcast","Darkness+1","Coolheaded+1","Barrage+1","Cold Snap","Creative AI+1","Glacier+1","Coolheaded+1","Rainbow+1","Defragment+1","Turbo","Self Repair","Cold Snap","Electrodynamics"],"relics":["Cracked Core","Calipers","Blue Candle","Regal Pillow","Snecko Eye","WingedGreaves","Ancient Tea Set","Mummified Hand","StrikeDummy","Symbiotic Virus","Membership Card","Coffee Dripper"],"acts_visited":["Exordium","TheCity","TheBeyond"],"potions_floor_usage":[24,30],"damage_taken":[{"damage":2.0,"enemies":"Jaw Worm","floor":1.0,"turns":4.0},{"damage":1.0,"enemies":"Cultist","floor":4.0,"turns":3.0},{"damage":3.0,"enemies":"2 Louse","floor":5.0,"turns":2.0},{"damage":0.0,"enemies":"Gremlin Nob","floor":8.0,"turns":3.0},{"damage":14.0,"enemies":"Lagavulin","floor":11.0,"turns":6.0},{"damage":0.0,"enemies":"2 Fungi Beasts","floor":13.0,"turns":4.0},{"damage":4.0,"enemies":"3 Louse","floor":14.0,"turns":3.0},{"damage":36.0,"enemies":"The Guardian","floor":16.0,"turns":8.0},{"damage":10.0,"enemies":"2 Thieves","floor":18.0,"turns":4.0},{"damage":3.0,"enemies":"Chosen","floor":19.0,"turns":4.0},{"damage":24,"enemies":"Gremlin Leader","floor":24,"turns":7},{"damage":0,"enemies":"Book of Stabbing","floor":27,"turns":6},{"damage":17,"enemies":"Slavers","floor":30,"turns":7},{"damage":37,"enemies":"Collector","floor":33,"turns":8},{"damage":9,"enemies":"3 Shapes","floor":35,"turns":4},{"damage":25,"enemies":"3 Darklings","floor":36,"turns":4}],"seed_played":"-895075613967328624","potions_obtained":[{"floor":1.0,"key":"BlessingOfTheForge"},{"floor":5.0,"key":"SneckoOil"},{"floor":11.0,"key":"SkillPotion"},{"floor":16.0,"key":"SpeedPotion"},{"floor":19.0,"key":"GamblersBrew"},{"floor":27,"key":"Explosive Potion"},{"floor":30,"key":"CultistPotion"}],"is_trial":false,"path_per_floor":["M","?","?","M","M","R","$","E","T","R","E","R","M","M","R","B",null,"M","M","?","?","?","R","E","R","T","E","R","?","E","$","R","B",null,"M","M"],"character_chosen":"DEFECT","items_purchased":["Cold Snap","Membership Card","Cold Snap"],"campfire_rested":1,"item_purchase_floors":[7,31,31],"current_hp_per_floor":[62,55,71,70,67,67,67,67,67,67,53,53,53,49,49,13,57,47,44,44,44,44,44,20,56,56,56,56,56,46,46,46,16,57,55,30,30],"gold":104,"neow_bonus":"UPGRADE_CARD","is_daily":false,"chose_seed":false,"campfire_upgraded":7,"win_rate":0.0,"timestamp":1612359495,"path_taken":["M","?","?","M","M","R","$","E","T","R","E","R","M","M","R","BOSS","M","M","?","?","?","R","E","R","T","E","R","?","E","$","R","BOSS","M","M"],"items_purchased_type":["Card","Relic","Card"],"build_version":"2020-12-22","purchased_purges":1,"victory":false,"max_hp_per_floor":[71,71,71,71,71,71,71,71,71,71,71,71,71,71,71,71,71,71,71,71,71,71,71,71,71,71,71,71,71,71,71,71,71,71,71,71,71],"card_choices":[{"not_picked":["Heatsinks","Auto Shields"],"picked":"Darkness","floor":1.0},{"not_picked":["Aggregate","Go for the Eyes"],"picked":"Coolheaded","floor":4.0},{"not_picked":["Gash","Heatsinks"],"picked":"Barrage","floor":5.0},{"not_picked":["Gash","Compile Driver","Sunder"],"picked":"SKIP","floor":8.0},{"not_picked":["Hello World","Gash"],"picked":"Creative AI","floor":11.0},{"not_picked":["Recycle","Rebound"],"picked":"Glacier","floor":13.0},{"not_picked":["Compile Driver","Redo"],"picked":"Coolheaded","floor":14.0},{"not_picked":["Echo Form","Thunder Strike"],"picked":"Rainbow","floor":16.0},{"not_picked":["Streamline+1","Leap","Static Discharge"],"picked":"SKIP","floor":18.0},{"not_picked":["Conserve Battery","Chaos","Skim"],"picked":"SKIP","floor":19.0},{"not_picked":["Sweeping Beam","Melter"],"picked":"Defragment+1","floor":24},{"not_picked":["Streamline","Sweeping Beam","Ball Lightning"],"picked":"SKIP","floor":27},{"not_picked":["Skim","Redo","Streamline+1"],"picked":"SKIP","floor":30},{"not_picked":["All For One","Biased Cognition"],"picked":"Electrodynamics","floor":33},{"not_picked":["Stack","Go for the Eyes","Sweeping Beam"],"picked":"SKIP","floor":35}],"player_experience":2205957,"relics_obtained":[{"floor":8.0,"key":"Calipers"},{"floor":9.0,"key":"Blue Candle"},{"floor":11.0,"key":"Regal Pillow"},{"floor":24,"key":"Ancient Tea Set"},{"floor":26,"key":"Mummified Hand"},{"floor":27,"key":"StrikeDummy"},{"floor":30,"key":"Symbiotic Virus"}],"event_choices":[{"cards_removed":["Defend_B"],"damage_healed":0.0,"max_hp_gain":0.0,"max_hp_loss":0.0,"gold_gain":0.0,"event_name":"Golden Wing","player_choice":"Card Removal","floor":2.0,"gold_loss":0.0,"damage_taken":7.0},{"damage_healed":16.0,"max_hp_gain":0.0,"max_hp_loss":0.0,"gold_gain":0.0,"event_name":"Wheel of Change","player_choice":"Full Heal","floor":3.0,"gold_loss":0.0,"damage_taken":0.0},{"damage_healed":0.0,"max_hp_gain":0.0,"max_hp_loss":0.0,"gold_gain":0.0,"event_name":"Addict","player_choice":"Obtained Relic","floor":20.0,"gold_loss":85.0,"damage_taken":0.0,"relics_obtained":["WingedGreaves"]},{"cards_removed":["Strike_B"],"damage_healed":0.0,"max_hp_gain":0.0,"max_hp_loss":0.0,"gold_gain":0.0,"event_name":"Back to Basics","player_choice":"Elegance","floor":21.0,"gold_loss":0.0,"damage_taken":0.0},{"damage_healed":0,"gold_gain":0,"player_choice":"Ignored","damage_taken":0,"max_hp_gain":0,"max_hp_loss":0,"event_name":"The Mausoleum","floor":22,"gold_loss":0},{"damage_healed":0,"gold_gain":0,"cards_transformed":["Strike_B","Strike_B"],"player_choice":"Became Test Subject","damage_taken":0,"max_hp_gain":0,"max_hp_loss":0,"event_name":"Drug Dealer","floor":29,"gold_loss":0,"cards_obtained":["Turbo","Self Repair"]}],"is_beta":false,"boss_relics":[{"not_picked":["Sozu","SlaversCollar"],"picked":"Snecko Eye"},{"not_picked":["Busted Crown","Astrolabe"],"picked":"Coffee Dripper"}],"items_purged_floors":[7],"is_endless":false,"potions_floor_spawned":[1,5,11,16,19,27,30],"killed_by":"3 Darklings","ascension_level":20}}