{"host":"p0hktren06injwdf","time":1612390912,"event":{"mods":["AchievementEnabler","BaseMod","Colored Map","DeckTracker","Minty Spire (QoL Compilation)","Permanent Neow","StSLib","SuperFastMode"],"gold_per_floor":[119,135,155,171,96,96,123,123,195,195,213,213,213,213],"floor_reached":13,"language":"KOR","playtime":139,"items_purged":["Strike_B"],"score":170,"play_id":"c0e3799b-774c-4d24-90aa-6a5840da965f","local_time":"20210204072152","is_ascension_mode":true,"campfire_choices":[{"data":"Zap","floor":6,"key":"SMITH"},{"floor":8,"key":"REST"},{"data":"Defragment","floor":10,"key":"SMITH"}],"circlet_count":0,"master_deck":["AscendersBane","Strike_B","Strike_B","Strike_B","Defend_B","Defend_B","Defend_B","Defend_B","Zap+1","Dualcast","Storm","Defragment+1"],"relics":["Cracked Core","DataDisk","StoneCalendar","Gremlin Horn"],"acts_visited":["Exordium"],"potions_floor_usage":[7],"damage_taken":[{"damage":0,"enemies":"Small Slimes","floor":1,"turns":2},{"damage":4,"enemies":"Jaw Worm","floor":2,"turns":4},{"damage":2,"enemies":"Cultist","floor":3,"turns":4},{"damage":11,"enemies":"Blue Slaver","floor":4,"turns":4},{"damage":41,"enemies":"Gremlin Nob","floor":7,"turns":4},{"damage":11,"enemies":"Exordium Wildlife","floor":11,"turns":3},{"damage":10,"enemies":"Lagavulin","floor":13,"turns":3}],"seed_played":"2954813175446418450","potions_obtained":[{"floor":3,"key":"DuplicationPotion"},{"floor":7,"key":"Explosive Potion"}],"is_trial":false,"path_per_floor":["M","M","M","M","$","R","E","R","T","R","M","?","E"],"character_chosen":"DEFECT","items_purchased":[],"campfire_rested":1,"item_purchase_floors":[],"current_hp_per_floor":[64,60,58,47,47,47,6,27,27,27,16,16,6,6],"gold":213,"neow_bonus":"RANDOM_COMMON_RELIC","is_daily":false,"chose_seed":false,"campfire_upgraded":2,"win_rate":0.0,"timestamp":1612390912,"path_taken":["M","M","M","M","$","R","E","R","T","R","M","?","E"],"items_purchased_type":[],"build_version":"2020-12-22","purchased_purges":1,"victory":false,"max_hp_per_floor":[71,71,71,71,71,71,71,71,71,71,71,71,71,71],"card_choices":[{"not_picked":["Compile Driver","Darkness"],"picked":"Storm","floor":1},{"not_picked":["Blizzard","Ball Lightning"],"picked":"Defragment","floor":2},{"not_picked":["Double Energy","Reinforced Body","Gash"],"picked":"SKIP","floor":3},{"not_picked":["Chaos","Beam Cell","Compile Driver"],"picked":"SKIP","floor":4},{"not_picked":["Leap","Compile Driver","Multi-Cast"],"picked":"SKIP","floor":7},{"not_picked":["Blizzard","Scrape","Beam Cell"],"picked":"SKIP","floor":11}],"player_experience":1001559,"relics_obtained":[{"floor":7,"key":"StoneCalendar"},{"floor":9,"key":"Gremlin Horn"}],"event_choices":[{"damage_healed":0,"gold_gain":0,"player_choice":"Ignored","damage_taken":0,"max_hp_gain":0,"max_hp_loss":0,"event_name":"Shining Light","floor":12,"gold_loss":0}],"is_beta":false,"boss_relics":[],"items_purged_floors":[5],"is_endless":false,"potions_floor_spawned":[3,7],"killed_by":"Lagavulin","ascension_level":20}}