{"host":"¿à÷økuyou","time":1612335473,"event":{"mods":["ATMod(°¢èªMod)","Act Like it!","BaseMod","BetterRewards","Minty Spire (QoL Compilation)","Quick Restart","StSLib"],"gold_per_floor":[114,129,144,74,74,74,74,74,99,114,144,69,84,99,99,199,199,214,229,129,4,19,19,49,64,89,104,104,119,119,119,119,219,219,234,249,264,35,85,85,115,130,130,130,130,130,205,235,235,235,235],"floor_reached":50,"language":"ZHS","playtime":1512,"items_purged":["Strike_B","Hyperbeam","Thinking Ahead"],"score":572,"play_id":"94d69934-d63d-4f3e-ac7f-a8d7c904b563","local_time":"20210203145753","daily_mods":["Allstar","Purple Cards","Lethality"],"is_ascension_mode":false,"campfire_choices":[{"data":"Apotheosis","floor":6.0,"key":"SMITH"},{"data":"Defragment","floor":15.0,"key":"SMITH"},{"data":"White Noise","floor":23.0,"key":"SMITH"},{"data":"Defragment","floor":30.0,"key":"SMITH"},{"data":"1","floor":32.0,"key":"LIFT"},{"data":"2","floor":40.0,"key":"LIFT"},{"floor":49.0,"key":"REST"}],"circlet_count":0,"master_deck":["Zap","Dualcast","Flash of Steel","Apotheosis+1","AT_BreakingExtremeWeapon","AT_TearsDenial","AT_WaterDrop","White Noise+1","Defragment+1","Cold Snap","Defragment+1","LikeWater","Barrage","EmptyBody","MasterReality","Consecrate+1","Turbo+1","Streamline","Defragment+1","Coolheaded","Electrodynamics","Chaos+1","Amplify","AT_ThunderBolt+1","Writhe","Glacier"],"relics":["Cracked Core","AT_ATBox","Nunchaku","Shuriken","Pandora\u0027s Box","Girya","AT_RedTearstoneRing","Inserter","Lee\u0027s Waffle","Torii","Dream Catcher","Happy Flower","HornCleat","Omamori"],"acts_visited":["Exordium","TheCity","TheBeyond"],"potions_floor_usage":[50],"damage_taken":[{"damage":0.0,"enemies":"Cultist","floor":1.0,"turns":3.0},{"damage":10.0,"enemies":"2 Louse","floor":2.0,"turns":3.0},{"damage":4.0,"enemies":"Jaw Worm","floor":3.0,"turns":3.0},{"damage":5.0,"enemies":"Large Slime","floor":10.0,"turns":5.0},{"damage":3.0,"enemies":"Gremlin Nob","floor":11.0,"turns":4.0},{"damage":13.0,"enemies":"Red Slaver","floor":13.0,"turns":3.0},{"damage":16.0,"enemies":"Lots of Slimes","floor":14.0,"turns":4.0},{"damage":0.0,"enemies":"The Guardian","floor":16.0,"turns":8.0},{"damage":7.0,"enemies":"Spheric Guardian","floor":18.0,"turns":4.0},{"damage":28.0,"enemies":"2 Thieves","floor":19.0,"turns":4.0},{"damage":0.0,"enemies":"Sentry and Sphere","floor":22.0,"turns":4.0},{"damage":13.0,"enemies":"Book of Stabbing","floor":24.0,"turns":5.0},{"damage":16.0,"enemies":"Cultist and Chosen","floor":25.0,"turns":5.0},{"damage":2.0,"enemies":"Chosen and Byrds","floor":27.0,"turns":2.0},{"damage":0.0,"enemies":"Sentry and Sphere","floor":29.0,"turns":4.0},{"damage":22.0,"enemies":"Champ","floor":33.0,"turns":7.0},{"damage":19.0,"enemies":"3 Darklings","floor":35.0,"turns":3.0},{"damage":20.0,"enemies":"3 Shapes","floor":36.0,"turns":5.0},{"damage":11.0,"enemies":"Transient","floor":37.0,"turns":5.0},{"damage":0.0,"enemies":"Mind Bloom Boss Battle","floor":39.0,"turns":5.0},{"damage":51.0,"enemies":"Nemesis","floor":41.0,"turns":7.0},{"damage":19.0,"enemies":"Spire Growth","floor":42.0,"turns":3.0},{"damage":61.0,"enemies":"Reptomancer","floor":48.0,"turns":6.0},{"damage":38,"enemies":"Time Eater","floor":50,"turns":2}],"seed_played":"4031875728642390749","potions_obtained":[{"floor":2.0,"key":"SkillPotion"},{"floor":10.0,"key":"CultistPotion"},{"floor":14.0,"key":"FocusPotion"},{"floor":27.0,"key":"Swift Potion"},{"floor":33.0,"key":"PowerPotion"},{"floor":41.0,"key":"Dexterity Potion"}],"is_trial":false,"path_per_floor":["M","M","M","$","?","R","$","?","T","M","E","$","M","M","R","B",null,"M","M","$","$","M","R","E","M","T","M","?","M","R","?","R","B",null,"M","M","M","$","?","R","E","M","T","?","?","?","T","E","R","B"],"character_chosen":"DEFECT","items_purchased":["Defragment","Lee\u0027s Waffle","Amplify"],"campfire_rested":1,"item_purchase_floors":[4,38,38],"current_hp_per_floor":[75,65,61,61,61,61,61,61,61,56,53,53,40,24,24,24,75,68,40,40,40,40,40,27,11,11,9,9,9,9,9,9,11,75,56,36,25,82,82,82,31,12,12,12,33,33,33,11,35,0,0],"gold":235,"neow_bonus":"","is_daily":true,"chose_seed":false,"campfire_upgraded":4,"win_rate":0.0,"timestamp":1612335473,"path_taken":["M","M","?","$","?","R","?","?","T","M","E","$","?","M","R","BOSS","M","M","?","$","?","R","E","M","T","M","?","M","R","?","R","BOSS","M","M","M","$","?","R","E","M","T","?","?","?","?","E","R","BOSS"],"items_purchased_type":["Card","Relic","Card"],"build_version":"2020-12-18","purchased_purges":3,"victory":false,"max_hp_per_floor":[75,75,75,75,75,75,75,75,75,75,75,75,75,75,75,75,75,75,75,75,75,75,75,75,75,75,75,75,75,75,75,75,75,75,75,75,75,82,82,82,82,82,82,82,82,82,82,82,82,82,82],"card_choices":[{"not_picked":["PathToVictory","Stack","Beam Cell"],"picked":"SKIP","floor":1.0},{"not_picked":["Melter","Rebound","Redo"],"picked":"SKIP","floor":2.0},{"not_picked":["Crescendo","FlurryOfBlows"],"picked":"White Noise","floor":3.0},{"not_picked":["Study","Meditate"],"picked":"Cold Snap","floor":10.0},{"not_picked":["CutThroughFate","CarveReality","AT_HeatAcrobatics"],"picked":"SKIP","floor":11.0},{"not_picked":["AT_OneInchPunch","Stack"],"picked":"Defragment","floor":13.0},{"not_picked":["Rebound","Weave","Barrage"],"picked":"SKIP","floor":14.0},{"not_picked":["Crescendo","Halt+1"],"picked":"Consecrate+1","floor":18.0},{"not_picked":["Fasting2","ThirdEye"],"picked":"Turbo+1","floor":19.0},{"not_picked":["Steam","Leap+1","Turbo+1"],"picked":"SKIP","floor":22.0},{"not_picked":["CrushJoints","Melter","AT_WarpDrive+1"],"picked":"SKIP","floor":24.0},{"not_picked":["Steam","BowlingBash+1"],"picked":"Streamline","floor":25.0},{"not_picked":["CutThroughFate","CrushJoints","SignatureMove"],"picked":"SKIP","floor":27.0},{"not_picked":["BowlingBash","Coolheaded"],"picked":"Defragment","floor":29.0},{"not_picked":["LessonLearned","DeusExMachina"],"picked":"Electrodynamics","floor":33.0},{"not_picked":["Turbo+1","CutThroughFate+1"],"picked":"Chaos+1","floor":35.0},{"not_picked":["CarveReality","AT_RobotInSpace","Conclude"],"picked":"SKIP","floor":36.0},{"not_picked":["Consecrate","Blizzard+1","ClearTheMind+1"],"picked":"SKIP","floor":37.0},{"not_picked":["Steam+1","JustLucky+1","EmptyBody"],"picked":"SKIP","floor":41.0},{"not_picked":["Genetic Algorithm","Stack"],"picked":"AT_ThunderBolt+1","floor":42.0},{"not_picked":["Go for the Eyes","Leap+1","CutThroughFate"],"picked":"SKIP","floor":48.0},{"not_picked":["Self Repair","Scrape+1"],"picked":"Glacier","floor":49.0}],"player_experience":193537,"relics_obtained":[{"floor":9.0,"key":"Nunchaku"},{"floor":11.0,"key":"Shuriken"},{"floor":24.0,"key":"Girya"},{"floor":26.0,"key":"AT_RedTearstoneRing"},{"floor":39.0,"key":"Torii"},{"floor":41.0,"key":"Dream Catcher"},{"floor":43.0,"key":"Happy Flower"},{"floor":47.0,"key":"HornCleat"},{"floor":48.0,"key":"Omamori"}],"event_choices":[{"cards_removed":["Strike_B"],"damage_healed":0.0,"max_hp_gain":0.0,"max_hp_loss":0.0,"gold_gain":0.0,"event_name":"Living Wall","player_choice":"Forget","floor":5.0,"gold_loss":0.0,"damage_taken":0.0},{"damage_healed":0.0,"max_hp_gain":0.0,"max_hp_loss":0.0,"gold_gain":0.0,"event_name":"Upgrade Shrine","player_choice":"Upgraded","floor":8.0,"gold_loss":0.0,"damage_taken":0.0,"cards_upgraded":["Defragment"]},{"cards_removed":["Adaptation"],"damage_healed":0.0,"max_hp_gain":0.0,"max_hp_loss":0.0,"gold_gain":0.0,"event_name":"Back to Basics","player_choice":"Elegance","floor":28.0,"gold_loss":0.0,"damage_taken":0.0},{"damage_healed":0.0,"max_hp_gain":0.0,"max_hp_loss":0.0,"gold_gain":0.0,"event_name":"The Library","player_choice":"Read","floor":31.0,"gold_loss":0.0,"damage_taken":0.0,"cards_obtained":["Coolheaded"]},{"damage_healed":0.0,"max_hp_gain":0.0,"max_hp_loss":0.0,"gold_gain":0.0,"event_name":"MindBloom","player_choice":"Fight","floor":39.0,"gold_loss":0.0,"damage_taken":0.0},{"damage_healed":0.0,"max_hp_gain":0.0,"max_hp_loss":0.0,"gold_gain":0.0,"event_name":"SensoryStone","player_choice":"Memory 1","floor":44.0,"gold_loss":0.0,"damage_taken":0.0},{"damage_healed":21.0,"max_hp_gain":0.0,"max_hp_loss":0.0,"gold_gain":0.0,"event_name":"Winding Halls","player_choice":"Writhe","floor":45.0,"gold_loss":0.0,"damage_taken":0.0,"cards_obtained":["Writhe"]},{"damage_healed":0.0,"max_hp_gain":0.0,"max_hp_loss":0.0,"gold_gain":0.0,"event_name":"The Moai Head","player_choice":"Ignored","floor":46.0,"gold_loss":0.0,"damage_taken":0.0}],"is_beta":true,"boss_relics":[{"not_picked":["Philosopher\u0027s Stone","Busted Crown"],"picked":"Pandora\u0027s Box"},{"not_picked":["Astrolabe","Snecko Eye"],"picked":"Inserter"}],"items_purged_floors":[12,20,21],"is_endless":false,"potions_floor_spawned":[2,10,14,16,18,19,27,33,35,36,41],"killed_by":"Time Eater","ascension_level":0}}