{"host":"w3q5ijqu8eoknil3","time":1612374092,"event":{"mods":["AchievementEnabler","BaseMod","Block Reminder","Colored Map","Colored Powertips","Curses Come First","Dark Map","Minty Spire (QoL Compilation)","Quick Restart","Relic Stats","StSLib","ojb\u0027s Better Paths Mod","ojb\u0027s Info Mod","slay the spire mod where everything is the same but ironclad has a cowboy hat"],"gold_per_floor":[366,366,82,82,97,97,123,137,160,176,202,218,235,32,32,32,32],"floor_reached":16,"language":"ENG","playtime":499,"items_purged":["Pain"],"score":218,"play_id":"ebc04523-5f32-4174-bb46-37c080eabdab","local_time":"20210203174132","is_ascension_mode":true,"campfire_choices":[{"data":"Bouncing Flask","floor":6,"key":"SMITH"},{"floor":15,"key":"REST"}],"circlet_count":0,"master_deck":["AscendersBane","Strike_G+1","Strike_G","Strike_G","Strike_G","Defend_G","Defend_G","Defend_G","Defend_G","Defend_G","Survivor","Neutralize","Quick Slash","Skewer","Unload+1","Bouncing Flask+1","Calculated Gamble","Burst","All Out Attack","Envenom","Deadly Poison","Bane","Masterful Stab"],"relics":["Ring of the Snake","Strange Spoon","Bag of Marbles","Juzu Bracelet","PreservedInsect","Whetstone"],"acts_visited":["Exordium"],"potions_floor_usage":[7,11,13,13],"damage_taken":[{"damage":2,"enemies":"2 Louse","floor":1,"turns":5},{"damage":0,"enemies":"Jaw Worm","floor":5,"turns":3},{"damage":27,"enemies":"3 Sentries","floor":7,"turns":8},{"damage":0,"enemies":"Cultist","floor":8,"turns":3},{"damage":1,"enemies":"2 Fungi Beasts","floor":10,"turns":3},{"damage":6,"enemies":"Gremlin Nob","floor":11,"turns":3},{"damage":24,"enemies":"Large Slime","floor":12,"turns":5},{"damage":1,"enemies":"Red Slaver","floor":13,"turns":5},{"damage":25,"enemies":"The Guardian","floor":16,"turns":5}],"seed_played":"-7057567044902568861","potions_obtained":[{"floor":5,"key":"Strength Potion"},{"floor":8,"key":"ColorlessPotion"},{"floor":11,"key":"Dexterity Potion"},{"floor":12,"key":"Block Potion"}],"is_trial":false,"path_per_floor":["M","?","$","?","M","R","E","M","T","M","E","M","M","$","R","B"],"character_chosen":"THE_SILENT","items_purchased":["Strange Spoon","Skewer","Whetstone","Masterful Stab"],"campfire_rested":1,"item_purchase_floors":[3,3,14,14],"current_hp_per_floor":[57,62,62,62,62,62,35,35,35,34,28,4,3,3,24,0,0],"gold":32,"neow_bonus":"TWO_FIFTY_GOLD","is_daily":false,"chose_seed":false,"campfire_upgraded":1,"win_rate":0.0,"timestamp":1612374092,"path_taken":["M","?","$","?","M","R","E","M","T","M","E","M","M","$","R","BOSS"],"items_purchased_type":["Relic","Card","Relic","Card"],"build_version":"2020-12-22","purchased_purges":1,"victory":false,"max_hp_per_floor":[66,71,71,71,71,71,71,71,71,71,71,71,71,71,71,71,71],"relic_stats":{"Strange Spoon":[0],"counters":[9,40],"PreservedInsect":0,"Juzu Bracelet":0,"Whetstone":["Strike_G","Unload"],"obtain_stats":[{"Strange Spoon":3,"PreservedInsect":11,"Bag of Marbles":7,"Juzu Bracelet":9,"Whetstone":14,"Ring of the Snake":0},{"Strange Spoon":1,"PreservedInsect":6,"Bag of Marbles":3,"Juzu Bracelet":4,"Whetstone":8,"Ring of the Snake":0},{"Strange Spoon":5,"PreservedInsect":25,"Bag of Marbles":16,"Juzu Bracelet":19,"Whetstone":35,"Ring of the Snake":0}],"Ring of the Snake":[18]},"card_choices":[{"not_picked":["Bane","Deflect"],"picked":"Quick Slash","floor":1},{"not_picked":["Reflex","Backflip"],"picked":"Bouncing Flask","floor":5},{"not_picked":["Distraction","Infinite Blades"],"picked":"Calculated Gamble","floor":7},{"not_picked":["Underhanded Strike","Cloak And Dagger"],"picked":"Burst","floor":8},{"not_picked":["Slice","Setup"],"picked":"All Out Attack","floor":10},{"not_picked":["Outmaneuver","Quick Slash"],"picked":"Envenom","floor":11},{"not_picked":["Dagger Spray","Underhanded Strike"],"picked":"Deadly Poison","floor":12},{"not_picked":["Setup","Riddle With Holes"],"picked":"Bane","floor":13}],"player_experience":1033752,"relics_obtained":[{"floor":7,"key":"Bag of Marbles"},{"floor":9,"key":"Juzu Bracelet"},{"floor":11,"key":"PreservedInsect"}],"event_choices":[{"damage_healed":0,"gold_gain":0,"player_choice":"Donut","damage_taken":0,"max_hp_gain":5,"max_hp_loss":0,"event_name":"Big Fish","floor":2,"gold_loss":0},{"damage_healed":0,"gold_gain":0,"cards_transformed":["Strike_G"],"player_choice":"Change","damage_taken":0,"max_hp_gain":0,"max_hp_loss":0,"event_name":"Living Wall","floor":4,"gold_loss":0,"cards_obtained":["Unload"]}],"is_beta":false,"boss_relics":[],"items_purged_floors":[3],"is_endless":false,"potions_floor_spawned":[5,8,11,12],"killed_by":"The Guardian","ascension_level":19}}