{"host":"vl29iwkwnyytuw8q","time":1612365897,"event":{"mods":["BaseMod","Minty Spire (QoL Compilation)","Permanent Neow","Relic Stats","StSLib"],"gold_per_floor":[10,10,22,32,48,82,82,7,30,30,30,42,61,95,95,173,173,185,197,13,28,48,76,76,76,76,94,94,94],"floor_reached":28,"language":"ENG","playtime":685,"items_purged":[],"score":479,"play_id":"b3464d1f-fcfe-476a-838f-732a6100b0c5","local_time":"20210203162457","is_ascension_mode":true,"campfire_choices":[{"floor":7.0,"key":"REST"},{"data":"Demon Form","floor":11.0,"key":"SMITH"},{"data":"Armaments","floor":15.0,"key":"SMITH"},{"floor":25,"key":"REST"}],"circlet_count":0,"master_deck":["AscendersBane","Strike_R","Strike_R","Strike_R","Defend_R","Defend_R","Defend_R","Defend_R","Bash","Limit Break","Whirlwind","Demon Form+1","Thunderclap","Pommel Strike","Armaments+1","Fiend Fire","Sword Boomerang","Ghostly Armor","Spot Weakness","Offering","Clothesline+1","Apotheosis","Metallicize+1","Anger","Dropkick","Disarm"],"relics":["Black Blood","Oddly Smooth Stone","Akabeko","Pen Nib","Juzu Bracelet"],"acts_visited":["Exordium","TheCity"],"potions_floor_usage":[23,23,23],"damage_taken":[{"damage":18.0,"enemies":"Small Slimes","floor":1.0,"turns":6.0},{"damage":12.0,"enemies":"Cultist","floor":3.0,"turns":5.0},{"damage":10.0,"enemies":"2 Louse","floor":4.0,"turns":3.0},{"damage":11.0,"enemies":"Looter","floor":5.0,"turns":5.0},{"damage":32.0,"enemies":"Gremlin Nob","floor":6.0,"turns":4.0},{"damage":0.0,"enemies":"Red Slaver","floor":12.0,"turns":1.0},{"damage":0.0,"enemies":"Gremlin Gang","floor":13.0,"turns":1.0},{"damage":23.0,"enemies":"Lagavulin","floor":14.0,"turns":6.0},{"damage":21.0,"enemies":"The Guardian","floor":16.0,"turns":6.0},{"damage":6.0,"enemies":"3 Byrds","floor":18.0,"turns":2.0},{"damage":11.0,"enemies":"Shell Parasite","floor":19.0,"turns":4.0},{"damage":6.0,"enemies":"Snecko","floor":21.0,"turns":4.0},{"damage":36.0,"enemies":"Snake Plant","floor":22.0,"turns":4.0},{"damage":46,"enemies":"Gremlin Leader","floor":23,"turns":4},{"damage":35,"enemies":"Shelled Parasite and Fungi","floor":27,"turns":5},{"damage":23,"enemies":"3 Cultists","floor":28,"turns":3}],"seed_played":"7341309089521238507","potions_obtained":[{"floor":1.0,"key":"FearPotion"},{"floor":5.0,"key":"SkillPotion"},{"floor":6.0,"key":"HeartOfIron"},{"floor":10.0,"key":"CultistPotion"},{"floor":10.0,"key":"EntropicBrew"},{"floor":16.0,"key":"ColorlessPotion"},{"floor":18.0,"key":"EssenceOfSteel"}],"is_trial":false,"path_per_floor":["M","?","M","M","M","E","R","?","T","?","R","M","M","E","R","B",null,"M","M","$","M","M","E","?","R","T","M","M"],"character_chosen":"IRONCLAD","items_purchased":["Apotheosis"],"campfire_rested":2,"item_purchase_floors":[20],"current_hp_per_floor":[56,56,50,46,41,15,37,37,37,37,37,43,49,32,32,17,61,67,68,68,74,50,16,16,38,38,15,0,0],"gold":94,"neow_bonus":"THREE_RARE_CARDS","is_daily":false,"chose_seed":false,"campfire_upgraded":2,"win_rate":0.0,"timestamp":1612365897,"path_taken":["M","?","M","M","M","E","R","?","T","?","R","M","M","E","R","BOSS","M","M","$","M","M","E","?","R","T","M","M"],"items_purchased_type":["Card"],"build_version":"2020-12-22","purchased_purges":0,"victory":false,"max_hp_per_floor":[75,75,75,75,75,75,75,75,75,75,75,75,75,75,75,75,75,75,75,75,75,75,75,75,75,75,75,75,75],"relic_stats":{"counters":[16,63],"Black Blood":126,"Pen Nib":[3],"Juzu Bracelet":0,"obtain_stats":[{"Oddly Smooth Stone":6,"Black Blood":17,"Pen Nib":14,"Juzu Bracelet":23,"Burning Blood":0,"Akabeko":9},{"Oddly Smooth Stone":5,"Black Blood":9,"Pen Nib":8,"Juzu Bracelet":14,"Burning Blood":0,"Akabeko":5},{"Oddly Smooth Stone":23,"Black Blood":37,"Pen Nib":31,"Juzu Bracelet":55,"Burning Blood":0,"Akabeko":23}]},"card_choices":[{"not_picked":["Double Tap","Juggernaut"],"picked":"Limit Break","floor":0.0},{"not_picked":["Feel No Pain","Iron Wave"],"picked":"Whirlwind","floor":1.0},{"not_picked":["Reckless Charge","Clothesline"],"picked":"Thunderclap","floor":3.0},{"not_picked":["Second Wind","Dual Wield"],"picked":"Pommel Strike","floor":4.0},{"not_picked":["True Grit","Cleave"],"picked":"Armaments","floor":5.0},{"not_picked":["Iron Wave","Clash"],"picked":"Fiend Fire","floor":6.0},{"not_picked":["Warcry","Armaments"],"picked":"Sword Boomerang","floor":12.0},{"not_picked":["Clothesline","Twin Strike"],"picked":"Ghostly Armor","floor":13.0},{"not_picked":["Clash","Rupture"],"picked":"Spot Weakness","floor":14.0},{"not_picked":["Bludgeon","Berserk"],"picked":"Offering","floor":16.0},{"not_picked":["Ghostly Armor","Sword Boomerang","Iron Wave"],"picked":"SKIP","floor":18.0},{"not_picked":["Twin Strike","Carnage"],"picked":"Clothesline+1","floor":19.0},{"not_picked":["Iron Wave","Rampage"],"picked":"Metallicize+1","floor":21.0},{"not_picked":["Combust","Whirlwind"],"picked":"Anger","floor":22.0},{"not_picked":["Blood for Blood","Sentinel"],"picked":"Dropkick","floor":23},{"not_picked":["Wild Strike","Reckless Charge"],"picked":"Disarm","floor":27}],"player_experience":660486,"relics_obtained":[{"floor":6.0,"key":"Oddly Smooth Stone"},{"floor":9.0,"key":"Akabeko"},{"floor":14.0,"key":"Pen Nib"},{"floor":23,"key":"Juzu Bracelet"}],"event_choices":[{"damage_healed":0.0,"max_hp_gain":0.0,"max_hp_loss":0.0,"gold_gain":0.0,"cards_transformed":["Strike_R"],"event_name":"Living Wall","player_choice":"Change","floor":2.0,"gold_loss":0.0,"damage_taken":0.0,"cards_obtained":["Demon Form"]},{"cards_removed":["Strike_R"],"damage_healed":0.0,"max_hp_gain":0.0,"max_hp_loss":0.0,"gold_gain":0.0,"event_name":"The Cleric","player_choice":"Card Removal","floor":8.0,"gold_loss":75.0,"damage_taken":0.0},{"damage_healed":0.0,"max_hp_gain":0.0,"max_hp_loss":0.0,"gold_gain":0.0,"event_name":"Lab","player_choice":"Got Potions","floor":10.0,"gold_loss":0.0,"damage_taken":0.0}],"is_beta":false,"boss_relics":[{"not_picked":["Runic Cube","Ectoplasm"],"picked":"Black Blood"}],"items_purged_floors":[],"is_endless":false,"potions_floor_spawned":[1,5,6,16,18],"killed_by":"3 Cultists","ascension_level":18}}