{"host":"n91kx4xj3dn3811n","time":1612338104,"event":{"mods":["Act Like it!","BaseMod","Better Third Choice","CapriCore","Colored Powertips","Highlight Path","Marisa£®ÏF”Í°°ƒß¿Ì…≥£©","Minty Spire (QoL Compilation)","MostiFishMod","Quick Restart","Reimu£®≤©¿ˆ¡È√Œ£©","Remilia£®¿Ÿ√◊¿Ú—«£©","Spicy Shops","StSLib","The Cursed","The Immortal","The Servant 0.9.4","Waifu the Spire","Youmu£®ªÍ∆«—˝√Œ£©","≤–¡Ù÷ÆŒÔ","ÛÙª÷∏ƒœ"],"gold_per_floor":[114,54,54,66,10,10,41,57,57,57,69,69,95,126,126,203,203,220,234,234,247,259,293,225,254,278,278,278,294,307,333,333,408,408,421,421,433,480,430,430,459,459,459,489,504,404,404,414,149,149,149,149,99,49,81,81],"floor_reached":57,"language":"ZHS","playtime":3293,"items_purged":["Clumsy","Strike_R","True Grit","Defend_R","Defend_R","Defend_R","Defend_R","Battle Trance","Feed+1"],"score":3081,"play_id":"2fd027ab-2159-4cce-b61e-ea679f78a877","local_time":"20210203154144","is_ascension_mode":true,"campfire_choices":[{"data":"MostiFishMod:RainCloud","floor":6.0,"key":"SMITH"},{"data":"Armaments","floor":10.0,"key":"SMITH"},{"data":"MostiFishMod:CullingBlade","floor":15.0,"key":"SMITH"},{"data":"Rupture","floor":27.0,"key":"SMITH"},{"data":"Spot Weakness","floor":32.0,"key":"SMITH"},{"data":"Offering","floor":40.0,"key":"SMITH"},{"data":"MostiFishMod:RacingGame","floor":42.0,"key":"SMITH"},{"floor":47.0,"key":"RECALL"}],"circlet_count":0,"master_deck":["AscendersBane","Strike_R","Strike_R","Strike_R+1","Strike_R","Bash","MostiFishMod:RainCloud+1","Blood for Blood","Pummel","MostiFishMod:DarkDeal+1","Armaments+1","MostiFishMod:CullingBlade+1","Thunderclap","Intimidate","Offering+1","Rupture+1","MostiFishMod:OrdinaryWorld","Offering+1","Spot Weakness+1","MostiFishMod:RacingGame+1"],"relics":["Burning Blood","DaveBox","DianDianMeat","SynthV:TestCard","PaintedHorse:ReiMu","HollowDreamFlower","Oddly Smooth Stone","Orichalcum","GreenFoldingFan","Bag of Preparation","DiscerningMonocle","Ginger","PreservedInsect","PlaceholderMod:DeVermisMysteriis","Brimstone","Toy Ornithopter","Boot","Frozen Eye","Red Skull","Art of War","Dream Catcher","PlaceholderMod:DaolothFragment","Smiling Mask","Black Star","CatCart","Akabeko","BirthdayGift-Tetrahedron","Bottled Lightning","Gambling Chip","Bottled Tornado","Pen Nib","Thread and Needle","Potion Belt","BirthdayGift-Icosahedron","Anchor","Pear","SynthV:C4","Chemical X","Medical Kit","Sling","War Paint","Whetstone","Bronze Scales","SynthV","Ice Cream","CaptainsWheel","Lantern"],"acts_visited":["Exordium","TheCity","TheBeyond","TheEnding"],"potions_floor_usage":[],"damage_taken":[{"damage":9.0,"enemies":"2 Louse","floor":1.0,"turns":2.0},{"damage":0.0,"enemies":"Small Slimes","floor":4.0,"turns":2.0},{"damage":25.0,"enemies":"Lagavulin","floor":7.0,"turns":6.0},{"damage":5.0,"enemies":"Jaw Worm","floor":8.0,"turns":1.0},{"damage":0.0,"enemies":"Blue Slaver","floor":11.0,"turns":1.0},{"damage":0.0,"enemies":"Gremlin Nob","floor":14.0,"turns":2.0},{"damage":9.0,"enemies":"Slime Boss","floor":16.0,"turns":7.0},{"damage":23.0,"enemies":"2 Thieves","floor":18.0,"turns":3.0},{"damage":7.0,"enemies":"Shell Parasite","floor":19.0,"turns":1.0},{"damage":39.0,"enemies":"Snecko","floor":21.0,"turns":5.0},{"damage":29.0,"enemies":"Sentry and Sphere","floor":22.0,"turns":4.0},{"damage":29.0,"enemies":"Book of Stabbing","floor":23.0,"turns":4.0},{"damage":34.0,"enemies":"Slavers","floor":25.0,"turns":3.0},{"damage":21.0,"enemies":"3 Cultists","floor":29.0,"turns":2.0},{"damage":8.0,"enemies":"Shelled Parasite and Fungi","floor":30.0,"turns":1.0},{"damage":13.0,"enemies":"Gremlin Leader","floor":31.0,"turns":1.0},{"damage":29.0,"enemies":"Automaton","floor":33.0,"turns":3.0},{"damage":31.0,"enemies":"3 Shapes","floor":35.0,"turns":2.0},{"damage":31.0,"enemies":"3 Darklings","floor":37.0,"turns":3.0},{"damage":23.0,"enemies":"Orin","floor":38.0,"turns":3.0},{"damage":13.0,"enemies":"Nemesis","floor":41.0,"turns":1.0},{"damage":8.0,"enemies":"Giant Head","floor":44.0,"turns":1.0},{"damage":15.0,"enemies":"4 Shapes","floor":45.0,"turns":1.0},{"damage":6.0,"enemies":"Jaw Worm Horde","floor":48.0,"turns":1.0},{"damage":22.0,"enemies":"Awakened One","floor":50.0,"turns":2.0},{"damage":26.0,"enemies":"Time Eater","floor":51.0,"turns":2.0},{"damage":12.0,"enemies":"Shield and Spear","floor":55.0,"turns":1.0},{"damage":145,"enemies":"The Heart","floor":56,"turns":4}],"seed_played":"-4749380360108921043","potions_obtained":[{"floor":1.0,"key":"Strength Potion"},{"floor":7.0,"key":"Regen Potion"},{"floor":48.0,"key":"ZuzhouPotion:ReiMu"}],"is_trial":false,"path_per_floor":["M","?","?","M","$","R","E","M","T","R","M","$","T","E","R","B",null,"M","M","?","M","M","E","$","E","T","R","$","M","M","E","R","B",null,"M","?","M","?","$","R","E","R","T","E","M","$","R","M","R","B","B",null,"R","$","E","B",null],"character_chosen":"IRONCLAD","items_purchased":["Pummel","DiscerningMonocle","Ginger","PreservedInsect","PlaceholderMod:DeVermisMysteriis","Offering","Rupture","Brimstone","Frozen Eye","Red Skull","Art of War","Dream Catcher","PlaceholderMod:DaolothFragment","Offering","Akabeko","BirthdayGift-Tetrahedron","Bottled Lightning","Gambling Chip","BirthdayGift-Icosahedron","Anchor","Pear","SynthV:C4","Chemical X","Medical Kit","Sling","War Paint","Whetstone","Bronze Scales","SynthV","Ice Cream"],"campfire_rested":0,"item_purchase_floors":[5,24,24,24,24,24,24,24,28,28,28,28,28,28,39,39,39,39,46,46,46,46,46,49,54,54,54,54,54,54],"current_hp_per_floor":[68,68,68,77,81,81,67,78,78,78,95,95,95,111,111,117,119,123,130,123,104,106,97,136,137,137,137,153,155,184,191,191,200,237,229,229,218,215,215,215,241,241,241,253,261,271,271,288,288,286,281,289,289,289,291,163],"gold":81,"neow_bonus":"ONE_RANDOM_RARE_CARD","is_daily":false,"chose_seed":false,"campfire_upgraded":7,"win_rate":0.0,"timestamp":1612338104,"path_taken":["M","?","?","M","?","R","E","M","T","R","M","$","?","E","R","BOSS","M","?","?","M","M","E","?","E","T","R","$","M","M","E","R","BOSS","M","?","M","?","$","R","E","R","T","E","M","$","R","M","R","BOSS","BOSS","R","$","E","BOSS"],"items_purchased_type":["Card","Relic","Relic","Relic","Relic","Card","Card","Relic","Relic","Relic","Relic","Relic","Relic","Card","Relic","Relic","Relic","Relic","Relic","Relic","Relic","Relic","Relic","Relic","Relic","Relic","Relic","Relic","Relic","Relic"],"build_version":"2020-12-22","purchased_purges":9,"victory":true,"max_hp_per_floor":[78,78,78,81,85,85,90,96,96,96,103,103,103,111,111,120,120,130,130,130,130,141,141,180,195,195,195,211,214,231,231,231,249,249,252,252,252,252,252,252,271,271,271,271,274,284,284,288,288,291,291,291,291,291,291,291],"card_choices":[{"not_picked":["Havoc","Shrug It Off"],"picked":"Blood for Blood","floor":1.0},{"not_picked":["Sever Soul","Entrench","Pommel Strike","Clothesline"],"picked":"Battle Trance","floor":4.0},{"not_picked":["Pommel Strike","Cleave","Ghostly Armor","Heavy Blade"],"picked":"MostiFishMod:DarkDeal","floor":7.0},{"not_picked":["Heavy Blade","Anger","Evolve","Sword Boomerang"],"picked":"Armaments","floor":8.0},{"not_picked":["Headbutt","Twin Strike","Wild Strike","Warcry"],"picked":"True Grit","floor":11.0},{"not_picked":["Shrug It Off","Armaments","Anger","Havoc"],"picked":"MostiFishMod:CullingBlade","floor":14.0},{"not_picked":["MostiFishMod:TemporaryOutbreak","Juggernaut","MostiFishMod:CullingBlade","Fiend Fire"],"picked":"Feed","floor":16.0},{"not_picked":["MostiFishMod:#F4004","Cleave","Wild Strike+1","Flame Barrier"],"picked":"Thunderclap","floor":18.0},{"not_picked":["Clash","Pommel Strike","MostiFishMod:#F4004","Flex","Anger"],"picked":"SKIP","floor":19.0},{"not_picked":["True Grit","Clothesline","Clash","Headbutt","Thunderclap"],"picked":"SKIP","floor":21.0},{"not_picked":["Evolve+1","Headbutt","Second Wind","Iron Wave"],"picked":"Intimidate","floor":22.0},{"not_picked":["Twin Strike","Battle Trance","Body Slam+1","Armaments","Blood for Blood"],"picked":"SKIP","floor":23.0},{"not_picked":["Armaments+1","Pummel+1","Shrug It Off","Cleave"],"picked":"MostiFishMod:OrdinaryWorld","floor":25.0},{"not_picked":["Headbutt","Seeing Red","MostiFishMod:#F4004","Sword Boomerang","Warcry"],"picked":"SKIP","floor":29.0},{"not_picked":["True Grit","Wild Strike","Dropkick","MostiFishMod:UltimateDefense"],"picked":"Spot Weakness","floor":30.0},{"not_picked":["Headbutt+1","Combust","Rampage+1","Fiend Fire","Second Wind"],"picked":"SKIP","floor":31.0},{"not_picked":["MostiFishMod:KnuckleDown","Feed","MostiFishMod:NewArrival","Fiend Fire"],"picked":"MostiFishMod:Mania","floor":33.0},{"not_picked":["Clothesline","Spot Weakness","Combust","Fire Breathing+1","Thunderclap"],"picked":"SKIP","floor":35.0},{"not_picked":["Clothesline","Flame Barrier","Armaments+1","MostiFishMod:#F4004","Sever Soul"],"picked":"SKIP","floor":37.0},{"not_picked":["Pummel","Wild Strike","Clash+1","Havoc"],"picked":"MostiFishMod:RacingGame","floor":41.0},{"not_picked":["Shrug It Off","Heavy Blade+1","Inflame","Sever Soul","Rupture"],"picked":"SKIP","floor":44.0},{"not_picked":["Havoc","Armaments","Cleave","Combust","True Grit"],"picked":"SKIP","floor":45.0},{"not_picked":["Dual Wield","Body Slam","Iron Wave","Flex+1","Perfected Strike+1"],"picked":"SKIP","floor":48.0},{"not_picked":["MostiFishMod:CullingBlade","Anger","Clash","Barricade","True Grit+1"],"picked":"SKIP","floor":55.0}],"player_experience":224543,"relics_obtained":[{"floor":1.0,"key":"SynthV:TestCard"},{"floor":7.0,"key":"HollowDreamFlower"},{"floor":13.0,"key":"Oddly Smooth Stone"},{"floor":14.0,"key":"Orichalcum"},{"floor":23.0,"key":"Bag of Preparation"},{"floor":25.0,"key":"Toy Ornithopter"},{"floor":26.0,"key":"Boot"},{"floor":31.0,"key":"Smiling Mask"},{"floor":38.0,"key":"CatCart"},{"floor":41.0,"key":"Bottled Tornado"},{"floor":41.0,"key":"Pen Nib"},{"floor":44.0,"key":"Thread and Needle"},{"floor":44.0,"key":"Potion Belt"},{"floor":55.0,"key":"CaptainsWheel"},{"floor":55.0,"key":"Lantern"}],"event_choices":[{"damage_healed":0.0,"max_hp_gain":0.0,"max_hp_loss":0.0,"gold_gain":0.0,"event_name":"yidonshenshe","player_choice":"»˚«Æ","floor":2.0,"gold_loss":60.0,"damage_taken":0.0,"relics_obtained":["PaintedHorse:ReiMu"]},{"damage_healed":0.0,"max_hp_gain":0.0,"max_hp_loss":0.0,"gold_gain":0.0,"event_name":"The Cleric","player_choice":"Leave","floor":3.0,"gold_loss":0.0,"damage_taken":0.0},{"damage_healed":0.0,"max_hp_gain":0.0,"max_hp_loss":0.0,"gold_gain":0.0,"event_name":"The Woman in Blue","player_choice":"Bought 0 Potions","floor":20.0,"gold_loss":0.0,"damage_taken":0.0},{"cards_removed":["MostiFishMod:Mania"],"damage_healed":0.0,"max_hp_gain":0.0,"max_hp_loss":0.0,"gold_gain":0.0,"event_name":"Falling","player_choice":"Removed Power","floor":36.0,"gold_loss":0.0,"damage_taken":0.0},{"damage_healed":0.0,"max_hp_gain":0.0,"max_hp_loss":0.0,"gold_gain":0.0,"event_name":"OrinTheCat","player_choice":"Fight","floor":38.0,"gold_loss":0.0,"damage_taken":0.0}],"is_beta":false,"boss_relics":[{"not_picked":["Pandora\u0027s Box","Philosopher\u0027s Stone"],"picked":"GreenFoldingFan"},{"not_picked":["RhineCircuit","Mark of Pain"],"picked":"Black Star"}],"items_purged_floors":[24,28,39,46,46,49,49,53,54],"is_endless":false,"potions_floor_spawned":[1,7,11,14,21,25,29,33,37,38,41,48],"ascension_level":20}}