{"host":"li7nr9q4d53iu1rb","time":1612370394,"event":{"mods":["AchievementEnabler","BaseMod","Colored Map","Colored Powertips","Downfall","Highlight Path","Minty Spire (QoL Compilation)","Permanent Neow","Quick Restart","Random Character Button","StSLib"],"gold_per_floor":[116,116,183,233,332,366,366,416,416,441,70,102,122,133,133,238,238,256,269,319,369,434,484,484,484],"floor_reached":24,"language":"ENG","playtime":1016,"items_purged":[],"score":246,"play_id":"b3b6c1a8-bfae-493d-b4bf-e725b8bfccc5","local_time":"20210203123954","is_ascension_mode":true,"campfire_choices":[{"floor":7.0,"key":"RECALL"},{"floor":15.0,"key":"REST"}],"circlet_count":0,"master_deck":["Strike_B","Strike_B","Strike_B","Defend_B","Defend_B","Defend_B","Defend_B","Zap","Dualcast","Undo","Beam Cell","Aggregate","Coolheaded","Coolheaded","Leap","Genetic Algorithm","Double Energy","Loop","Beam Cell","Machine Learning","Doom and Gloom","Chaos","Chaos"],"relics":["Cracked Core","SsserpentHead","PreservedInsect","Symbiotic Virus","Letter Opener","The Courier","Incense Burner","Orichalcum","Tiny Chest","InkBottle","Inserter","Nloth\u0027s Gift","Centennial Puzzle"],"acts_visited":["Exordium","TheCity"],"potions_floor_usage":[],"damage_taken":[{"damage":7.0,"enemies":"Jaw Worm","floor":1.0,"turns":3.0},{"damage":0.0,"enemies":"Cultist","floor":3.0,"turns":3.0},{"damage":7.0,"enemies":"Gremlin Nob","floor":6.0,"turns":3.0},{"damage":17.0,"enemies":"Lagavulin","floor":10.0,"turns":4.0},{"damage":9.0,"enemies":"Gremlin Nob","floor":12.0,"turns":4.0},{"damage":0.0,"enemies":"2 Louse","floor":13.0,"turns":2.0},{"damage":0.0,"enemies":"Exordium Wildlife","floor":14.0,"turns":3.0},{"damage":26.0,"enemies":"Hexaghost","floor":16.0,"turns":16.0},{"damage":11.0,"enemies":"Spheric Guardian","floor":18.0,"turns":5.0},{"damage":0.0,"enemies":"3 Byrds","floor":19.0,"turns":4.0},{"damage":15.0,"enemies":"Snake Plant","floor":22.0,"turns":3.0},{"damage":33,"enemies":"Slavers","floor":24,"turns":2}],"seed_played":"-8609305281457185991","potions_obtained":[{"floor":3.0,"key":"EssenceOfSteel"},{"floor":6.0,"key":"Dexterity Potion"},{"floor":12.0,"key":"SpeedPotion"},{"floor":14.0,"key":"Fire Potion"},{"floor":16.0,"key":"DuplicationPotion"},{"floor":19.0,"key":"Block Potion"}],"is_trial":false,"path_per_floor":["M","?","M","?","T","E","R","T","T","E","$","E","M","M","R","B",null,"M","M","?","?","M","T","E"],"character_chosen":"DEFECT","items_purchased":["Coolheaded","Orichalcum","Tiny Chest","Leap","Genetic Algorithm"],"campfire_rested":1,"item_purchase_floors":[11,11,11,11,11],"current_hp_per_floor":[61,61,61,54,54,47,47,47,47,30,30,21,21,21,41,15,68,57,57,45,45,30,30,0,0],"gold":484,"neow_bonus":"ONE_RARE_RELIC","is_daily":false,"chose_seed":false,"campfire_upgraded":0,"win_rate":0.0,"timestamp":1612370394,"path_taken":["M","?","?","?","?","E","R","?","T","E","$","E","M","M","R","BOSS","M","M","?","?","?","?","E"],"items_purchased_type":["Card","Relic","Relic","Card","Card"],"build_version":"2020-12-22","purchased_purges":0,"victory":false,"max_hp_per_floor":[68,68,68,68,68,68,68,68,68,68,68,68,68,68,68,68,68,68,68,73,73,73,73,73,73],"card_choices":[{"not_picked":["Rebound","Coolheaded"],"picked":"Undo","floor":1.0},{"not_picked":["Redo","Coolheaded"],"picked":"Beam Cell","floor":3.0},{"not_picked":["Conserve Battery","Core Surge"],"picked":"Aggregate","floor":6.0},{"not_picked":["Compile Driver","Tempest"],"picked":"Coolheaded","floor":10.0},{"not_picked":["Blizzard","Conserve Battery"],"picked":"Double Energy","floor":12.0},{"not_picked":["Stack","Hologram"],"picked":"Loop","floor":13.0},{"not_picked":["Gash","Hologram"],"picked":"Beam Cell","floor":14.0},{"not_picked":["Electrodynamics","Seek"],"picked":"Machine Learning","floor":16.0},{"not_picked":["Cold Snap","Rebound"],"picked":"Doom and Gloom","floor":18.0},{"not_picked":["Reprogram","Redo"],"picked":"Chaos","floor":19.0},{"not_picked":["Reprogram","Redo"],"picked":"Chaos","floor":22.0}],"player_experience":264626,"relics_obtained":[{"floor":5.0,"key":"PreservedInsect"},{"floor":6.0,"key":"Symbiotic Virus"},{"floor":8.0,"key":"Letter Opener"},{"floor":9.0,"key":"The Courier"},{"floor":10.0,"key":"Incense Burner"},{"floor":12.0,"key":"InkBottle"},{"floor":23.0,"key":"Centennial Puzzle"}],"event_choices":[{"damage_healed":0.0,"max_hp_gain":0.0,"max_hp_loss":0.0,"gold_gain":0.0,"event_name":"FaceTrader","player_choice":"Trade","floor":2.0,"gold_loss":0.0,"damage_taken":0.0,"relics_obtained":["SsserpentHead"]},{"cards_removed":["Strike_B"],"damage_healed":0.0,"max_hp_gain":0.0,"max_hp_loss":0.0,"gold_gain":0.0,"event_name":"Golden Wing","player_choice":"Card Removal","floor":4.0,"gold_loss":0.0,"damage_taken":7.0},{"damage_healed":0.0,"max_hp_gain":5.0,"max_hp_loss":0.0,"gold_gain":0.0,"event_name":"Forgotten Altar","player_choice":"Shed Blood","floor":20.0,"gold_loss":0.0,"damage_taken":17.0},{"damage_healed":0.0,"max_hp_gain":0.0,"max_hp_loss":0.0,"gold_gain":0.0,"event_name":"N\u0027loth","player_choice":"Traded Relic","floor":21.0,"relics_lost":["Ginger"],"gold_loss":0.0,"damage_taken":0.0,"relics_obtained":["Nloth\u0027s Gift"]}],"is_beta":false,"boss_relics":[{"not_picked":["Tiny House","SlaversCollar"],"picked":"Inserter"}],"items_purged_floors":[],"is_endless":false,"potions_floor_spawned":[3,6,12,14,16,19],"killed_by":"Slavers","ascension_level":3}}