{"host":"820xk69ekh5gtclf","time":1612395094,"event":{"mods":["Ascension Unlocker","BaseMod","Challenge The Spire","Curses Come First","Custom Start","Downfall","Minty Spire (QoL Compilation)","Relic Stats","StSLib"],"gold_per_floor":[114,126,146,156,156,156,188,205,205,205,224,259,259,294,294,369,369,383,401,401,177,191,191,191,191],"floor_reached":23,"language":"ENG","playtime":887,"items_purged":["bronze:Strike"],"score":460,"play_id":"d00fc072-d749-414c-b5a9-2631a768234a","local_time":"20210203183134","is_ascension_mode":true,"campfire_choices":[{"data":"bronze:BugBarrage","floor":6.0,"key":"SMITH"},{"floor":10.0,"key":"REST"},{"data":"bronze:FineTuning","floor":13.0,"key":"SMITH"},{"data":"bronze:BugBarrage","floor":15.0,"key":"SMITH"}],"circlet_count":0,"master_deck":["AscendersBane","bronze:Strike","bronze:Strike","bronze:Defend","bronze:Defend","bronze:Defend","bronze:Defend","bronze:Replicate","bronze:Goto","bronze:Flail","bronze:BugBarrage+1","bronze:BugBarrage+1","bronze:FineTuning+1","bronze:InfiniteLoop","bronze:ShipIt","bronze:Philosophize","bronze:FineTuning+1","bronze:Frontload+1","bronze:TinkerersToolbox","bronze:Library","bronze:DarkDash","bronze:ChildClass"],"relics":["bronze:BronzeCore","NeowsBlessing","Tiny Chest","Juzu Bracelet","War Paint","Sundial","Snecko Eye","Cauldron"],"acts_visited":["Exordium","TheCity"],"potions_floor_usage":[22,23],"damage_taken":[{"damage":0.0,"enemies":"Jaw Worm","floor":1.0,"turns":1.0},{"damage":0.0,"enemies":"2 Louse","floor":2.0,"turns":1.0},{"damage":0.0,"enemies":"Small Slimes","floor":3.0,"turns":1.0},{"damage":14.0,"enemies":"Blue Slaver","floor":4.0,"turns":5.0},{"damage":10.0,"enemies":"Gremlin Nob","floor":7.0,"turns":3.0},{"damage":5.0,"enemies":"2 Fungi Beasts","floor":8.0,"turns":3.0},{"damage":12.0,"enemies":"Exordium Thugs","floor":11.0,"turns":3.0},{"damage":35.0,"enemies":"3 Sentries","floor":12.0,"turns":5.0},{"damage":16.0,"enemies":"Gremlin Nob","floor":14.0,"turns":3.0},{"damage":0.0,"enemies":"Slime Boss","floor":16.0,"turns":4.0},{"damage":20,"enemies":"Spheric Guardian","floor":18,"turns":5},{"damage":19,"enemies":"Shell Parasite","floor":19,"turns":3},{"damage":10,"enemies":"Snecko","floor":22,"turns":4},{"damage":22,"enemies":"Slavers","floor":23,"turns":3}],"seed_played":"-2764073468126723013","potions_obtained":[{"floor":1.0,"key":"PowerPotion"},{"floor":3.0,"key":"bronze:FreeFunctionsPotion"},{"floor":4.0,"key":"FearPotion"},{"floor":11.0,"key":"FairyPotion"},{"floor":14.0,"key":"Strength Potion"},{"floor":16.0,"key":"FearPotion"},{"floor":21,"key":"Regen Potion"}],"is_trial":false,"path_per_floor":["M","M","M","M","?","R","E","M","T","R","M","E","R","E","R","B",null,"M","M","?","$","M","E"],"character_chosen":"THE_AUTOMATON","items_purchased":["Cauldron"],"campfire_rested":1,"item_purchase_floors":[21],"current_hp_per_floor":[57,57,57,43,43,43,33,28,28,46,34,18,18,2,2,2,48,28,9,9,9,8,0,0,0],"gold":191,"neow_bonus":"THREE_ENEMY_KILL","is_daily":false,"chose_seed":false,"campfire_upgraded":3,"win_rate":0.0,"timestamp":1612395094,"path_taken":["M","M","M","M","?","R","E","M","T","R","M","E","R","E","R","BOSS","M","M","?","$","M","E"],"items_purchased_type":["Relic"],"build_version":"2020-12-22","purchased_purges":1,"victory":false,"max_hp_per_floor":[63,63,63,63,63,63,63,63,63,63,63,63,63,63,63,63,63,63,63,63,63,63,63,63,63],"relic_stats":{"counters":[14,44],"Sundial":[4],"Snecko Eye":[21,25,32,33],"Tiny Chest":0,"Juzu Bracelet":0,"War Paint":["bronze:FineTuning","bronze:Frontload"],"obtain_stats":[{"Cauldron":21,"bronze:BronzeCore":0,"NeowsBlessing":0,"Sundial":14,"Snecko Eye":17,"Tiny Chest":7,"Juzu Bracelet":9,"War Paint":12},{"Cauldron":12,"bronze:BronzeCore":0,"NeowsBlessing":0,"Sundial":9,"Snecko Eye":10,"Tiny Chest":5,"Juzu Bracelet":6,"War Paint":8},{"Cauldron":37,"bronze:BronzeCore":0,"NeowsBlessing":0,"Sundial":25,"Snecko Eye":29,"Tiny Chest":11,"Juzu Bracelet":14,"War Paint":22}]},"card_choices":[{"not_picked":["bronze:Turbo","bronze:BitShift"],"picked":"bronze:Flail","floor":1.0},{"not_picked":["bronze:BronzeOrb","bronze:Frontload"],"picked":"bronze:BugBarrage","floor":2.0},{"not_picked":["bronze:Turbo","bronze:InfiniteBeams"],"picked":"bronze:BugBarrage","floor":3.0},{"not_picked":["bronze:BugBarrage","bronze:DigitalCarnage"],"picked":"bronze:FineTuning","floor":4.0},{"not_picked":["bronze:BuggyMess","bronze:Return"],"picked":"bronze:ShipIt","floor":7.0},{"not_picked":["bronze:Boost","bronze:WildBeam"],"picked":"bronze:Philosophize","floor":8.0},{"not_picked":["bronze:BitShift","bronze:Shield"],"picked":"bronze:FineTuning","floor":11.0},{"not_picked":["bronze:BurnOut","bronze:ChosenStrike"],"picked":"bronze:Frontload","floor":12.0},{"not_picked":["bronze:Branch","bronze:DelayedSlice"],"picked":"bronze:TinkerersToolbox","floor":14.0},{"not_picked":["bronze:InfiniteLoop","bronze:TinkerersToolbox"],"picked":"bronze:Library","floor":16.0},{"not_picked":["bronze:BronzeOrb+1","bronze:WildBeam","bronze:Overheat+1"],"picked":"SKIP","floor":18},{"not_picked":["bronze:FineTuning","bronze:Overload"],"picked":"bronze:DarkDash","floor":19},{"not_picked":["bronze:WhirlingStrike","bronze:Constructor"],"picked":"bronze:ChildClass","floor":22}],"player_experience":2328490,"relics_obtained":[{"floor":7.0,"key":"Tiny Chest"},{"floor":9.0,"key":"Juzu Bracelet"},{"floor":12.0,"key":"War Paint"},{"floor":14.0,"key":"Sundial"}],"event_choices":[{"damage_healed":0,"gold_gain":0,"player_choice":"Ignored","damage_taken":0,"max_hp_gain":0,"max_hp_loss":0,"event_name":"Cursed Tome","floor":20,"gold_loss":0}],"is_beta":false,"boss_relics":[{"not_picked":["bronze:ElectromagneticCoil","Pandora\u0027s Box"],"picked":"Snecko Eye"}],"items_purged_floors":[21],"is_endless":false,"potions_floor_spawned":[1,3,4,11,14,16],"killed_by":"Slavers","ascension_level":15}}