{"host":"v2nniiiz7kpx7fwo","time":1612342843,"event":{"mods":["2.2 Compatiblity","AchievementEnabler","BaseMod","Colored Map","Colored Powertips","DeckTracker","Highlight Path","KOR Keyword Fix","Minty Spire (QoL Compilation)","Permanent Neow","Rare Cards Sparkle","StSLib","SuperFastMode"],"gold_per_floor":[361,380,391,391,411,411,101,101,101,101,127,202,213,241,241,342,342,374,299,299,317,327,354,371,402,402,422,450,466,466,478,478,582,582,600,255,303,213,229,229,264,264,319,319,333,348,33,48,48,48,48,48,48,83,83],"floor_reached":56,"language":"KOR","playtime":3438,"items_purged":["Strike_R","Sword Boomerang"],"score":1451,"play_id":"74e012ca-1704-44ca-8632-287900f62024","local_time":"20210203180043","is_ascension_mode":true,"campfire_choices":[{"data":"Body Slam","floor":6.0,"key":"SMITH"},{"data":"Inflame","floor":8.0,"key":"SMITH"},{"floor":10.0,"key":"REST"},{"floor":15.0,"key":"REST"},{"floor":30.0,"key":"REST"},{"data":"Demon Form","floor":32.0,"key":"SMITH"},{"floor":40,"key":"REST"},{"floor":42,"key":"RECALL"},{"floor":44,"key":"REST"},{"floor":49,"key":"REST"},{"data":"Double Tap","floor":52,"key":"SMITH"}],"circlet_count":0,"master_deck":["Bash","Body Slam+1","Metallicize","Inflame+1","Flex+1","Double Tap+1","Wild Strike+1","Shrug It Off","Reaper+1","Brutality","Fiend Fire+1","Hemokinesis+1","Intimidate","Sword Boomerang+1","Offering","Body Slam+1","Pommel Strike+1","Demon Form+1","Offering","Whirlwind+1","Heavy Blade+1","Dual Wield+1","Thunderclap+1","Juggernaut+1"],"relics":["Burning Blood","Toolbox","Molten Egg 2","Ornamental Fan","Strawberry","Pandora\u0027s Box","Mercury Hourglass","Dream Catcher","Akabeko","Champion Belt","Busted Crown","Frozen Egg 2","Lizard Tail","PreservedInsect","Potion Belt","Magic Flower","Mango"],"acts_visited":["Exordium","TheCity","TheBeyond","TheEnding"],"potions_floor_usage":[33,33,33,41,50,50],"damage_taken":[{"damage":13.0,"enemies":"Jaw Worm","floor":1.0,"turns":4.0},{"damage":11.0,"enemies":"Cultist","floor":2.0,"turns":4.0},{"damage":0.0,"enemies":"Small Slimes","floor":3.0,"turns":3.0},{"damage":13.0,"enemies":"Red Slaver","floor":5.0,"turns":3.0},{"damage":21.0,"enemies":"3 Sentries","floor":11.0,"turns":7.0},{"damage":4.0,"enemies":"3 Louse","floor":13.0,"turns":3.0},{"damage":10.0,"enemies":"Lagavulin","floor":14.0,"turns":5.0},{"damage":20.0,"enemies":"Slime Boss","floor":16.0,"turns":8.0},{"damage":16.0,"enemies":"2 Thieves","floor":18.0,"turns":3.0},{"damage":13.0,"enemies":"3 Byrds","floor":21.0,"turns":3.0},{"damage":9.0,"enemies":"Centurion and Healer","floor":22.0,"turns":3.0},{"damage":55.0,"enemies":"Book of Stabbing","floor":23.0,"turns":5.0},{"damage":21.0,"enemies":"Cultist and Chosen","floor":24.0,"turns":4.0},{"damage":10.0,"enemies":"Gremlin Leader","floor":25.0,"turns":4.0},{"damage":12.0,"enemies":"Snecko","floor":27.0,"turns":2.0},{"damage":12.0,"enemies":"Book of Stabbing","floor":28.0,"turns":2.0},{"damage":21.0,"enemies":"Shelled Parasite and Fungi","floor":29.0,"turns":2.0},{"damage":21.0,"enemies":"Chosen and Byrds","floor":31.0,"turns":3.0},{"damage":19,"enemies":"Collector","floor":33,"turns":4},{"damage":12,"enemies":"3 Darklings","floor":35,"turns":2},{"damage":49,"enemies":"2 Orb Walkers","floor":37,"turns":3},{"damage":8,"enemies":"Orb Walker","floor":39,"turns":1},{"damage":20,"enemies":"Reptomancer","floor":41,"turns":2},{"damage":51,"enemies":"4 Shapes","floor":45,"turns":4},{"damage":0,"enemies":"3 Darklings","floor":46,"turns":1},{"damage":17,"enemies":"Writhing Mass","floor":48,"turns":2},{"damage":123,"enemies":"Awakened One","floor":50,"turns":8},{"damage":6,"enemies":"Shield and Spear","floor":54,"turns":2},{"damage":175,"enemies":"The Heart","floor":55,"turns":7}],"seed_played":"-7803865483321580132","potions_obtained":[{"floor":1.0,"key":"ElixirPotion"},{"floor":3.0,"key":"DuplicationPotion"},{"floor":16.0,"key":"Ancient Potion"},{"floor":18.0,"key":"DuplicationPotion"},{"floor":27.0,"key":"SneckoOil"},{"floor":28.0,"key":"Fruit Juice"},{"floor":29.0,"key":"BlessingOfTheForge"},{"floor":31.0,"key":"HeartOfIron"},{"floor":39,"key":"Swift Potion"},{"floor":41,"key":"Weak Potion"},{"floor":48,"key":"LiquidBronze"}],"is_trial":false,"path_per_floor":["M","M","M","?","M","R","$","R","T","R","E","?","M","E","R","B",null,"M","?","T","M","M","E","M","E","T","M","E","M","R","M","R","B",null,"M","$","?","?","M","R","E","R","T","R","M","M","$","M","R","B",null,"R","$","E","B",null],"character_chosen":"IRONCLAD","items_purchased":["Inflame","Flex","Toolbox","Frozen Egg 2","Magic Flower"],"campfire_rested":6,"item_purchase_floors":[7,7,7,36,47],"current_hp_per_floor":[49,44,50,50,43,43,43,43,43,67,52,41,43,46,72,58,87,77,77,77,70,87,48,33,29,29,43,37,52,79,64,64,51,92,86,86,43,43,41,68,54,54,54,81,67,73,73,65,92,17,92,92,92,106,22],"gold":83,"neow_bonus":"TWO_FIFTY_GOLD","is_daily":false,"chose_seed":false,"campfire_upgraded":4,"win_rate":0.0,"timestamp":1612342843,"path_taken":["M","M","M","?","M","R","$","R","T","R","E","?","M","E","R","BOSS","M","?","?","M","M","E","M","E","T","?","E","M","R","M","R","BOSS","M","$","?","?","M","R","E","R","T","R","M","M","$","M","R","BOSS","R","$","E","BOSS"],"items_purchased_type":["Card","Card","Relic","Relic","Relic"],"build_version":"2020-12-22","purchased_purges":2,"victory":true,"max_hp_per_floor":[80,80,80,80,80,80,80,80,80,80,80,80,80,87,87,87,87,87,87,87,87,87,87,87,87,87,87,87,92,92,92,92,92,92,92,92,92,92,92,92,92,92,92,92,92,92,92,92,92,92,92,92,92,106,106],"card_choices":[{"not_picked":["Power Through","Flame Barrier"],"picked":"Body Slam","floor":1.0},{"not_picked":["Clash","Metallicize"],"picked":"Sword Boomerang","floor":2.0},{"not_picked":["Clash","Perfected Strike"],"picked":"Metallicize","floor":3.0},{"not_picked":["Heavy Blade","Anger","Havoc"],"picked":"SKIP","floor":5.0},{"not_picked":["Anger+1","True Grit"],"picked":"Double Tap","floor":11.0},{"not_picked":["Fire Breathing","Clothesline+1"],"picked":"Wild Strike+1","floor":13.0},{"not_picked":["Evolve","Body Slam+1"],"picked":"Shrug It Off","floor":14.0},{"not_picked":["Berserk","Demon Form"],"picked":"Reaper+1","floor":16.0},{"not_picked":["Iron Wave+1","Clash+1"],"picked":"Body Slam+1","floor":18.0},{"not_picked":["Anger+1","Bloodletting","Wild Strike+1"],"picked":"SKIP","floor":21.0},{"not_picked":["Armaments","Flex+1"],"picked":"Pommel Strike+1","floor":22.0},{"not_picked":["Berserk","True Grit"],"picked":"Demon Form","floor":23.0},{"not_picked":["Body Slam+1","Rage","Sword Boomerang+1"],"picked":"SKIP","floor":24.0},{"not_picked":["Cleave+1","Body Slam+1"],"picked":"Offering","floor":25.0},{"not_picked":["Flex","Rampage+1","Clothesline+1"],"picked":"SKIP","floor":27.0},{"not_picked":["Heavy Blade+1","Flex"],"picked":"Whirlwind+1","floor":28.0},{"not_picked":["Dropkick+1","Perfected Strike+1"],"picked":"Heavy Blade+1","floor":29.0},{"not_picked":["Armaments","Warcry"],"picked":"Dual Wield+1","floor":31.0},{"not_picked":["Cleave+1"],"picked":"SKIP","floor":35},{"not_picked":[],"picked":"Thunderclap+1","floor":39},{"not_picked":["Thunderclap+1"],"picked":"SKIP","floor":41},{"not_picked":[],"picked":"Juggernaut+1","floor":45},{"not_picked":["Wild Strike+1"],"picked":"SKIP","floor":46},{"not_picked":["Iron Wave+1"],"picked":"SKIP","floor":48},{"not_picked":["Rage"],"picked":"SKIP","floor":54}],"player_experience":346277,"relics_obtained":[{"floor":9.0,"key":"Molten Egg 2"},{"floor":11.0,"key":"Ornamental Fan"},{"floor":14.0,"key":"Strawberry"},{"floor":20.0,"key":"Mercury Hourglass"},{"floor":23.0,"key":"Dream Catcher"},{"floor":25.0,"key":"Akabeko"},{"floor":28.0,"key":"Champion Belt"},{"floor":37,"key":"Lizard Tail"},{"floor":41,"key":"PreservedInsect"},{"floor":43,"key":"Potion Belt"},{"floor":54,"key":"Mango"}],"event_choices":[{"damage_healed":0.0,"max_hp_gain":0.0,"max_hp_loss":0.0,"gold_gain":0.0,"cards_transformed":["Strike_R"],"event_name":"Living Wall","player_choice":"Change","floor":4.0,"gold_loss":0.0,"damage_taken":0.0,"cards_obtained":["Clothesline"]},{"damage_healed":0.0,"max_hp_gain":0.0,"max_hp_loss":0.0,"gold_gain":75.0,"event_name":"World of Goop","player_choice":"Gather Gold","floor":12.0,"gold_loss":0.0,"damage_taken":11.0},{"cards_removed":["Impervious"],"damage_healed":0.0,"max_hp_gain":0.0,"max_hp_loss":0.0,"gold_gain":0.0,"event_name":"Beggar","player_choice":"Gave Gold","floor":19.0,"gold_loss":75.0,"damage_taken":0.0},{"damage_healed":0,"gold_gain":0,"player_choice":"Fight","damage_taken":0,"max_hp_gain":0,"max_hp_loss":0,"event_name":"Mysterious Sphere","floor":37,"gold_loss":0},{"cards_removed":["Clothesline"],"damage_healed":0,"gold_gain":0,"player_choice":"Upgrade and Remove","damage_taken":0,"max_hp_gain":0,"max_hp_loss":0,"event_name":"Designer","floor":38,"gold_loss":90,"cards_upgraded":["Flex"]}],"is_beta":false,"boss_relics":[{"not_picked":["Snecko Eye","Sozu"],"picked":"Pandora\u0027s Box"},{"not_picked":["SlaversCollar","Mark of Pain"],"picked":"Busted Crown"}],"items_purged_floors":[7,36],"is_endless":false,"potions_floor_spawned":[1,3,16,18,27,28,29,31,39,41,48],"ascension_level":2}}