{"host":"9kesdg97wkrx2bva","time":1612385507,"event":{"mods":["AchievementEnabler","BaseMod","Colored Map","GifTheSpireLib","Infinite Spire","Minty Spire (QoL Compilation)","Replay The Spire","StSLib"],"gold_per_floor":[114,264,189,207,226,226,126,126,177,210,135,151,151,151],"floor_reached":13,"language":"ENG","playtime":275,"items_purged":["Doubt","Strike_G"],"score":149,"play_id":"374fe1d0-84ad-4acb-aabb-6ab07a530a0c","local_time":"20210203145147","is_ascension_mode":true,"campfire_choices":[{"data":"A Thousand Cuts","floor":6,"key":"SMITH"},{"data":"Quick Slash","floor":8,"key":"SMITH"}],"circlet_count":0,"master_deck":["AscendersBane","Strike_G","Strike_G","Strike_G","Defend_G","Defend_G","Defend_G","Defend_G","Defend_G","Survivor","Neutralize","A Thousand Cuts+1","Quick Slash+1","Dagger Throw","Heel Hook","Deflect","Deadly Poison"],"relics":["Ring of the Snake","Tiny Chest","Chameleon Ring"],"acts_visited":["Exordium"],"potions_floor_usage":[10,10],"damage_taken":[{"damage":3,"enemies":"2 Louse","floor":1,"turns":3},{"damage":0,"enemies":"Small Slimes","floor":4,"turns":4},{"damage":0,"enemies":"Cultist","floor":5,"turns":4},{"damage":20,"enemies":"3 Sentries","floor":10,"turns":6},{"damage":6,"enemies":"Looter","floor":12,"turns":4},{"damage":0,"enemies":"Replay:BlueRogue","floor":13,"turns":3}],"seed_played":"-2461988013032287047","potions_obtained":[{"floor":1,"key":"DistilledChaos"},{"floor":4,"key":"Adrenaline Potion"}],"is_trial":false,"path_per_floor":["M","?","$","M","M","R","$","R","T","E","?","M","E"],"character_chosen":"THE_SILENT","items_purchased":[],"campfire_rested":0,"item_purchase_floors":[],"current_hp_per_floor":[41,41,41,41,41,41,41,41,41,21,21,15,15,15],"gold":151,"neow_bonus":"THREE_RARE_CARDS","is_daily":false,"chose_seed":false,"campfire_upgraded":2,"win_rate":0.0,"timestamp":1612385507,"path_taken":["M","?","$","M","M","R","$","R","T","E","?","M","E"],"items_purchased_type":[],"build_version":"2020-12-22","purchased_purges":2,"victory":false,"max_hp_per_floor":[66,66,66,66,66,66,66,66,66,66,66,66,66,66],"card_choices":[{"not_picked":["Poison Darts","Bullet Time"],"picked":"A Thousand Cuts","floor":0},{"not_picked":["Backstab","Hidden Blade"],"picked":"Quick Slash","floor":1},{"not_picked":["Hidden Blade","Acrobatics"],"picked":"Dagger Throw","floor":4},{"not_picked":["Unload","Bouncing Flask"],"picked":"Heel Hook","floor":5},{"not_picked":["ReplayTheSpireMod:From All Sides","Endless Agony"],"picked":"Deflect","floor":10},{"not_picked":["Deflect","Dagger Spray"],"picked":"Deadly Poison","floor":12}],"player_experience":999056,"relics_obtained":[{"floor":9,"key":"Tiny Chest"},{"floor":10,"key":"Chameleon Ring"}],"event_choices":[{"damage_healed":0,"gold_gain":150,"player_choice":"AGREE","damage_taken":0,"max_hp_gain":0,"max_hp_loss":0,"event_name":"Liars Game","floor":2,"gold_loss":0,"cards_obtained":["Doubt"]},{"cards_removed":["Strike_G"],"damage_healed":0,"gold_gain":0,"player_choice":"Card Removal","damage_taken":0,"max_hp_gain":0,"max_hp_loss":0,"event_name":"The Cleric","floor":11,"gold_loss":75}],"is_beta":false,"boss_relics":[],"items_purged_floors":[3,7],"is_endless":false,"potions_floor_spawned":[1,4],"killed_by":"Replay:BlueRogue","ascension_level":16}}