{"host":"i0dcpa89fcfo7o2v","time":1612391756,"event":{"mods":["2.2 Compatiblity","AchievementEnabler","Alarm Clock","AlwaysNeverKeys","BaseMod","Better Altar","Better Match","Better Note","Better Sensory Stone","Better Skull","Better Third Choice","Better Vampires","BetterRewards","Block Reminder","Colored Map","Colored Powertips","Conspire","Curses Come First","Defuse TimeMaze Blight","Displayed Cursed Tome","Downfall","Energized Spire","Gold Saver","Halation","Highlight Path","Hubris","Minty Spire (QoL Compilation)","Quick Restart","Relic Stats","Replay The Spire","Shop Mod","Spicy Shops","StSLib","Synergy Search","The Jungle","Transform Curses","Uncapped","Wandering Minibosses"],"gold_per_floor":[99,119,132,143,143,143,195,229,29,29,29,40,55,40,59,160,160,60,80,180,260,210,226,297,326,326,15,15,29,14,14,14,14,14],"floor_reached":32,"language":"ENG","playtime":1472,"items_purged":["Writhe"],"score":370,"play_id":"0557fc89-2458-4596-97d0-65b099a78ca4","local_time":"20210203233556","is_ascension_mode":true,"campfire_choices":[{"data":"hubris:Disease","floor":1.0,"key":"PURGE"},{"data":"bronze:Goto","floor":9.0,"key":"SMITH"},{"data":"bronze:CloningBeam","floor":11.0,"key":"SMITH"},{"data":"bronze:Hardcode","floor":18.0,"key":"SMITH"},{"floor":26.0,"key":"REST"},{"data":"bronze:AlphaBuild","floor":28.0,"key":"SMITH"},{"data":"bronze:Terminator","floor":28.0,"key":"SMITH"}],"circlet_count":0,"master_deck":["bronze:Strike","bronze:Strike","bronze:Strike","bronze:Strike","bronze:Defend","bronze:Defend","bronze:Defend","bronze:Defend","bronze:Replicate+1","bronze:Branch","bronze:Constructor+1","bronze:Boost+1","bronze:CloningBeam+1","bronze:Iterate","bronze:WhirlingStrike","bronze:ThunderWave","bronze:FunctionCard","bronze:Iterate","bronze:Turbo+1","bronze:AlphaBuild+1","bronze:Terminator+1","expansioncontent:AwakenDeath","bronze:ChosenStrike","bronze:DelayedSlice"],"relics":["bronze:BronzeCore","Calipers","downfall:BrokenWingStatue","Tiny Chest","hubris:OldNail","downfall:HeartBlessingRed","downfall:HeartBlessingGreen","Black Star","downfall:HeartBlessingBlue","Replay:Arrowhead","StrikeDummy","Ornamental Fan","halation:BottledLove","Blood Vial","conspire:DecoderRing","MerchantsRug"],"acts_visited":["Exordium","TheCity"],"potions_floor_usage":[],"damage_taken":[{"damage":6.0,"enemies":"Jaw Worm","floor":2.0,"turns":4.0},{"damage":0.0,"enemies":"Cultist","floor":3.0,"turns":3.0},{"damage":5.0,"enemies":"Small Slimes","floor":4.0,"turns":3.0},{"damage":32.0,"enemies":"Gremlin Nob","floor":8.0,"turns":6.0},{"damage":19.0,"enemies":"Exordium Thugs","floor":12.0,"turns":4.0},{"damage":0.0,"enemies":"Gremlin Gang","floor":13.0,"turns":3.0},{"damage":0.0,"enemies":"downfall:FleeingMerchant","floor":14.0,"turns":4.0},{"damage":0.0,"enemies":"Blue Slaver","floor":15.0,"turns":3.0},{"damage":0.0,"enemies":"SI_SHIV_ARCHETYPE","floor":16.0,"turns":7.0},{"damage":52.0,"enemies":"conspire:FuzzyDice","floor":19.0,"turns":8.0},{"damage":18.0,"enemies":"DF_ARCHETYPE_STREAMLINE","floor":20.0,"turns":9.0},{"damage":17.0,"enemies":"Shell Parasite","floor":23.0,"turns":3.0},{"damage":22.0,"enemies":"Slavers","floor":25.0,"turns":4.0},{"damage":5.0,"enemies":"downfall:FleeingMerchant","floor":27.0,"turns":4.0},{"damage":50.0,"enemies":"Snecko","floor":29.0,"turns":6.0},{"damage":16.0,"enemies":"downfall:FleeingMerchant","floor":30.0,"turns":4.0},{"damage":8,"enemies":"conspire:HollyBat","floor":32,"turns":2}],"seed_played":"3608641786156759591","potions_obtained":[{"floor":4.0,"key":"Strength Potion"},{"floor":8.0,"key":"hexamod:SoulburnPotion"},{"floor":12.0,"key":"Explosive Potion"},{"floor":16.0,"key":"BlessingOfTheForge"},{"floor":20.0,"key":"LiquidMemories"},{"floor":29.0,"key":"BlessingOfTheForge"}],"is_trial":false,"path_per_floor":["R_BF","M","M","M","?","?","T","E","R","?","R","M","M","$","M","B",null,"R","M","?","T","?","M","T","E","R","$","R","M","$","?","M"],"character_chosen":"THE_AUTOMATON","items_purchased":["ReplayTheSpireMod:CursedCoin","halation:Thesaurus","MerchantsRug","expansioncontent:AwakenDeath"],"campfire_rested":1,"item_purchase_floors":[27,27,27,27],"current_hp_per_floor":[70,64,64,59,59,59,59,27,27,27,27,8,8,8,8,8,70,80,28,10,10,40,23,23,1,25,22,22,20,6,6,0,0,0],"gold":14,"neow_bonus":"ONE_RARE_RELIC","is_daily":false,"chose_seed":false,"campfire_upgraded":5,"win_rate":0.0,"timestamp":1612391756,"path_taken":["R_BF","M","M","M","?","?","T","E","R","?","R","?","M","$","M","BOSS","R","M","?","?","?","M","T","E","R","$","R","M","$","?","M"],"items_purchased_type":["Relic","Relic","Relic","Card"],"build_version":"2020-12-22","purchased_purges":1,"victory":false,"max_hp_per_floor":[70,70,70,70,70,70,70,70,70,70,70,70,70,70,70,70,70,80,80,80,80,80,80,80,80,80,80,80,80,80,80,80,80,80],"relic_stats":{"Blood Vial":8,"counters":[17,77],"Ornamental Fan":[44],"Tiny Chest":1,"Black Star":1,"obtain_stats":[{"MerchantsRug":27,"bronze:BronzeCore":0,"Calipers":0,"downfall:HeartBlessingRed":9,"halation:BottledLove":24,"ReplayTheSpireMod:CursedCoin":27,"downfall:HeartBlessingGreen":9,"halation:Thesaurus":27,"PrismaticShard":27,"Replay:Arrowhead":20,"Blood Vial":25,"downfall:BrokenWingStatue":5,"downfall:HeartBlessingBlue":18,"Ornamental Fan":21,"conspire:DecoderRing":25,"Tiny Chest":7,"Black Star":17,"StrikeDummy":20,"hubris:OldNail":8},{"MerchantsRug":14,"bronze:BronzeCore":0,"Calipers":0,"downfall:HeartBlessingRed":4,"halation:BottledLove":12,"ReplayTheSpireMod:CursedCoin":14,"downfall:HeartBlessingGreen":4,"halation:Thesaurus":14,"PrismaticShard":14,"Replay:Arrowhead":11,"Blood Vial":13,"downfall:BrokenWingStatue":3,"downfall:HeartBlessingBlue":9,"Ornamental Fan":11,"conspire:DecoderRing":13,"Tiny Chest":3,"Black Star":9,"StrikeDummy":11,"hubris:OldNail":4},{"MerchantsRug":65,"bronze:BronzeCore":0,"Calipers":0,"downfall:HeartBlessingRed":16,"halation:BottledLove":57,"ReplayTheSpireMod:CursedCoin":65,"downfall:HeartBlessingGreen":16,"halation:Thesaurus":65,"PrismaticShard":65,"Replay:Arrowhead":54,"Blood Vial":61,"downfall:BrokenWingStatue":10,"downfall:HeartBlessingBlue":37,"Ornamental Fan":54,"conspire:DecoderRing":61,"Tiny Chest":10,"Black Star":37,"StrikeDummy":54,"hubris:OldNail":16}]},"card_choices":[{"not_picked":["bronze:WildBeam","bronze:Shield"],"picked":"bronze:Branch","floor":2.0},{"not_picked":["bronze:BronzeOrb","bronze:Boost"],"picked":"bronze:Constructor","floor":3.0},{"not_picked":["bronze:WildBeam","bronze:ShipIt"],"picked":"bronze:Boost","floor":4.0},{"not_picked":["bronze:Refactor","bronze:Shell"],"picked":"bronze:CloningBeam","floor":8.0},{"not_picked":["bronze:BuggyMess","bronze:Constructor"],"picked":"bronze:Iterate","floor":12.0},{"not_picked":["bronze:Philosophize","bronze:Constructor"],"picked":"bronze:Iterate","floor":13.0},{"not_picked":["bronze:BronzeArmor","bronze:Deprecate"],"picked":"bronze:WhirlingStrike","floor":14.0},{"not_picked":["bronze:CutThrough","bronze:Shield"],"picked":"bronze:Hardcode","floor":15.0},{"not_picked":["bronze:Hardcode","bronze:ShipIt"],"picked":"bronze:ThunderWave","floor":16.0},{"not_picked":["bronze:ForceShield","bronze:OilSpill"],"picked":"bronze:Iterate","floor":19.0},{"not_picked":["bronze:CutThrough+1","bronze:BronzeArmor+1"],"picked":"bronze:Turbo+1","floor":20.0},{"not_picked":["bronze:WhirlingStrike","bronze:OilSpill","bronze:Invalidate"],"picked":"SKIP","floor":23.0},{"not_picked":["bronze:BugBarrage","bronze:Shield+1"],"picked":"bronze:AlphaBuild","floor":25.0},{"not_picked":["bronze:Boost+1","bronze:FindAndReplace"],"picked":"bronze:Terminator","floor":27.0},{"not_picked":["bronze:Philosophize+1","bronze:BitShift"],"picked":"bronze:ChosenStrike","floor":29.0},{"not_picked":["bronze:NullPointer+1","bronze:Constructor+1"],"picked":"bronze:DelayedSlice","floor":30.0}],"player_experience":221775,"relics_obtained":[{"floor":7.0,"key":"Tiny Chest"},{"floor":8.0,"key":"hubris:OldNail"},{"floor":20.0,"key":"Replay:Arrowhead"},{"floor":20.0,"key":"StrikeDummy"},{"floor":21.0,"key":"Ornamental Fan"},{"floor":24.0,"key":"halation:BottledLove"},{"floor":25.0,"key":"Blood Vial"},{"floor":25.0,"key":"conspire:DecoderRing"}],"event_choices":[{"damage_healed":0.0,"max_hp_gain":0.0,"max_hp_loss":0.0,"gold_gain":0.0,"event_name":"conspire:Investor","player_choice":"Leave","floor":31.0,"gold_loss":0.0,"damage_taken":0.0}],"is_beta":false,"boss_relics":[{"not_picked":["conspire:SeveredTorchhead","Busted Crown"],"picked":"Black Star"}],"items_purged_floors":[27],"is_endless":false,"potions_floor_spawned":[4,8,12,16,20,29],"killed_by":"conspire:HollyBat","ascension_level":4}}