{"host":"v9ordiuf4xzdpttp","time":1612338022,"event":{"mods":["AchievementEnabler","Act Like it!","Aspiration","BaseMod","Better Third Choice","Better Vampires","BetterRewards","CCEM2","Colored Map","Gold Saver","Halation","Hubris","Infinite Spire","Jedi Mod","Marked Mod","Minty Spire (QoL Compilation)","Reliquary","Remove Card Discount Mod","Replay The Spire","Shop Mod","Spicy Shops","StSLib"],"gold_per_floor":[113,129,144,207,282,312,587,587,610,47,60,60,78,98,98,197,197,212,232,244,334,351,385,385,401,401,431,431,31,46,60,60,158,158,170,170,170,170,190,222,222,222,248,248,262,262,262],"floor_reached":46,"language":"ENG","playtime":2245,"items_purged":["Defend_B","Regret","ReplayTheSpireMod:Splinters","Strike_B","Defend_B","Defend_B","Defend_B","Strike_B"],"score":542,"play_id":"90510ce3-1247-41e5-aaba-0463041bdefd","local_time":"20210203024022","is_ascension_mode":false,"campfire_choices":[{"floor":8,"key":"REST"},{"data":"White Noise","floor":12,"key":"SMITH"},{"floor":15,"key":"REST"},{"floor":24,"key":"REST"},{"floor":28,"key":"REST"},{"floor":32,"key":"REST"},{"floor":41,"key":"REST"}],"circlet_count":0,"master_deck":["Strike_B","Strike_B","Zap","Dualcast","Leap","White Noise+1","Static Discharge","Storm","Gash","hubris:Ukulele","Bandage Up","Conserve Battery","Sweeping Beam","Machine Learning","Leap","Gash+1","ReplaySolidLightProjector+1","Leap+1","Defragment","Static Discharge","Beam Cell","hubris:Ukulele","Rebound","Static Discharge+1","Amplify","Conserve Battery+1","Static Discharge+1","Go for the Eyes+1","Redo+1"],"relics":["Cracked Core","Mercury Hourglass","Orichalcum","MerchantsRug","hubris:Backtick","hubris:BallOfYels","WingedGreaves","infinitespire:Eraser","Gremlin Horn","jedi:fakemustache","reliquary:WritOfMandamus","hubris:Icosahedron","hubris:Towel","Replay:Lucky Slots","Runic Pyramid","aspiration:ChemicalBlood","Vajra","Blue Doll"],"acts_visited":["Exordium","TheCity","TheBeyond"],"potions_floor_usage":[6,18,18,18,27,33,33,33,45,46],"damage_taken":[{"damage":0,"enemies":"2 Louse","floor":1,"turns":2},{"damage":1,"enemies":"Jaw Worm","floor":2,"turns":4},{"damage":1,"enemies":"Cultist","floor":3,"turns":3},{"damage":32,"enemies":"3 Sentries","floor":6,"turns":5},{"damage":1,"enemies":"Blue Slaver","floor":11,"turns":3},{"damage":23,"enemies":"Gremlin Gang","floor":13,"turns":3},{"damage":5,"enemies":"3 Louse","floor":14,"turns":4},{"damage":20,"enemies":"Fading Forest","floor":16,"turns":11},{"damage":5,"enemies":"Shell Parasite","floor":18,"turns":2},{"damage":1,"enemies":"Spheric Guardian","floor":19,"turns":3},{"damage":21,"enemies":"Snake Plant","floor":20,"turns":4},{"damage":17,"enemies":"Snecko","floor":22,"turns":4},{"damage":23,"enemies":"Gremlin Leader","floor":23,"turns":6},{"damage":3,"enemies":"3 Cultists","floor":25,"turns":3},{"damage":55,"enemies":"Slavers","floor":27,"turns":5},{"damage":23,"enemies":"Centurion and Healer","floor":30,"turns":7},{"damage":4,"enemies":"Cultist and Chosen","floor":31,"turns":5},{"damage":59,"enemies":"Champ","floor":33,"turns":5},{"damage":9,"enemies":"Orb Walker","floor":35,"turns":3},{"damage":24,"enemies":"3 Darklings","floor":39,"turns":3},{"damage":48,"enemies":"Giant Head","floor":40,"turns":5},{"damage":24,"enemies":"Sphere and 2 Shapes","floor":45,"turns":4},{"damage":60,"enemies":"Reptomancer","floor":46,"turns":2}],"seed_played":"-5941049273552585630","potions_obtained":[{"floor":4,"key":"BlessingOfTheForge"},{"floor":4,"key":"Flashbang"},{"floor":4,"key":"FearPotion"},{"floor":13,"key":"Weak Potion"},{"floor":18,"key":"Ancient Potion"},{"floor":27,"key":"Strength Potion"},{"floor":30,"key":"LifebloodPotion"},{"floor":31,"key":"Explosive Potion"},{"floor":33,"key":"Milkshake"},{"floor":35,"key":"Energy Potion"},{"floor":40,"key":"Regen Potion"}],"is_trial":false,"path_per_floor":["M","M","M","?","?","E","?","R","T","$","M","R","M","M","R","B",null,"M","M","M","?","M","E","R","M","T","E","R","$","M","M","R","B",null,"M","?","?","AVR","M","E","R","T","T","?","M","E"],"character_chosen":"DEFECT","items_purchased":["hubris:Ukulele","Bandage Up","Orichalcum","MerchantsRug","Static Discharge","jedi:fakemustache","Beam Cell","hubris:Ukulele"],"campfire_rested":6,"item_purchase_floors":[10,10,10,10,29,29,29,29],"current_hp_per_floor":[82,81,80,80,69,37,37,61,61,61,68,68,45,48,72,60,82,77,76,63,51,42,27,51,48,48,1,25,60,45,49,73,22,82,81,81,81,81,65,25,49,49,49,52,41,0,0],"gold":262,"neow_bonus":"TEN_PERCENT_HP_BONUS","is_daily":false,"chose_seed":false,"campfire_upgraded":1,"win_rate":0.0,"timestamp":1612338022,"path_taken":["M","M","M","?","?","E","?","R","T","$","M","R","?","M","R","BOSS","M","M","M","?","M","E","R","?","T","E","R","$","M","M","R","BOSS","M","?","?","AVR","?","E","R","?","T","?","M","E"],"items_purchased_type":["Card","Card","Relic","Relic","Card","Relic","Card","Card"],"build_version":"2020-12-22","purchased_purges":8,"victory":false,"max_hp_per_floor":[82,82,82,82,82,82,82,82,82,82,82,82,82,82,82,82,82,82,82,82,82,82,82,82,82,82,82,82,82,82,82,82,82,82,82,82,82,82,82,82,82,82,82,85,85,85,85],"card_choices":[{"not_picked":["jedi:BurstLightning","Panic Button"],"picked":"Leap","floor":1},{"not_picked":["Cold Snap","jedi:BurstLightning"],"picked":"White Noise","floor":2},{"not_picked":["Stack","Gash"],"picked":"Static Discharge","floor":3},{"not_picked":["jedi:BurstFrost","Ball Lightning"],"picked":"Storm","floor":4},{"not_picked":["Auto Shields","ReplaySolidLightProjector"],"picked":"Gash","floor":6},{"not_picked":["Force Field","Doom and Gloom","Panic Button"],"picked":"SKIP","floor":11},{"not_picked":["Rebound","jedi:sharpshooter"],"picked":"Conserve Battery","floor":13},{"not_picked":["jedi:blockon","jedi:studyfrost"],"picked":"Sweeping Beam","floor":14},{"not_picked":["jedi:readyaimfire","Fission"],"picked":"Machine Learning","floor":16},{"not_picked":["Coolheaded","Panic Button"],"picked":"Leap","floor":18},{"not_picked":["Steam","Blizzard","aspiration:Polymerization"],"picked":"SKIP","floor":19},{"not_picked":["Cold Snap","Panic Button"],"picked":"Gash+1","floor":20},{"not_picked":["Coolheaded","Chill"],"picked":"ReplaySolidLightProjector+1","floor":22},{"not_picked":["Rip and Tear","Coolheaded+1","Cold Snap"],"picked":"SKIP","floor":23},{"not_picked":["Turbo","Time Bomb+1"],"picked":"Leap+1","floor":25},{"not_picked":["Machine Learning","Go for the Eyes"],"picked":"Defragment","floor":27},{"not_picked":["Heatsinks","Go for the Eyes"],"picked":"Rebound","floor":30},{"not_picked":["hubris:PowerSurge+1","Stack+1"],"picked":"Static Discharge+1","floor":31},{"not_picked":["Seek","jedi:darknesscall"],"picked":"Amplify","floor":33},{"not_picked":["hubris:Ukulele","Glacier+1"],"picked":"Conserve Battery+1","floor":35},{"not_picked":["jedi:studyfrost","Stack"],"picked":"Static Discharge+1","floor":39},{"not_picked":["Fusion","Streamline"],"picked":"Go for the Eyes+1","floor":40},{"not_picked":["Undo","ReplayTheSpireMod:Omega Cannon"],"picked":"Redo+1","floor":45}],"player_experience":259488,"relics_obtained":[{"floor":6,"key":"Mercury Hourglass"},{"floor":23,"key":"WingedGreaves"},{"floor":26,"key":"infinitespire:Eraser"},{"floor":27,"key":"Gremlin Horn"},{"floor":40,"key":"aspiration:ChemicalBlood"},{"floor":42,"key":"Vajra"},{"floor":43,"key":"Blue Doll"}],"event_choices":[{"damage_healed":0,"gold_gain":75,"player_choice":"Gold","damage_taken":11,"max_hp_gain":0,"max_hp_loss":0,"event_name":"betterThird:BetterGoop","floor":5,"gold_loss":0},{"damage_healed":0,"gold_gain":275,"player_choice":"Desecrate","damage_taken":0,"max_hp_gain":0,"max_hp_loss":0,"event_name":"Golden Shrine","floor":7,"gold_loss":0,"cards_obtained":["Regret"]},{"damage_healed":0,"gold_gain":90,"player_choice":"GOLD ","damage_taken":12,"max_hp_gain":0,"max_hp_loss":0,"event_name":"Knowing Skull","floor":21,"potions_obtained":[],"gold_loss":0,"cards_obtained":[]}],"is_beta":false,"boss_relics":[{"not_picked":["hubris:RunicObelisk","halation:LoveArrow"],"picked":"hubris:Backtick"},{"not_picked":["Kintsugi","CCEMRelics:ExpiredCReal"],"picked":"reliquary:WritOfMandamus"}],"items_purged_floors":[10,10,10,10,29,29,29,38],"is_endless":false,"potions_floor_spawned":[13,16,18,27,30,31,33,35,40],"killed_by":"Reptomancer","ascension_level":0}}