{"host":"dvdvdvm357cut69v","time":1612361354,"event":{"mods":["BaseMod","Minty Spire (QoL Compilation)","Replay The Spire","StSLib"],"gold_per_floor":[118,134,14,25,42,69,89,89,89,101,127,127,159,369,382,397,397,495,495,507,507,7,17,17,17,45,45,70,95,113,113,113,113,33,53,53,156,156,170,170,181,181,4,34,34,46,46,46,62,62,81,81,81,81,81],"floor_reached":54,"language":"ENG","playtime":2181,"items_purged":["CommonCold","Voices"],"score":676,"play_id":"fee0bd94-8e31-45d1-8a90-f8323d2fbec3","local_time":"20210203170914","is_ascension_mode":true,"campfire_choices":[{"floor":12,"key":"REST"},{"data":"Spot Weakness","floor":17,"key":"SMITH"},{"data":"Flex","floor":25,"key":"SMITH"},{"floor":27,"key":"REST"},{"floor":31,"key":"REST"},{"floor":36,"key":"REST"},{"floor":45,"key":"REST"},{"floor":48,"key":"REST"},{"floor":50,"key":"REST"},{"data":"Flex","floor":53,"key":"SMITH"}],"circlet_count":0,"master_deck":["Strike_R","Strike_R","Defend_R","Defend_R","Defend_R","Bash","ReplayTheSpireMod:Doomed","Spot Weakness+1","Pommel Strike","Massacre","Flex+1","Thunderclap","Flex+1","Clothesline","Armaments+1","ReplayTheSpireMod:Splinters","Shrug It Off+1","Havoc+1","ReplayReversal+1","Limit Break+1","Anger+1","Bloodletting+1","Flame Barrier+1","Heavy Blade","Uppercut","Double Tap+1","Impervious+1","Intimidate+1","Flex+1","Flex+1","Limit Break+1","Overencumbered","Sword Boomerang+1","Reaper","Shrug It Off+1","Ghostly Armor+1"],"relics":["Burning Blood","Charon\u0027s Ashes","Replay:Rubber Ducky","Toxic Egg 2","Ring of Chaos","Juzu Bracelet","Orrery","Potion Belt","Blue Doll","Replay:Wax Seal","ReplayTheSpireMod:Spearhead","Replay:Grab Bag","Replay:Bronze Core","ReplayTheSpireMod:DimensionalGlitch","Kintsugi","Strawberry","Question Card"],"acts_visited":["Exordium","TheCity","TheBeyond"],"potions_floor_usage":[5,6,10,15,18,18,26,35,35,37,37,44,46,54,54,54],"damage_taken":[{"damage":5,"enemies":"Cultist","floor":1,"turns":5},{"damage":8,"enemies":"Jaw Worm","floor":2,"turns":5},{"damage":5,"enemies":"Small Slimes","floor":4,"turns":3},{"damage":18,"enemies":"Exordium Wildlife","floor":5,"turns":4},{"damage":40,"enemies":"3 Sentries","floor":6,"turns":6},{"damage":13,"enemies":"3 Louse","floor":7,"turns":2},{"damage":0,"enemies":"2 Fungi Beasts","floor":10,"turns":2},{"damage":18,"enemies":"Gremlin Nob","floor":13,"turns":4},{"damage":8,"enemies":"Blue Slaver","floor":15,"turns":4},{"damage":2,"enemies":"Large Slime","floor":16,"turns":4},{"damage":25,"enemies":"Slime Boss","floor":18,"turns":9},{"damage":20,"enemies":"Chosen","floor":20,"turns":5},{"damage":0,"enemies":"Spheric Guardian","floor":23,"turns":3},{"damage":41,"enemies":"Book of Stabbing","floor":26,"turns":4},{"damage":36,"enemies":"Gremlin Leader","floor":29,"turns":7},{"damage":7,"enemies":"3 Cultists","floor":30,"turns":6},{"damage":37,"enemies":"Centurion and Healer","floor":35,"turns":6},{"damage":64,"enemies":"Automaton","floor":37,"turns":7},{"damage":16,"enemies":"3 Darklings","floor":39,"turns":4},{"damage":18,"enemies":"3 Shapes","floor":41,"turns":1},{"damage":63,"enemies":"Reptomancer","floor":44,"turns":8},{"damage":40,"enemies":"Transient","floor":46,"turns":5},{"damage":52,"enemies":"4 Shapes","floor":49,"turns":10},{"damage":1,"enemies":"Sphere and 2 Shapes","floor":51,"turns":3},{"damage":122,"enemies":"Donu and Deca","floor":54,"turns":8}],"seed_played":"4426294828776738661","potions_obtained":[{"floor":4,"key":"Dexterity Potion"},{"floor":5,"key":"Toxic Potion"},{"floor":7,"key":"Energy Potion"},{"floor":10,"key":"Regen Potion"},{"floor":13,"key":"Energy Potion"},{"floor":16,"key":"Adrenaline Potion"},{"floor":29,"key":"Explosive Potion"},{"floor":30,"key":"Venom Potion"},{"floor":35,"key":"SteroidPotion"},{"floor":41,"key":"Death Potion"},{"floor":44,"key":"Energy Potion"},{"floor":51,"key":"Weak Potion"}],"is_trial":false,"path_per_floor":["M","M","$","M","M","E","M","PTL","PTL","M","T","R","E","?","M","M","R","B",null,"M","?","$","M","?","R","E","R","T","E","M","R","PTL","PTL","$","M","R","B",null,"M","?","M","?","$","E","R","M","T","R","M","R","M","?","R","B"],"character_chosen":"IRONCLAD","items_purchased":["Massacre","AttackPotion","Metallicize","Orrery","Potion Belt","ColorlessPotion","Flex+1","BloodPotion","Toxic Potion"],"campfire_rested":7,"item_purchase_floors":[3,3,22,22,22,22,34,34,43],"current_hp_per_floor":[96,94,94,95,83,49,42,42,42,48,48,76,64,64,74,78,78,59,96,82,82,82,88,88,88,53,81,81,51,50,78,78,78,78,66,94,36,96,83,83,68,68,68,15,45,8,8,38,5,35,37,90,90,0,0],"gold":81,"neow_bonus":"TWENTY_PERCENT_HP_BONUS","is_daily":false,"chose_seed":false,"campfire_upgraded":3,"win_rate":0.0,"timestamp":1612361354,"path_taken":["M","M","$","M","?","E","M","PTL","PTL","M","T","R","E","?","M","M","R","BOSS","M","?","$","M","?","R","E","R","T","E","M","R","PTL","PTL","$","M","R","BOSS","M","?","M","?","$","E","R","M","T","R","M","R","M","?","R","BOSS"],"items_purchased_type":["Card","Potion","Card","Relic","Relic","Potion","Card","Potion","Potion"],"build_version":"2020-12-13","purchased_purges":2,"victory":false,"max_hp_per_floor":[96,96,96,96,96,96,96,96,96,96,96,96,96,96,96,96,96,96,96,96,96,96,96,96,96,96,96,96,96,96,96,96,96,96,96,96,96,96,96,96,96,96,96,103,103,103,103,103,103,103,103,90,90,90,90],"card_choices":[{"not_picked":["Clash","Thunderclap"],"picked":"Spot Weakness","floor":1},{"not_picked":["Inflame","Sever Soul"],"picked":"Pommel Strike","floor":2},{"not_picked":["Sentinel","Warcry"],"picked":"Disarm","floor":4},{"not_picked":["Perfected Strike","Bludgeon"],"picked":"Flex","floor":5},{"not_picked":["Dual Wield","Feel No Pain"],"picked":"Thunderclap","floor":6},{"not_picked":["ReplayTheSpireMod:Muscle Training","Body Slam"],"picked":"Flex","floor":7},{"not_picked":["Run Through","Rampage"],"picked":"Clothesline","floor":10},{"not_picked":["Burning Pact+1","Life Link"],"picked":"Armaments+1","floor":13},{"not_picked":["Shockwave+1","Replay:Undeath\u0027s Touch"],"picked":"Shrug It Off+1","floor":14},{"not_picked":["Armaments+1","Pommel Strike"],"picked":"Havoc+1","floor":15},{"not_picked":["Armaments+1","Shrug It Off+1"],"picked":"ReplayReversal+1","floor":16},{"not_picked":["Bludgeon","Berserk"],"picked":"Limit Break+1","floor":18},{"not_picked":["Heavy Blade","Flex+1"],"picked":"Anger+1","floor":20},{"not_picked":["Ghostly Armor+1","Power Through+1"],"picked":"Bloodletting+1","floor":22},{"not_picked":["Wild Strike+1","Havoc+1"],"picked":"Flame Barrier+1","floor":22},{"not_picked":["Thunderclap","Combust"],"picked":"Heavy Blade","floor":22},{"not_picked":["Clash","Anger"],"picked":"Uppercut","floor":23},{"not_picked":["ReplayTheSpireMod:Strike From Hell","Carnage"],"picked":"Impervious+1","floor":26},{"not_picked":["ReplayTheSpireMod:LeadingStrike","Pommel Strike","Havoc+1"],"picked":"SKIP","floor":29},{"not_picked":["Thunderclap","Clash"],"picked":"Intimidate+1","floor":30},{"not_picked":["Ghostly Armor+1","Dark Embrace","Exhume+1"],"picked":"SKIP","floor":35},{"not_picked":["Barricade","Feed"],"picked":"Limit Break+1","floor":37},{"not_picked":["Clothesline","Thunderclap+1"],"picked":"Sword Boomerang+1","floor":39},{"not_picked":["Run Through","Pommel Strike+1","Shockwave+1"],"picked":"SKIP","floor":41},{"not_picked":["Run Through","Pommel Strike+1","Shockwave+1"],"picked":"SKIP","floor":41},{"not_picked":["Shockwave+1","Ghostly Armor+1"],"picked":"Reaper","floor":44},{"not_picked":["Dropkick+1","Heavy Blade+1"],"picked":"Shrug It Off+1","floor":46},{"not_picked":["Anger+1","Havoc+1","Pommel Strike"],"picked":"Ghostly Armor+1","floor":49},{"not_picked":["Hemokinesis+1","Bloodletting+1","Fire Breathing","Havoc+1"],"picked":"SKIP","floor":51}],"player_experience":108834,"relics_obtained":[{"floor":6,"key":"Charon\u0027s Ashes"},{"floor":11,"key":"Replay:Rubber Ducky"},{"floor":13,"key":"Toxic Egg 2"},{"floor":26,"key":"Blue Doll"},{"floor":28,"key":"Replay:Wax Seal"},{"floor":29,"key":"ReplayTheSpireMod:Spearhead"},{"floor":44,"key":"Strawberry"},{"floor":47,"key":"Question Card"}],"event_choices":[{"damage_healed":0,"gold_gain":0,"player_choice":"Read","damage_taken":0,"max_hp_gain":0,"max_hp_loss":0,"event_name":"The Library","floor":24,"gold_loss":0,"cards_obtained":["Double Tap"]},{"damage_healed":0,"gold_gain":0,"player_choice":"Ignored","damage_taken":0,"max_hp_gain":0,"max_hp_loss":0,"event_name":"Tomb of Lord Red Mask","floor":40,"gold_loss":0},{"cards_removed":["Metallicize"],"damage_healed":0,"gold_gain":0,"player_choice":"Removed Power","damage_taken":0,"max_hp_gain":0,"max_hp_loss":0,"event_name":"Falling","floor":42,"gold_loss":0},{"damage_healed":90,"gold_gain":0,"player_choice":"Heal","damage_taken":0,"max_hp_gain":0,"max_hp_loss":13,"event_name":"The Moai Head","floor":52,"gold_loss":0}],"is_beta":false,"boss_relics":[{"not_picked":["Runic Pyramid","Empty Cage"],"picked":"Ring of Chaos"},{"not_picked":["Replay:Wanted Poster","Snecko Eye"],"picked":"Replay:Grab Bag"},{"not_picked":["Sozu","ChewingGum"],"picked":"Replay:Bronze Core"},{"not_picked":["Ooze Armor","Busted Crown"],"picked":"ReplayTheSpireMod:DimensionalGlitch"},{"not_picked":["Black Star","SlaversCollar"],"picked":"Kintsugi"}],"items_purged_floors":[22,43],"is_endless":false,"potions_floor_spawned":[4,5,7,10,13,16,29,30,35,41,44,51],"killed_by":"Donu and Deca","ascension_level":3}}