{"host":"5spr8tig1ba228ju","time":1612354644,"event":{"mods":["BaseMod","Bestiary","Colored Map","Colored Powertips","Curses Come First","Energized Spire","Highlight Path","Hubris","Minty Spire (QoL Compilation)","Quick Restart","Relic Stats","Reliquary","Replay The Spire","Shop Mod","Spicy Shops","StSLib","SuperFastMode","The Jungle","¡¾ÒÅÎï¿¨ÅÆ¡¿REMEMod"],"gold_per_floor":[113,213,226,237,249,279,289,289,289,306,23,23,34,64,64,64,64],"floor_reached":16,"language":"ZHS","playtime":845,"items_purged":["Normality"],"score":187,"play_id":"9081e159-6333-4fe2-9d2c-5003a82f2187","local_time":"20210203201724","is_ascension_mode":true,"campfire_choices":[{"data":"REME_SpectralBlade","floor":12.0,"key":"SMITH"},{"data":"Footwork","floor":15,"key":"SMITH"}],"circlet_count":0,"master_deck":["AscendersBane","Strike_G","Strike_G","Strike_G","Strike_G","Strike_G","Defend_G","Defend_G","Defend_G","Defend_G","Defend_G","Survivor","Neutralize","Die Die Die","REME_SpectralBlade+1","Backflip","Doppelganger","Choke","All Out Attack","Quick Slash","hubris:Sniper","hubris:Counter","Footwork+1","Slice","Prepared","Setup","Outmaneuver","ReplayTheSpireMod:The Works","ReplayTheSpireMod:Speed Training","hubris:Sniper","Dash","Tactician"],"relics":["REME_ComplimentaryCards","REME_IWantAll","Sizzling Blood","Vajra","reliquary:Sideboard","Chemical X","Odd Mushroom"],"acts_visited":["Exordium"],"potions_floor_usage":[],"damage_taken":[{"damage":0.0,"enemies":"Cultist","floor":1.0,"turns":4.0},{"damage":1.0,"enemies":"Small Slimes","floor":3.0,"turns":3.0},{"damage":0.0,"enemies":"2 Louse","floor":4.0,"turns":2.0},{"damage":3.0,"enemies":"Looter","floor":5.0,"turns":3.0},{"damage":12.0,"enemies":"Replay:BlueRogue","floor":6.0,"turns":7.0},{"damage":10.0,"enemies":"Red Slaver","floor":7.0,"turns":3.0},{"damage":5.0,"enemies":"Large Slime","floor":10.0,"turns":4.0},{"damage":12.0,"enemies":"Exordium Wildlife","floor":13.0,"turns":3.0},{"damage":12,"enemies":"The Mushroom Lair","floor":14,"turns":2},{"damage":45,"enemies":"Fading Forest","floor":16,"turns":7}],"seed_played":"215132849799192282","potions_obtained":[{"floor":3.0,"key":"Strength Potion"},{"floor":7.0,"key":"LiquidBronze"},{"floor":10.0,"key":"Elixir"}],"is_trial":false,"path_per_floor":["M","?","M","M","M","E","M","?","T","M","$","R","M","?","R","B"],"character_chosen":"THE_SILENT","items_purchased":["reliquary:Sideboard","Chemical X"],"campfire_rested":0,"item_purchase_floors":[11,11],"current_hp_per_floor":[59,59,58,58,55,46,36,40,40,42,42,42,37,32,32,0,0],"gold":64,"neow_bonus":"ONE_RANDOM_RARE_CARD","is_daily":false,"chose_seed":false,"campfire_upgraded":2,"win_rate":0.0,"timestamp":1612354644,"path_taken":["M","?","?","M","M","E","M","?","T","M","$","R","M","?","R","BOSS"],"items_purchased_type":["Relic","Relic"],"build_version":"2020-12-22","purchased_purges":1,"victory":false,"max_hp_per_floor":[66,66,66,66,66,69,69,73,73,76,76,76,79,82,82,82,82],"relic_stats":{"counters":[10,38],"Chemical X":[3],"obtain_stats":[{"reliquary:Sideboard":11,"Vajra":9,"Sizzling Blood":8,"Chemical X":11,"Odd Mushroom":14,"REME_IWantAll":6,"Ring of the Snake":0,"REME_ComplimentaryCards":0},{"reliquary:Sideboard":7,"Vajra":6,"Sizzling Blood":6,"Chemical X":7,"Odd Mushroom":9,"REME_IWantAll":5,"Ring of the Snake":0,"REME_ComplimentaryCards":0},{"reliquary:Sideboard":26,"Vajra":22,"Sizzling Blood":22,"Chemical X":26,"Odd Mushroom":31,"REME_IWantAll":19,"Ring of the Snake":0,"REME_ComplimentaryCards":0}]},"card_choices":[{"not_picked":["Dagger Spray","Toxin Wave"],"picked":"Backflip","floor":1.0},{"not_picked":["Bane","Flying Knee"],"picked":"Doppelganger","floor":3.0},{"not_picked":["Dagger Spray","Toxin Wave"],"picked":"Choke","floor":4.0},{"not_picked":["Blade Dance","Expertise"],"picked":"All Out Attack","floor":5.0},{"not_picked":["Quick Slash","hubris:Sniper","hubris:Counter"],"picked":"Singing Bowl","floor":6.0},{"not_picked":["Dodge and Roll","Flying Knee"],"picked":"Footwork","floor":7.0},{"not_picked":["Slice","Prepared","Setup"],"picked":"Singing Bowl","floor":10.0},{"not_picked":["Outmaneuver","ReplayTheSpireMod:The Works","ReplayTheSpireMod:Speed Training"],"picked":"Singing Bowl","floor":13},{"not_picked":["hubris:Sniper","Dash","Tactician"],"picked":"Singing Bowl","floor":14}],"player_experience":633672,"relics_obtained":[{"floor":6.0,"key":"REME_IWantAll"},{"floor":9.0,"key":"Vajra"},{"floor":14,"key":"Odd Mushroom"}],"event_choices":[{"damage_healed":0.0,"max_hp_gain":0.0,"max_hp_loss":0.0,"gold_gain":100.0,"event_name":"Wheel of Change","player_choice":"Gold","floor":2.0,"gold_loss":0.0,"damage_taken":0.0},{"damage_healed":0,"gold_gain":0,"player_choice":"Fought Mushrooms","damage_taken":0,"max_hp_gain":0,"max_hp_loss":0,"event_name":"Mushrooms","floor":14,"gold_loss":0}],"is_beta":false,"boss_relics":[],"items_purged_floors":[11],"is_endless":false,"potions_floor_spawned":[3,7,10,13],"killed_by":"Fading Forest","ascension_level":16}}