{"host":"ooa7gbxz3ilj1hm6","time":1612332045,"event":{"mods":["BaseMod","Colored Map","Downfall","Highlight Path","Minty Spire (QoL Compilation)","StSLib"],"gold_per_floor":[99,116,128,141,126,141,188,185,228,340,352,377,389,427,449,566,578,590,602,633,645,360,390,390,400,112,112,126,126,143,169,186,286,286,186,203,222,171,171,181,230,230,247,247,281,295,308,336,354,354],"floor_reached":51,"language":"ENG","playtime":3133,"items_purged":["Pain","downfall:Bewildered"],"score":886,"play_id":"dc8f69f2-5810-402b-931e-ff210944dd73","local_time":"20210202230045","is_ascension_mode":false,"campfire_choices":[{"data":"Guardian:CurlUp","floor":1,"key":"SMITH"},{"floor":11,"key":"REST"},{"data":"Guardian:TimeSifter","floor":18,"key":"SMITH"},{"data":"Guardian:BodySlam","floor":27,"key":"SMITH"},{"data":"Guardian:GatlingBeam","floor":35,"key":"SMITH"}],"circlet_count":0,"master_deck":["Guardian:Strike_Guardian","Guardian:Strike_Guardian","Guardian:Defend_Guardian","Guardian:Defend_Guardian","Guardian:Defend_Guardian","Guardian:Defend_Guardian","Guardian:CurlUp+1","Guardian:TwinSlam","Guardian:PiercingHide","Guardian:Planning","Guardian:ChargeCore","Guardian:Incinerate","Guardian:Emergency+1","Guardian:SpikerProtocol","Guardian:Suspension+1","Guardian:AncientConstruct","Guardian:RollAttack","Guardian:TimeSifter+1","Guardian:FloatingOrbs","Guardian:Incinerate+1","Guardian:ShieldCharger","Guardian:BodySlam+1","Guardian:ArmoredProtocol","Guardian:TemporalStrike","Guardian:TemporalShield+1","Guardian:GatlingBeam+1","Guardian:BodySlam+1","Guardian:Harden+1","Guardian:Reroute","Guardian:DecasProtection","Guardian:RollAttack","expansioncontent:InvincibleStrength","Guardian:WalkerClaw+1","Guardian:Orbwalk","Guardian:ConstructionForm","Guardian:PolyBeam","Guardian:BronzeOrb+1"],"relics":["Guardian:ModeShifterPlus","Bird Faced Urn","MawBank","Strawberry","Vajra","WarpedTongs","sneckomod:BabySnecko","Boot","Smiling Mask","Du-Vu Doll","Bronze Scales","Shuriken","Matryoshka","Sozu","downfall:HeartBlessingGreen","Bag of Preparation","Bag of Marbles","Blood Vial","War Paint","Mercury Hourglass","Orichalcum","Thread and Needle"],"acts_visited":["Exordium","TheCity","TheBeyond"],"potions_floor_usage":[16,31],"damage_taken":[{"damage":5,"enemies":"2 Louse","floor":2,"turns":2},{"damage":0,"enemies":"Small Slimes","floor":3,"turns":4},{"damage":0,"enemies":"Cultist","floor":4,"turns":4},{"damage":0,"enemies":"downfall:FleeingMerchant","floor":5,"turns":4},{"damage":14,"enemies":"Lots of Slimes","floor":6,"turns":5},{"damage":0,"enemies":"downfall:FleeingMerchant","floor":8,"turns":4},{"damage":24,"enemies":"Lagavulin","floor":9,"turns":11},{"damage":7,"enemies":"2 Fungi Beasts","floor":12,"turns":4},{"damage":17,"enemies":"3 Sentries","floor":14,"turns":10},{"damage":8,"enemies":"Exordium Wildlife","floor":15,"turns":5},{"damage":37,"enemies":"WA_ARCHETYPE_RETAIN","floor":16,"turns":12},{"damage":24,"enemies":"Chosen","floor":20,"turns":7},{"damage":1,"enemies":"downfall:FleeingMerchant","floor":22,"turns":4},{"damage":0,"enemies":"Book of Stabbing","floor":23,"turns":5},{"damage":0,"enemies":"Spheric Guardian","floor":25,"turns":5},{"damage":2,"enemies":"downfall:FleeingMerchant","floor":26,"turns":4},{"damage":0,"enemies":"3 Cultists","floor":28,"turns":5},{"damage":0,"enemies":"Snecko","floor":30,"turns":3},{"damage":14,"enemies":"Slavers","floor":31,"turns":2},{"damage":2,"enemies":"Cultist and Chosen","floor":32,"turns":3},{"damage":23,"enemies":"DF_ARCHETYPE_CLAW","floor":33,"turns":7},{"damage":24,"enemies":"3 Darklings","floor":36,"turns":3},{"damage":0,"enemies":"3 Shapes","floor":37,"turns":4},{"damage":0,"enemies":"downfall:FleeingMerchant","floor":38,"turns":3},{"damage":2,"enemies":"Spire Growth","floor":40,"turns":4},{"damage":0,"enemies":"4 Shapes","floor":43,"turns":4},{"damage":15,"enemies":"Giant Head","floor":45,"turns":7},{"damage":0,"enemies":"Transient","floor":46,"turns":5},{"damage":0,"enemies":"3 Darklings","floor":47,"turns":3},{"damage":12,"enemies":"Reptomancer","floor":48,"turns":4},{"damage":0,"enemies":"Jaw Worm Horde","floor":49,"turns":2},{"damage":4,"enemies":"SI_POISON_ARCHETYPE","floor":50,"turns":8}],"seed_played":"-2434893769271765109","potions_obtained":[{"floor":3,"key":"champ:CounterPotion"},{"floor":9,"key":"Block Potion"},{"floor":14,"key":"DistilledChaos"},{"floor":16,"key":"Strength Potion"},{"floor":30,"key":"AttackPotion"},{"floor":31,"key":"hexamod:SoulburnPotion"}],"is_trial":false,"path_per_floor":["R","M","M","M","$","M","T","$","E","?","R","M","?","E","M","B",null,"R","?","M","?","$","E","T","M","$","R","M","T","M","E","M","B",null,"R","M","M","$","?","M","T","?","M","T","E","M","M","E","M","B",null],"character_chosen":"GUARDIAN","items_purchased":["Guardian:ShieldCharger","Boot","Bronze Scales","Guardian:ArmoredProtocol","Guardian:TemporalStrike","Bag of Preparation","Guardian:DecasProtection","Guardian:RollAttack","expansioncontent:InvincibleStrength"],"campfire_rested":1,"item_purchase_floors":[22,22,26,26,26,38,38,38,38],"current_hp_per_floor":[72,67,67,67,67,53,53,53,36,36,59,54,54,41,37,4,79,79,79,58,58,63,71,71,79,77,77,79,79,79,65,65,52,79,79,57,63,69,69,79,79,79,79,79,69,79,79,69,75,79],"gold":354,"neow_bonus":"ONE_RARE_RELIC","is_daily":false,"chose_seed":false,"campfire_upgraded":4,"win_rate":0.0,"timestamp":1612332045,"path_taken":["R","M","M","M","$","M","T","$","E","?","R","M","?","E","M","BOSS","R","?","?","?","$","E","T","M","$","R","M","?","M","E","M","BOSS","R","M","M","$","?","?","T","?","M","?","E","M","M","E","M","BOSS"],"items_purchased_type":["Card","Relic","Relic","Card","Card","Relic","Card","Card","Card"],"build_version":"2020-12-22","purchased_purges":2,"victory":true,"max_hp_per_floor":[72,72,72,72,72,72,72,72,79,79,79,79,79,79,79,79,79,79,79,79,79,79,79,79,79,79,79,79,79,79,79,79,79,79,79,79,79,79,79,79,79,79,79,79,79,79,79,79,79,79],"card_choices":[{"not_picked":["Guardian:TemporalShield","Guardian:Gem_Purple"],"picked":"Guardian:PiercingHide","floor":2},{"not_picked":["Guardian:WalkerClaw","Guardian:Gem_Lightblue"],"picked":"Guardian:Gem_Red","floor":3},{"not_picked":["Guardian:Recover","Guardian:Reroute"],"picked":"Guardian:Planning","floor":4},{"not_picked":["Guardian:Gem_Lightblue","Guardian:Gem_Cyan"],"picked":"Guardian:ChargeCore","floor":5},{"not_picked":["Guardian:VentSteam","Guardian:Harden"],"picked":"Guardian:Incinerate","floor":6},{"not_picked":["Guardian:PrimingBeam","Guardian:PolyBeam"],"picked":"Guardian:Emergency","floor":8},{"not_picked":["Guardian:FastForward","Guardian:MultiBeam"],"picked":"Guardian:SpikerProtocol","floor":9},{"not_picked":["Guardian:Gem_Red","Guardian:TemporalShield"],"picked":"Guardian:Suspension","floor":12},{"not_picked":["Guardian:BodySlam","Guardian:SpikerProtocol"],"picked":"Guardian:RollAttack","floor":14},{"not_picked":["Guardian:Clone","Guardian:ArmoredProtocol","Guardian:BodySlam"],"picked":"SKIP","floor":15},{"not_picked":["Guardian:FastForward","Guardian:Gem_Synthetic"],"picked":"Guardian:TimeSifter","floor":16},{"not_picked":["Guardian:BronzeArmor+1","Guardian:Gem_Green"],"picked":"Guardian:FloatingOrbs","floor":20},{"not_picked":["Guardian:Gem_Lightblue","Guardian:Recover"],"picked":"Guardian:Incinerate+1","floor":22},{"not_picked":["Guardian:PrimingBeam","Guardian:CrystalBeam","Guardian:HyperBeam_Guardian"],"picked":"SKIP","floor":23},{"not_picked":["Guardian:Gem_Cyan","Guardian:PiercingHide"],"picked":"Guardian:BodySlam","floor":25},{"not_picked":["Guardian:PiercingHide","Guardian:PrimingBeam"],"picked":"Guardian:Gem_Yellow","floor":26},{"not_picked":["Guardian:PiercingHide+1","Guardian:RefractedBeam+1"],"picked":"Guardian:TemporalShield+1","floor":28},{"not_picked":["Guardian:PiercingHide","Guardian:VentSteam"],"picked":"Guardian:Gem_Red","floor":30},{"not_picked":["Guardian:PrismaticBarrier","Guardian:BronzeArmor","Guardian:Gem_Lightblue"],"picked":"SKIP","floor":31},{"not_picked":["Guardian:TemporalShield","Guardian:Gem_White","Guardian:Gem_Cyan"],"picked":"SKIP","floor":32},{"not_picked":["Guardian:Gem_Synthetic","Guardian:Gem_Orange"],"picked":"Guardian:GatlingBeam","floor":33},{"not_picked":["Guardian:MultiBeam","Guardian:Gem_Red"],"picked":"Guardian:BodySlam+1","floor":36},{"not_picked":["Guardian:PiercingHide+1","Guardian:Gem_Green"],"picked":"Guardian:Harden+1","floor":37},{"not_picked":["Guardian:Incinerate+1","Guardian:CrystalBeam+1"],"picked":"Guardian:Reroute","floor":38},{"not_picked":["Guardian:MultiBeam","Guardian:TimeCapacitor+1","Guardian:VentSteam"],"picked":"SKIP","floor":40},{"not_picked":["Guardian:Gem_Crimson","Guardian:Gem_Cyan"],"picked":"Guardian:WalkerClaw+1","floor":43},{"not_picked":["Guardian:Gem_Lightblue","Guardian:DonusPower"],"picked":"Guardian:Orbwalk","floor":45},{"not_picked":["Guardian:Gem_Red","Guardian:MultiBeam+1","Guardian:TemporalShield"],"picked":"SKIP","floor":46},{"not_picked":["Guardian:Emergency","Guardian:VentSteam"],"picked":"Guardian:ConstructionForm","floor":47},{"not_picked":["Guardian:Gem_Green","Guardian:GuardianWhirl"],"picked":"Guardian:PolyBeam","floor":48},{"not_picked":["Guardian:BodySlam","Guardian:WalkerClaw"],"picked":"Guardian:BronzeOrb+1","floor":49}],"player_experience":53574,"relics_obtained":[{"floor":7,"key":"MawBank"},{"floor":9,"key":"Strawberry"},{"floor":14,"key":"Vajra"},{"floor":23,"key":"Smiling Mask"},{"floor":24,"key":"Du-Vu Doll"},{"floor":29,"key":"Shuriken"},{"floor":31,"key":"Matryoshka"},{"floor":41,"key":"Bag of Marbles"},{"floor":41,"key":"Blood Vial"},{"floor":44,"key":"War Paint"},{"floor":44,"key":"Mercury Hourglass"},{"floor":45,"key":"Orichalcum"},{"floor":48,"key":"Thread and Needle"}],"event_choices":[{"damage_healed":0,"gold_gain":0,"player_choice":"Got Potions","damage_taken":0,"max_hp_gain":0,"max_hp_loss":0,"event_name":"Lab","floor":39,"gold_loss":0},{"cards_removed":["Guardian:Strike_Guardian"],"damage_healed":0,"gold_gain":0,"player_choice":"Removed Attack","damage_taken":0,"max_hp_gain":0,"max_hp_loss":0,"event_name":"Falling","floor":42,"gold_loss":0}],"is_beta":false,"boss_relics":[{"not_picked":["Empty Cage","Snecko Eye"],"picked":"Guardian:ModeShifterPlus"},{"not_picked":["SacredBark","Philosopher\u0027s Stone"],"picked":"Sozu"}],"items_purged_floors":[22,38],"is_endless":false,"potions_floor_spawned":[3,9,14,15,16,23,30,31,33,43,46,47,48,49],"ascension_level":0}}