{"host":"49pjgf1q9ev52n8z","time":1612330118,"event":{"mods":["BaseMod","Bestiary","Colored Map","Minty Spire (QoL Compilation)","Practice Mode","Relic Stats","StSLib"],"gold_per_floor":[32,32,96,155,37,93,93,118,143,143,248,319,319,377,377,526,526,564,29,329,374,374,435,435,524,524,46,46,109,109,128,128,281,281,326,365,433,207,540,596,596,637,689,745,745,779,779,824,824,824],"floor_reached":51,"language":"ENG","playtime":5572,"items_purged":["Strike_P"],"score":944,"play_id":"22444235-5773-4c20-9abd-bac6e8dbaf76","local_time":"20210202212838","is_ascension_mode":true,"campfire_choices":[{"data":"Eruption","floor":7,"key":"SMITH"},{"data":"HandOfGreed","floor":10,"key":"SMITH"},{"data":"Meditate","floor":15,"key":"SMITH"},{"data":"Omniscience","floor":24,"key":"SMITH"},{"data":"Blasphemy","floor":30,"key":"SMITH"},{"floor":32,"key":"REST"},{"floor":41,"key":"REST"},{"floor":45,"key":"REST"},{"data":"MentalFortress","floor":49,"key":"SMITH"}],"circlet_count":0,"master_deck":["Strike_P","Strike_P+1","Strike_P","Defend_P","Defend_P","Defend_P","Defend_P","Eruption+1","Vigilance","HandOfGreed+1","CarveReality","ThirdEye","Meditate+1","MentalFortress+1","EmptyFist+1","Crescendo","Adaptation","Blasphemy+1","ClearTheMind","Omniscience+1","FlurryOfBlows","Establishment","J.A.X.","TalkToTheHand+1","FearNoEvil+1","DevaForm","Sanctity+1","Evaluate+1","MentalFortress","Scrawl","Protect+1"],"relics":["HolyWater","Ancient Tea Set","Strawberry","Vajra","Whetstone","Bronze Scales","OrangePellets","Nunchaku","Old Coin","PreservedInsect","InkBottle","Molten Egg 2","HornCleat","Oddly Smooth Stone","Bottled Lightning","Sozu","Art of War","Lantern","Juzu Bracelet","MealTicket","Meat on the Bone"],"acts_visited":["Exordium","TheCity","TheBeyond"],"potions_floor_usage":[6,6,14,23,25,33,44,50],"damage_taken":[{"damage":4,"enemies":"Jaw Worm","floor":1,"turns":6},{"damage":0,"enemies":"2 Louse","floor":3,"turns":4},{"damage":2,"enemies":"Small Slimes","floor":4,"turns":3},{"damage":0,"enemies":"Lagavulin","floor":6,"turns":4},{"damage":0,"enemies":"Blue Slaver","floor":8,"turns":1},{"damage":8,"enemies":"Lagavulin Event","floor":11,"turns":3},{"damage":3,"enemies":"Lots of Slimes","floor":12,"turns":4},{"damage":9,"enemies":"Gremlin Nob","floor":14,"turns":3},{"damage":23,"enemies":"The Guardian","floor":16,"turns":8},{"damage":7,"enemies":"Shell Parasite","floor":18,"turns":2},{"damage":0,"enemies":"Spheric Guardian","floor":21,"turns":3},{"damage":13,"enemies":"Book of Stabbing","floor":23,"turns":2},{"damage":7,"enemies":"Slavers","floor":25,"turns":2},{"damage":7,"enemies":"Gremlin Leader","floor":29,"turns":3},{"damage":0,"enemies":"Snake Plant","floor":31,"turns":4},{"damage":7,"enemies":"Champ","floor":33,"turns":7},{"damage":16,"enemies":"3 Shapes","floor":35,"turns":5},{"damage":16,"enemies":"Orb Walker","floor":36,"turns":4},{"damage":8,"enemies":"Jaw Worm Horde","floor":37,"turns":6},{"damage":0,"enemies":"Giant Head","floor":40,"turns":7},{"damage":0,"enemies":"Sphere and 2 Shapes","floor":42,"turns":3},{"damage":10,"enemies":"Reptomancer","floor":44,"turns":2},{"damage":3,"enemies":"Giant Head","floor":46,"turns":6},{"damage":3,"enemies":"Maw","floor":48,"turns":6},{"damage":42,"enemies":"Time Eater","floor":50,"turns":5}],"seed_played":"-814706190576720968","potions_obtained":[{"floor":3,"key":"ColorlessPotion"},{"floor":4,"key":"BottledMiracle"},{"floor":11,"key":"LiquidBronze"},{"floor":12,"key":"SneckoOil"},{"floor":16,"key":"SteroidPotion"},{"floor":23,"key":"SkillPotion"},{"floor":25,"key":"BlessingOfTheForge"},{"floor":33,"key":"SneckoOil"}],"is_trial":false,"path_per_floor":["M","?","M","M","$","E","R","M","T","R","?","M","?","E","R","B",null,"M","$","?","M","?","E","R","E","T","$","$","E","R","M","R","B",null,"M","M","M","$","?","E","R","M","T","E","R","E","?","M","R","B",null],"character_chosen":"WATCHER","items_purchased":["MentalFortress","Fire Potion","Bronze Scales","OrangePellets","Nunchaku","Establishment","TalkToTheHand+1","HornCleat","Oddly Smooth Stone","Art of War"],"campfire_rested":3,"item_purchase_floors":[5,5,19,19,19,19,27,27,27,38],"current_hp_per_floor":[68,50,50,48,48,48,48,48,55,55,47,44,70,61,61,38,79,72,72,72,72,72,59,59,52,52,52,52,45,45,45,68,61,79,63,47,39,39,39,39,62,62,62,52,75,72,72,69,69,39],"gold":824,"neow_bonus":"RANDOM_COLORLESS_2","is_daily":false,"chose_seed":false,"campfire_upgraded":6,"win_rate":0.0,"timestamp":1612330118,"path_taken":["M","?","M","M","$","E","R","M","T","R","?","M","?","E","R","BOSS","M","$","?","?","?","E","R","E","T","?","$","E","R","M","R","BOSS","M","M","M","$","?","E","R","M","T","E","R","E","?","M","R","BOSS"],"items_purchased_type":["Card","Potion","Relic","Relic","Relic","Card","Card","Relic","Relic","Relic"],"build_version":"2020-12-22","purchased_purges":1,"victory":true,"max_hp_per_floor":[72,72,72,72,72,72,72,72,79,79,79,79,79,79,79,79,79,79,79,79,79,79,79,79,79,79,79,79,79,79,79,79,79,79,79,79,79,79,79,79,79,79,79,79,79,79,79,79,79,79],"relic_stats":{"counters":[25,103],"PreservedInsect":392,"Juzu Bracelet":0,"Whetstone":["Strike_P","EmptyFist"],"Sozu":3,"OrangePellets":[9],"Nunchaku":[15],"Bronze Scales":[153],"MealTicket":0,"Art of War":[4],"obtain_stats":[{"Lantern":40,"Golden Idol":2,"Vajra":11,"Oddly Smooth Stone":27,"PreservedInsect":23,"Juzu Bracelet":43,"Whetstone":14,"Ancient Tea Set":6,"Old Coin":20,"Sozu":34,"OrangePellets":19,"Nunchaku":19,"HornCleat":27,"Strawberry":9,"Bronze Scales":19,"HolyWater":17,"Molten Egg 2":26,"MealTicket":44,"Art of War":38,"Bottled Lightning":29,"PureWater":0,"InkBottle":25,"Meat on the Bone":46},{"Lantern":20,"Golden Idol":1,"Vajra":5,"Oddly Smooth Stone":13,"PreservedInsect":12,"Juzu Bracelet":21,"Whetstone":8,"Ancient Tea Set":4,"Old Coin":10,"Sozu":16,"OrangePellets":10,"Nunchaku":10,"HornCleat":13,"Strawberry":5,"Bronze Scales":10,"HolyWater":9,"Molten Egg 2":13,"MealTicket":22,"Art of War":19,"Bottled Lightning":14,"PureWater":0,"InkBottle":13,"Meat on the Bone":23},{"Lantern":81,"Golden Idol":6,"Vajra":18,"Oddly Smooth Stone":45,"PreservedInsect":43,"Juzu Bracelet":84,"Whetstone":28,"Ancient Tea Set":17,"Old Coin":38,"Sozu":59,"OrangePellets":38,"Nunchaku":38,"HornCleat":45,"Strawberry":18,"Bronze Scales":38,"HolyWater":36,"Molten Egg 2":45,"MealTicket":86,"Art of War":74,"Bottled Lightning":48,"PureWater":0,"InkBottle":45,"Meat on the Bone":92}],"InkBottle":[27],"Meat on the Bone":12},"card_choices":[{"not_picked":["Metamorphosis","Thinking Ahead"],"picked":"HandOfGreed","floor":0},{"not_picked":["Halt","Worship"],"picked":"CarveReality","floor":1},{"not_picked":["Halt","SashWhip"],"picked":"ThirdEye","floor":3},{"not_picked":["Prostrate","FlurryOfBlows"],"picked":"Meditate","floor":4},{"not_picked":["ForeignInfluence","EmptyBody"],"picked":"EmptyFist","floor":6},{"not_picked":["Wallop","JustLucky"],"picked":"Crescendo","floor":8},{"not_picked":["ForeignInfluence","Evaluate"],"picked":"Adaptation","floor":11},{"not_picked":["Consecrate","EmptyFist"],"picked":"Blasphemy","floor":12},{"not_picked":["Halt","FollowUp"],"picked":"ClearTheMind","floor":14},{"not_picked":["ConjureBlade","SpiritShield"],"picked":"Omniscience","floor":16},{"not_picked":["PathToVictory+1","BowlingBash+1"],"picked":"FlurryOfBlows","floor":18},{"not_picked":["Fasting2","WindmillStrike","JustLucky"],"picked":"SKIP","floor":21},{"not_picked":["WaveOfTheHand","FlyingSleeves","Brilliance"],"picked":"SKIP","floor":23},{"not_picked":["ThirdEye","Blasphemy","Brilliance"],"picked":"SKIP","floor":25},{"not_picked":["Consecrate+1","EmptyFist+1","SignatureMove+1"],"picked":"SKIP","floor":29},{"not_picked":["ClearTheMind","CrushJoints+1"],"picked":"FearNoEvil+1","floor":31},{"not_picked":["Ragnarok+1","SpiritShield"],"picked":"DevaForm","floor":33},{"not_picked":["FollowUp+1","PathToVictory","FlurryOfBlows+1"],"picked":"SKIP","floor":35},{"not_picked":["FlurryOfBlows+1","FlyingSleeves+1"],"picked":"Sanctity+1","floor":36},{"not_picked":["Protect","CrushJoints+1"],"picked":"Evaluate+1","floor":37},{"not_picked":["FollowUp+1","ClearTheMind"],"picked":"MentalFortress","floor":40},{"not_picked":["Sanctity+1","FollowUp+1"],"picked":"Scrawl","floor":42},{"not_picked":["Scrawl","BowlingBash+1","SignatureMove+1"],"picked":"SKIP","floor":44},{"not_picked":["ForeignInfluence","DevaForm","Protect+1"],"picked":"SKIP","floor":46},{"not_picked":["BattleHymn+1","FlurryOfBlows+1"],"picked":"Protect+1","floor":48}],"player_experience":688368,"relics_obtained":[{"floor":6,"key":"Ancient Tea Set"},{"floor":9,"key":"Strawberry"},{"floor":14,"key":"Whetstone"},{"floor":23,"key":"PreservedInsect"},{"floor":25,"key":"InkBottle"},{"floor":26,"key":"Molten Egg 2"},{"floor":29,"key":"Bottled Lightning"},{"floor":40,"key":"Lantern"},{"floor":43,"key":"Juzu Bracelet"},{"floor":44,"key":"MealTicket"},{"floor":46,"key":"Meat on the Bone"}],"event_choices":[{"damage_healed":0,"gold_gain":0,"player_choice":"Take Damage","damage_taken":18,"relics_obtained":["Golden Idol"],"max_hp_gain":0,"max_hp_loss":0,"event_name":"Golden Idol","floor":2,"gold_loss":0},{"damage_healed":0,"gold_gain":0,"player_choice":"Searched \u00272\u0027 times","damage_taken":0,"relics_obtained":["Vajra"],"max_hp_gain":0,"max_hp_loss":0,"event_name":"Dead Adventurer","floor":11,"gold_loss":0},{"damage_healed":26,"gold_gain":0,"player_choice":"Banana","damage_taken":0,"max_hp_gain":0,"max_hp_loss":0,"event_name":"Big Fish","floor":13,"gold_loss":0},{"damage_healed":0,"gold_gain":0,"player_choice":"Gave Potion","damage_taken":0,"relics_obtained":["Old Coin"],"max_hp_gain":0,"max_hp_loss":0,"event_name":"WeMeetAgain","floor":20,"gold_loss":0},{"damage_healed":0,"gold_gain":0,"player_choice":"Obtain J.A.X.","damage_taken":0,"max_hp_gain":0,"max_hp_loss":0,"event_name":"Drug Dealer","floor":22,"gold_loss":0,"cards_obtained":["J.A.X."]},{"damage_healed":0,"gold_gain":333,"player_choice":"Gave Idol","damage_taken":0,"max_hp_gain":0,"max_hp_loss":0,"event_name":"The Moai Head","floor":39,"relics_lost":["Golden Idol"],"gold_loss":0},{"damage_healed":0,"gold_gain":0,"player_choice":"Bought 0 Potions","damage_taken":0,"max_hp_gain":0,"max_hp_loss":0,"event_name":"The Woman in Blue","floor":47,"gold_loss":0}],"is_beta":false,"boss_relics":[{"not_picked":["Astrolabe","SlaversCollar"],"picked":"HolyWater"},{"not_picked":["Snecko Eye","Philosopher\u0027s Stone"],"picked":"Sozu"}],"items_purged_floors":[38],"is_endless":false,"potions_floor_spawned":[3,4,11,12,16,23,25,33,35,42,46],"ascension_level":1}}