{"host":"xhm1ik3sxl6w66st","time":1612372015,"event":{"mods":["BaseMod","Colored Powertips","Downfall","Hermit","Minty Spire (QoL Compilation)","READ ME - Guardian Mod","Replay The Spire","StSLib","The Bug Knight","The Cursed","The Disciple","The Jungle","The Servant 0.9.4"],"gold_per_floor":[110,128,128,148,19,53,53,69,96,113,145,245,145,160,160,256,256,266,266,283,283,298,298,325,325,348,360,360,360],"floor_reached":28,"language":"ENG","playtime":2057,"items_purged":["HollowMod:QuickDashStart","HollowMod:QuickDashStart"],"score":275,"play_id":"f9f32899-c6f3-4cda-b39b-ba5e31f6b9c4","local_time":"20210203100655","is_ascension_mode":false,"campfire_choices":[{"data":"HollowMod:VengefulSpirit","floor":7,"key":"SMITH"},{"floor":15,"key":"DIG"},{"data":"HollowMod:SlysStrikes","floor":23,"key":"SMITH"},{"floor":25,"key":"REST"}],"circlet_count":0,"master_deck":["HollowMod:NailStrikeStart","HollowMod:NailStrikeStart","HollowMod:NailStrikeStart","HollowMod:NailStrikeStart","HollowMod:QuickDashStart+1","HollowMod:FocusHealStart","HollowMod:PogoStrike","HollowMod:CycloneSlash","HollowMod:GreatSlash","HollowMod:ShapeofUnn","HollowMod:CycloneSlash","HollowMod:VengefulSpirit+1","HollowMod:PerfectDash","HollowMod:ChannelNail","HollowMod:HeavyBlow","HollowMod:SlysStrikes+1","HollowMod:DashSlash","Shame","HollowMod:DashSlash","HollowMod:SoulEater","HollowMod:SiblingsSouls+1","HollowMod:LifebloodCocoon"],"relics":["HollowMod:VesselMask","War Paint","Orichalcum","Bag of Marbles","Tiny Chest","Sozu","theJungle:SneckoAutograph","theJungle:BirthdayCakeSlice","Bird Faced Urn","Bag of Preparation"],"acts_visited":["Exordium","theJungle:Jungle"],"potions_floor_usage":[6,11],"damage_taken":[{"damage":2,"enemies":"Small Slimes","floor":1,"turns":3},{"damage":0,"enemies":"Cultist","floor":2,"turns":4},{"damage":3,"enemies":"Jaw Worm","floor":4,"turns":2},{"damage":39,"enemies":"Lagavulin","floor":6,"turns":6},{"damage":0,"enemies":"Lots of Slimes","floor":8,"turns":1},{"damage":1,"enemies":"2 Fungi Beasts","floor":10,"turns":2},{"damage":0,"enemies":"3 Sentries","floor":11,"turns":3},{"damage":0,"enemies":"Looter","floor":14,"turns":1},{"damage":52,"enemies":"Hexaghost","floor":16,"turns":10},{"damage":19,"enemies":"theJungle:Flameango_and_Byrd","floor":18,"turns":4},{"damage":12,"enemies":"theJungle:MUSHROOMGANG","floor":20,"turns":3},{"damage":30,"enemies":"theJungle:Lyon","floor":22,"turns":5},{"damage":28,"enemies":"theJungle:MamaSnecko","floor":24,"turns":5},{"damage":4,"enemies":"theJungle:2_Snecko_Cultists","floor":27,"turns":4},{"damage":34,"enemies":"theJungle:JungleHuntersEncounter","floor":28,"turns":3}],"seed_played":"7267534004460331754","potions_obtained":[{"floor":1,"key":"Cursed Concoction"},{"floor":8,"key":"Fire Potion"},{"floor":10,"key":"FairyPotion"},{"floor":16,"key":"SpeedPotion"}],"is_trial":false,"path_per_floor":["M","M","?","M","$","E","R","M","T","M","E","?","$","M","R","B",null,"M","?","M","?","M","R","E","R","T","M","M"],"character_chosen":"THE_BUGKNIGHT","items_purchased":["HollowMod:CycloneSlash"],"campfire_rested":1,"item_purchase_floors":[5],"current_hp_per_floor":[73,75,75,72,72,43,43,43,43,42,42,42,42,42,42,14,75,62,62,50,55,31,31,3,27,27,27,0,0],"gold":360,"neow_bonus":"RANDOM_COMMON_RELIC","is_daily":false,"chose_seed":false,"campfire_upgraded":2,"win_rate":0.0,"timestamp":1612372015,"path_taken":["M","M","?","?","?","E","R","M","T","M","E","?","$","?","R","BOSS","M","?","M","?","M","R","E","R","T","M","M"],"items_purchased_type":["Card"],"build_version":"2020-12-22","purchased_purges":2,"victory":false,"max_hp_per_floor":[75,75,75,75,75,75,75,75,75,75,75,75,75,75,75,75,75,75,75,75,80,80,80,80,80,80,80,80,80],"card_choices":[{"not_picked":["HollowMod:CrystalDash","HollowMod:SoulSplash"],"picked":"HollowMod:CycloneSlash","floor":1},{"not_picked":["HollowMod:BlackTendrils","HollowMod:VengefulVoid"],"picked":"HollowMod:GreatSlash","floor":2},{"not_picked":["HollowMod:NewLittleFool","HollowMod:WraithStrike"],"picked":"HollowMod:ShapeofUnn","floor":4},{"not_picked":["HollowMod:InfectedCysts","HollowMod:NewLittleFool"],"picked":"HollowMod:VengefulSpirit","floor":6},{"not_picked":["HollowMod:MothsMistake","HollowMod:LordofShades"],"picked":"HollowMod:PerfectDash","floor":8},{"not_picked":["HollowMod:BrokenVessel","HollowMod:CornifersMapStart","HollowMod:InfectedAttack"],"picked":"SKIP","floor":10},{"not_picked":["HollowMod:SoulSplash","HollowMod:LifebloodCocoon"],"picked":"HollowMod:ChannelNail","floor":11},{"not_picked":["HollowMod:SiblingsSouls","HollowMod:ShapeofUnn"],"picked":"HollowMod:HeavyBlow","floor":14},{"not_picked":["HollowMod:LifebloodCore","HollowMod:ElderbugsWisdom"],"picked":"HollowMod:SlysStrikes","floor":16},{"not_picked":["HollowMod:MothsMistake","HollowMod:HeavyBlow"],"picked":"HollowMod:DashSlash","floor":18},{"not_picked":["HollowMod:MonarchWings","HollowMod:VengefulSpirit"],"picked":"HollowMod:DashSlash","floor":20},{"not_picked":["HollowMod:SoulSplash","HollowMod:SharpenedNail"],"picked":"HollowMod:SoulEater","floor":22},{"not_picked":["HollowMod:DreamGate","HollowMod:DashSlash"],"picked":"HollowMod:SiblingsSouls+1","floor":24},{"not_picked":["HollowMod:DreamGate","HollowMod:DescendingDark"],"picked":"HollowMod:LifebloodCocoon","floor":27}],"player_experience":166187,"relics_obtained":[{"floor":6,"key":"Orichalcum"},{"floor":11,"key":"Bag of Marbles"},{"floor":15,"key":"Tiny Chest"},{"floor":24,"key":"Bird Faced Urn"},{"floor":26,"key":"Bag of Preparation"}],"event_choices":[{"cards_removed":["HollowMod:QuickDashStart"],"damage_healed":0,"gold_gain":0,"player_choice":"Offered Basic","damage_taken":0,"max_hp_gain":0,"max_hp_loss":0,"event_name":"Bonfire Elementals","floor":3,"gold_loss":0},{"damage_healed":0,"gold_gain":100,"player_choice":"Pray","damage_taken":0,"max_hp_gain":0,"max_hp_loss":0,"event_name":"Golden Shrine","floor":12,"gold_loss":0}],"is_beta":false,"boss_relics":[{"not_picked":["Replay:Fungal Core","Empty Cage"],"picked":"Sozu"}],"items_purged_floors":[5,13],"is_endless":false,"potions_floor_spawned":[1,8,10,16,20,24],"killed_by":"theJungle:JungleHuntersEncounter","ascension_level":0}}