{"host":"nsc6ozq3atyrdr3m","time":1612386324,"event":{"mods":["BaseMod","Colored Map","Minty Spire (QoL Compilation)"],"gold_per_floor":[119,119,138,138,138,172,190,190,190,190,206,206,206,239,239,328,328,341,10,10,10],"floor_reached":20,"language":"FRA","playtime":452,"items_purged":["Decay"],"score":410,"play_id":"60cb1ba9-242e-4a1b-9e2d-1f0b3ac305ed","local_time":"20210203220524","is_ascension_mode":true,"campfire_choices":[{"data":"Body Slam","floor":8,"key":"SMITH"},{"data":"Entrench","floor":10,"key":"SMITH"},{"data":"Power Through","floor":12,"key":"SMITH"},{"data":"Feel No Pain","floor":13,"key":"SMITH"},{"floor":15,"key":"REST"}],"circlet_count":0,"master_deck":["AscendersBane","Strike_R","Strike_R","Strike_R","Strike_R","Strike_R","Defend_R","Defend_R","Defend_R","Defend_R","Bash","Feel No Pain+1","Entrench+1","Body Slam+1","Power Through+1","Spot Weakness","Burning Pact","Barricade","Shockwave"],"relics":["Burning Blood","NeowsBlessing","Golden Idol","Du-Vu Doll","Meat on the Bone","WingedGreaves","Omamori","Philosopher\u0027s Stone","Lee\u0027s Waffle"],"acts_visited":["Exordium","TheCity"],"potions_floor_usage":[14,18,18],"damage_taken":[{"damage":0,"enemies":"Small Slimes","floor":1,"turns":1},{"damage":0,"enemies":"Cultist","floor":3,"turns":1},{"damage":0,"enemies":"3 Sentries","floor":6,"turns":2},{"damage":1,"enemies":"2 Louse","floor":7,"turns":3},{"damage":17,"enemies":"Looter","floor":11,"turns":4},{"damage":20,"enemies":"Lagavulin","floor":14,"turns":4},{"damage":46,"enemies":"The Guardian","floor":16,"turns":15},{"damage":57,"enemies":"Spheric Guardian","floor":18,"turns":7},{"damage":26,"enemies":"3 Byrds","floor":20,"turns":4}],"seed_played":"2739547469789907413","potions_obtained":[{"floor":1,"key":"ColorlessPotion"},{"floor":11,"key":"ColorlessPotion"},{"floor":14,"key":"DuplicationPotion"},{"floor":16,"key":"BlessingOfTheForge"},{"floor":18,"key":"SneckoOil"}],"is_trial":false,"path_per_floor":["M","?","M","?","?","E","M","R","T","R","M","R","R","E","R","B",null,"M","$","M"],"character_chosen":"IRONCLAD","items_purchased":["Lee\u0027s Waffle","DistilledChaos"],"campfire_rested":1,"item_purchase_floors":[19,19],"current_hp_per_floor":[74,74,75,49,49,55,60,60,60,60,49,49,49,47,69,41,67,28,82,56,56],"gold":10,"neow_bonus":"THREE_ENEMY_KILL","is_daily":false,"chose_seed":false,"campfire_upgraded":4,"win_rate":0.0,"timestamp":1612386324,"path_taken":["M","?","?","?","?","E","M","R","T","R","?","R","R","E","R","BOSS","M","$","?"],"items_purchased_type":["Relic","Potion"],"build_version":"2020-12-22","purchased_purges":1,"victory":false,"max_hp_per_floor":[75,75,75,75,75,75,75,75,75,75,75,75,75,75,75,75,75,75,82,82,82],"card_choices":[{"not_picked":["Headbutt","Havoc"],"picked":"Feel No Pain","floor":1},{"not_picked":["Pommel Strike","Intimidate"],"picked":"Entrench","floor":3},{"not_picked":["Warcry","True Grit"],"picked":"Body Slam","floor":6},{"not_picked":["Hemokinesis","Armaments"],"picked":"Power Through","floor":7},{"not_picked":["Entrench","Iron Wave"],"picked":"Spot Weakness","floor":11},{"not_picked":["Twin Strike","Sentinel"],"picked":"Burning Pact","floor":14},{"not_picked":["Offering","Berserk"],"picked":"Barricade","floor":16},{"not_picked":["Uppercut","Warcry"],"picked":"Shockwave","floor":18}],"player_experience":373136,"relics_obtained":[{"floor":6,"key":"Meat on the Bone"},{"floor":9,"key":"WingedGreaves"},{"floor":14,"key":"Omamori"}],"event_choices":[{"damage_healed":0,"gold_gain":0,"player_choice":"Cursed","damage_taken":0,"max_hp_gain":0,"max_hp_loss":0,"event_name":"Wheel of Change","floor":2,"gold_loss":0,"cards_obtained":["Decay"]},{"damage_healed":0,"gold_gain":0,"player_choice":"Take Damage","damage_taken":26,"relics_obtained":["Golden Idol"],"max_hp_gain":0,"max_hp_loss":0,"event_name":"Golden Idol","floor":4,"gold_loss":0},{"damage_healed":0,"gold_gain":0,"player_choice":"Gave Potion","damage_taken":0,"relics_obtained":["Du-Vu Doll"],"max_hp_gain":0,"max_hp_loss":0,"event_name":"WeMeetAgain","floor":5,"gold_loss":0}],"is_beta":false,"boss_relics":[{"not_picked":["SacredBark","Ectoplasm"],"picked":"Philosopher\u0027s Stone"}],"items_purged_floors":[19],"is_endless":false,"potions_floor_spawned":[1,11,14,16,18],"killed_by":"3 Byrds","ascension_level":20}}