{"host":"g","time":1612326470,"event":{"mods":["BaseMod","Bestiary","Block Reminder","Colored Powertips","Curses Come First","Highlight Path","Minty Spire (QoL Compilation)","Quick Restart","Relic Filter Mod","Relic Stats","StSLib","The Dragon Tamer","The Marked","everything is the same but u backflip on backflip"],"gold_per_floor":[117,128,128,139,155,155,183,248,248,281,281,78,88,88,88,165,165,180,95,95,106,124,124,137,167,194,194,30,30,30,41,41,117,117,128,18,38,58,68,93,105,147,185,222,234,246,274,296,308,320,332],"floor_reached":52,"language":"ENG","playtime":3983,"items_purged":["Strike_G"],"score":2269,"play_id":"0b0cb903-1611-4148-a406-3917c8a6b518","local_time":"20210202212750","is_ascension_mode":true,"campfire_choices":[{"data":"Storm of Steel","floor":6.0,"key":"SMITH"},{"floor":11.0,"key":"REST"},{"data":"Well Laid Plans","floor":15.0,"key":"SMITH"},{"data":"Wraith Form v2","floor":23.0,"key":"SMITH"},{"data":"Catalyst","floor":27.0,"key":"SMITH"},{"floor":32.0,"key":"REST"},{"data":"Footwork","floor":41.0,"key":"SMITH"},{"data":"Catalyst","floor":45.0,"key":"SMITH"},{"floor":49.0,"key":"REST"}],"circlet_count":0,"master_deck":["AscendersBane","Defend_G+1","Defend_G+1","Defend_G+1","Defend_G+1","Survivor","Neutralize+1","Backflip+1","Choke","Heel Hook","Storm of Steel+1","Bouncing Flask","Blur+1","Dash+1","Well Laid Plans+1","Skewer+1","Backflip+1","Wraith Form v2+1","Burst+1","Calculated Gamble+1","Well Laid Plans+1","Catalyst+1","Noxious Fumes","Heel Hook+1","Slice+1","Heel Hook+1","Calculated Gamble","Storm of Steel","Backflip+1","Catalyst+1","Finisher+1","Footwork+1","Blade Dance","Flechettes+1","Catalyst"],"relics":["Ring of the Snake","Ice Cream","Shuriken","Molten Egg 2","InkBottle","Astrolabe","Nunchaku","MealTicket","War Paint","TwistedFunnel","Enchiridion","Black Star","MawBank","Bottled Lightning","Torii","Gambling Chip","Oddly Smooth Stone","Anchor","Lantern"],"acts_visited":["Exordium","TheCity","TheBeyond"],"potions_floor_usage":[51],"damage_taken":[{"damage":4.0,"enemies":"Small Slimes","floor":1.0,"turns":7.0},{"damage":0.0,"enemies":"2 Louse","floor":2.0,"turns":3.0},{"damage":1.0,"enemies":"Jaw Worm","floor":4.0,"turns":2.0},{"damage":3.0,"enemies":"3 Louse","floor":5.0,"turns":4.0},{"damage":12.0,"enemies":"3 Sentries","floor":7.0,"turns":7.0},{"damage":23.0,"enemies":"Lagavulin Event","floor":8.0,"turns":5.0},{"damage":0.0,"enemies":"Lagavulin","floor":10.0,"turns":6.0},{"damage":0.0,"enemies":"Large Slime","floor":13.0,"turns":3.0},{"damage":0.0,"enemies":"Slime Boss","floor":16.0,"turns":6.0},{"damage":9.0,"enemies":"Chosen","floor":18.0,"turns":4.0},{"damage":3.0,"enemies":"2 Thieves","floor":21.0,"turns":3.0},{"damage":0.0,"enemies":"3 Cultists","floor":22.0,"turns":5.0},{"damage":1.0,"enemies":"Snecko","floor":24.0,"turns":6.0},{"damage":35.0,"enemies":"Slavers","floor":25.0,"turns":7.0},{"damage":1.0,"enemies":"Sentry and Sphere","floor":31.0,"turns":5.0},{"damage":13.0,"enemies":"Automaton","floor":33.0,"turns":10.0},{"damage":3.0,"enemies":"3 Darklings","floor":35.0,"turns":4.0},{"damage":0.0,"enemies":"Orb Walker","floor":37.0,"turns":2.0},{"damage":9.0,"enemies":"3 Darklings","floor":38.0,"turns":6.0},{"damage":0.0,"enemies":"Jaw Worm Horde","floor":39.0,"turns":4.0},{"damage":6.0,"enemies":"Giant Head","floor":40.0,"turns":4.0},{"damage":0.0,"enemies":"Nemesis","floor":42.0,"turns":5.0},{"damage":0.0,"enemies":"Giant Head","floor":44.0,"turns":5.0},{"damage":0.0,"enemies":"Spire Growth","floor":47.0,"turns":4.0},{"damage":0.0,"enemies":"3 Darklings","floor":48.0,"turns":4.0},{"damage":0,"enemies":"Time Eater","floor":50,"turns":2},{"damage":55,"enemies":"Donu and Deca","floor":51,"turns":8}],"seed_played":"-2044420878739367812","potions_obtained":[{"floor":1.0,"key":"GamblersBrew"},{"floor":2.0,"key":"Energy Potion"},{"floor":4.0,"key":"Strength Potion"},{"floor":13.0,"key":"Fire Potion"},{"floor":24.0,"key":"Weak Potion"},{"floor":31.0,"key":"AttackPotion"},{"floor":35.0,"key":"LiquidMemories"},{"floor":40.0,"key":"SkillPotion"},{"floor":44.0,"key":"SpeedPotion"}],"is_trial":false,"path_per_floor":["M","M","?","M","M","R","E","?","T","E","R","$","M","?","R","B",null,"M","?","?","M","M","R","M","E","T","R","$","?","?","M","R","B",null,"M","?","M","M","M","E","R","E","T","E","R","?","M","M","R","B","B",null],"character_chosen":"THE_SILENT","items_purchased":["Well Laid Plans","Skewer+1","TwistedFunnel"],"campfire_rested":3,"item_purchase_floors":[12,12,28],"current_hp_per_floor":[55,55,55,54,51,51,39,16,16,16,35,35,35,40,40,40,63,54,54,54,51,51,51,50,15,15,15,30,30,9,8,29,16,57,54,54,54,45,45,39,39,39,39,39,39,39,39,39,60,60,5],"gold":344,"neow_bonus":"UPGRADE_CARD","is_daily":false,"chose_seed":false,"campfire_upgraded":6,"win_rate":0.0,"timestamp":1612326470,"path_taken":["M","M","?","M","M","R","E","?","T","E","R","$","M","?","R","BOSS","M","?","?","M","M","R","M","E","T","R","$","?","?","M","R","BOSS","M","?","?","M","M","E","R","E","T","E","R","?","M","M","R","BOSS","BOSS"],"items_purchased_type":["Card","Card","Relic"],"build_version":"2020-12-18","purchased_purges":1,"victory":true,"max_hp_per_floor":[66,66,66,66,66,66,66,66,66,66,66,66,66,71,71,71,71,71,71,71,71,71,71,71,71,71,71,71,71,71,71,71,71,71,71,71,71,71,71,71,71,71,71,71,71,71,71,71,71,71,71],"relic_stats":{"Torii":2,"counters":[27,131],"Astrolabe":["Burst","Calculated Gamble","Well Laid Plans"],"War Paint":["Blur","Backflip"],"MawBank":144,"Nunchaku":[23],"Shuriken":[63],"Gambling Chip":[22],"MealTicket":15,"Black Star":3,"obtain_stats":[{"Ice Cream":7,"TwistedFunnel":28,"Lantern":44,"Torii":42,"Astrolabe":17,"Enchiridion":30,"Oddly Smooth Stone":43,"War Paint":26,"MawBank":40,"Nunchaku":19,"Anchor":44,"Shuriken":8,"Gambling Chip":42,"Molten Egg 2":9,"MealTicket":25,"Black Star":34,"Bottled Lightning":40,"InkBottle":10,"Ring of the Snake":0},{"Ice Cream":5,"TwistedFunnel":14,"Lantern":23,"Torii":22,"Astrolabe":9,"Enchiridion":14,"Oddly Smooth Stone":22,"War Paint":14,"MawBank":21,"Nunchaku":10,"Anchor":23,"Shuriken":5,"Gambling Chip":22,"Molten Egg 2":6,"MealTicket":14,"Black Star":16,"Bottled Lightning":21,"InkBottle":7,"Ring of the Snake":0},{"Ice Cream":23,"TwistedFunnel":68,"Lantern":113,"Torii":108,"Astrolabe":43,"Enchiridion":68,"Oddly Smooth Stone":108,"War Paint":68,"MawBank":103,"Nunchaku":47,"Anchor":113,"Shuriken":23,"Gambling Chip":108,"Molten Egg 2":28,"MealTicket":68,"Black Star":83,"Bottled Lightning":103,"InkBottle":34,"Ring of the Snake":0}],"InkBottle":[51],"Ring of the Snake":[54]},"card_choices":[{"not_picked":["Tactician","PiercingWail"],"picked":"Backflip","floor":1.0},{"not_picked":["Prepared","Underhanded Strike"],"picked":"Choke","floor":2.0},{"not_picked":["Riddle With Holes","Outmaneuver"],"picked":"Dagger Spray","floor":4.0},{"not_picked":["Slice","Skewer"],"picked":"Storm of Steel","floor":5.0},{"not_picked":["Dodge and Roll","Eviscerate"],"picked":"Bouncing Flask","floor":7.0},{"not_picked":["Dagger Spray","Quick Slash"],"picked":"Blur","floor":8.0},{"not_picked":["Accuracy","Sucker Punch+1"],"picked":"Dash+1","floor":10.0},{"not_picked":["Dagger Throw+1","Escape Plan"],"picked":"Backflip","floor":13.0},{"not_picked":["Doppelganger","Adrenaline"],"picked":"Wraith Form v2","floor":16.0},{"not_picked":["Escape Plan","Reflex"],"picked":"Catalyst","floor":18.0},{"not_picked":["Cloak And Dagger","Skewer+1"],"picked":"Noxious Fumes","floor":21.0},{"not_picked":["Catalyst","Backflip"],"picked":"Heel Hook+1","floor":22.0},{"not_picked":["Deadly Poison","Dodge and Roll","Slice+1"],"picked":"SKIP","floor":24.0},{"not_picked":["Deadly Poison","Dodge and Roll"],"picked":"Slice+1","floor":24.0},{"not_picked":["Dagger Spray+1","Flying Knee+1"],"picked":"Heel Hook+1","floor":25.0},{"not_picked":["Concentrate","Prepared"],"picked":"Calculated Gamble","floor":31.0},{"not_picked":["Grand Finale+1","Doppelganger"],"picked":"Storm of Steel","floor":33.0},{"not_picked":["Deadly Poison","Riddle With Holes+1","Underhanded Strike+1"],"picked":"SKIP","floor":35.0},{"not_picked":["Calculated Gamble+1","Acrobatics"],"picked":"Backflip+1","floor":37.0},{"not_picked":["Accuracy","Acrobatics"],"picked":"Catalyst","floor":38.0},{"not_picked":["Well Laid Plans","Acrobatics"],"picked":"Finisher+1","floor":39.0},{"not_picked":["Poisoned Stab+1","Blade Dance"],"picked":"Footwork","floor":40.0},{"not_picked":["A Thousand Cuts","Acrobatics+1"],"picked":"Blade Dance","floor":42.0},{"not_picked":["Dagger Throw+1","Riddle With Holes+1"],"picked":"Flechettes+1","floor":44.0},{"not_picked":["Setup","Calculated Gamble","Bane+1"],"picked":"SKIP","floor":47.0},{"not_picked":["Outmaneuver","Infinite Blades+1"],"picked":"Catalyst","floor":48.0}],"player_experience":3922529,"relics_obtained":[{"floor":7.0,"key":"Ice Cream"},{"floor":9.0,"key":"Molten Egg 2"},{"floor":10.0,"key":"InkBottle"},{"floor":25.0,"key":"MealTicket"},{"floor":26.0,"key":"War Paint"},{"floor":30.0,"key":"Enchiridion"},{"floor":40.0,"key":"MawBank"},{"floor":40.0,"key":"Bottled Lightning"},{"floor":42.0,"key":"Torii"},{"floor":42.0,"key":"Gambling Chip"},{"floor":43.0,"key":"Oddly Smooth Stone"},{"floor":44.0,"key":"Anchor"},{"floor":44.0,"key":"Lantern"}],"event_choices":[{"damage_healed":0.0,"max_hp_gain":0.0,"max_hp_loss":0.0,"gold_gain":0.0,"cards_transformed":["Strike_G"],"event_name":"Living Wall","player_choice":"Change","floor":3.0,"gold_loss":0.0,"damage_taken":0.0,"cards_obtained":["Heel Hook"]},{"damage_healed":0.0,"max_hp_gain":0.0,"max_hp_loss":0.0,"gold_gain":0.0,"event_name":"Dead Adventurer","player_choice":"Searched \u00272\u0027 times","floor":8.0,"gold_loss":0.0,"damage_taken":0.0,"relics_obtained":["Shuriken"]},{"damage_healed":0.0,"max_hp_gain":5.0,"max_hp_loss":0.0,"gold_gain":0.0,"event_name":"Big Fish","player_choice":"Donut","floor":14.0,"gold_loss":0.0,"damage_taken":0.0},{"damage_healed":0.0,"max_hp_gain":0.0,"max_hp_loss":0.0,"gold_gain":0.0,"event_name":"Addict","player_choice":"Obtained Relic","floor":19.0,"gold_loss":85.0,"damage_taken":0.0,"relics_obtained":["Nunchaku"]},{"damage_healed":0.0,"max_hp_gain":0.0,"max_hp_loss":0.0,"gold_gain":0.0,"event_name":"Back to Basics","player_choice":"Simplicity","floor":20.0,"gold_loss":0.0,"damage_taken":0.0,"cards_upgraded":["Strike_G","Defend_G","Defend_G","Defend_G","Defend_G"]},{"damage_healed":0.0,"max_hp_gain":0.0,"max_hp_loss":0.0,"gold_gain":0.0,"event_name":"Ghosts","player_choice":"Ignored","floor":29.0,"gold_loss":0.0,"damage_taken":0.0},{"damage_healed":0.0,"max_hp_gain":0.0,"max_hp_loss":0.0,"gold_gain":0.0,"event_name":"Cursed Tome","player_choice":"Obtained Book","floor":30.0,"gold_loss":0.0,"damage_taken":21.0},{"cards_removed":["Strike_G"],"damage_healed":0.0,"max_hp_gain":0.0,"max_hp_loss":0.0,"gold_gain":0.0,"event_name":"Designer","player_choice":"Upgrade and Remove","floor":36.0,"gold_loss":110.0,"damage_taken":0.0,"cards_upgraded":["Backflip"]},{"cards_removed":["Dagger Spray"],"damage_healed":0.0,"max_hp_gain":0.0,"max_hp_loss":0.0,"gold_gain":0.0,"event_name":"Falling","player_choice":"Removed Attack","floor":46.0,"gold_loss":0.0,"damage_taken":0.0}],"is_beta":true,"boss_relics":[{"not_picked":["Coffee Dripper","Velvet Choker"],"picked":"Astrolabe"},{"not_picked":["SacredBark","Runic Pyramid"],"picked":"Black Star"}],"items_purged_floors":[12],"is_endless":false,"potions_floor_spawned":[1,2,4,13,24,31,35,40,44,47,48],"ascension_level":20}}