{"host":"7iv10lxbxedtd0qh","time":1612394923,"event":{"mods":["BaseMod","Colored Map","Colored Powertips","Downfall","Minty Spire (QoL Compilation)","StSLib"],"gold_per_floor":[99,99,549,549,649,649,649,649,649,679,694,729,747,759,774,774,774,774],"floor_reached":16,"language":"ENG","playtime":575,"items_purged":[],"score":180,"play_id":"bbe40623-b9f9-46ec-9659-3903bce1c794","local_time":"20210204002843","is_ascension_mode":true,"campfire_choices":[{"data":"Guardian:TwinSlam","floor":1,"key":"SMITH"},{"data":"Guardian:VentSteam","floor":6,"key":"SMITH"},{"data":"Guardian:Strike_Guardian","floor":9,"key":"SMITH"}],"circlet_count":0,"master_deck":["Guardian:Strike_Guardian","Guardian:Strike_Guardian","Guardian:Strike_Guardian","Guardian:Strike_Guardian+1","Guardian:Defend_Guardian","Guardian:Defend_Guardian+1","Guardian:Defend_Guardian","Guardian:Defend_Guardian+1","Guardian:CurlUp+1","Guardian:TwinSlam+1","Guardian:VentSteam+1","downfall:Icky","downfall:Icky","downfall:Icky","downfall:Malfunctioning","Guardian:ShieldCharger","Guardian:Gem_Blue","Guardian:Planning","Guardian:GatlingBeam","Guardian:Gem_Yellow"],"relics":["Guardian:ModeShifter","downfall:HeartsMalice","The Courier","Happy Flower","Ancient Tea Set"],"acts_visited":["Exordium"],"potions_floor_usage":[12,16],"damage_taken":[{"damage":0,"enemies":"2 Louse","floor":2,"turns":1},{"damage":0,"enemies":"Jaw Worm","floor":8,"turns":1},{"damage":0,"enemies":"Gremlin Nob","floor":10,"turns":1},{"damage":5,"enemies":"Cultist","floor":11,"turns":5},{"damage":8,"enemies":"3 Sentries","floor":12,"turns":8},{"damage":10,"enemies":"3 Louse","floor":13,"turns":4},{"damage":2,"enemies":"Red Slaver","floor":14,"turns":4},{"damage":22,"enemies":"Gremlin Gang","floor":15,"turns":7},{"damage":25,"enemies":"IC_STATUS_ARCHETYPE","floor":16,"turns":8}],"seed_played":"3483133964469296308","potions_obtained":[{"floor":10,"key":"Explosive Potion"},{"floor":11,"key":"SteroidPotion"},{"floor":13,"key":"Strength Potion"}],"is_trial":false,"path_per_floor":["R","M","?","?","?","R","T","M","R","E","M","E","M","M","M","B"],"character_chosen":"GUARDIAN","items_purchased":[],"campfire_rested":0,"item_purchase_floors":[],"current_hp_per_floor":[72,72,72,72,72,72,72,72,72,72,67,59,49,47,25,0,0,0],"gold":774,"neow_bonus":"THREE_ENEMY_KILL","is_daily":false,"chose_seed":false,"campfire_upgraded":3,"win_rate":0.0,"timestamp":1612394923,"path_taken":["R","M","?","?","?","R","T","M","R","E","?","E","M","M","M","BOSS"],"items_purchased_type":[],"build_version":"2020-12-22","purchased_purges":0,"victory":false,"max_hp_per_floor":[80,80,80,80,80,80,80,80,80,80,80,80,80,80,80,80,80,80],"card_choices":[{"not_picked":["Guardian:Preprogram","Guardian:ChargeCore"],"picked":"Guardian:VentSteam","floor":2},{"not_picked":["Guardian:Gem_Lightblue","Guardian:Gem_Green"],"picked":"Guardian:Gem_Fragmented","floor":8},{"not_picked":["Guardian:Gem_Cyan","Guardian:GuardianWhirl"],"picked":"Guardian:ShieldCharger","floor":10},{"not_picked":["Guardian:Gem_Green","Guardian:VentSteam","Guardian:GuardianWhirl"],"picked":"SKIP","floor":11},{"not_picked":["Guardian:PrimingBeam","Guardian:PiercingHide"],"picked":"Guardian:Gem_Blue","floor":12},{"not_picked":["Guardian:Gem_Green","Guardian:ChargeCore"],"picked":"Guardian:Planning","floor":13},{"not_picked":["Guardian:CrystalBeam","Guardian:ShieldCharger"],"picked":"Guardian:GatlingBeam","floor":14},{"not_picked":["Guardian:FloatingOrbs","Guardian:Gem_Red"],"picked":"Guardian:Gem_Yellow","floor":15}],"player_experience":817932,"relics_obtained":[{"floor":7,"key":"The Courier"},{"floor":10,"key":"Happy Flower"},{"floor":12,"key":"Ancient Tea Set"}],"event_choices":[],"is_beta":false,"boss_relics":[],"items_purged_floors":[],"is_endless":false,"potions_floor_spawned":[10,11,13],"killed_by":"IC_STATUS_ARCHETYPE","ascension_level":7}}