{"host":"on2oc2uarfzv3dbp","time":1612367151,"event":{"mods":["BaseMod","Minty Spire (QoL Compilation)"],"gold_per_floor":[116,116,116,266,266,299,299,317,343,343,361,373,37,55,55,134,134,146,146,146,163,182,209,209,224,251,285,295,70,70,100,100,178,178,191,1190,589,589,67,67,67,83,83,111,126,157,157,174,174,174,174],"floor_reached":50,"language":"ENG","playtime":1389,"items_purged":["Normality","Normality"],"score":1191,"play_id":"d3698040-3ddb-46ef-8146-8737a0b8934d","local_time":"20210203174551","is_ascension_mode":true,"campfire_choices":[{"data":"Shrug It Off","floor":7.0,"key":"SMITH"},{"data":"Bash","floor":10.0,"key":"SMITH"},{"data":"Body Slam","floor":15.0,"key":"SMITH"},{"data":"Battle Trance","floor":24.0,"key":"SMITH"},{"floor":32.0,"key":"REST"},{"floor":40.0,"key":"RECALL"},{"floor":49,"key":"REST"}],"circlet_count":0,"master_deck":["AscendersBane","Strike_R","Strike_R+1","Strike_R+1","Strike_R","Defend_R+1","Defend_R","Defend_R+1","Bash+1","Rampage","Shrug It Off+1","Pommel Strike","Body Slam+1","Twin Strike","Reaper","Decay","Battle Trance+1","Thunderclap","Headbutt","Twin Strike","Immolate","Twin Strike","Whirlwind","Pummel","Bloodletting+1","Pommel Strike"],"relics":["Burning Blood","Kunai","War Paint","Brimstone","Ancient Tea Set","Busted Crown","Incense Burner","Potion Belt","Vajra","PreservedInsect","Bronze Scales","Philosopher\u0027s Stone","Paper Frog","Medical Kit","Gambling Chip","White Beast Statue","Bag of Marbles"],"acts_visited":["Exordium","TheCity","TheBeyond"],"potions_floor_usage":[45,50,50],"damage_taken":[{"damage":6.0,"enemies":"Cultist","floor":1.0,"turns":4.0},{"damage":15.0,"enemies":"Lagavulin","floor":6.0,"turns":5.0},{"damage":0.0,"enemies":"Small Slimes","floor":8.0,"turns":3.0},{"damage":4.0,"enemies":"Jaw Worm","floor":11.0,"turns":3.0},{"damage":4.0,"enemies":"Large Slime","floor":12.0,"turns":6.0},{"damage":6.0,"enemies":"2 Fungi Beasts","floor":14.0,"turns":3.0},{"damage":44.0,"enemies":"Hexaghost","floor":16.0,"turns":7.0},{"damage":18.0,"enemies":"Shell Parasite","floor":18.0,"turns":4.0},{"damage":15.0,"enemies":"Spheric Guardian","floor":21.0,"turns":3.0},{"damage":18.0,"enemies":"Snecko","floor":22.0,"turns":4.0},{"damage":15.0,"enemies":"Gremlin Leader","floor":23.0,"turns":4.0},{"damage":34.0,"enemies":"Cultist and Chosen","floor":25.0,"turns":4.0},{"damage":35.0,"enemies":"Book of Stabbing","floor":27.0,"turns":4.0},{"damage":29.0,"enemies":"Sentry and Sphere","floor":28.0,"turns":4.0},{"damage":16.0,"enemies":"Slavers","floor":31.0,"turns":4.0},{"damage":3.0,"enemies":"Champ","floor":33.0,"turns":7.0},{"damage":7.0,"enemies":"3 Darklings","floor":35.0,"turns":3.0},{"damage":0.0,"enemies":"Orb Walker","floor":42.0,"turns":2.0},{"damage":0,"enemies":"Nemesis","floor":44,"turns":3},{"damage":21,"enemies":"4 Shapes","floor":45,"turns":5},{"damage":44,"enemies":"Reptomancer","floor":46,"turns":5},{"damage":0,"enemies":"Jaw Worm Horde","floor":48,"turns":1},{"damage":65,"enemies":"Donu and Deca","floor":50,"turns":3}],"seed_played":"-3757448318947774357","potions_obtained":[{"floor":1.0,"key":"Strength Potion"},{"floor":6.0,"key":"FearPotion"},{"floor":11.0,"key":"BloodPotion"},{"floor":14.0,"key":"Dexterity Potion"},{"floor":21.0,"key":"BlessingOfTheForge"},{"floor":23.0,"key":"Regen Potion"},{"floor":27.0,"key":"GamblersBrew"},{"floor":28.0,"key":"Energy Potion"},{"floor":35.0,"key":"Block Potion"},{"floor":45,"key":"SteroidPotion"},{"floor":46,"key":"EssenceOfSteel"},{"floor":48,"key":"SteroidPotion"}],"is_trial":false,"path_per_floor":["M","?","?","?","?","E","R","M","T","R","M","M","$","M","R","B",null,"M","?","?","M","M","E","R","M","T","E","M","$","?","E","R","B",null,"M","?","$","?","$","R","?","M","T","E","M","E","?","M","R","B"],"character_chosen":"IRONCLAD","items_purchased":["Brimstone","Ancient Tea Set","PreservedInsect","Twin Strike","Paper Frog","Medical Kit","Whirlwind","Gambling Chip","Pummel"],"campfire_rested":2,"item_purchase_floors":[13,13,29,29,37,37,37,39,39],"current_hp_per_floor":[50,27,52,52,45,36,36,42,42,42,44,46,61,61,61,23,62,50,50,50,41,38,62,62,49,49,35,21,21,21,19,41,63,72,75,75,75,75,75,75,75,75,75,75,60,37,37,43,64,0,0],"gold":174,"neow_bonus":"REMOVE_TWO","is_daily":false,"chose_seed":false,"campfire_upgraded":4,"win_rate":0.0,"timestamp":1612367151,"path_taken":["M","?","?","?","?","E","R","M","T","R","M","?","$","M","R","BOSS","M","?","?","?","M","E","R","M","T","E","M","$","?","E","R","BOSS","M","?","$","?","$","R","?","M","T","E","M","E","?","M","R","BOSS"],"items_purchased_type":["Relic","Relic","Relic","Card","Relic","Relic","Card","Relic","Card"],"build_version":"2020-12-22","purchased_purges":2,"victory":false,"max_hp_per_floor":[75,75,75,75,75,75,75,75,75,75,75,75,75,75,75,75,75,75,75,75,75,75,75,75,75,75,75,75,75,75,75,75,75,75,75,75,75,75,75,75,75,75,75,75,75,75,71,71,71,71,71],"card_choices":[{"not_picked":["Power Through","Wild Strike"],"picked":"Rampage","floor":1.0},{"not_picked":["Thunderclap","Flex"],"picked":"Shrug It Off","floor":6.0},{"not_picked":["Body Slam","Thunderclap"],"picked":"Pommel Strike","floor":8.0},{"not_picked":["Thunderclap","Brutality"],"picked":"Shrug It Off","floor":11.0},{"not_picked":["Pummel","Inflame"],"picked":"Body Slam","floor":12.0},{"not_picked":["Dropkick","Evolve"],"picked":"Twin Strike","floor":14.0},{"not_picked":["Feed","Brutality"],"picked":"Reaper","floor":16.0},{"not_picked":["Metallicize"],"picked":"SKIP","floor":18.0},{"not_picked":[],"picked":"Thunderclap","floor":21.0},{"not_picked":["Flex"],"picked":"SKIP","floor":22.0},{"not_picked":["Power Through"],"picked":"SKIP","floor":23.0},{"not_picked":["Hemokinesis"],"picked":"SKIP","floor":25.0},{"not_picked":[],"picked":"Headbutt","floor":27.0},{"not_picked":["Feel No Pain"],"picked":"SKIP","floor":28.0},{"not_picked":[],"picked":"Immolate","floor":31.0},{"not_picked":[],"picked":"Twin Strike","floor":35.0},{"not_picked":["Power Through"],"picked":"SKIP","floor":42.0},{"not_picked":[],"picked":"Bloodletting+1","floor":44},{"not_picked":["Anger"],"picked":"SKIP","floor":45},{"not_picked":["Whirlwind"],"picked":"SKIP","floor":46},{"not_picked":[],"picked":"Pommel Strike","floor":48}],"player_experience":1580669,"relics_obtained":[{"floor":6.0,"key":"Kunai"},{"floor":9.0,"key":"War Paint"},{"floor":23.0,"key":"Incense Burner"},{"floor":26.0,"key":"Potion Belt"},{"floor":27.0,"key":"Vajra"},{"floor":31.0,"key":"Bronze Scales"},{"floor":44,"key":"White Beast Statue"},{"floor":46,"key":"Bag of Marbles"}],"event_choices":[{"damage_healed":0.0,"max_hp_gain":0.0,"max_hp_loss":0.0,"gold_gain":0.0,"event_name":"Shining Light","player_choice":"Entered Light","floor":2.0,"gold_loss":0.0,"damage_taken":23.0,"cards_upgraded":["Strike_R","Strike_R"]},{"damage_healed":25.0,"max_hp_gain":0.0,"max_hp_loss":0.0,"gold_gain":0.0,"event_name":"Big Fish","player_choice":"Banana","floor":3.0,"gold_loss":0.0,"damage_taken":0.0},{"damage_healed":0.0,"max_hp_gain":0.0,"max_hp_loss":0.0,"gold_gain":150.0,"event_name":"Liars Game","player_choice":"AGREE","floor":4.0,"gold_loss":0.0,"damage_taken":0.0,"cards_obtained":["Doubt"]},{"cards_removed":["Doubt"],"damage_healed":0.0,"max_hp_gain":0.0,"max_hp_loss":0.0,"gold_gain":0.0,"event_name":"Golden Wing","player_choice":"Card Removal","floor":5.0,"gold_loss":0.0,"damage_taken":7.0},{"damage_healed":0.0,"max_hp_gain":0.0,"max_hp_loss":0.0,"gold_gain":0.0,"event_name":"Forgotten Altar","player_choice":"Smashed Altar","floor":19.0,"gold_loss":0.0,"damage_taken":0.0,"cards_obtained":["Decay"]},{"damage_healed":0.0,"max_hp_gain":0.0,"max_hp_loss":0.0,"gold_gain":0.0,"event_name":"The Library","player_choice":"Read","floor":20.0,"gold_loss":0.0,"damage_taken":0.0,"cards_obtained":["Battle Trance"]},{"damage_healed":0.0,"max_hp_gain":0.0,"max_hp_loss":0.0,"gold_gain":0.0,"event_name":"Vampires","player_choice":"Ignored","floor":30.0,"gold_loss":0.0,"damage_taken":0.0},{"damage_healed":0.0,"max_hp_gain":0.0,"max_hp_loss":0.0,"gold_gain":999.0,"event_name":"MindBloom","player_choice":"Gold","floor":36.0,"gold_loss":0.0,"damage_taken":0.0,"cards_obtained":["Normality","Normality"]},{"damage_healed":0.0,"max_hp_gain":0.0,"max_hp_loss":0.0,"gold_gain":0.0,"event_name":"Tomb of Lord Red Mask","player_choice":"Ignored","floor":38.0,"gold_loss":0.0,"damage_taken":0.0},{"cards_removed":["Shrug It Off"],"damage_healed":0.0,"max_hp_gain":0.0,"max_hp_loss":0.0,"gold_gain":0.0,"event_name":"Falling","player_choice":"Removed Skill","floor":41.0,"gold_loss":0.0,"damage_taken":0.0},{"damage_healed":0,"gold_gain":0,"player_choice":"Max HP","damage_taken":0,"max_hp_gain":0,"max_hp_loss":4,"event_name":"Winding Halls","floor":47,"gold_loss":0}],"is_beta":false,"boss_relics":[{"not_picked":["Astrolabe","Tiny House"],"picked":"Busted Crown"},{"not_picked":["Empty Cage","Sozu"],"picked":"Philosopher\u0027s Stone"}],"items_purged_floors":[37,39],"is_endless":false,"potions_floor_spawned":[1,6,11,14,21,23,27,28,35,45,46,48],"killed_by":"Donu and Deca","ascension_level":20}}