{"host":"u7y9frlpoazak2mn","time":1612329343,"event":{"mods":["Act Like it!","Aspiration","BaseMod","Beaked The Cultist","Better Altar","Better Match","Better Note","Better Sensory Stone","Better Skull","Better Third Choice","Colored Map","Colored Powertips","Conspire","Downfall","Energized Spire","GifTheSpireLib","Googly Eyes","Halation","Hermit","Hubris","Infinite Spire","Marked Mod","Mimic Mod","Minty Spire (QoL Compilation)","Permanent Neow","Prisma Mod","Rare Cards Sparkle","Replay The Spire","StSLib","Stuff the Spire","The Construct","Waifu the Spire"],"gold_per_floor":[114,14,26,26,36,65,65,90,120,120,120,149,54,26,26,128,128,142,155,155,171,47,73,88,88,139,139,152,152,152,163,163,265,265,285,148,200,97,108,141,141,141,164,176,176,189,189,218,218,218,218],"floor_reached":50,"language":"ENG","playtime":4140,"items_purged":["Strike_P","Wireheading"],"score":626,"play_id":"6b8d1a9c-72ec-4461-8722-a18dd1a9ea8e","local_time":"20210203001543","is_ascension_mode":false,"campfire_choices":[{"floor":10,"key":"REST"},{"floor":15,"key":"REST"},{"floor":25,"key":"REST"},{"floor":30,"key":"REST"},{"floor":32,"key":"REST"},{"floor":45,"key":"REST"},{"data":"SpiritShield","floor":45,"key":"SMITH"},{"data":"PathToVictory","floor":49,"key":"SMITH"}],"circlet_count":0,"master_deck":["Strike_P","Strike_P","Defend_P+1","Defend_P+1","Defend_P+1","Defend_P+1","Eruption+1","Vigilance+1","Halt+1","Halt+1","MarkedMod:Acupuncture","PathToVictory+1","CarveReality","Worship+1","PathToVictory+1","MarkedMod:Acupuncture","Vault","SpiritShield+1","Consecrate","Replay:AllIn","Worship","PathToVictory+1","MarkedMod:NorthStar","Consecrate","Consecrate","LessonLearned+1","Consecrate","infinitespire:Gouge","Parasite"],"relics":["PureWater","hubris:GlazedTorus","aspiration:EmptySkull","Pet Ghost","halation:EternalFortune","Happy Flower","Runic Pyramid","Pen Nib","StuffTheSpire:OldFever","Ring of Fury","Ring of Peace","hubris:ScarierMask","infinitespire:Magic Flask","Dream Catcher","Nunchaku","MealTicket"],"acts_visited":["Exordium","TheCity","TheBeyond"],"potions_floor_usage":[6,18,21,23,50,50,50],"damage_taken":[{"damage":0,"enemies":"Small Slimes","floor":1,"turns":2},{"damage":1,"enemies":"Jaw Worm","floor":3,"turns":4},{"damage":0,"enemies":"2 Louse","floor":5,"turns":2},{"damage":3,"enemies":"3 Sentries","floor":6,"turns":7},{"damage":60,"enemies":"Gremlin Nob","floor":8,"turns":4},{"damage":0,"enemies":"Blue Slaver","floor":9,"turns":7},{"damage":14,"enemies":"conspire:MimicChest","floor":12,"turns":5},{"damage":0,"enemies":"Slime Boss","floor":16,"turns":6},{"damage":0,"enemies":"conspire:FuzzyDice","floor":18,"turns":4},{"damage":12,"enemies":"2 Thieves","floor":19,"turns":4},{"damage":58,"enemies":"3 Cultists","floor":21,"turns":6},{"damage":1,"enemies":"conspire:SneckoGhost","floor":23,"turns":7},{"damage":0,"enemies":"Snake Plant","floor":24,"turns":2},{"damage":0,"enemies":"Snecko","floor":28,"turns":4},{"damage":0,"enemies":"3 Cultists","floor":31,"turns":4},{"damage":10,"enemies":"Champ","floor":33,"turns":10},{"damage":0,"enemies":"3 Darklings","floor":35,"turns":4},{"damage":0,"enemies":"2 Orb Walkers","floor":37,"turns":3},{"damage":0,"enemies":"3 Shapes","floor":39,"turns":4},{"damage":3,"enemies":"R_Hoarder","floor":40,"turns":6},{"damage":0,"enemies":"Maw","floor":44,"turns":6},{"damage":0,"enemies":"Writhing Mass","floor":46,"turns":4},{"damage":0,"enemies":"Giant Head","floor":48,"turns":6},{"damage":70,"enemies":"Time Eater","floor":50,"turns":9}],"seed_played":"-442172955253787418","potions_obtained":[{"floor":1,"key":"FairyPotion"},{"floor":3,"key":"Fire Potion"},{"floor":12,"key":"sneckomod:MuddlingPotion"},{"floor":19,"key":"Energy Potion"},{"floor":21,"key":"Reflective Coating"},{"floor":24,"key":"Strength Potion"},{"floor":28,"key":"LiquidBronze"},{"floor":37,"key":"GamblersBrew"}],"is_trial":false,"path_per_floor":["M","$","M","?","M","E","?","E","MIM","R","?","?","$","?","R","B",null,"M","M","?","M","$","E","M","R","T","?","M","?","R","M","R","B",null,"M","$","?","$","M","E","?","?","T","M","R","M","?","E","R","B"],"character_chosen":"WATCHER","items_purchased":["Halt","MarkedMod:Acupuncture","PathToVictory","MarkedMod:Acupuncture","Consecrate","Consecrate","LessonLearned+1"],"campfire_rested":6,"item_purchase_floors":[2,2,13,13,22,36,38],"current_hp_per_floor":[65,65,64,64,64,61,61,1,1,20,23,9,9,9,29,29,68,68,56,56,20,20,19,19,39,39,39,39,39,59,59,68,58,68,68,68,68,68,68,65,48,53,53,53,68,68,68,68,68,0,0],"gold":218,"neow_bonus":"ONE_RARE_RELIC","is_daily":false,"chose_seed":false,"campfire_upgraded":2,"win_rate":0.0,"timestamp":1612329343,"path_taken":["M","$","M","?","M","E","?","E","MIM","R","?","?","$","?","R","BOSS","M","M","?","M","$","E","M","R","T","?","?","?","R","M","R","BOSS","M","$","?","$","M","E","?","?","T","?","R","M","?","E","R","BOSS"],"items_purchased_type":["Card","Card","Card","Card","Card","Card","Card"],"build_version":"2020-12-22","purchased_purges":2,"victory":false,"max_hp_per_floor":[65,65,65,65,65,65,65,65,65,65,68,68,68,68,68,68,68,68,68,68,68,68,68,68,68,68,68,68,68,68,68,68,68,68,68,68,68,68,68,68,68,68,68,68,68,68,68,68,68,68,68],"card_choices":[{"not_picked":["ClearTheMind","JustLucky"],"picked":"Halt","floor":1},{"not_picked":["Replay:AtTheReady","WheelKick"],"picked":"Replay:ManipulateFuture","floor":3},{"not_picked":["ThirdEye","Perseverance"],"picked":"PathToVictory","floor":5},{"not_picked":["Devotion","EmptyBody"],"picked":"Wireheading","floor":6},{"not_picked":["MentalFortress","Replay:AtTheReady","WindmillStrike"],"picked":"SKIP","floor":8},{"not_picked":["JustLucky","Consecrate"],"picked":"CarveReality","floor":9},{"not_picked":["Nirvana","LikeWater"],"picked":"Worship","floor":12},{"not_picked":["Judgement","Omniscience"],"picked":"Vault","floor":16},{"not_picked":["Replay:Battleflow","Halt+1","ReachHeaven"],"picked":"SKIP","floor":18},{"not_picked":["SashWhip+1","CutThroughFate"],"picked":"SpiritShield","floor":19},{"not_picked":["JustLucky","WaveOfTheHand","MentalFortress"],"picked":"SKIP","floor":21},{"not_picked":["MarkedMod:Acupuncture","FearNoEvil"],"picked":"Replay:AllIn","floor":23},{"not_picked":["Crescendo+1","Halt","Perseverance"],"picked":"SKIP","floor":24},{"not_picked":["Crescendo+1","Halt","Perseverance"],"picked":"SKIP","floor":24},{"not_picked":["Crescendo+1","Halt","Perseverance"],"picked":"SKIP","floor":24},{"not_picked":["EmptyBody+1","Fasting2+1"],"picked":"Worship","floor":28},{"not_picked":["ThirdEye+1","WheelKick","CrushJoints"],"picked":"SKIP","floor":31},{"not_picked":["DevaForm","Ragnarok"],"picked":"MarkedMod:NorthStar","floor":33},{"not_picked":["Sanctity","DeceiveReality","MarkedMod:FirstStrike"],"picked":"SKIP","floor":35},{"not_picked":["MarkedMod:FirstStrike","Evaluate+1"],"picked":"Consecrate","floor":39},{"not_picked":["EmptyBody","EmptyFist","MarkedMod:Acupuncture"],"picked":"SKIP","floor":40},{"not_picked":["infinitespire:NeuralNetwork","infinitespire:Oblivion"],"picked":"infinitespire:Gouge","floor":41},{"not_picked":["Prostrate","MarkedMod:OneThousandNeedles+1","SashWhip+1"],"picked":"SKIP","floor":44},{"not_picked":["FollowUp","FlurryOfBlows+1","FearNoEvil+1"],"picked":"SKIP","floor":46},{"not_picked":["Prostrate","EmptyFist","Evaluate+1"],"picked":"SKIP","floor":48}],"player_experience":383707,"relics_obtained":[{"floor":6,"key":"Anchor"},{"floor":8,"key":"aspiration:EmptySkull"},{"floor":9,"key":"Pet Ghost"},{"floor":12,"key":"Happy Flower"},{"floor":23,"key":"Pen Nib"},{"floor":26,"key":"StuffTheSpire:OldFever"},{"floor":27,"key":"Ring of Fury"},{"floor":27,"key":"Ring of Peace"},{"floor":37,"key":"infinitespire:Magic Flask"},{"floor":40,"key":"Dream Catcher"},{"floor":43,"key":"Nunchaku"},{"floor":48,"key":"MealTicket"}],"event_choices":[{"damage_healed":0,"gold_gain":0,"player_choice":"Left","damage_taken":0,"max_hp_gain":0,"max_hp_loss":0,"event_name":"betterThird:BetterGoop","floor":14,"gold_loss":28},{"cards_removed":["PathToVictory"],"damage_healed":0,"gold_gain":0,"player_choice":"Give","damage_taken":0,"max_hp_gain":0,"max_hp_loss":0,"event_name":"betterNote:BetterNote","floor":20,"gold_loss":0,"cards_obtained":["None"]},{"damage_healed":0,"gold_gain":0,"player_choice":"Fight","damage_taken":0,"max_hp_gain":0,"max_hp_loss":0,"event_name":"Mysterious Sphere","floor":37,"gold_loss":0},{"cards_removed":["Replay:ManipulateFuture"],"damage_healed":5,"gold_gain":0,"player_choice":"Offered Common","damage_taken":0,"max_hp_gain":0,"max_hp_loss":0,"event_name":"Bonfire Elementals","floor":42,"gold_loss":0},{"cards_removed":["Replay:ManipulateFuture"],"damage_healed":5,"gold_gain":0,"player_choice":"Offered Special","damage_taken":0,"max_hp_gain":0,"max_hp_loss":0,"event_name":"Bonfire Elementals","floor":42,"gold_loss":0},{"cards_removed":["Strike_P"],"damage_healed":0,"gold_gain":0,"player_choice":"Purged","damage_taken":0,"max_hp_gain":0,"max_hp_loss":0,"event_name":"Purifier","floor":47,"gold_loss":0}],"is_beta":false,"boss_relics":[{"not_picked":["aspiration:RitualDagger","energizedSpire:CrystalSphere"],"picked":"Runic Pyramid"},{"not_picked":["Tiny House","Calling Bell"],"picked":"hubris:ScarierMask"}],"items_purged_floors":[22,36],"is_endless":false,"potions_floor_spawned":[1,3,12,19,21,24,28,37,46],"killed_by":"Time Eater","ascension_level":0}}