{"host":"Ringo","time":1612349891,"event":{"mods":["BaseMod","Colored Map","Conspire","Dota2Spire","Hubris","Minty Spire (QoL Compilation)","Replay The Spire","StSLib","The Construct","[IsaacMod]ÒÔÈö¼âËþ","¡¾ÒÅÎï¿¨ÅÆ¡¿REMEMod"],"gold_per_floor":[99,117,136,152,167,197,232,266,292,326,358,384,384,416,416,494,494,505,523,538,588,599,628,657,683,765,796,824,850,870,898,898,970,970,987,987,51,97,0,88,153,200,226,305,392,464,519,564,564,648,700],"floor_reached":52,"language":"ZHS","playtime":1613,"items_purged":[],"score":3927,"play_id":"045c7fa7-fb9d-4e72-8340-5c8d764c0c2d","local_time":"20210203185811","daily_mods":["SealedDeck","Vintage","Colorless Cards","Heirloom","Time Dilation","Flight","DeadlyEvents","Elite Swarm","Lethality","Binary"],"is_ascension_mode":true,"campfire_choices":[{"data":"Adrenaline","floor":13,"key":"SMITH"},{"data":"Armaments","floor":15,"key":"SMITH"},{"data":"ReplayTheSpireMod:Muscle Training","floor":32,"key":"SMITH"},{"data":"Replay:Undeath\u0027s Touch","floor":49,"key":"SMITH"}],"circlet_count":0,"master_deck":["AscendersBane","Sword Boomerang+1","ReplayTheSpireMod:Muscle Training+1","Anger","Iron Wave","Flash of Steel+1","Armaments+1","Shrug It Off","Thunderclap","Spot Weakness","Thunderclap","Adrenaline+1","Self Repair+1","Replay:Undeath\u0027s Touch+1","Rupture"],"relics":["Busted Crown","HushsDoor","Incense Burner","DeadEye","Dota2Spire:Dagon","ReplayFunnel","Void","BookofShadows","Dota2Spire:Vanguard","Gambling Chip","Dota2Spire:ArcaneBoots","conspire:BottledYoYo","Turnip","Dota2Spire:ArmletOfMordiggian","hubris:CuriousFeather","Ancient Tea Set","hubris:GlazedTorus","White Beast Statue","Dota2Spire:MaskOfMadness","Replay:Towering Pillar of Hats","Pet Ghost","hubris:Metronome","Ornamental Fan","Dota2Spire:PowerTreads","ReplayTheSpireMod:Spearhead","hubris:SlimyHat","Dota2Spire:Satanic","Bronze Scales","Philosopher\u0027s Stone","SatanicBible","The Courier","Replay:Bandana","Happy Flower","GuppysPaw","Whetstone","Strawberry","ReplayTheSpireMod:Ninjato","Iron Hammer","Red Mask","Replay:Baseball","Another Sword","TheBible","Replay:Wax Seal","CeramicFish","Blood Vial","BookOfRevelations","Art of War","Toy Ornithopter"],"acts_visited":["Exordium","TheCity","TheBeyond"],"potions_floor_usage":[8,20,51,51],"damage_taken":[{"damage":0,"enemies":"2 Louse","floor":2,"turns":1},{"damage":0,"enemies":"Cultist","floor":3,"turns":1},{"damage":0,"enemies":"Small Slimes","floor":4,"turns":1},{"damage":1,"enemies":"Blue Slaver","floor":5,"turns":1},{"damage":0,"enemies":"Gremlin Nob","floor":6,"turns":2},{"damage":1,"enemies":"Lagavulin","floor":7,"turns":2},{"damage":0,"enemies":"Replay:BlueRogue","floor":8,"turns":1},{"damage":0,"enemies":"Lagavulin","floor":10,"turns":3},{"damage":0,"enemies":"3 Sentries","floor":11,"turns":2},{"damage":0,"enemies":"Lagavulin","floor":12,"turns":1},{"damage":0,"enemies":"3 Sentries","floor":14,"turns":1},{"damage":0,"enemies":"Hexaghost","floor":16,"turns":4},{"damage":0,"enemies":"2 Thieves","floor":18,"turns":1},{"damage":0,"enemies":"3 Byrds","floor":19,"turns":2},{"damage":1,"enemies":"conspire:HollyBat","floor":20,"turns":6},{"damage":1,"enemies":"Hiden Room Battle","floor":21,"turns":2},{"damage":0,"enemies":"Centurion and Healer","floor":22,"turns":1},{"damage":1,"enemies":"conspire:Head Lice","floor":23,"turns":2},{"damage":0,"enemies":"REME_1_Revenger","floor":24,"turns":1},{"damage":1,"enemies":"Book of Stabbing","floor":25,"turns":2},{"damage":0,"enemies":"REME_1_Revenger","floor":27,"turns":1},{"damage":0,"enemies":"Slavers","floor":28,"turns":2},{"damage":0,"enemies":"Book of Stabbing","floor":29,"turns":1},{"damage":1,"enemies":"Sentry and Sphere","floor":30,"turns":3},{"damage":0,"enemies":"Replay:Snechameleon","floor":31,"turns":1},{"damage":0,"enemies":"Champ","floor":33,"turns":1},{"damage":0,"enemies":"Orb Walker","floor":35,"turns":1},{"damage":0,"enemies":"3 Darklings","floor":38,"turns":1},{"damage":0,"enemies":"Giant Head","floor":40,"turns":2},{"damage":0,"enemies":"R_Hoarder","floor":41,"turns":2},{"damage":0,"enemies":"Nemesis","floor":42,"turns":1},{"damage":0,"enemies":"R_Hoarder","floor":44,"turns":1},{"damage":0,"enemies":"Giant Head","floor":45,"turns":1},{"damage":0,"enemies":"Reptomancer","floor":46,"turns":1},{"damage":0,"enemies":"Maw","floor":47,"turns":1},{"damage":0,"enemies":"Writhing Mass","floor":48,"turns":1},{"damage":0,"enemies":"Donu and Deca","floor":50,"turns":1},{"damage":0,"enemies":"hubris:GrandSnecko","floor":51,"turns":1}],"seed_played":"6801385663405497508","potions_obtained":[{"floor":3,"key":"Energy Potion"},{"floor":5,"key":"AttackPotion"},{"floor":10,"key":"ElixirPotion"},{"floor":21,"key":"SteroidPotion"},{"floor":31,"key":"Strength Potion"},{"floor":45,"key":"CultistPotion"}],"is_trial":true,"path_per_floor":["?","M","M","M","M","E","E","E","T","E","E","E","R","E","R","B",null,"M","M","M","?","M","E","E","E","T","E","E","E","M","E","R","B",null,"M","?","$","M","?","E","E","E","T","E","E","E","M","M","R","B","B",null],"character_chosen":"IRONCLAD","items_purchased":["SatanicBible","Rupture","Replay:Bandana","Happy Flower","GuppysPaw","Whetstone","Strawberry","ReplayTheSpireMod:Ninjato"],"campfire_rested":0,"item_purchase_floors":[34,34,37,37,37,37,37,37],"current_hp_per_floor":[68,75,75,75,75,75,75,75,75,75,75,75,75,75,75,75,75,75,75,74,58,58,57,75,74,74,74,74,74,75,75,75,75,62,62,58,65,65,65,69,60,60,60,60,60,60,60,60,60,60,1],"gold":700,"neow_bonus":"","is_daily":false,"chose_seed":false,"campfire_upgraded":4,"win_rate":0.0,"timestamp":1612349891,"path_taken":["?","M","M","M","M","E","E","E","T","E","?","E","R","E","R","BOSS","M","M","?","?","M","E","E","E","T","E","E","E","?","E","R","BOSS","M","?","$","M","?","E","E","E","T","E","?","?","M","M","R","BOSS","BOSS"],"items_purchased_type":["Relic","Card","Relic","Relic","Relic","Relic","Relic","Relic"],"build_version":"2020-12-18","purchased_purges":0,"victory":true,"max_hp_per_floor":[75,75,75,75,75,75,75,75,75,75,75,75,75,75,75,75,75,75,75,75,75,75,75,75,75,75,75,75,75,75,75,75,75,62,62,62,69,69,69,69,60,60,60,60,60,60,60,60,60,60,1],"card_choices":[],"player_experience":619462,"relics_obtained":[{"floor":2,"key":"Dota2Spire:Dagon"},{"floor":3,"key":"ReplayFunnel"},{"floor":4,"key":"Void"},{"floor":5,"key":"BookofShadows"},{"floor":6,"key":"Dota2Spire:Vanguard"},{"floor":7,"key":"Gambling Chip"},{"floor":8,"key":"Peace Pipe"},{"floor":9,"key":"Dota2Spire:ArcaneBoots"},{"floor":10,"key":"conspire:BottledYoYo"},{"floor":11,"key":"Turnip"},{"floor":12,"key":"Dota2Spire:ArmletOfMordiggian"},{"floor":14,"key":"Replay:Accelerometer"},{"floor":18,"key":"hubris:CuriousFeather"},{"floor":19,"key":"Ancient Tea Set"},{"floor":20,"key":"hubris:GlazedTorus"},{"floor":21,"key":"White Beast Statue"},{"floor":21,"key":"Dota2Spire:MaskOfMadness"},{"floor":22,"key":"Replay:Towering Pillar of Hats"},{"floor":23,"key":"Pet Ghost"},{"floor":24,"key":"GnawedLeaf"},{"floor":25,"key":"hubris:Metronome"},{"floor":26,"key":"Ornamental Fan"},{"floor":27,"key":"Dota2Spire:PowerTreads"},{"floor":28,"key":"ReplayTheSpireMod:Spearhead"},{"floor":29,"key":"hubris:SlimyHat"},{"floor":30,"key":"Dota2Spire:Satanic"},{"floor":31,"key":"Bronze Scales"},{"floor":35,"key":"The Courier"},{"floor":38,"key":"Iron Hammer"},{"floor":40,"key":"Replay:Baseball"},{"floor":41,"key":"Another Sword"},{"floor":42,"key":"TheBible"},{"floor":43,"key":"Replay:Wax Seal"},{"floor":44,"key":"CeramicFish"},{"floor":45,"key":"Blood Vial"},{"floor":46,"key":"BookOfRevelations"},{"floor":47,"key":"Art of War"},{"floor":48,"key":"Toy Ornithopter"}],"event_choices":[{"damage_healed":0,"gold_gain":0,"player_choice":"Fight","damage_taken":0,"max_hp_gain":0,"max_hp_loss":0,"event_name":"HidenRoomEvent","floor":21,"gold_loss":0},{"damage_healed":0,"gold_gain":0,"player_choice":"Leave","damage_taken":0,"max_hp_gain":0,"max_hp_loss":0,"event_name":"conspire:Investor","floor":36,"gold_loss":0},{"damage_healed":0,"gold_gain":0,"player_choice":"Paid","damage_taken":0,"relics_obtained":["Red Mask"],"max_hp_gain":0,"max_hp_loss":0,"event_name":"Tomb of Lord Red Mask","floor":39,"gold_loss":97}],"is_beta":true,"boss_relics":[{"not_picked":["Empty Cage","Replay:Ancient Bell"],"picked":"construct:WeddingRing"},{"not_picked":[]},{"not_picked":["construct:ClawGrip","Replay:Wanted Poster"],"picked":"Philosopher\u0027s Stone"},{"not_picked":[]}],"items_purged_floors":[],"is_endless":false,"potions_floor_spawned":[3,5,7,10,14,18,21,22,23,24,25,27,28,29,30,31,33,35,38,40,41,42,44,45,46,47,48],"ascension_level":20}}