{"host":"1a1fa2nogmb21qcw","time":1612312777,"event":{"mods":["AchievementEnabler","BaseMod","Better Match","Better Note","Better Sensory Stone","Better Vampires","Block Reminder","Colored Map","Colored Powertips","Downfall","Infinite Spire","Key Reminder","Minty Spire (QoL Compilation)","RRrroohrrRGHHhhh!!","Rare Cards Sparkle","Relic Stats","Remove Card Discount Mod","Replay The Spire","Shop Mod","StSLib","Swap Starting Deck Mod","The Disciple","The Necromancer","The Servant 0.9.4"],"gold_per_floor":[99,111,127,127,137,149,149,163,63,63,74,74,88,88,106,206,206,206,224,241,241,253,16,16,16,16,16,16],"floor_reached":26,"language":"ENG","playtime":2123,"items_purged":["champ:Strike","champ:Strike","champ:Strike","champ:Strike","champ:Defend","champ:Defend","champ:Defend","champ:Defend"],"score":202,"play_id":"b07934a6-e978-4dda-91d5-13ab55b92541","local_time":"20210202193937","daily_mods":["Heirloom"],"is_ascension_mode":false,"campfire_choices":[{"floor":1,"key":"RECALL"},{"data":"champ:ShieldSlam","floor":9,"key":"SMITH"},{"floor":12,"key":"REST"},{"data":"champ:GladiatorForm","floor":18,"key":"SMITH"}],"circlet_count":0,"master_deck":["champ:Execute","champ:Taunt+1","champ:BerserkersShout","champ:TornadoPunch","champ:Shatter","champ:Parry","champ:ShieldSlam+1","champ:FaceSlap+1","champ:SwordSigil","champ:ShieldWall","champ:GladiatorForm+1","champ:RageSigil","champ:Endure","champ:Endure"],"relics":["champ:ChampionCrown","Ginger","keyreminder:keyreminder","Question Card","downfall:HeartBlessingRed","infinitespire:Lucky Rock","Black Star","Blue Doll","Calipers"],"acts_visited":["Exordium","TheCity"],"potions_floor_usage":[8,15,16,16,16,16],"damage_taken":[{"damage":11,"enemies":"Cultist","floor":2,"turns":4},{"damage":15,"enemies":"2 Louse","floor":3,"turns":3},{"damage":18,"enemies":"Small Slimes","floor":5,"turns":3},{"damage":41,"enemies":"Blue Slaver","floor":6,"turns":5},{"damage":24,"enemies":"Large Slime","floor":8,"turns":4},{"damage":25,"enemies":"Exordium Wildlife","floor":11,"turns":4},{"damage":13,"enemies":"3 Louse","floor":13,"turns":3},{"damage":20,"enemies":"Blue Slaver","floor":15,"turns":3},{"damage":80,"enemies":"WA_ARCHETYPE_RETAIN","floor":16,"turns":6},{"damage":25,"enemies":"Chosen","floor":19,"turns":6},{"damage":46,"enemies":"3 Byrds","floor":20,"turns":8},{"damage":33,"enemies":"Snecko","floor":22,"turns":6},{"damage":45,"enemies":"downfall:FleeingMerchant","floor":23,"turns":4},{"damage":37,"enemies":"Snake Plant","floor":26,"turns":2}],"seed_played":"2085744781109086163","potions_obtained":[{"floor":3,"key":"Strength Potion"},{"floor":4,"key":"EntropicBrew"},{"floor":4,"key":"GamblersBrew"},{"floor":5,"key":"PowerPotion"},{"floor":11,"key":"Weak Potion"}],"is_trial":true,"path_per_floor":["R","M","M","?","M","M","T","M","R","?","M","R","M","T","M","B",null,"R","M","M","?","M","$","T","?","M"],"character_chosen":"THE_CHAMP","items_purchased":["champ:Endure","Blue Doll"],"campfire_rested":1,"item_purchase_floors":[23,23],"current_hp_per_floor":[90,89,89,89,86,65,65,46,46,46,41,68,55,55,50,10,90,90,75,29,29,37,37,37,37,0,0,0],"gold":16,"neow_bonus":"","is_daily":false,"chose_seed":false,"campfire_upgraded":2,"win_rate":0.0,"timestamp":1612312777,"path_taken":["R","M","?","?","M","M","T","?","R","?","M","R","M","?","M","BOSS","R","M","M","?","M","$","T","?","M"],"items_purchased_type":["Card","Relic"],"build_version":"2020-12-22","purchased_purges":8,"victory":false,"max_hp_per_floor":[90,90,90,90,90,90,90,90,90,90,90,90,90,90,90,90,90,90,90,90,90,90,90,90,90,90,90,90],"relic_stats":{"counters":[14,61],"Black Star":0,"Ginger":[16],"Question Card":11,"obtain_stats":[{"keyreminder:keyreminder":1,"Calipers":24,"downfall:HeartBlessingRed":9,"champ:ChampionCrown":0,"Blue Doll":23,"Black Star":17,"Ginger":0,"infinitespire:Lucky Rock":14,"Question Card":7},{"keyreminder:keyreminder":0,"Calipers":13,"downfall:HeartBlessingRed":5,"champ:ChampionCrown":0,"Blue Doll":13,"Black Star":9,"Ginger":0,"infinitespire:Lucky Rock":7,"Question Card":4},{"keyreminder:keyreminder":0,"Calipers":59,"downfall:HeartBlessingRed":19,"champ:ChampionCrown":0,"Blue Doll":59,"Black Star":35,"Ginger":0,"infinitespire:Lucky Rock":26,"Question Card":15}]},"card_choices":[{"not_picked":["champ:ShieldSigil","champ:TornadoPunch"],"picked":"champ:BerserkersShout","floor":2},{"not_picked":["champ:BladeFlurry","champ:EndlessRage"],"picked":"champ:TornadoPunch","floor":3},{"not_picked":["champ:RecklessLeap","champ:SkillfulDodge"],"picked":"champ:Shatter","floor":5},{"not_picked":["champ:CrownThrow","champ:Lariat"],"picked":"champ:Parry","floor":6},{"not_picked":["champ:FalseCounter","champ:AdrenalArmor","champ:BladeFlurry"],"picked":"champ:ShieldSlam","floor":8},{"not_picked":["champ:ShieldSigil","champ:HeartStrike","champ:CrownThrow"],"picked":"champ:FaceSlap","floor":11},{"not_picked":["champ:DefensiveShout","champ:HeavySlash","champ:Parry"],"picked":"champ:SwordSigil","floor":13},{"not_picked":["champ:DefensiveStyle","champ:DefensiveShout","champ:ShieldSigil"],"picked":"champ:ShieldWall","floor":15},{"not_picked":["champ:SwordThrow","champ:CheapShot","champ:SteelEdge"],"picked":"champ:GladiatorForm","floor":16},{"not_picked":["champ:AdrenalArmor","champ:BladeFlurry+1","champ:Haymaker"],"picked":"champ:RageSigil","floor":19},{"not_picked":["champ:AdrenalArmor","champ:ViciousMockery","champ:PerfectedStrike","champ:EnragedBash+1"],"picked":"SKIP","floor":20},{"not_picked":["champ:Haymaker","champ:Backstep","champ:IgnorePain","champ:BladeFlurry"],"picked":"SKIP","floor":22},{"not_picked":["champ:BringItOn","champ:EnragedBash+1","champ:CrownThrow","champ:PreemptiveStrike"],"picked":"SKIP","floor":23}],"player_experience":836640,"relics_obtained":[{"floor":7,"key":"Question Card"},{"floor":14,"key":"infinitespire:Lucky Rock"},{"floor":24,"key":"Calipers"}],"event_choices":[{"damage_healed":0,"gold_gain":0,"player_choice":"Got Potions","damage_taken":0,"max_hp_gain":0,"max_hp_loss":0,"event_name":"Lab","floor":4,"gold_loss":0},{"damage_healed":0,"gold_gain":0,"player_choice":"Grow","damage_taken":0,"max_hp_gain":0,"max_hp_loss":0,"event_name":"Living Wall","floor":10,"gold_loss":0,"cards_upgraded":["champ:Taunt"]},{"damage_healed":0,"gold_gain":0,"player_choice":"Forge","damage_taken":0,"max_hp_gain":0,"max_hp_loss":0,"event_name":"Accursed Blacksmith","floor":21,"gold_loss":0,"cards_upgraded":["champ:FaceSlap"]},{"cards_removed":["champ:ShieldWall"],"damage_healed":0,"gold_gain":0,"player_choice":"Give","damage_taken":0,"max_hp_gain":0,"max_hp_loss":0,"event_name":"betterNote:BetterNote","floor":25,"gold_loss":0,"cards_obtained":["Defend_S"]}],"is_beta":false,"boss_relics":[{"not_picked":["Runic Dome","Replay:Ancient Bell"],"picked":"Black Star"}],"items_purged_floors":[23,23,23,23,23,23,23,23],"is_endless":false,"potions_floor_spawned":[3,5,6,11],"killed_by":"Snake Plant","ascension_level":0}}