{"host":"yx5rao87132cy5xq","time":1612374964,"event":{"mods":["2.2 Compatiblity","AchievementEnabler","BaseMod","Bestiary","Colored Map","Colored Powertips","Minty Spire (QoL Compilation)","Quick Restart","Relic Stats","Slay-I","SuperFastMode"],"gold_per_floor":[115,131,149,149,5,5,24,56,127,127,54,54,70,102,102,178,178,193,209,209,209,209],"floor_reached":21,"language":"ENG","playtime":1314,"items_purged":[],"score":350,"play_id":"ec7927b2-a10e-4ac5-8db1-277e886bc17e","local_time":"20210203185604","is_ascension_mode":true,"campfire_choices":[{"data":"Iron Wave","floor":6.0,"key":"SMITH"},{"floor":15.0,"key":"REST"}],"circlet_count":0,"master_deck":["AscendersBane","Strike_R","Strike_R","Defend_R","Defend_R","Defend_R","Defend_R","Bash","Iron Wave+1","Clothesline","Intimidate","Shrug It Off","Iron Wave+1","Anger","Uppercut","Bloodletting","Shrug It Off+1","Armaments+1","Barricade","Pummel+1","Searing Blow+1","Combust+1","Armaments+1"],"relics":["Burning Blood","Ice Cream","Toxic Egg 2","Orichalcum","Astrolabe"],"acts_visited":["Exordium","TheCity"],"potions_floor_usage":[],"damage_taken":[{"damage":7.0,"enemies":"Small Slimes","floor":1.0,"turns":4.0},{"damage":6.0,"enemies":"2 Louse","floor":2.0,"turns":3.0},{"damage":11.0,"enemies":"Jaw Worm","floor":3.0,"turns":4.0},{"damage":11.0,"enemies":"3 Louse","floor":7.0,"turns":4.0},{"damage":34.0,"enemies":"3 Sentries","floor":8.0,"turns":11.0},{"damage":11.0,"enemies":"Exordium Thugs","floor":13.0,"turns":4.0},{"damage":21.0,"enemies":"Lagavulin","floor":14.0,"turns":7.0},{"damage":28.0,"enemies":"The Guardian","floor":16.0,"turns":12.0},{"damage":25.0,"enemies":"Spheric Guardian","floor":18.0,"turns":9.0},{"damage":26.0,"enemies":"Chosen","floor":19.0,"turns":6.0},{"damage":20,"enemies":"Shelled Parasite and Fungi","floor":21,"turns":2}],"seed_played":"-3505555927909739541","potions_obtained":[{"floor":0.0,"key":"Strength Potion"},{"floor":0.0,"key":"SpeedPotion"},{"floor":1.0,"key":"FearPotion"},{"floor":16.0,"key":"Fire Potion"}],"is_trial":false,"path_per_floor":["M","M","M","?","$","R","M","E","T","?","?","?","M","E","R","B",null,"M","M","?","M"],"character_chosen":"IRONCLAD","items_purchased":["Shrug It Off","Iron Wave","Anger"],"campfire_rested":1,"item_purchase_floors":[5,5,5],"current_hp_per_floor":[67,67,62,62,62,62,57,29,29,29,29,29,24,9,31,9,59,40,20,20,0,0],"gold":209,"neow_bonus":"THREE_SMALL_POTIONS","is_daily":false,"chose_seed":false,"campfire_upgraded":1,"win_rate":0.0,"timestamp":1612374964,"path_taken":["M","M","M","?","$","R","M","E","T","?","?","?","M","E","R","BOSS","M","M","?","M"],"items_purchased_type":["Card","Card","Card"],"build_version":"2020-12-22","purchased_purges":0,"victory":false,"max_hp_per_floor":[75,75,75,75,75,75,75,75,75,75,75,75,75,75,75,75,75,75,75,75,75,75],"relic_stats":{"counters":[11,66],"Astrolabe":["Pummel","Searing Blow","Combust"],"Orichalcum":[30],"obtain_stats":[{"Ice Cream":8,"Astrolabe":17,"Toxic Egg 2":9,"Orichalcum":14,"Burning Blood":0},{"Ice Cream":5,"Astrolabe":8,"Toxic Egg 2":5,"Orichalcum":7,"Burning Blood":0},{"Ice Cream":26,"Astrolabe":49,"Toxic Egg 2":26,"Orichalcum":37,"Burning Blood":0}],"Burning Blood":60},"card_choices":[{"not_picked":["Anger","Armaments"],"picked":"Iron Wave","floor":1.0},{"not_picked":["Body Slam","Second Wind"],"picked":"Clothesline","floor":2.0},{"not_picked":["Sever Soul","Thunderclap"],"picked":"Intimidate","floor":3.0},{"not_picked":["Entrench","Feel No Pain"],"picked":"Uppercut","floor":7.0},{"not_picked":["Flex","Cleave"],"picked":"Bloodletting","floor":8.0},{"not_picked":["Perfected Strike","Sword Boomerang"],"picked":"Shrug It Off+1","floor":13.0},{"not_picked":["Twin Strike","Seeing Red+1"],"picked":"Armaments+1","floor":14.0},{"not_picked":["Juggernaut","Limit Break+1"],"picked":"Barricade","floor":16.0},{"not_picked":["Fire Breathing","Headbutt"],"picked":"Armaments+1","floor":18.0},{"not_picked":["Sever Soul","Wild Strike","Anger"],"picked":"SKIP","floor":19.0}],"player_experience":985531,"relics_obtained":[{"floor":8.0,"key":"Ice Cream"},{"floor":9.0,"key":"Toxic Egg 2"},{"floor":14.0,"key":"Orichalcum"}],"event_choices":[{"damage_healed":0.0,"max_hp_gain":0.0,"max_hp_loss":0.0,"gold_gain":0.0,"event_name":"Liars Game","player_choice":"Ignored","floor":4.0,"gold_loss":0.0,"damage_taken":0.0},{"damage_healed":0.0,"max_hp_gain":0.0,"max_hp_loss":0.0,"gold_gain":0.0,"event_name":"Living Wall","player_choice":"Grow","floor":10.0,"gold_loss":0.0,"damage_taken":0.0,"cards_upgraded":["Iron Wave"]},{"damage_healed":0.0,"max_hp_gain":0.0,"max_hp_loss":0.0,"gold_gain":0.0,"event_name":"World of Goop","player_choice":"Left Gold","floor":11.0,"gold_loss":73.0,"damage_taken":0.0},{"damage_healed":0.0,"max_hp_gain":0.0,"max_hp_loss":0.0,"gold_gain":0.0,"event_name":"Golden Idol","player_choice":"Ignored","floor":12.0,"gold_loss":0.0,"damage_taken":0.0},{"damage_healed":0.0,"max_hp_gain":0.0,"max_hp_loss":0.0,"gold_gain":0.0,"event_name":"Vampires","player_choice":"Ignored","floor":20.0,"gold_loss":0.0,"damage_taken":0.0}],"is_beta":false,"boss_relics":[{"not_picked":["Velvet Choker","Runic Pyramid"],"picked":"Astrolabe"}],"items_purged_floors":[],"is_endless":false,"potions_floor_spawned":[1,2,8,13,16],"killed_by":"Shelled Parasite and Fungi","ascension_level":17}}