{"host":"kgfs5ebhusfk1t4t","time":1612356335,"event":{"mods":["BaseMod","Colored Map","DeckTracker","Highlight Path","KOR Keyword Fix","Keyboard Shortcuts","Minty Spire (QoL Compilation)","Permanent Neow","Quick Restart","StSLib","SuperFastMode","everything is the same but u backflip on backflip"],"gold_per_floor":[111,127,137,137,312,646,661,661,661,661,24,58,78,94,94,220,220,238,259,259,184,184,184],"floor_reached":22,"language":"KOR","playtime":1323,"items_purged":[],"score":235,"play_id":"867d2ba9-704e-427e-8fbb-2883d2f71112","local_time":"20210203214535","is_ascension_mode":true,"campfire_choices":[{"data":"Burst","floor":10,"key":"SMITH"},{"data":"Storm of Steel","floor":15,"key":"SMITH"}],"circlet_count":0,"master_deck":["Survivor","Neutralize","Footwork","Die Die Die","Adrenaline","Prepared","Footwork","Flying Knee","Tactician","Blur","Adrenaline","Dodge and Roll","Escape Plan","Acrobatics","Prepared","Burst+1","Deadly Poison","Footwork","Terror","Quick Slash","Tactician","Corpse Explosion","Sucker Punch+1","Necronomicurse"],"relics":["Ring of the Snake","Pandora\u0027s Box","Golden Idol","Old Coin","The Specimen","Shuriken","Eternal Feather","Bird Faced Urn","Busted Crown","Necronomicon"],"acts_visited":["Exordium","TheCity"],"potions_floor_usage":[14],"damage_taken":[{"damage":0,"enemies":"2 Louse","floor":1,"turns":1},{"damage":0,"enemies":"Jaw Worm","floor":2,"turns":4},{"damage":0,"enemies":"Cultist","floor":3,"turns":3},{"damage":12,"enemies":"3 Sentries","floor":6,"turns":17},{"damage":0,"enemies":"Exordium Wildlife","floor":7,"turns":7},{"damage":3,"enemies":"Lagavulin","floor":12,"turns":4},{"damage":0,"enemies":"2 Fungi Beasts","floor":13,"turns":3},{"damage":6,"enemies":"Exordium Thugs","floor":14,"turns":5},{"damage":11,"enemies":"The Guardian","floor":16,"turns":11},{"damage":0,"enemies":"Spheric Guardian","floor":18,"turns":3},{"damage":10,"enemies":"Chosen","floor":19,"turns":4},{"damage":0,"enemies":"Centurion and Healer","floor":22,"turns":1}],"seed_played":"-4229170984711317066","potions_obtained":[{"floor":3,"key":"SkillPotion"},{"floor":12,"key":"DuplicationPotion"},{"floor":13,"key":"Ancient Potion"},{"floor":14,"key":"FearPotion"},{"floor":16,"key":"Strength Potion"}],"is_trial":false,"path_per_floor":["M","M","M","?","?","E","M","?","T","R","$","E","M","M","R","B",null,"M","M","?","?","M"],"character_chosen":"THE_SILENT","items_purchased":["Shuriken","Footwork","Terror","Eternal Feather"],"campfire_rested":0,"item_purchase_floors":[11,11,11,11],"current_hp_per_floor":[70,70,70,70,70,58,58,58,58,58,58,55,61,61,70,59,70,70,61,45,45,49,49],"gold":184,"neow_bonus":"TRANSFORM_CARD","is_daily":false,"chose_seed":false,"campfire_upgraded":2,"win_rate":0.0,"timestamp":1612356335,"path_taken":["M","M","M","?","?","E","M","?","T","R","$","E","?","M","R","BOSS","M","M","?","?","M"],"items_purchased_type":["Relic","Card","Card","Relic"],"build_version":"2020-12-22","purchased_purges":0,"victory":false,"max_hp_per_floor":[70,70,70,70,70,70,70,70,70,70,70,70,70,70,70,70,70,70,70,70,70,70,70],"card_choices":[{"not_picked":["Dodge and Roll","Prepared"],"picked":"Escape Plan","floor":1},{"not_picked":["Flechettes","Endless Agony"],"picked":"Acrobatics","floor":2},{"not_picked":["Heel Hook","Poisoned Stab"],"picked":"Prepared","floor":3},{"not_picked":["Dodge and Roll","Quick Slash"],"picked":"Burst","floor":6},{"not_picked":["Deflect","Concentrate"],"picked":"Deadly Poison","floor":7},{"not_picked":["Poisoned Stab","Footwork"],"picked":"Storm of Steel","floor":12},{"not_picked":["Dodge and Roll","Deadly Poison"],"picked":"Quick Slash","floor":13},{"not_picked":["Infinite Blades","PiercingWail"],"picked":"Tactician","floor":14},{"not_picked":["Malaise","Unload"],"picked":"Corpse Explosion","floor":16},{"not_picked":[],"picked":"Sucker Punch+1","floor":18},{"not_picked":["Deflect"],"picked":"SKIP","floor":19}],"player_experience":169152,"relics_obtained":[{"floor":6,"key":"Old Coin"},{"floor":9,"key":"The Specimen"},{"floor":12,"key":"Bird Faced Urn"},{"floor":20,"key":"Necronomicon"}],"event_choices":[{"damage_healed":0,"gold_gain":0,"player_choice":"Take Wound","damage_taken":0,"relics_obtained":["Golden Idol"],"max_hp_gain":0,"max_hp_loss":0,"event_name":"Golden Idol","floor":4,"gold_loss":0,"cards_obtained":["Injury"]},{"damage_healed":0,"gold_gain":175,"player_choice":"AGREE","damage_taken":0,"max_hp_gain":0,"max_hp_loss":0,"event_name":"Liars Game","floor":5,"gold_loss":0,"cards_obtained":["Doubt"]},{"cards_removed":["Doubt","Injury"],"damage_healed":0,"gold_gain":0,"player_choice":"Removed Curses","damage_taken":0,"max_hp_gain":0,"max_hp_loss":0,"event_name":"Fountain of Cleansing","floor":8,"gold_loss":0},{"damage_healed":0,"gold_gain":0,"player_choice":"Obtained Book","damage_taken":16,"max_hp_gain":0,"max_hp_loss":0,"event_name":"Cursed Tome","floor":20,"gold_loss":0},{"cards_removed":["Storm of Steel"],"damage_healed":0,"gold_gain":0,"player_choice":"Gave Gold","damage_taken":0,"max_hp_gain":0,"max_hp_loss":0,"event_name":"Beggar","floor":21,"gold_loss":75}],"is_beta":false,"boss_relics":[{"not_picked":["SacredBark","Pandora\u0027s Box"],"picked":"Busted Crown"}],"items_purged_floors":[],"is_endless":false,"potions_floor_spawned":[3,12,13,14,16],"killed_by":"Centurion and Healer","ascension_level":4}}