{"host":"6kyqgln1ip325a4v","time":1612326669,"event":{"mods":["BaseMod","Minty Spire (QoL Compilation)"],"gold_per_floor":[112,187,199,219,42,42,76,76,99,134,134,163,163,180,180,180,180],"floor_reached":16,"language":"ENG","playtime":707,"items_purged":[],"score":136,"play_id":"715bfe51-5521-409f-958d-c17a2f342507","local_time":"20210202233109","is_ascension_mode":true,"campfire_choices":[{"data":"Armaments","floor":6,"key":"SMITH"},{"data":"Body Slam","floor":8,"key":"SMITH"},{"floor":15,"key":"REST"}],"circlet_count":0,"master_deck":["Strike_R","Strike_R","Strike_R","Strike_R","Strike_R","Defend_R","Defend_R","Defend_R","Defend_R","Bash","Cleave","Headbutt","Body Slam+1","Armaments+1","Flame Barrier","Anger","Shrug It Off","Exhume"],"relics":["Burning Blood","Lantern","Centennial Puzzle","Dream Catcher","Bag of Preparation"],"acts_visited":["Exordium"],"potions_floor_usage":[7,7,12,16],"damage_taken":[{"damage":5,"enemies":"Small Slimes","floor":1,"turns":4},{"damage":6,"enemies":"2 Louse","floor":3,"turns":3},{"damage":6,"enemies":"Cultist","floor":4,"turns":3},{"damage":32,"enemies":"Lagavulin","floor":7,"turns":7},{"damage":15,"enemies":"3 Sentries","floor":10,"turns":9},{"damage":19,"enemies":"Lagavulin","floor":12,"turns":5},{"damage":6,"enemies":"Looter","floor":14,"turns":2},{"damage":47,"enemies":"The Guardian","floor":16,"turns":7}],"seed_played":"7321084986012162463","potions_obtained":[{"floor":3,"key":"Block Potion"},{"floor":4,"key":"Dexterity Potion"},{"floor":7,"key":"GamblersBrew"},{"floor":10,"key":"DistilledChaos"}],"is_trial":false,"path_per_floor":["M","?","M","M","$","R","E","R","T","E","?","E","?","M","R","B"],"character_chosen":"IRONCLAD","items_purchased":["Armaments","Lantern"],"campfire_rested":1,"item_purchase_floors":[5,5],"current_hp_per_floor":[88,77,77,77,77,77,51,51,51,42,42,29,21,21,47,0,0],"gold":180,"neow_bonus":"TEN_PERCENT_HP_BONUS","is_daily":false,"chose_seed":false,"campfire_upgraded":2,"win_rate":0.0,"timestamp":1612326669,"path_taken":["M","?","M","M","$","R","E","R","T","E","?","E","?","?","R","BOSS"],"items_purchased_type":["Card","Relic"],"build_version":"2020-12-22","purchased_purges":0,"victory":false,"max_hp_per_floor":[88,88,88,88,88,88,88,88,88,88,88,88,88,88,88,88,88],"card_choices":[{"not_picked":["Battle Trance","Spot Weakness"],"picked":"Cleave","floor":1},{"not_picked":["Cleave","Iron Wave"],"picked":"Headbutt","floor":3},{"not_picked":["Sentinel","Evolve"],"picked":"Body Slam","floor":4},{"not_picked":["Perfected Strike","True Grit"],"picked":"Flame Barrier","floor":7},{"not_picked":["Sword Boomerang","Iron Wave"],"picked":"Anger","floor":10},{"not_picked":["Headbutt","True Grit","Warcry"],"picked":"SKIP","floor":12},{"not_picked":["Burning Pact","Flex"],"picked":"Shrug It Off","floor":14},{"not_picked":["Fire Breathing","Clash"],"picked":"Exhume","floor":15}],"player_experience":170355,"relics_obtained":[{"floor":7,"key":"Centennial Puzzle"},{"floor":10,"key":"Dream Catcher"},{"floor":12,"key":"Bag of Preparation"}],"event_choices":[{"damage_healed":0,"gold_gain":75,"player_choice":"Gather Gold","damage_taken":11,"max_hp_gain":0,"max_hp_loss":0,"event_name":"World of Goop","floor":2,"gold_loss":0},{"damage_healed":0,"gold_gain":0,"player_choice":"Ignored","damage_taken":0,"max_hp_gain":0,"max_hp_loss":0,"event_name":"Shining Light","floor":11,"gold_loss":0},{"damage_healed":0,"gold_gain":0,"player_choice":"Damaged","damage_taken":8,"max_hp_gain":0,"max_hp_loss":0,"event_name":"Wheel of Change","floor":13,"gold_loss":0}],"is_beta":false,"boss_relics":[],"items_purged_floors":[],"is_endless":false,"potions_floor_spawned":[3,4,7,10],"killed_by":"The Guardian","ascension_level":3}}