{"host":"yn5u65xaxuhqfd3k","time":1612379530,"event":{"mods":["BaseMod","Downfall","Minty Spire (QoL Compilation)","Relic Stats","StSLib"],"gold_per_floor":[99,111,128,22,34,53,129,129,129,129,146,41,67,67,80,80,80,80],"floor_reached":16,"language":"ENG","playtime":2247,"items_purged":[],"score":102,"play_id":"38a7bad9-5075-4e92-a779-99470fa5d399","local_time":"20210203141210","is_ascension_mode":false,"campfire_choices":[{"data":"Slimebound:Split","floor":1,"key":"SMITH"},{"data":"Slimebound:CorrosiveSpit","floor":8,"key":"SMITH"},{"floor":10,"key":"REST"}],"circlet_count":0,"master_deck":["Slimebound:Strike_Slimebound","Slimebound:Strike_Slimebound","Slimebound:Strike_Slimebound","Slimebound:Tackle","Slimebound:Defend_Slimebound","Slimebound:Defend_Slimebound","Slimebound:Defend_Slimebound","Slimebound:Defend_Slimebound","Slimebound:Split+1","Slimebound:CorrosiveSpit+1","Slimebound:SamplingLick","Slimebound:SamplingLick","Slimebound:ItLooksTasty","Slimebound:Repurpose","Slimebound:FinishingTackle","Slimebound:ViciousTackle","Slimebound:SplitLeeching","Slimebound:SplitAcid","Slimebound:Teamwork","Slimebound:Repurpose","Slimebound:Nibble","Slimebound:LeechEnergy"],"relics":["Slimebound:AbsorbEndCombat","Gremlin Horn","MealTicket","Eternal Feather"],"acts_visited":["Exordium"],"potions_floor_usage":[12,12,13],"damage_taken":[{"damage":3,"enemies":"Cultist","floor":2,"turns":3},{"damage":9,"enemies":"Jaw Worm","floor":3,"turns":3},{"damage":0,"enemies":"downfall:FleeingMerchant","floor":4,"turns":4},{"damage":1,"enemies":"Small Slimes","floor":5,"turns":3},{"damage":15,"enemies":"3 Louse","floor":6,"turns":2},{"damage":3,"enemies":"Exordium Wildlife","floor":11,"turns":2},{"damage":19,"enemies":"downfall:FleeingMerchant","floor":12,"turns":4},{"damage":9,"enemies":"Lagavulin","floor":13,"turns":3},{"damage":3,"enemies":"Large Slime","floor":15,"turns":3},{"damage":56,"enemies":"WA_ARCHETYPE_RETAIN","floor":16,"turns":8}],"seed_played":"8570990059828263403","potions_obtained":[{"floor":6,"key":"Fire Potion"},{"floor":11,"key":"DistilledChaos"}],"is_trial":false,"path_per_floor":["R","M","M","$","M","M","T","R","?","R","M","$","E","?","M","B"],"character_chosen":"SLIMEBOUND","items_purchased":["Slimebound:Repurpose","Slimebound:FinishingTackle","Slimebound:Repurpose","champ:CounterPotion"],"campfire_rested":1,"item_purchase_floors":[4,4,12,12],"current_hp_per_floor":[71,70,66,71,71,56,56,56,44,65,66,56,51,51,50,0,0,0],"gold":80,"neow_bonus":"TEN_PERCENT_HP_BONUS","is_daily":false,"chose_seed":false,"campfire_upgraded":2,"win_rate":0.0,"timestamp":1612379530,"path_taken":["R","M","?","$","M","M","T","R","?","R","M","$","E","?","M","BOSS"],"items_purchased_type":["Card","Card","Card","Potion"],"build_version":"2020-12-22","purchased_purges":0,"victory":false,"max_hp_per_floor":[71,71,71,71,71,71,71,71,71,71,71,71,71,71,71,71,71,71],"relic_stats":{"Gremlin Horn":[2,2],"counters":[10,35],"MealTicket":5,"Eternal Feather":0,"obtain_stats":[{"Gremlin Horn":7,"MealTicket":9,"Eternal Feather":13,"Slimebound:AbsorbEndCombat":0},{"Gremlin Horn":5,"MealTicket":5,"Eternal Feather":8,"Slimebound:AbsorbEndCombat":0},{"Gremlin Horn":15,"MealTicket":15,"Eternal Feather":24,"Slimebound:AbsorbEndCombat":0}]},"card_choices":[{"not_picked":["Slimebound:LivingWall","Slimebound:FinishingTackle"],"picked":"Slimebound:SamplingLick","floor":2},{"not_picked":["Slimebound:RollThrough","Slimebound:LeadByExample"],"picked":"Slimebound:SamplingLick","floor":3},{"not_picked":["Slimebound:HauntingLick","Slimebound:SlimeSpikes"],"picked":"Slimebound:ItLooksTasty","floor":4},{"not_picked":["Slimebound:ItLooksTasty","Slimebound:GoopSpray"],"picked":"Slimebound:ViciousTackle","floor":5},{"not_picked":["Slimebound:ItLooksTasty","Slimebound:SamplingLick"],"picked":"Slimebound:SplitLeeching","floor":6},{"not_picked":["Slimebound:SplitLeeching","Slimebound:TongueLash"],"picked":"Slimebound:SplitAcid","floor":11},{"not_picked":["Slimebound:SplitLeeching","Slimebound:FlameTackle"],"picked":"Slimebound:Teamwork","floor":12},{"not_picked":["Slimebound:DuplicatedForm","Slimebound:GoopTackle"],"picked":"Slimebound:Nibble","floor":13},{"not_picked":["Slimebound:Prepare","Slimebound:LeechingTouch"],"picked":"Slimebound:LeechEnergy","floor":15}],"player_experience":1032102,"relics_obtained":[{"floor":7,"key":"Gremlin Horn"},{"floor":13,"key":"Eternal Feather"}],"event_choices":[{"damage_healed":0,"gold_gain":0,"player_choice":"Success","damage_taken":12,"relics_obtained":["MealTicket"],"max_hp_gain":0,"max_hp_loss":0,"event_name":"Scrap Ooze","floor":9,"gold_loss":0}],"is_beta":false,"boss_relics":[],"items_purged_floors":[],"is_endless":false,"potions_floor_spawned":[6,11],"killed_by":"WA_ARCHETYPE_RETAIN","ascension_level":0}}