{"host":"2se5dq1do2gp0x9k","time":1612322347,"event":{"mods":["AchievementEnabler","BaseMod","Block Reminder","Colored Map","Colored Powertips","Minty Spire (QoL Compilation)","Relic Stats","StSLib","SuperFastMode"],"gold_per_floor":[109,57,72,92,111,111,131,160,160,160,170,170,170,184,184,259,259,270,270,270],"floor_reached":19,"language":"ENG","playtime":623,"items_purged":[],"score":342,"play_id":"8933f8c6-181c-49d2-9bb4-9b5a5fcc9fdc","local_time":"20210202191907","is_ascension_mode":true,"campfire_choices":[{"data":"Reprogram","floor":6.0,"key":"SMITH"},{"data":"Sunder","floor":10.0,"key":"SMITH"},{"data":"Beam Cell","floor":12.0,"key":"SMITH"},{"data":"Fusion","floor":15.0,"key":"SMITH"}],"circlet_count":0,"master_deck":["AscendersBane","Strike_B","Strike_B","Strike_B","Strike_B","Defend_B","Defend_B","Defend_B","Defend_B","Zap","Dualcast","Finesse","Beam Cell+1","Leap","Fusion+1","Rebound","Reprogram+1","Sunder+1","Reinforced Body","Rebound","Reboot","Hologram"],"relics":["Cracked Core","Shuriken","DataDisk","Runic Pyramid"],"acts_visited":["Exordium","TheCity"],"potions_floor_usage":[16],"damage_taken":[{"damage":4.0,"enemies":"Jaw Worm","floor":1.0,"turns":4.0},{"damage":0.0,"enemies":"Cultist","floor":3.0,"turns":3.0},{"damage":2.0,"enemies":"2 Louse","floor":4.0,"turns":4.0},{"damage":9.0,"enemies":"Large Slime","floor":5.0,"turns":6.0},{"damage":5.0,"enemies":"3 Louse","floor":7.0,"turns":4.0},{"damage":12.0,"enemies":"Lagavulin","floor":8.0,"turns":7.0},{"damage":12.0,"enemies":"Looter","floor":11.0,"turns":3.0},{"damage":0.0,"enemies":"Gremlin Gang","floor":14.0,"turns":3.0},{"damage":38,"enemies":"Slime Boss","floor":16,"turns":8},{"damage":40,"enemies":"Shell Parasite","floor":18,"turns":5},{"damage":15,"enemies":"Chosen","floor":19,"turns":4}],"seed_played":"862054719213590043","potions_obtained":[{"floor":4.0,"key":"FearPotion"},{"floor":8.0,"key":"LiquidMemories"},{"floor":11.0,"key":"FairyPotion"},{"floor":16,"key":"PowerPotion"},{"floor":18,"key":"AttackPotion"}],"is_trial":false,"path_per_floor":["M","$","M","M","M","R","M","E","T","R","M","R","?","M","R","B",null,"M","M"],"character_chosen":"DEFECT","items_purchased":["Leap"],"campfire_rested":0,"item_purchase_floors":[2],"current_hp_per_floor":[60,60,60,58,49,49,44,32,32,32,20,20,16,16,16,3,54,14,0,0],"gold":270,"neow_bonus":"RANDOM_COLORLESS","is_daily":false,"chose_seed":false,"campfire_upgraded":4,"win_rate":0.0,"timestamp":1612322347,"path_taken":["M","$","M","M","M","R","M","E","T","R","M","R","?","?","R","BOSS","M","M"],"items_purchased_type":["Card"],"build_version":"2020-12-22","purchased_purges":0,"victory":false,"max_hp_per_floor":[71,71,71,71,71,71,71,71,71,71,71,71,71,71,71,71,71,71,71,71],"relic_stats":{"counters":[11,51],"Shuriken":[3],"obtain_stats":[{"DataDisk":9,"Shuriken":8,"Cracked Core":0,"Runic Pyramid":17},{"DataDisk":6,"Shuriken":6,"Cracked Core":0,"Runic Pyramid":9},{"DataDisk":28,"Shuriken":28,"Cracked Core":0,"Runic Pyramid":42}]},"card_choices":[{"not_picked":["Jack Of All Trades","Deep Breath"],"picked":"Finesse","floor":0.0},{"not_picked":["Reprogram","Redo"],"picked":"Beam Cell","floor":1.0},{"not_picked":["Compile Driver","Beam Cell"],"picked":"Fusion","floor":3.0},{"not_picked":["Turbo","Barrage"],"picked":"Rebound","floor":4.0},{"not_picked":["All For One","Melter"],"picked":"Reprogram","floor":5.0},{"not_picked":["Sweeping Beam","Fusion"],"picked":"Sunder","floor":7.0},{"not_picked":["Beam Cell","Turbo"],"picked":"Reinforced Body","floor":8.0},{"not_picked":["Storm","Barrage"],"picked":"Rebound","floor":11.0},{"not_picked":["Sweeping Beam","Streamline","Stack"],"picked":"SKIP","floor":14.0},{"not_picked":["Rainbow","Electrodynamics"],"picked":"Reboot","floor":16},{"not_picked":["Compile Driver+1","White Noise"],"picked":"Hologram","floor":18}],"player_experience":4052861,"relics_obtained":[{"floor":8.0,"key":"Shuriken"},{"floor":9.0,"key":"DataDisk"}],"event_choices":[{"damage_healed":0.0,"max_hp_gain":0.0,"max_hp_loss":0.0,"gold_gain":0.0,"event_name":"The Woman in Blue","player_choice":"Bought 0 Potions","floor":13.0,"gold_loss":0.0,"damage_taken":0.0}],"is_beta":false,"boss_relics":[{"not_picked":["Philosopher\u0027s Stone","Tiny House"],"picked":"Runic Pyramid"}],"items_purged_floors":[],"is_endless":false,"potions_floor_spawned":[4,8,11,16,18],"killed_by":"Chosen","ascension_level":20}}