{"host":"z4j51vjvl4ssilsu","time":1612391130,"event":{"mods":["AchievementEnabler","Act Like it!","Aspiration","BaseMod","Better Altar","Better Match","Better Note","Better Sensory Stone","Better Silent Start","Better Skull","Better Synergies","Better Third Choice","Better Vampires","Better-Laid Plans","BetterRewards","Block Reminder","CapriCore","Colored Powertips","Conspire","DeckTracker","Disable Question Mark Monsters","Elementarium","Emptier Cage","Energized Spire","Gensokyo","GifTheSpireLib","Gold Saver","GungeonMod","Halation","Hallownest","HololiveMod","Hubris","Infinite Spire","Ironclad Rager","Marisa????????","Marked Mod","Mimic Mod","Minty Spire (QoL Compilation)","MostiFishMod","Permanent Neow","Quick Restart","RRrroohrrRGHHhhh!!","Reliquary","Replay The Spire","SCP261 Mod","SacredBarkPlus","Smile Girya","Spicy Shops","StS++","StSLib","Stuff the Spire","The Bug Knight","The Cursed","The Elementalist","The Jungle","The Marked","The Servant 0.9.4","Transform Curses","Unceasing Turn Reminder","Wandering Minibosses"],"gold_per_floor":[101,143,143,173,44,89,89,89,89,89,124,152,77,110,110,230,230,260,260,260,117,147,187,215,215,255,255,267,296,325,383,383,501,501,528,556,556,21,40,72,92,92,138,138,153,184,184,184,184,184,184,184,38,71,71],"floor_reached":56,"language":"ENG","playtime":4330,"items_purged":["Hololive_Strike"],"score":1607,"play_id":"afe844c4-a2cb-4dc4-833f-7d2dcc18f115","local_time":"20210203192530","is_ascension_mode":false,"campfire_choices":[{"data":"Hololive_OvertimeWork","floor":8.0,"key":"SMITH"},{"data":"Hololive_Yoholoon","floor":15.0,"key":"SMITH"},{"data":"Hololive_CallOkamiMio","floor":27.0,"key":"SMITH"},{"data":"Hololive_DDD","floor":32.0,"key":"SMITH"},{"floor":44,"key":"RECALL"},{"data":"infinitespire:DeathsTouch","floor":52,"key":"SMITH"}],"circlet_count":0,"master_deck":["Hololive_Strike","Hololive_Defend","Hololive_Defend","Hololive_OvertimeWork+1","Hololive_CallUruhaRushia","Hololive_CallTsunomakiWatame","Hololive_CallHoushouMarine+1","Hololive_CallMinatoAqua","Hololive_CallTokoyamiTowa","Hololive_CallOkamiMio+1","Hololive_CallShiroganeNoel+1","Hololive_Trident","Replay:Bootleg Shield Generator+1","Hololive_CallInugamiKorone+1","Hololive_StrengthChampion","Hololive_AWSL","Hololive_DDD+1","Hololive_HuntDinosaur","Hololive_CallNekomataOkayu+1","Hololive_CocoNews+1","Hololive_LuckPotion","Hololive_CallShirakamiFubuki+1","hubris:DuctTapeCard","Hololive_DiamondStrike","Hololive_CallRosalyn+1","Gensokyo:LittleGreenMen+1","Gensokyo:RedCapeBlueCape","Hololive_Thief","infinitespire:DeathsTouch+1"],"relics":["Hololive_TheStar","DaveBox","NeowsBlessing","BirthdayGift-Icosahedron","SynthV:TestCard","Frozen Egg 2","DemoMod:MemoryAlloy","Quantum Egg","conspire:RunicOctahedron","hubris:DuctTape","DemoMod:Metronome","StoneCalendar","reliquary:SharkskinSheath","Akabeko","Busted Crown","StuffTheSpire:SapphireSignet","reliquary:JackalopeAntler","Anchor","War Paint","Unceasing Top","Medical Kit","DemoMod:GlassGuonStoneRelic","Toy Ornithopter"],"acts_visited":["Gensokyo:Gensokyo","TheCity","Gensokyo:Gensokyoest","TheEnding"],"potions_floor_usage":[50,55,55],"damage_taken":[{"damage":0.0,"enemies":"Gensokyo:Python","floor":1.0,"turns":1.0},{"damage":0.0,"enemies":"Gensokyo:Cirno","floor":2.0,"turns":2.0},{"damage":0.0,"enemies":"Gensokyo:3_Fairies","floor":4.0,"turns":1.0},{"damage":0.0,"enemies":"Gensokyo:Aya","floor":6.0,"turns":3.0},{"damage":0.0,"enemies":"Gensokyo:2_Kodama","floor":11.0,"turns":2.0},{"damage":0.0,"enemies":"Gensokyo:2_Rabbits","floor":12.0,"turns":1.0},{"damage":7.0,"enemies":"Gensokyo:Gryphon_and_Rabbit","floor":14.0,"turns":2.0},{"damage":0.0,"enemies":"Gensokyo:Reimu","floor":16.0,"turns":7.0},{"damage":0.0,"enemies":"2 Thieves","floor":18.0,"turns":2.0},{"damage":0.0,"enemies":"Spheric Guardian","floor":22.0,"turns":3.0},{"damage":0.0,"enemies":"conspire:SneckoGhost","floor":23.0,"turns":3.0},{"damage":0.0,"enemies":"conspire:HollyBat","floor":24.0,"turns":5.0},{"damage":0.0,"enemies":"Shelled Parasite and Fungi","floor":26.0,"turns":4.0},{"damage":0.0,"enemies":"Shelled Parasite and Fungi","floor":28.0,"turns":2.0},{"damage":0.0,"enemies":"Sentry and Sphere","floor":29.0,"turns":3.0},{"damage":0.0,"enemies":"Cultist and Chosen","floor":30.0,"turns":3.0},{"damage":0.0,"enemies":"Gremlin Leader","floor":31.0,"turns":2.0},{"damage":0,"enemies":"conspire:MysteriousRune","floor":33,"turns":4},{"damage":0,"enemies":"Gensokyo:AncientGuardian","floor":35,"turns":2},{"damage":0,"enemies":"Gensokyo:3_Boulders","floor":36,"turns":2},{"damage":0,"enemies":"Gensokyo:AtlasGolem","floor":39,"turns":4},{"damage":0,"enemies":"Gensokyo:Kasen","floor":40,"turns":4},{"damage":0,"enemies":"Gensokyo:Sharpion","floor":41,"turns":2},{"damage":0,"enemies":"Gensokyo:3_Boulders","floor":45,"turns":3},{"damage":0,"enemies":"Gensokyo:Marisa","floor":46,"turns":3},{"damage":0,"enemies":"Gensokyo:Yuyuko","floor":50,"turns":6},{"damage":5,"enemies":"Shield and Spear","floor":54,"turns":3},{"damage":0,"enemies":"The Heart","floor":55,"turns":5}],"seed_played":"2038977090545978958","potions_obtained":[{"floor":2.0,"key":"Dexterity Potion"},{"floor":11.0,"key":"Venom Potion"},{"floor":14.0,"key":"Energy Potion"},{"floor":23.0,"key":"Elixir"},{"floor":29.0,"key":"Fire Potion"},{"floor":30.0,"key":"StSpp:ScatteredWeakPotion"}],"is_trial":false,"path_per_floor":["M","?","?","M","COS","E","?","R","T","?","M","M","$","M","R","B",null,"M","?","T","$","M","E","M","?","MIM","R","M","M","M","E","R","B",null,"M","M","?","COS","M","E","M","T","T","R","M","E","?","?","R","B",null,"R","$","E","B",null],"character_chosen":"Hololive_HololiveCharacter","items_purchased":["DemoMod:Metronome","Hololive_CallNekomataOkayu+1","Medical Kit"],"campfire_rested":0,"item_purchase_floors":[21,21,53],"current_hp_per_floor":[35,35,35,35,35,35,35,35,35,35,35,35,35,29,29,31,36,37,37,37,37,38,39,40,40,41,41,42,43,44,45,45,46,46,47,48,48,48,49,50,51,51,51,51,52,53,53,39,53,53,54,54,54,51,56],"gold":71,"neow_bonus":"THREE_ENEMY_KILL","is_daily":false,"chose_seed":false,"campfire_upgraded":5,"win_rate":0.0,"timestamp":1612391130,"path_taken":["M","?","?","M","COS","E","?","R","T","?","?","M","?","M","R","BOSS","M","?","?","$","M","E","M","?","MIM","R","M","M","?","E","R","BOSS","M","M","?","COS","M","E","?","?","T","R","M","E","?","?","R","BOSS","R","$","E","BOSS"],"items_purchased_type":["Relic","Card","Relic"],"build_version":"2020-12-22","purchased_purges":1,"victory":true,"max_hp_per_floor":[35,35,35,35,35,35,35,35,35,35,35,35,35,35,35,36,36,37,37,37,37,38,39,40,40,41,41,42,43,44,45,45,46,46,47,48,48,48,49,50,51,51,51,51,52,53,53,53,53,54,54,54,54,55,56],"card_choices":[{"not_picked":["Hololive_OvertimeWork","Hololive_Watashimo","Hololive_Psychosis"],"picked":"Hololive_CallOkamiMio","floor":1.0},{"not_picked":["Hololive_CallTsunomakiWatame+1","Hololive_CallTokoyamiTowa+1","Hololive_CallUsadaPekora+1","Hololive_Psychosis","Hololive_CallManoAloe+1"],"picked":"Hololive_CallShiroganeNoel+1","floor":2.0},{"not_picked":["Hololive_Drill","Hololive_Breathe","Hololive_LuckPotion","Hololive_FlyingPonyTail","Hololive_Sequa"],"picked":"Hololive_Yoholoon","floor":4.0},{"not_picked":["Hololive_CallAkaiHaato+1","Hololive_CallAyundaRisu+1","Hololive_Rebound","Hololive_CallHoshimachiSuisei+1","Hololive_CallOkamiMio+1"],"picked":"Hololive_Trident","floor":6.0},{"not_picked":["Jack Of All Trades","ReplayTheSpireMod:Uncanny Aura","MostiFishMod:SupremeArchaeology","Good Instincts","DemoMod:Spice"],"picked":"Replay:Bootleg Shield Generator","floor":7.0},{"not_picked":["Hololive_Rebound","Hololive_CocoNews","Hololive_RevenueBasedLive","Hololive_HuntDinosaur","Hololive_OvertimeWork"],"picked":"Hololive_CallInugamiKorone+1","floor":11.0},{"not_picked":["Hololive_OvertimeWork","Hololive_CallAiraniIofifteen+1","Hololive_LuckPotion","Hololive_RevenueBasedLive","Hololive_CallHoushouMarine+1"],"picked":"Hololive_StrengthChampion","floor":12.0},{"not_picked":["Hololive_BeCareful","Hololive_Nanodesu","Hololive_Thief","Hololive_DiamondStrike","Hololive_ScarfAndHalo"],"picked":"Hololive_AWSL","floor":14.0},{"not_picked":["Hololive_DevilCharm","Hololive_Rebound","Hololive_Rebirth","Hololive_CallKiryuuCoco+1","Hololive_Watashimo"],"picked":"Hololive_HuntDinosaur","floor":14.0},{"not_picked":["Hololive_DiamondStrike","Hololive_WolfAndLamb","Hololive_ASMR","Hololive_HighAtkLowDef","Hololive_ScarfAndHalo"],"picked":"Hololive_DDD","floor":16.0},{"not_picked":["Hololive_Drill","Hololive_RevenueBasedLive+1","Hololive_CallYuzukiChoco+1","Hololive_Breathe+1","Hololive_BringToTrial"],"picked":"Hololive_HuntDinosaur","floor":18.0},{"not_picked":["Hololive_CandyCastle","Hololive_Trident","Hololive_CocoNews+1","Hololive_CallRoboco+1","Hololive_OvertimeWork","Hololive_FlyingPonyTail+1"],"picked":"SKIP","floor":22.0},{"not_picked":["Hololive_RevenueBasedLive+1","Hololive_CallOmaruPolka+1","Hololive_Breathe","Hololive_Sequa","Hololive_Rebound"],"picked":"Hololive_CocoNews+1","floor":23.0},{"not_picked":["Hololive_CallInugamiKorone+1","Hololive_RevenueBasedLive+1","Hololive_CallSakuraMiko+1","Hololive_CallShiranuiFlare+1","Hololive_CallOzoraSubaru+1"],"picked":"Hololive_LuckPotion","floor":24.0},{"not_picked":["Hololive_CallAyundaRisu+1","Hololive_Drill+1","Hololive_RevenueBasedLive","Hololive_CallUsadaPekora+1","Hololive_CocoNews"],"picked":"Hololive_CallShirakamiFubuki+1","floor":28.0},{"not_picked":["Hololive_Trident+1","Hololive_CallYogiri+1","Hololive_FlyingPonyTail+1","Hololive_Psychosis","Hololive_CocoNews","Hololive_OvertimeWork"],"picked":"SKIP","floor":29.0},{"not_picked":["Hololive_Breathe","Hololive_Sequa","Hololive_StrengthChampion","Hololive_Trident","Hololive_FlareMind","Hololive_Rebound"],"picked":"SKIP","floor":30.0},{"not_picked":["Hololive_CallShiroganeNoel+1","Hololive_SummonFox","Hololive_Psychosis","Hololive_CallTokinoSora+1","Hololive_Trident","Hololive_CallInugamiKorone+1"],"picked":"SKIP","floor":31.0},{"not_picked":["Hololive_Nanodesu","Hololive_ASMR","Hololive_DDD","Hololive_Rebirth","Hololive_HighAtkLowDef"],"picked":"Hololive_DiamondStrike","floor":33},{"not_picked":["Hololive_CallShirakamiFubuki+1","Hololive_CocoNews","Hololive_CallMinatoAqua+1","Hololive_CallRosalyn+1"],"picked":"SKIP","floor":35},{"not_picked":["Hololive_CallShirakamiFubuki+1","Hololive_CocoNews","Hololive_CallMinatoAqua+1"],"picked":"Hololive_CallRosalyn+1","floor":35},{"not_picked":["Hololive_Sequa+1","Hololive_Rebirth","Hololive_CocoNews+1","Hololive_CallInugamiKorone+1"],"picked":"SKIP","floor":36},{"not_picked":["Hololive_CallOzoraSubaru+1","Hololive_CallYozoraMel+1","Hololive_CallAkaiHaato+1","Hololive_HuntDinosaur"],"picked":"SKIP","floor":39},{"not_picked":["Hololive_MaximGun","Hololive_AWSL","Hololive_Nanodesu","Hololive_StarCraft"],"picked":"SKIP","floor":40},{"not_picked":["Hololive_CallOmaruPolka+1","Hololive_BringToTrial","Hololive_FlyingPonyTail+1","Hololive_LuckPotion"],"picked":"SKIP","floor":40},{"not_picked":["Hololive_Drill","Hololive_SummonFox","Hololive_Teleport+1"],"picked":"Hololive_Thief","floor":41},{"not_picked":["Hololive_Trident","Hololive_Spy+1","Hololive_Rebound","Hololive_CallShirakamiFubuki+1"],"picked":"SKIP","floor":45},{"not_picked":["Hololive_SoulCatcher+1","Hololive_RevenueBasedLive","Hololive_CallInugamiKorone+1","Hololive_CallAZKi+1"],"picked":"SKIP","floor":46},{"not_picked":["ReplayTheSpireMod:Haul","infinitespire:FinalStrike"],"picked":"infinitespire:DeathsTouch","floor":48},{"not_picked":["Hololive_HuntDinosaur+1","Hololive_Rebound+1","Hololive_ScarfAndHalo","Hololive_Trident+1"],"picked":"SKIP","floor":54}],"player_experience":323400,"relics_obtained":[{"floor":1.0,"key":"SynthV:TestCard"},{"floor":2.0,"key":"Frozen Egg 2"},{"floor":6.0,"key":"DemoMod:MemoryAlloy"},{"floor":9.0,"key":"Quantum Egg"},{"floor":20.0,"key":"hubris:DuctTape"},{"floor":23.0,"key":"reliquary:SharkskinSheath"},{"floor":31.0,"key":"Akabeko"},{"floor":40,"key":"StuffTheSpire:SapphireSignet"},{"floor":42,"key":"reliquary:JackalopeAntler"},{"floor":43,"key":"Anchor"},{"floor":46,"key":"War Paint"},{"floor":54,"key":"Toy Ornithopter"}],"event_choices":[{"damage_healed":0.0,"max_hp_gain":0.0,"max_hp_loss":0.0,"gold_gain":0.0,"event_name":"conspire:Investor","player_choice":"Leave","floor":3.0,"gold_loss":0.0,"damage_taken":0.0},{"damage_healed":0.0,"max_hp_gain":0.0,"max_hp_loss":0.0,"gold_gain":1.0,"event_name":"betterStone:BetterStone","player_choice":"1","floor":7.0,"gold_loss":0.0,"damage_taken":0.0},{"damage_healed":0.0,"max_hp_gain":0.0,"max_hp_loss":0.0,"gold_gain":0.0,"event_name":"Vampires","player_choice":"Ignored","floor":19.0,"gold_loss":0.0,"damage_taken":0.0}],"is_beta":false,"boss_relics":[{"not_picked":["hubris:VirtuousBlindfold","Astrolabe"],"picked":"conspire:RunicOctahedron"},{"not_picked":["Hololive_Finger","aspiration:DefectSkillbook"],"picked":"Busted Crown"}],"items_purged_floors":[13],"is_endless":false,"potions_floor_spawned":[2,11,14,16,23,24,29,30,35,40,45,54],"ascension_level":0}}