{"host":"by8i6f8xc0ywpsd5","time":1612373324,"event":{"mods":["BaseMod","Colored Map","Minty Spire (QoL Compilation)","Relic Stats"],"gold_per_floor":[109,123,143,16,16,16,46,46,46,46,79,79,93,112,112,190,190,202,15,15,31,31,31],"floor_reached":22,"language":"ENG","playtime":985,"items_purged":["Strike_R"],"score":388,"play_id":"b5876d00-9582-4395-9bfb-3d931c7dd717","local_time":"20210203192844","is_ascension_mode":true,"campfire_choices":[{"data":"Blood for Blood","floor":6,"key":"SMITH"},{"data":"True Grit","floor":8,"key":"SMITH"},{"data":"Dark Embrace","floor":12,"key":"SMITH"},{"data":"Bash","floor":15,"key":"SMITH"}],"circlet_count":0,"master_deck":["AscendersBane","Strike_R","Strike_R","Strike_R","Strike_R","Defend_R","Defend_R","Defend_R","Defend_R","Bash+1","Ghostly Armor","Blood for Blood+1","Second Wind","True Grit+1","Pommel Strike","Dark Embrace+1","Anger","Feed","CurseOfTheBell","Impervious","Disarm","True Grit","Carnage","Sentinel","Whirlwind"],"relics":["Burning Blood","Charon\u0027s Ashes","Eternal Feather","Orichalcum","Red Skull","Oddly Smooth Stone","Paper Frog","Calling Bell","Potion Belt","Mummified Hand","Prayer Wheel"],"acts_visited":["Exordium","TheCity"],"potions_floor_usage":[3,11,18],"damage_taken":[{"damage":2,"enemies":"Cultist","floor":1,"turns":4},{"damage":0,"enemies":"Small Slimes","floor":2,"turns":3},{"damage":2,"enemies":"Jaw Worm","floor":3,"turns":3},{"damage":20,"enemies":"3 Sentries","floor":7,"turns":5},{"damage":20,"enemies":"Gremlin Nob","floor":11,"turns":4},{"damage":14,"enemies":"Exordium Thugs","floor":13,"turns":4},{"damage":18,"enemies":"Looter","floor":14,"turns":4},{"damage":40,"enemies":"Slime Boss","floor":16,"turns":7},{"damage":14,"enemies":"Shell Parasite","floor":18,"turns":6},{"damage":5,"enemies":"Chosen","floor":21,"turns":5},{"damage":53,"enemies":"3 Cultists","floor":22,"turns":5}],"seed_played":"5101499155551079381","potions_obtained":[{"floor":2,"key":"SteroidPotion"},{"floor":3,"key":"ElixirPotion"},{"floor":16,"key":"Weak Potion"}],"is_trial":false,"path_per_floor":["M","M","M","$","?","R","E","R","T","T","E","R","M","M","R","B",null,"M","$","?","M","M"],"character_chosen":"IRONCLAD","items_purchased":["True Grit","Disarm","True Grit","Carnage"],"campfire_rested":0,"item_purchase_floors":[4,19,19,19],"current_hp_per_floor":[54,60,64,64,59,65,51,60,60,60,46,55,47,35,44,10,59,51,51,51,52,0,0],"gold":31,"neow_bonus":"ONE_RARE_RELIC","is_daily":false,"chose_seed":false,"campfire_upgraded":4,"win_rate":0.0,"timestamp":1612373324,"path_taken":["M","M","?","$","?","R","E","R","T","?","E","R","?","M","R","BOSS","M","$","?","M","M"],"items_purchased_type":["Card","Card","Card","Card"],"build_version":"2020-12-22","purchased_purges":1,"victory":false,"max_hp_per_floor":[75,75,75,75,75,75,75,75,75,75,75,75,75,75,75,75,75,75,75,75,75,75,75],"relic_stats":{"counters":[11,50],"Mummified Hand":[3],"Eternal Feather":33,"Prayer Wheel":2,"Charon\u0027s Ashes":[182],"Orichalcum":[78],"obtain_stats":[{"Calling Bell":17,"Potion Belt":17,"Mummified Hand":17,"Oddly Smooth Stone":10,"Eternal Feather":5,"Prayer Wheel":17,"Charon\u0027s Ashes":0,"Orichalcum":7,"Burning Blood":0,"Red Skull":9,"Paper Frog":11},{"Calling Bell":8,"Potion Belt":8,"Mummified Hand":8,"Oddly Smooth Stone":4,"Eternal Feather":3,"Prayer Wheel":8,"Charon\u0027s Ashes":0,"Orichalcum":4,"Burning Blood":0,"Red Skull":4,"Paper Frog":5},{"Calling Bell":34,"Potion Belt":34,"Mummified Hand":34,"Oddly Smooth Stone":15,"Eternal Feather":10,"Prayer Wheel":34,"Charon\u0027s Ashes":0,"Orichalcum":15,"Burning Blood":0,"Red Skull":15,"Paper Frog":19}],"Burning Blood":60},"card_choices":[{"not_picked":["Body Slam","Rage"],"picked":"Ghostly Armor","floor":1},{"not_picked":["Shrug It Off","Thunderclap"],"picked":"Blood for Blood","floor":2},{"not_picked":["Perfected Strike","Fire Breathing"],"picked":"Second Wind","floor":3},{"not_picked":["Flex","Sword Boomerang"],"picked":"Pommel Strike","floor":7},{"not_picked":["Bludgeon","Entrench"],"picked":"Dark Embrace","floor":11},{"not_picked":["Wild Strike","Armaments"],"picked":"Perfected Strike","floor":13},{"not_picked":["Flex","Warcry"],"picked":"Anger","floor":14},{"not_picked":["Fiend Fire","Immolate"],"picked":"Feed","floor":16},{"not_picked":["Spot Weakness","Second Wind"],"picked":"Impervious","floor":18},{"not_picked":["Dropkick","Clash","Warcry"],"picked":"SKIP","floor":18},{"not_picked":["Burning Pact","Body Slam"],"picked":"Sentinel","floor":21},{"not_picked":["Sword Boomerang","Dropkick"],"picked":"Whirlwind","floor":21}],"player_experience":1723269,"relics_obtained":[{"floor":7,"key":"Orichalcum"},{"floor":9,"key":"Red Skull"},{"floor":10,"key":"Oddly Smooth Stone"},{"floor":11,"key":"Paper Frog"},{"floor":17,"key":"Potion Belt"},{"floor":17,"key":"Mummified Hand"},{"floor":17,"key":"Prayer Wheel"}],"event_choices":[{"damage_healed":0,"gold_gain":0,"player_choice":"Success","damage_taken":5,"relics_obtained":["Eternal Feather"],"max_hp_gain":0,"max_hp_loss":0,"event_name":"Scrap Ooze","floor":5,"gold_loss":0},{"cards_removed":["Perfected Strike"],"damage_healed":0,"gold_gain":0,"player_choice":"Purged","damage_taken":0,"max_hp_gain":0,"max_hp_loss":0,"event_name":"Purifier","floor":20,"gold_loss":0}],"is_beta":false,"boss_relics":[{"not_picked":["Tiny House","Fusion Hammer"],"picked":"Calling Bell"}],"items_purged_floors":[4],"is_endless":false,"potions_floor_spawned":[2,3,16],"killed_by":"3 Cultists","ascension_level":20}}