{"host":"nsc6ozq3atyrdr3m","time":1612388294,"event":{"mods":["BaseMod","Colored Map","Minty Spire (QoL Compilation)"],"gold_per_floor":[117,117,133,133,148,148,163,163,189,189,216,232,267,267,267,344,344,355,408,408,408],"floor_reached":20,"language":"FRA","playtime":382,"items_purged":[],"score":344,"play_id":"6f54866a-7cd5-4afc-9725-4fdc724f253e","local_time":"20210203223814","is_ascension_mode":true,"campfire_choices":[{"data":"Heavy Blade","floor":6,"key":"SMITH"},{"floor":10,"key":"REST"},{"floor":15,"key":"REST"}],"circlet_count":0,"master_deck":["AscendersBane","Strike_R","Strike_R","Strike_R","Defend_R","Defend_R","Defend_R","Bash+1","Heavy Blade+1","Pommel Strike","Burning Pact","Brutality+1","Offering+1","Thunderclap+1","Spot Weakness"],"relics":["Velvet Choker","Anchor","Odd Mushroom","Nunchaku","Astrolabe","Omamori"],"acts_visited":["Exordium","TheCity"],"potions_floor_usage":[11,13,16,16],"damage_taken":[{"damage":2,"enemies":"Jaw Worm","floor":1,"turns":3},{"damage":6,"enemies":"Cultist","floor":3,"turns":3},{"damage":5,"enemies":"Small Slimes","floor":5,"turns":3},{"damage":11,"enemies":"3 Louse","floor":7,"turns":3},{"damage":0,"enemies":"The Mushroom Lair","floor":11,"turns":3},{"damage":0,"enemies":"Red Slaver","floor":12,"turns":3},{"damage":8,"enemies":"Gremlin Nob","floor":13,"turns":3},{"damage":63,"enemies":"The Guardian","floor":16,"turns":10},{"damage":38,"enemies":"3 Byrds","floor":18,"turns":6}],"seed_played":"-5869118781754276055","potions_obtained":[{"floor":1,"key":"SteroidPotion"},{"floor":3,"key":"Explosive Potion"},{"floor":12,"key":"SmokeBomb"},{"floor":14,"key":"DistilledChaos"},{"floor":14,"key":"DistilledChaos"}],"is_trial":false,"path_per_floor":["M","?","M","$","M","R","M","$","T","R","?","M","E","?","R","B",null,"M","T","?"],"character_chosen":"IRONCLAD","items_purchased":[],"campfire_rested":2,"item_purchase_floors":[],"current_hp_per_floor":[66,66,60,60,55,55,44,44,44,66,66,66,58,58,75,12,59,21,21,0,0],"gold":408,"neow_bonus":"BOSS_RELIC","is_daily":false,"chose_seed":false,"campfire_upgraded":1,"win_rate":0.0,"timestamp":1612388294,"path_taken":["M","?","?","$","M","R","M","$","T","R","?","M","E","?","R","BOSS","M","?","?"],"items_purchased_type":[],"build_version":"2020-12-22","purchased_purges":0,"victory":false,"max_hp_per_floor":[75,75,75,75,75,75,75,75,75,75,75,75,75,75,75,75,75,75,75,75,75],"card_choices":[{"not_picked":["Dual Wield","Thunderclap"],"picked":"Heavy Blade","floor":1},{"not_picked":["Wild Strike","Intimidate","Warcry"],"picked":"SKIP","floor":3},{"not_picked":["Clothesline","Infernal Blade"],"picked":"Pommel Strike","floor":5},{"not_picked":["Iron Wave","Clash","Second Wind"],"picked":"SKIP","floor":7},{"not_picked":["Shockwave","Armaments"],"picked":"Burning Pact","floor":11},{"not_picked":["Rampage","Pommel Strike","Dark Embrace"],"picked":"SKIP","floor":12},{"not_picked":["Pommel Strike","Armaments","Rampage"],"picked":"SKIP","floor":13},{"not_picked":["Body Slam","Clothesline"],"picked":"Spot Weakness","floor":18}],"player_experience":375116,"relics_obtained":[{"floor":9,"key":"Anchor"},{"floor":11,"key":"Odd Mushroom"},{"floor":13,"key":"Nunchaku"},{"floor":19,"key":"Omamori"}],"event_choices":[{"damage_healed":0,"gold_gain":0,"player_choice":"Upgraded","damage_taken":0,"max_hp_gain":0,"max_hp_loss":0,"event_name":"Upgrade Shrine","floor":2,"gold_loss":0,"cards_upgraded":["Bash"]},{"damage_healed":0,"gold_gain":0,"player_choice":"Fought Mushrooms","damage_taken":0,"max_hp_gain":0,"max_hp_loss":0,"event_name":"Mushrooms","floor":11,"gold_loss":0},{"damage_healed":0,"gold_gain":0,"player_choice":"Got Potions","damage_taken":0,"max_hp_gain":0,"max_hp_loss":0,"event_name":"Lab","floor":14,"gold_loss":0}],"is_beta":false,"boss_relics":[{"not_picked":["Ectoplasm","Runic Pyramid"],"picked":"Astrolabe"}],"items_purged_floors":[],"is_endless":false,"potions_floor_spawned":[1,3,12],"ascension_level":20}}