{"host":"p0hktren06injwdf","time":1612392845,"event":{"mods":["AchievementEnabler","BaseMod","Colored Map","DeckTracker","Minty Spire (QoL Compilation)","Permanent Neow","StSLib","SuperFastMode"],"gold_per_floor":[115,125,141,156,156,156,190,206,230,230,230],"floor_reached":10,"language":"KOR","playtime":196,"items_purged":[],"score":140,"play_id":"ef6630c5-df8a-4dda-b24a-5d247eedd253","local_time":"20210204075405","is_ascension_mode":true,"campfire_choices":[{"data":"Armaments","floor":6,"key":"SMITH"}],"circlet_count":0,"master_deck":["AscendersBane","Strike_R","Strike_R","Strike_R","Strike_R","Strike_R","Defend_R","Defend_R","Defend_R","Defend_R","Bash","Fiend Fire","Shrug It Off","Armaments+1","Flex","Cleave","Inflame","Power Through"],"relics":["Burning Blood","Ancient Tea Set","Pen Nib"],"acts_visited":["Exordium"],"potions_floor_usage":[7,10],"damage_taken":[{"damage":14,"enemies":"Small Slimes","floor":1,"turns":3},{"damage":6,"enemies":"2 Louse","floor":2,"turns":4},{"damage":0,"enemies":"Cultist","floor":3,"turns":3},{"damage":16,"enemies":"Exordium Thugs","floor":4,"turns":5},{"damage":15,"enemies":"3 Sentries","floor":7,"turns":7},{"damage":10,"enemies":"Large Slime","floor":8,"turns":6},{"damage":32,"enemies":"Gremlin Nob","floor":10,"turns":4}],"seed_played":"1091271287972799317","potions_obtained":[{"floor":2,"key":"SteroidPotion"},{"floor":4,"key":"Strength Potion"},{"floor":7,"key":"ElixirPotion"}],"is_trial":false,"path_per_floor":["M","M","M","M","$","R","E","M","T","E"],"character_chosen":"IRONCLAD","items_purchased":[],"campfire_rested":0,"item_purchase_floors":[],"current_hp_per_floor":[60,60,66,56,56,56,47,43,43,11,11],"gold":230,"neow_bonus":"ONE_RANDOM_RARE_CARD","is_daily":false,"chose_seed":false,"campfire_upgraded":1,"win_rate":0.0,"timestamp":1612392845,"path_taken":["M","M","M","M","$","R","E","M","T","E"],"items_purchased_type":[],"build_version":"2020-12-22","purchased_purges":0,"victory":false,"max_hp_per_floor":[75,75,75,75,75,75,75,75,75,75,75],"card_choices":[{"not_picked":["Intimidate","Iron Wave"],"picked":"Shrug It Off","floor":1},{"not_picked":["Warcry","Heavy Blade"],"picked":"Armaments","floor":2},{"not_picked":["Sword Boomerang","Headbutt"],"picked":"Flex","floor":3},{"not_picked":["Pommel Strike","Uppercut"],"picked":"Cleave","floor":4},{"not_picked":["Flame Barrier","Dual Wield"],"picked":"Inflame","floor":7},{"not_picked":["Hemokinesis","Clash"],"picked":"Power Through","floor":8}],"player_experience":1003125,"relics_obtained":[{"floor":7,"key":"Ancient Tea Set"},{"floor":9,"key":"Pen Nib"}],"event_choices":[],"is_beta":false,"boss_relics":[],"items_purged_floors":[],"is_endless":false,"potions_floor_spawned":[2,4,7],"killed_by":"Gremlin Nob","ascension_level":20}}