{"host":"6ve8qn5s1am4lo6s","time":1612363054,"event":{"mods":["AchievementEnabler","Act Like it!","BaseMod","Better Altar","Better Match","Better Note","Better Vampires","BetterRewards","CapriCore","Displayed Cursed Tome","Evolution","Minty Spire (QoL Compilation)","Permanent Neow","Relic Stats","StSLib","The Dragonkin"],"gold_per_floor":[110,128,47,47,47,47,81,109,132,149,206,206,206,206,206,309,309,323,323,340,0,0,10,30,30,57,71,91,91,91,116,116,221,221,235,235,252,303,77,77,111,111,135,154,0,12,12,62,62,62,62,62,14,42,42],"floor_reached":56,"language":"ENG","playtime":6012,"items_purged":["theDragonkin:Defend"],"score":1266,"play_id":"74948570-8b5e-4181-9a0a-5bf63afe968b","local_time":"20210203093734","is_ascension_mode":false,"campfire_choices":[{"data":"theDragonkin:StormFront","floor":6.0,"key":"SMITH"},{"data":"theDragonkin:DivineBreath","floor":13.0,"key":"SMITH"},{"data":"theDragonkin:DivineBreath","floor":15.0,"key":"SMITH"},{"data":"theDragonkin:MirrorBreath","floor":25.0,"key":"SMITH"},{"floor":30.0,"key":"RECALL"},{"data":"theDragonkin:Subdue","floor":32,"key":"SMITH"},{"data":"theDragonkin:Cauterize","floor":40,"key":"SMITH"},{"data":"theDragonkin:SandBreath","floor":42,"key":"SMITH"},{"data":"theDragonkin:DivineBreath","floor":47,"key":"SMITH"},{"data":"theDragonkin:BlazingBreath","floor":49,"key":"SMITH"},{"data":"theDragonkin:SandBreath","floor":52,"key":"SMITH"}],"circlet_count":0,"master_deck":["theDragonkin:Strike","theDragonkin:Strike+1","theDragonkin:Strike+1","theDragonkin:Defend","theDragonkin:Defend","theDragonkin:Defend","theDragonkin:HolySmite","theDragonkin:BlazingBreath+1","theDragonkin:ShieldBash","theDragonkin:Cauterize+1","theDragonkin:StormFront+1","theDragonkin:DeepBreath+1","theDragonkin:DivineBreath+1","theDragonkin:SandBreath+1","theDragonkin:Subdue+1","theDragonkin:DivineBreath+1","theDragonkin:MirrorBreath+1","theDragonkin:SandBreath+1","theDragonkin:ControlledBreath+1","theDragonkin:MiasmicBreath+1","theDragonkin:DivinePrayer+1","theDragonkin:LightArmor+1","theDragonkin:SandBreath+1","Writhe","theDragonkin:LightArmor+1","theDragonkin:SandBreath+1","theDragonkin:AcidArmor","theDragonkin:DivinePrayer+1","theDragonkin:MirrorBreath+1","theDragonkin:MirrorBreath+1","Doubt","theDragonkin:MiasmicBreath+1","theDragonkin:DivineBreath+1","theDragonkin:SandBreath+1"],"relics":["theDragonkin:GarnetScale","EVO:Axolotl","White Beast Statue","Nunchaku","Odd Mushroom","PreservedInsect","Cursed Key","Toxic Egg 2","Whetstone","MutagenicStrength","HornCleat","SacredBark","Du-Vu Doll","theDragonkin:EmberCore","Anchor","Red Mask","Unceasing Top","Mercury Hourglass"],"acts_visited":["Exordium","TheCity","TheBeyond","TheEnding"],"potions_floor_usage":[33,38,41,50,55],"damage_taken":[{"damage":6.0,"enemies":"2 Louse","floor":1.0,"turns":3.0},{"damage":2.0,"enemies":"Jaw Worm","floor":2.0,"turns":5.0},{"damage":52.0,"enemies":"Lagavulin","floor":7.0,"turns":11.0},{"damage":12.0,"enemies":"The Mushroom Lair","floor":8.0,"turns":6.0},{"damage":10.0,"enemies":"Small Slimes","floor":10.0,"turns":4.0},{"damage":14.0,"enemies":"Lagavulin Event","floor":11.0,"turns":6.0},{"damage":75.0,"enemies":"Hexaghost","floor":16.0,"turns":17.0},{"damage":34.0,"enemies":"2 Thieves","floor":18.0,"turns":4.0},{"damage":11.0,"enemies":"Chosen","floor":20.0,"turns":8.0},{"damage":20.0,"enemies":"Centurion and Healer","floor":23.0,"turns":6.0},{"damage":0.0,"enemies":"Shelled Parasite and Fungi","floor":24.0,"turns":7.0},{"damage":0.0,"enemies":"Snecko","floor":27.0,"turns":6.0},{"damage":0.0,"enemies":"Snake Plant","floor":28.0,"turns":5.0},{"damage":0.0,"enemies":"Book of Stabbing","floor":31.0,"turns":6.0},{"damage":0,"enemies":"Champ","floor":33,"turns":17},{"damage":12,"enemies":"Orb Walker","floor":35,"turns":5},{"damage":9,"enemies":"3 Shapes","floor":37,"turns":4},{"damage":9,"enemies":"2 Orb Walkers","floor":38,"turns":3},{"damage":0,"enemies":"Reptomancer","floor":41,"turns":3},{"damage":3,"enemies":"Writhing Mass","floor":44,"turns":6},{"damage":0,"enemies":"Spire Growth","floor":46,"turns":3},{"damage":0,"enemies":"Mind Bloom Boss Battle","floor":48,"turns":7},{"damage":8,"enemies":"TheAcolyte","floor":50,"turns":6},{"damage":0,"enemies":"Shield and Spear","floor":54,"turns":5},{"damage":64,"enemies":"The Heart","floor":55,"turns":10}],"seed_played":"-5271567363677980488","potions_obtained":[{"floor":7.0,"key":"SkillPotion"},{"floor":8.0,"key":"theDragonkin:DragonkinCommonPotion"},{"floor":10.0,"key":"DistilledChaos"},{"floor":11.0,"key":"theDragonkin:DragonkinCommonPotion"},{"floor":16.0,"key":"Fruit Juice"},{"floor":18.0,"key":"BlessingOfTheForge"},{"floor":20.0,"key":"FairyPotion"},{"floor":23.0,"key":"SpeedPotion"},{"floor":28.0,"key":"AttackPotion"},{"floor":31.0,"key":"FearPotion"},{"floor":33,"key":"Explosive Potion"},{"floor":35,"key":"LiquidMemories"},{"floor":38,"key":"AttackPotion"},{"floor":41,"key":"Energy Potion"},{"floor":46,"key":"CultistPotion"},{"floor":48,"key":"PowerPotion"},{"floor":54,"key":"Explosive Potion"}],"is_trial":false,"path_per_floor":["M","M","$","?","$","R","E","?","T","M","?","?","R","?","R","B",null,"M","?","M","$","?","M","M","R","T","M","M","?","R","E","R","B",null,"M","?","M","?","$","R","E","R","T","M","?","M","R","?","R","B",null,"R","$","E","B",null],"character_chosen":"THE_DRAGONKIN","items_purchased":["theDragonkin:DeepBreath","Toxic Egg 2","theDragonkin:MiasmicBreath+1","theDragonkin:DivinePrayer+1","theDragonkin:MirrorBreath+1","theDragonkin:SandBreath+1"],"campfire_rested":0,"item_purchase_floors":[3,21,21,21,39,53],"current_hp_per_floor":[79,85,85,78,78,78,26,29,29,34,35,63,63,63,63,8,90,71,71,75,75,75,70,70,70,70,70,70,70,70,70,70,85,90,78,78,81,72,72,72,72,72,72,84,84,84,84,90,90,82,90,90,90,90,41],"gold":42,"neow_bonus":"ONE_RANDOM_RARE_CARD","is_daily":false,"chose_seed":false,"campfire_upgraded":10,"win_rate":0.0,"timestamp":1612363054,"path_taken":["M","M","$","?","$","R","E","?","T","M","?","?","R","?","R","BOSS","M","?","M","$","?","M","M","R","T","M","M","?","R","E","R","BOSS","M","?","?","?","$","R","E","R","T","M","?","M","R","?","R","BOSS","R","$","E","BOSS"],"items_purchased_type":["Card","Relic","Card","Card","Card","Card"],"build_version":"2020-12-22","purchased_purges":1,"victory":true,"max_hp_per_floor":[85,85,85,85,85,85,85,85,85,85,85,85,85,85,85,90,90,90,90,90,90,90,90,90,90,90,90,90,90,90,90,90,90,90,90,90,90,90,90,90,90,90,90,90,90,90,90,90,90,90,90,90,90,90,90],"relic_stats":{"Nunchaku":[25],"counters":[25,163],"PreservedInsect":197,"Whetstone":["theDragonkin:Strike","theDragonkin:Strike"],"Cursed Key":2,"obtain_stats":[{"SacredBark":34,"PreservedInsect":11,"EVO:Axolotl":0,"Whetstone":26,"Odd Mushroom":8,"Cursed Key":17,"White Beast Statue":4,"Mercury Hourglass":54,"Du-Vu Doll":38,"theDragonkin:EmberCore":41,"Nunchaku":7,"Anchor":43,"HornCleat":31,"theDragonkin:GarnetScale":0,"MutagenicStrength":29,"Red Mask":45,"Toxic Egg 2":21,"Unceasing Top":48},{"SacredBark":15,"PreservedInsect":5,"EVO:Axolotl":0,"Whetstone":11,"Odd Mushroom":4,"Cursed Key":7,"White Beast Statue":2,"Mercury Hourglass":24,"Du-Vu Doll":18,"theDragonkin:EmberCore":19,"Nunchaku":3,"Anchor":19,"HornCleat":14,"theDragonkin:GarnetScale":0,"MutagenicStrength":13,"Red Mask":20,"Toxic Egg 2":9,"Unceasing Top":22},{"SacredBark":111,"PreservedInsect":29,"EVO:Axolotl":0,"Whetstone":77,"Odd Mushroom":25,"Cursed Key":52,"White Beast Statue":8,"Mercury Hourglass":153,"Du-Vu Doll":123,"theDragonkin:EmberCore":126,"Nunchaku":19,"Anchor":126,"HornCleat":94,"theDragonkin:GarnetScale":0,"MutagenicStrength":88,"Red Mask":132,"Toxic Egg 2":64,"Unceasing Top":142}],"Unceasing Top":[2],"Mercury Hourglass":[30]},"card_choices":[{"not_picked":["theDragonkin:FlameBreath","theDragonkin:FlameWard"],"picked":"theDragonkin:Cauterize","floor":1.0},{"not_picked":["theDragonkin:AncestralSeance","theDragonkin:SlowBurn"],"picked":"theDragonkin:StormFront","floor":2.0},{"not_picked":["theDragonkin:GoldenFlames","theDragonkin:CorrosiveBelch"],"picked":"theDragonkin:DivineBreath","floor":7.0},{"not_picked":["theDragonkin:Flashpoint","theDragonkin:Ashfall"],"picked":"theDragonkin:SandBreath","floor":8.0},{"not_picked":["theDragonkin:BurningRage","theDragonkin:Sizzle"],"picked":"theDragonkin:Subdue","floor":10.0},{"not_picked":["theDragonkin:EmberSwipe","theDragonkin:GoldenFlames"],"picked":"theDragonkin:DivineBreath","floor":11.0},{"not_picked":["theDragonkin:Subdue","theDragonkin:Smaugs_Smog"],"picked":"theDragonkin:MirrorBreath","floor":16.0},{"not_picked":["theDragonkin:FlameWard","theDragonkin:Flashpoint"],"picked":"theDragonkin:SandBreath","floor":18.0},{"not_picked":["theDragonkin:FlameWard","theDragonkin:Cauterize"],"picked":"theDragonkin:ControlledBreath+1","floor":20.0},{"not_picked":["theDragonkin:Sizzle+1","theDragonkin:EmberSwipe+1"],"picked":"theDragonkin:LightArmor+1","floor":23.0},{"not_picked":["theDragonkin:PlagueSwipe+1","theDragonkin:EmberSwipe"],"picked":"theDragonkin:SandBreath+1","floor":24.0},{"not_picked":["theDragonkin:AcidRain","theDragonkin:SlowBurn+1"],"picked":"theDragonkin:LightArmor+1","floor":27.0},{"not_picked":["theDragonkin:Sizzle+1","theDragonkin:DivineFire","theDragonkin:AcidBreath"],"picked":"SKIP","floor":28.0},{"not_picked":["theDragonkin:ChainsOfTruth","theDragonkin:FlameClaw","theDragonkin:BurningRage"],"picked":"SKIP","floor":31.0},{"not_picked":["theDragonkin:FlameWard+1","theDragonkin:HallowedGround+1"],"picked":"theDragonkin:SandBreath+1","floor":35},{"not_picked":["theDragonkin:FlameWard+1","theDragonkin:EmberSwipe"],"picked":"theDragonkin:AcidArmor","floor":37},{"not_picked":["theDragonkin:DivineJolt","theDragonkin:Cauterize+1"],"picked":"theDragonkin:DivinePrayer+1","floor":38},{"not_picked":["theDragonkin:DivineJolt","theDragonkin:MoltenBreath+1"],"picked":"theDragonkin:MirrorBreath+1","floor":41},{"not_picked":["theDragonkin:EmberSwipe","theDragonkin:ControlledBreath+1"],"picked":"theDragonkin:MiasmicBreath+1","floor":44},{"not_picked":["theDragonkin:FlameWard+1","theDragonkin:AcidBreath+1"],"picked":"theDragonkin:DivineBreath","floor":46},{"not_picked":["theDragonkin:EmberSwipe+1","theDragonkin:Flashpoint+1","theDragonkin:HolyBarrier+1"],"picked":"SKIP","floor":54}],"player_experience":247622,"relics_obtained":[{"floor":7.0,"key":"Nunchaku"},{"floor":8.0,"key":"Odd Mushroom"},{"floor":26.0,"key":"Whetstone"},{"floor":31.0,"key":"HornCleat"},{"floor":38,"key":"Du-Vu Doll"},{"floor":41,"key":"theDragonkin:EmberCore"},{"floor":43,"key":"Anchor"},{"floor":48,"key":"Unceasing Top"},{"floor":54,"key":"Mercury Hourglass"}],"event_choices":[{"damage_healed":0.0,"max_hp_gain":0.0,"max_hp_loss":0.0,"gold_gain":0.0,"event_name":"Scrap Ooze","player_choice":"Success","floor":4.0,"gold_loss":0.0,"damage_taken":7.0,"relics_obtained":["White Beast Statue"]},{"damage_healed":0.0,"max_hp_gain":0.0,"max_hp_loss":0.0,"gold_gain":0.0,"event_name":"Mushrooms","player_choice":"Fought Mushrooms","floor":8.0,"gold_loss":0.0,"damage_taken":0.0},{"damage_healed":0.0,"max_hp_gain":0.0,"max_hp_loss":0.0,"gold_gain":0.0,"event_name":"Dead Adventurer","player_choice":"Searched \u00272\u0027 times","floor":11.0,"gold_loss":0.0,"damage_taken":0.0,"relics_obtained":["PreservedInsect"]},{"damage_healed":28.0,"max_hp_gain":0.0,"max_hp_loss":0.0,"gold_gain":0.0,"event_name":"Big Fish","player_choice":"Banana","floor":12.0,"gold_loss":0.0,"damage_taken":0.0},{"cards_removed":["theDragonkin:Strike"],"damage_healed":0.0,"max_hp_gain":0.0,"max_hp_loss":0.0,"gold_gain":0.0,"event_name":"Purifier","player_choice":"Purged","floor":14.0,"gold_loss":0.0,"damage_taken":0.0},{"cards_removed":["theDragonkin:Strike"],"damage_healed":0.0,"max_hp_gain":0.0,"max_hp_loss":0.0,"gold_gain":0.0,"event_name":"betterNote:BetterNote","player_choice":"Give","floor":19.0,"gold_loss":0.0,"damage_taken":0.0,"cards_obtained":["Defend_P"]},{"damage_healed":0.0,"max_hp_gain":0.0,"max_hp_loss":0.0,"gold_gain":0.0,"event_name":"Drug Dealer","player_choice":"Inject Mutagens","floor":29.0,"gold_loss":0.0,"damage_taken":0.0,"relics_obtained":["MutagenicStrength"]},{"damage_healed":0,"gold_gain":0,"player_choice":"Upgraded","damage_taken":0,"max_hp_gain":0,"max_hp_loss":0,"event_name":"Upgrade Shrine","floor":36,"gold_loss":0,"cards_upgraded":["theDragonkin:DeepBreath"]},{"damage_healed":0,"gold_gain":0,"player_choice":"Fight","damage_taken":0,"max_hp_gain":0,"max_hp_loss":0,"event_name":"Mysterious Sphere","floor":38,"gold_loss":0},{"damage_healed":0,"gold_gain":0,"player_choice":"Paid","damage_taken":0,"relics_obtained":["Red Mask"],"max_hp_gain":0,"max_hp_loss":0,"event_name":"Tomb of Lord Red Mask","floor":45,"gold_loss":154},{"damage_healed":0,"gold_gain":0,"player_choice":"Fight","damage_taken":0,"max_hp_gain":0,"max_hp_loss":0,"event_name":"MindBloom","floor":48,"gold_loss":0}],"is_beta":false,"boss_relics":[{"not_picked":["Ectoplasm","theDragonkin:ObsidianScale"],"picked":"Cursed Key"},{"not_picked":["Tiny House","Runic Dome"],"picked":"SacredBark"}],"items_purged_floors":[39],"is_endless":false,"potions_floor_spawned":[7,8,10,11,16,18,20,23,24,27,28,31,33,35,37,38,41,44,46,48,54],"ascension_level":0}}