{"host":"sgwqwgbtco1nn2mb","time":1612368042,"event":{"mods":["ATMod(°¢èªMod)","Act Like it!","BaseMod","Downfall","Gensokyo","Minty Spire (QoL Compilation)","MostiFishMod","Quick Restart","Replay The Spire","RumiaBox-Â¶Ã×æ«µÄÉñÃØºÐ×Ó","StSLib","The Cursed","Waifu the Spire","¡¾¹¦ÄÜMod¡¿»ìãçÖ®»·ÐÞ¸´²¹¶¡","¡¾ÒÅÎï¿¨ÅÆ¡¿REMEMod"],"gold_per_floor":[-1301,-1290,-1272,-1259,-1239,-1206,-1206,-1206,-1181,-1181,-1131,-956,-945,-933,-917,-820,-820,-820,-803,47,47,59,59,140,171,171,188,207,207,238,256,270,365,365,365,375,392,176,231,231,231,250,279,295,323,323,323,119,133,133],"floor_reached":51,"language":"ZHS","playtime":1633,"items_purged":["Pain","Regret","bronze:Defend"],"score":1248,"play_id":"278aceea-cdc2-4135-b5c5-a07f11d9e16f","local_time":"20210204000042","is_ascension_mode":true,"campfire_choices":[{"floor":1,"key":"DIG"},{"data":"REME_AllRoundStrike","floor":8,"key":"SMITH"},{"data":"bronze:BugBarrage","floor":10,"key":"SMITH"},{"data":"Looming Evil","floor":18,"key":"PURGE"},{"data":"bronze:Mutator","floor":23,"key":"SMITH"},{"data":"bronze:Iterate","floor":26,"key":"SMITH"},{"data":"bronze:Virus","floor":29,"key":"SMITH"},{"floor":35,"key":"DIG"},{"data":"bronze:ClassDefault","floor":40,"key":"SMITH"},{"floor":46,"key":"RECALL"}],"circlet_count":0,"master_deck":["bronze:Strike+1","bronze:Strike+1","bronze:Strike+1","bronze:Strike+1","bronze:Defend","bronze:Defend","bronze:Defend+1","bronze:Replicate","bronze:Goto","REME_AllRoundStrike+1","bronze:BurnOut","bronze:Iterate","bronze:BugBarrage+1","bronze:FineTuning+1","bronze:ChosenStrike","bronze:Optimize","bronze:Boost","Voices","Doubt","bronze:Iterate+1","bronze:Separator","bronze:Mutator+1","bronze:DelayedSlice+1","Injury","Amnesia","Overencumbered","Gensokyo:AllTheWorldsEvil","Injury","bronze:WhirlingStrike+1","bronze:InfiniteBeams+1","bronze:Virus+1","bronze:Deprecate","Sickly","bronze:RecursiveStrike","downfall:Aged","bronze:Repair","bronze:GetLatest+1","bronze:InfiniteLoop","CurseOfTheBell","downfall:Icky","bronze:ClassDefault+1","bronze:Overload","bronze:Virus","bronze:Repair+1","bronze:Mutator","Doubt"],"relics":["bronze:BronzeCore","DaveBox","AT_ATBox","REME_ComplimentaryCards","SynthV:MejaisSoulstealer","ReplayTheSpireMod:Shallot","SecretRecord","GodSword3","ReplayTheSpireMod:TigerMarble","Ring of Fury","Ring of Greed","Membership Card","Smiling Mask","Empty Cage","DaCapo","ImprovedEquipment","Centennial Puzzle","ZombieArmy","Calling Bell","AT_BellDemon","Du-Vu Doll","Replay:Bottled Flurry","Turnip","Anchor","AT_LudenTempest","Replay:Bottled Eggs","Ginger","Ancient Tea Set","Oddly Smooth Stone","Calipers","MagicDraw4","Bag of Marbles","bronze:SilverBullet","FossilizedHelix","War Paint","Guardian:PocketSentry","AT_SpeedBoots"],"acts_visited":["Exordium","Exordium","TheBeyond"],"potions_floor_usage":[6,25,31,33,33,39,50,50,50],"damage_taken":[{"damage":11,"enemies":"Jaw Worm","floor":2,"turns":3},{"damage":0,"enemies":"2 Louse","floor":3,"turns":2},{"damage":0,"enemies":"Small Slimes","floor":4,"turns":1},{"damage":0,"enemies":"Blue Slaver","floor":5,"turns":2},{"damage":0,"enemies":"Gremlin Nob","floor":6,"turns":2},{"damage":6,"enemies":"3 Sentries","floor":9,"turns":2},{"damage":0,"enemies":"Large Slime","floor":13,"turns":1},{"damage":0,"enemies":"2 Fungi Beasts","floor":14,"turns":1},{"damage":0,"enemies":"Blue Slaver","floor":15,"turns":1},{"damage":0,"enemies":"WA_ARCHETYPE_RETAIN","floor":16,"turns":2},{"damage":0,"enemies":"Gensokyo:3_Dogs","floor":19,"turns":2},{"damage":0,"enemies":"downfall:FleeingMerchant","floor":20,"turns":4},{"damage":0,"enemies":"Gensokyo:Chomper","floor":22,"turns":1},{"damage":0,"enemies":"Gensokyo:Reisen","floor":25,"turns":2},{"damage":9,"enemies":"Gensokyo:Wraith","floor":27,"turns":3},{"damage":1,"enemies":"Gensokyo:Swordslinger","floor":28,"turns":2},{"damage":0,"enemies":"Gensokyo:Koishi","floor":30,"turns":2},{"damage":0,"enemies":"Gensokyo:Slime_Group","floor":31,"turns":1},{"damage":11,"enemies":"Gensokyo:Wraith","floor":32,"turns":3},{"damage":29,"enemies":"DF_ARCHETYPE_CLAW","floor":33,"turns":4},{"damage":0,"enemies":"3 Darklings","floor":36,"turns":1},{"damage":0,"enemies":"Orb Walker","floor":37,"turns":1},{"damage":0,"enemies":"2 Orb Walkers","floor":39,"turns":1},{"damage":0,"enemies":"Transient","floor":42,"turns":3},{"damage":9,"enemies":"Giant Head","floor":43,"turns":2},{"damage":0,"enemies":"Jaw Worm Horde","floor":44,"turns":1},{"damage":0,"enemies":"Reptomancer","floor":45,"turns":2},{"damage":0,"enemies":"Sphere and 2 Shapes","floor":49,"turns":1},{"damage":0,"enemies":"SI_POISON_ARCHETYPE","floor":50,"turns":2}],"seed_played":"5577812309819729686","potions_obtained":[{"floor":3,"key":"Fire Potion"},{"floor":9,"key":"Swift Potion"},{"floor":14,"key":"champ:CounterPotion"},{"floor":15,"key":"SteroidPotion"},{"floor":16,"key":"SteroidPotion"},{"floor":19,"key":"Toxic Potion"},{"floor":25,"key":"REME_GoldPotion"},{"floor":31,"key":"EssenceOfSteel"},{"floor":33,"key":"bronze:BurnAndBuffPotion"},{"floor":37,"key":"DistilledChaos"},{"floor":42,"key":"bronze:FreeFunctionsPotion"},{"floor":49,"key":"champ:CounterPotion"}],"is_trial":false,"path_per_floor":["R","M","M","M","M","E","T","R","E","R","?","?","M","M","M","B",null,"R","M","$","?","M","R","T","E","R","M","M","R","E","M","M","B",null,"R","M","M","$","?","R","T","M","E","M","E","R","?","$","M","B",null],"character_chosen":"THE_AUTOMATON","items_purchased":["DaCapo","bronze:InfiniteBeams+1","bronze:Turbo","Replay:Bottled Eggs","bronze:Virus","War Paint","Guardian:PocketSentry"],"campfire_rested":0,"item_purchase_floors":[20,20,20,38,38,48,48],"current_hp_per_floor":[70,59,59,59,59,59,59,59,53,53,53,53,53,53,53,53,70,70,70,70,70,70,70,70,70,70,61,60,60,60,60,60,31,70,70,70,70,70,70,70,70,70,61,61,70,70,70,70,70,70],"gold":133,"neow_bonus":"THREE_RARE_CARDS","is_daily":false,"chose_seed":false,"campfire_upgraded":6,"win_rate":0.0,"timestamp":1612368042,"path_taken":["R","M","M","M","M","E","T","R","E","R","?","?","M","M","M","BOSS","R","M","$","?","M","R","T","E","R","M","M","R","E","M","M","BOSS","R","M","M","$","?","R","T","M","E","M","E","R","?","$","M","BOSS"],"items_purchased_type":["Relic","Card","Card","Relic","Card","Relic","Relic"],"build_version":"2020-12-22","purchased_purges":3,"victory":true,"max_hp_per_floor":[70,70,70,70,70,70,70,70,70,70,70,70,70,70,70,70,70,70,70,70,70,70,70,70,70,70,70,70,70,70,70,70,70,70,70,70,70,70,70,70,70,70,70,70,70,70,70,70,70,70],"card_choices":[{"not_picked":["bronze:Break","bronze:Assembly"],"picked":"bronze:BurnOut","floor":0},{"not_picked":["bronze:OilSpill","bronze:Repulsor"],"picked":"bronze:Iterate","floor":2},{"not_picked":["bronze:ChildClass","bronze:Allocate"],"picked":"bronze:BugBarrage","floor":3},{"not_picked":["bronze:DelayedGuard","bronze:BronzeArmor"],"picked":"bronze:FineTuning","floor":4},{"not_picked":["bronze:Turbo","bronze:Fortify"],"picked":"bronze:ChosenStrike","floor":5},{"not_picked":["bronze:BitShift","bronze:FindAndReplace"],"picked":"bronze:Optimize","floor":6},{"not_picked":["bronze:ItsAFeature","bronze:Terminator"],"picked":"bronze:Boost","floor":9},{"not_picked":["bronze:ClassDefault","bronze:CutThrough","bronze:Constructor"],"picked":"SKIP","floor":13},{"not_picked":["bronze:Separator","bronze:OilSpill"],"picked":"bronze:Iterate","floor":14},{"not_picked":["bronze:Branch","bronze:OilSpill"],"picked":"bronze:Separator","floor":15},{"not_picked":["bronze:SpaghettiCode","bronze:Virus"],"picked":"bronze:Mutator","floor":16},{"not_picked":["bronze:FineTuning+1","bronze:Iterate"],"picked":"bronze:DelayedSlice+1","floor":19},{"not_picked":["bronze:Return","bronze:OilSpill"],"picked":"bronze:WhirlingStrike+1","floor":20},{"not_picked":["bronze:Branch","bronze:OilSpill+1"],"picked":"bronze:Deprecate","floor":22},{"not_picked":["bronze:InfiniteLoop","bronze:Repair+1"],"picked":"bronze:RecursiveStrike","floor":25},{"not_picked":["bronze:WhirlingStrike+1","bronze:Shield+1","bronze:Deprecate"],"picked":"SKIP","floor":27},{"not_picked":["bronze:Constructor+1","bronze:WildBeam","bronze:OilSpill+1"],"picked":"SKIP","floor":28},{"not_picked":["bronze:Flail","bronze:OilSpill","bronze:Invalidate"],"picked":"SKIP","floor":30},{"not_picked":["bronze:Allocate","bronze:SpaghettiCode"],"picked":"bronze:Repair","floor":31},{"not_picked":["bronze:DigitalCarnage+1","bronze:Invalidate+1"],"picked":"bronze:GetLatest+1","floor":32},{"not_picked":["bronze:CleanCode","bronze:Verify"],"picked":"bronze:InfiniteLoop","floor":33},{"not_picked":["bronze:DelayedGuard+1","bronze:Frontload+1"],"picked":"bronze:ClassDefault","floor":36},{"not_picked":["bronze:OilSpill+1","bronze:Overheat"],"picked":"bronze:Overload","floor":37},{"not_picked":["bronze:DigitalCarnage","bronze:Boost","bronze:Separator"],"picked":"SKIP","floor":42},{"not_picked":["bronze:Philosophize","bronze:OilSpill+1"],"picked":"bronze:Repair+1","floor":43},{"not_picked":["bronze:Branch+1","bronze:BitShift+1"],"picked":"bronze:Mutator","floor":44},{"not_picked":["bronze:DarkDash+1","bronze:Turbo+1","bronze:Constructor"],"picked":"SKIP","floor":45},{"not_picked":["bronze:DelayedSlice","bronze:BronzeOrb","bronze:Iterate+1"],"picked":"SKIP","floor":49}],"player_experience":506763,"relics_obtained":[{"floor":1,"key":"ReplayTheSpireMod:Shallot"},{"floor":6,"key":"SecretRecord"},{"floor":7,"key":"GodSword3"},{"floor":9,"key":"ReplayTheSpireMod:TigerMarble"},{"floor":11,"key":"Ring of Fury"},{"floor":11,"key":"Ring of Greed"},{"floor":11,"key":"Membership Card"},{"floor":11,"key":"Smiling Mask"},{"floor":24,"key":"ImprovedEquipment"},{"floor":25,"key":"Centennial Puzzle"},{"floor":30,"key":"ZombieArmy"},{"floor":34,"key":"AT_BellDemon"},{"floor":34,"key":"Du-Vu Doll"},{"floor":34,"key":"Replay:Bottled Flurry"},{"floor":35,"key":"Turnip"},{"floor":36,"key":"Anchor"},{"floor":37,"key":"AT_LudenTempest"},{"floor":39,"key":"Ginger"},{"floor":39,"key":"Ancient Tea Set"},{"floor":42,"key":"Oddly Smooth Stone"},{"floor":43,"key":"Calipers"},{"floor":43,"key":"MagicDraw4"},{"floor":44,"key":"Bag of Marbles"},{"floor":45,"key":"bronze:SilverBullet"},{"floor":45,"key":"FossilizedHelix"},{"floor":49,"key":"AT_SpeedBoots"}],"event_choices":[{"damage_healed":0,"gold_gain":0,"player_choice":"Fight","damage_taken":0,"max_hp_gain":0,"max_hp_loss":0,"event_name":"Mysterious Sphere","floor":39,"gold_loss":0}],"is_beta":false,"boss_relics":[{"not_picked":["AddBug","SacredBark"],"picked":"Empty Cage"},{"not_picked":["BloodWine","bronze:PlatinumCore"],"picked":"Calling Bell"}],"items_purged_floors":[20,38,48],"is_endless":false,"potions_floor_spawned":[3,9,14,15,16,19,25,31,33,37,42,49],"ascension_level":2}}