{"host":"7cp3z5w0tcrrm8ys","time":1612350053,"event":{"mods":["AchievementEnabler","BaseMod","DeckTracker","Minty Spire (QoL Compilation)","StSLib","SuperFastMode"],"gold_per_floor":[110,260,275,275,350,381,381,420,505,517,550,562,562],"floor_reached":12,"language":"KOR","playtime":158,"items_purged":[],"score":222,"play_id":"a066cfa7-d720-441d-b9e1-702dfda8a5de","local_time":"20210203200053","is_ascension_mode":true,"campfire_choices":[{"data":"Combust","floor":7,"key":"SMITH"},{"data":"Perfected Strike","floor":10,"key":"SMITH"}],"circlet_count":0,"master_deck":["AscendersBane","Strike_R","Strike_R","Strike_R","Strike_R","Strike_R","Defend_R","Defend_R","Defend_R","Defend_R","Bash","Perfected Strike+1","Doubt","Shrug It Off","Combust+1"],"relics":["Burning Blood","NeowsBlessing","Golden Idol","Strawberry","MawBank","Toxic Egg 2"],"acts_visited":["Exordium"],"potions_floor_usage":[],"damage_taken":[{"damage":0,"enemies":"Jaw Worm","floor":1,"turns":1},{"damage":0,"enemies":"Small Slimes","floor":3,"turns":1},{"damage":0,"enemies":"Lagavulin","floor":6,"turns":1},{"damage":32,"enemies":"3 Sentries","floor":8,"turns":7},{"damage":15,"enemies":"2 Louse","floor":11,"turns":3},{"damage":67,"enemies":"Gremlin Nob","floor":12,"turns":4}],"seed_played":"-2377244455228288551","potions_obtained":[],"is_trial":false,"path_per_floor":["M","?","M","?","?","E","R","E","T","R","M","E"],"character_chosen":"IRONCLAD","items_purchased":[],"campfire_rested":0,"item_purchase_floors":[],"current_hp_per_floor":[74,74,75,68,57,70,70,44,44,44,35,0,0],"gold":562,"neow_bonus":"THREE_ENEMY_KILL","is_daily":false,"chose_seed":false,"campfire_upgraded":2,"win_rate":0.0,"timestamp":1612350053,"path_taken":["M","?","M","?","?","E","R","E","T","R","M","E"],"items_purchased_type":[],"build_version":"2020-12-22","purchased_purges":0,"victory":false,"max_hp_per_floor":[75,75,75,68,68,75,75,75,75,75,75,75,75],"card_choices":[{"not_picked":["Shrug It Off","Flex"],"picked":"Perfected Strike","floor":1},{"not_picked":["Clash","Twin Strike"],"picked":"Shrug It Off","floor":3},{"not_picked":["Iron Wave","Hemokinesis"],"picked":"Combust","floor":6},{"not_picked":["Clothesline","Warcry","Clash"],"picked":"SKIP","floor":8},{"not_picked":["Anger","Heavy Blade","Metallicize"],"picked":"SKIP","floor":11}],"player_experience":806204,"relics_obtained":[{"floor":6,"key":"Strawberry"},{"floor":8,"key":"MawBank"},{"floor":9,"key":"Toxic Egg 2"}],"event_choices":[{"damage_healed":0,"gold_gain":150,"player_choice":"AGREE","damage_taken":0,"max_hp_gain":0,"max_hp_loss":0,"event_name":"Liars Game","floor":2,"gold_loss":0,"cards_obtained":["Doubt"]},{"damage_healed":0,"gold_gain":0,"player_choice":"Lose Max HP","damage_taken":0,"relics_obtained":["Golden Idol"],"max_hp_gain":0,"max_hp_loss":7,"event_name":"Golden Idol","floor":4,"gold_loss":0},{"damage_healed":0,"gold_gain":75,"player_choice":"Gather Gold","damage_taken":11,"max_hp_gain":0,"max_hp_loss":0,"event_name":"World of Goop","floor":5,"gold_loss":0}],"is_beta":false,"boss_relics":[],"items_purged_floors":[],"is_endless":false,"potions_floor_spawned":[],"killed_by":"Gremlin Nob","ascension_level":20}}