{"host":"vhu12qr9yy4p5pn7","time":1612319904,"event":{"mods":["Arknights","BaseMod","Decade(Õı–°√˜)","GungeonMod","KinomotoSakuraMod(ƒæ÷Æ±æ”£)","Kratos Character Expansion","Minty Spire (QoL Compilation)","Pikachu Mod","Reimu£®≤©¿ˆ¡È√Œ£©","Replay The Spire","StSLib","The Bug Knight","The Dragon Tamer","Warlord Emblem","Youmu£®ªÍ∆«—˝√Œ£©"],"gold_per_floor":[114,114,79,79,31,41,41,41,121,121,140,140,158,177,177,277,277,297,271,271,17,17,17],"floor_reached":22,"language":"ZHS","playtime":815,"items_purged":[],"score":174,"play_id":"addb19b7-c5bb-4a35-9aed-4af8cb789aff","local_time":"20210203103824","is_ascension_mode":false,"campfire_choices":[{"data":"WarlordEmblem:RuneStrike","floor":7,"key":"SMITH"},{"data":"WarlordEmblem:RuneStrike","floor":10,"key":"SMITH"},{"data":"WarlordEmblem:RuneStrike","floor":12,"key":"SMITH"},{"floor":15,"key":"REST"}],"circlet_count":0,"master_deck":["WarlordEmblem:RuneStrike+1","WarlordEmblem:RuneStrike+1","WarlordEmblem:RuneStrike+1","WarlordEmblem:RuneStrike","WarlordEmblem:Defend_DK+1","WarlordEmblem:Defend_DK","WarlordEmblem:Defend_DK","WarlordEmblem:RuneDefend","WarlordEmblem:RuneHeavyStrike","WarlordEmblem:RealmStorm","WarlordEmblem:CurseStrike","WarlordEmblem:Withstand","Defend_G","WarlordEmblem:DeathShake","WarlordEmblem:RunePerfusion","WarlordEmblem:FrostbiteStrike","WarlordEmblem:Hanging","WarlordEmblem:DeathContract","WarlordEmblem:HeartStrike","WarlordEmblem:DeathStrike","WarlordEmblem:FrozenWill","WarlordEmblem:FrozenWill"],"relics":["WarlordEmblem:RuneSword","WarlordEmblem:BloodRealm","Quantum Egg","Philosopher\u0027s Stone","Simple Rune"],"acts_visited":["Exordium","TheCity"],"potions_floor_usage":[],"damage_taken":[{"damage":6,"enemies":"Jaw Worm","floor":1,"turns":5},{"damage":0,"enemies":"Small Slimes","floor":6,"turns":3},{"damage":0,"enemies":"Cultist","floor":11,"turns":5},{"damage":25,"enemies":"Exordium Wildlife","floor":13,"turns":6},{"damage":6,"enemies":"3 Louse","floor":14,"turns":4},{"damage":74,"enemies":"Slime Boss","floor":16,"turns":12},{"damage":24,"enemies":"Shell Parasite","floor":18,"turns":7},{"damage":20,"enemies":"2 Thieves","floor":19,"turns":5},{"damage":52,"enemies":"3 Cultists","floor":22,"turns":4}],"seed_played":"-3957283339728113014","potions_obtained":[{"floor":1,"key":"DistilledChaos"},{"floor":6,"key":"DuplicationPotion"},{"floor":14,"key":"FearPotion"}],"is_trial":false,"path_per_floor":["M","?","?","?","$","M","R","?","T","R","M","R","M","M","R","B",null,"M","M","?","$","M"],"character_chosen":"DeathKnight","items_purchased":["WarlordEmblem:CurseStrike","WarlordEmblem:DeathStrike","WarlordEmblem:FrozenWill","Simple Rune"],"campfire_rested":1,"item_purchase_floors":[5,21,21,21],"current_hp_per_floor":[82,82,88,88,88,88,88,88,88,88,88,88,63,57,83,9,88,64,44,44,44,0,0],"gold":17,"neow_bonus":"TEN_PERCENT_HP_BONUS","is_daily":false,"chose_seed":false,"campfire_upgraded":3,"win_rate":0.0,"timestamp":1612319904,"path_taken":["M","?","?","?","$","M","R","?","T","R","?","R","M","M","R","BOSS","M","M","?","$","M"],"items_purchased_type":["Card","Card","Card","Relic"],"build_version":"2020-12-22","purchased_purges":0,"victory":false,"max_hp_per_floor":[88,88,88,88,88,88,88,88,88,88,88,88,88,88,88,88,88,88,88,88,88,89,89],"card_choices":[{"not_picked":["WarlordEmblem:EvilWorm","WarlordEmblem:DeathGateway"],"picked":"WarlordEmblem:RealmStorm","floor":1},{"not_picked":["WarlordEmblem:BlackCommand","WarlordEmblem:RuneDiffer"],"picked":"WarlordEmblem:Withstand","floor":6},{"not_picked":["WarlordEmblem:FrostbiteStrike","WarlordEmblem:BloodSacrifice"],"picked":"WarlordEmblem:DeathShake","floor":11},{"not_picked":["WarlordEmblem:CurseStrike","WarlordEmblem:VoidDefend"],"picked":"WarlordEmblem:RunePerfusion","floor":13},{"not_picked":["WarlordEmblem:RuneMelter","WarlordEmblem:RuneRecast"],"picked":"WarlordEmblem:FrostbiteStrike","floor":14},{"not_picked":["WarlordEmblem:RuneMultiplex","WarlordEmblem:RuneIndex"],"picked":"WarlordEmblem:Hanging","floor":16},{"not_picked":["WarlordEmblem:UltimateCold","WarlordEmblem:DeathShake"],"picked":"WarlordEmblem:DeathContract","floor":18},{"not_picked":["WarlordEmblem:RuneExplode","WarlordEmblem:LichBody"],"picked":"WarlordEmblem:HeartStrike","floor":19}],"player_experience":164627,"relics_obtained":[{"floor":9,"key":"Quantum Egg"}],"event_choices":[{"damage_healed":0,"gold_gain":0,"player_choice":"Ignored","damage_taken":0,"max_hp_gain":0,"max_hp_loss":0,"event_name":"Liars Game","floor":2,"gold_loss":0},{"damage_healed":22,"gold_gain":0,"player_choice":"Healed","damage_taken":0,"max_hp_gain":0,"max_hp_loss":0,"event_name":"The Cleric","floor":3,"gold_loss":35},{"cards_removed":["WarlordEmblem:Defend_DK"],"damage_healed":0,"gold_gain":0,"player_choice":"Took Card","damage_taken":0,"max_hp_gain":0,"max_hp_loss":0,"event_name":"NoteForYourself","floor":8,"gold_loss":0,"cards_obtained":["Defend_G"]},{"damage_healed":0,"gold_gain":0,"player_choice":"Ignored","damage_taken":0,"max_hp_gain":0,"max_hp_loss":0,"event_name":"Vampires","floor":20,"gold_loss":0}],"is_beta":false,"boss_relics":[{"not_picked":["Replay:Ancient Bell","Sozu"],"picked":"Philosopher\u0027s Stone"}],"items_purged_floors":[],"is_endless":false,"potions_floor_spawned":[1,6,14,16,18],"killed_by":"3 Cultists","ascension_level":0}}