{"host":"ufl0k2so27eic2iy","time":1612358381,"event":{"mods":["BaseMod","Downfall","Minty Spire (QoL Compilation)","StSLib","The Animator"],"gold_per_floor":[226,226,78,92,92,118,118,147,172,172,211,251,251,270,270,345,345,367,367,367,267,314,353,353,393,419,419,451,472,506,57,57,138,138,170,12,0,18,35,35,39,59,59,59,92,92,130,130,154,154,166,166,166,98,128,132],"floor_reached":57,"language":"ENG","playtime":3835,"items_purged":["animator:Strike","animator:Strike"],"score":2115,"play_id":"e5fe9d6b-4bc6-4428-84f7-01f100eb1f5e","local_time":"20210203131941","is_ascension_mode":true,"campfire_choices":[{"data":"animator:KrulTepes","floor":7,"key":"SMITH"},{"data":"animator:DwarfShaman","floor":10,"key":"SMITH"},{"data":"animator:Mikaela","floor":15,"key":"SMITH"},{"data":"animator:GoblinSlayer","floor":27,"key":"SMITH"},{"data":"animator:MasamiIwasawa","floor":32,"key":"SMITH"},{"data":"animator:Guren","floor":40,"key":"SMITH"},{"floor":43,"key":"RECALL"},{"data":"animator:ShidoItsuka","floor":48,"key":"SMITH"},{"data":"animator:LizardPriest","floor":50,"key":"SMITH"},{"data":"animator:HiiragiShinya","floor":53,"key":"SMITH"}],"circlet_count":0,"master_deck":["AscendersBane","animator:Strike_GoblinSlayer","animator:Defend_GoblinSlayer","animator:Defend","animator:Defend","animator:Defend","animator:LizardPriest+1","animator:DwarfShaman+1","animator:Witch","animator:KrulTepes+1","animator:HighElfArcher","animator:Mikaela+1","animator:GuildGirl","animator:Nanami+1","animator:Mitsuba","animator:GoblinSlayer+1","animator:Yuuichirou","animator:Eve","animator:Priestess","animator:Spearman","animator:HiiragiShinya+1","animator:MasamiIwasawa+1","animator:Yusa","animator:Shinoa","animator:Guren+1","animator:ShidoItsuka+1","animator:Togame","animator:HiiragiShinya","animator:Shichika"],"relics":["animator:LivingPicture","animator:TheMissingPiece","Orichalcum","Guardian:PocketSentry","Regal Pillow","Velvet Choker","Anchor","animator:Buoy","Akabeko","Bag of Marbles","Gremlin Horn","animator:MantleOfTheStrategist","Potion Belt","animator:ExquisiteBloodVial","animator:HolyGrailRelic","Red Mask","Dead Branch","Mango","hexamod:Sixitude"],"acts_visited":["Exordium","TheCity","TheBeyond","TheEnding"],"potions_floor_usage":[6,8,23,25,25,25,30,33,49,55,55,56,56,56],"damage_taken":[{"damage":0.0,"enemies":"Jaw Worm","floor":1.0,"turns":5.0},{"damage":9,"enemies":"Cultist","floor":4,"turns":6},{"damage":1,"enemies":"Lagavulin","floor":6,"turns":9},{"damage":2,"enemies":"2 Louse","floor":8,"turns":3},{"damage":13,"enemies":"3 Sentries","floor":11,"turns":8},{"damage":0,"enemies":"Exordium Wildlife","floor":12,"turns":6},{"damage":8,"enemies":"Large Slime","floor":14,"turns":4},{"damage":2,"enemies":"The Guardian","floor":16,"turns":11},{"damage":4,"enemies":"Shell Parasite","floor":18,"turns":5},{"damage":8,"enemies":"2 Thieves","floor":22,"turns":4},{"damage":10,"enemies":"Book of Stabbing","floor":23,"turns":7},{"damage":0,"enemies":"animator:HornedBat","floor":25,"turns":8},{"damage":3,"enemies":"Gremlin Leader","floor":28,"turns":7},{"damage":10,"enemies":"Snake Plant","floor":29,"turns":3},{"damage":11,"enemies":"Book of Stabbing","floor":30,"turns":5},{"damage":29,"enemies":"Automaton","floor":33,"turns":10},{"damage":4,"enemies":"3 Darklings","floor":35,"turns":5},{"damage":0,"enemies":"Orb Walker","floor":38,"turns":3},{"damage":11,"enemies":"Writhing Mass","floor":39,"turns":9},{"damage":30,"enemies":"animator:KrulTepes","floor":41,"turns":10},{"damage":4,"enemies":"Spire Growth","floor":42,"turns":6},{"damage":7,"enemies":"Nemesis","floor":45,"turns":7},{"damage":2,"enemies":"Reptomancer","floor":47,"turns":5},{"damage":4,"enemies":"Sphere and 2 Shapes","floor":49,"turns":5},{"damage":30,"enemies":"Awakened One","floor":51,"turns":11},{"damage":46,"enemies":"Shield and Spear","floor":55,"turns":10},{"damage":65,"enemies":"The Heart","floor":56,"turns":8}],"seed_played":"3569734938675953416","potions_obtained":[{"floor":4,"key":"FearPotion"},{"floor":6,"key":"FearPotion"},{"floor":25,"key":"LiquidMemories"},{"floor":28,"key":"animator:FalseLifePotion"},{"floor":30,"key":"SkillPotion"},{"floor":35,"key":"ColorlessPotion"},{"floor":42,"key":"Energy Potion"},{"floor":49,"key":"Fruit Juice"},{"floor":55,"key":"animator:GrowthPotion"}],"is_trial":false,"path_per_floor":["M","?","$","M","?","E","R","M","T","R","E","M","?","M","R","B",null,"M","?","?","$","M","E","$","E","T","R","E","M","E","$","R","B",null,"M","$","?","M","M","R","M","M","R","T","E","?","E","R","M","R","B",null,"R","$","E","B",null],"character_chosen":"THE_ANIMATOR","items_purchased":["animator:KrulTepes","animator:MantleOfTheStrategist","Potion Belt","animator:Guren","animator:Shichika"],"campfire_rested":0,"item_purchase_floors":[3,31,31,36,54],"current_hp_per_floor":[54,54,54,46,37,36,36,36,36,36,25,29,29,25,25,28,54,54,54,54,54,50,46,46,52,52,52,57,54,51,51,51,32,64,70,70,70,76,67,67,50,65,65,65,77,88,106,106,113,113,92,112,112,112,78,37],"gold":132,"neow_bonus":"HUNDRED_GOLD","is_daily":false,"chose_seed":true,"campfire_upgraded":9,"win_rate":0.0,"timestamp":1612358381,"path_taken":["M","?","$","M","?","E","R","M","T","R","E","?","?","?","R","BOSS","M","?","?","$","M","E","$","E","T","R","E","M","E","?","R","BOSS","M","$","?","M","M","R","M","R","T","E","?","E","R","M","R","BOSS","R","$","E","BOSS"],"items_purchased_type":["Card","Relic","Relic","Card","Card"],"build_version":"2020-12-22","purchased_purges":2,"victory":true,"max_hp_per_floor":[60,60,60,61,61,61,61,61,61,61,61,61,61,61,61,62,62,62,62,62,62,62,64,64,64,64,64,64,64,64,64,64,64,72,74,74,74,76,78,78,80,84,84,84,88,88,106,106,115,115,119,119,119,119,118,118],"card_choices":[{"not_picked":["animator:HidekiHinata","animator:Ara"],"picked":"animator:Witch","floor":1.0},{"not_picked":["animator:Mikaela","animator:Raven"],"picked":"animator:HighElfArcher","floor":4},{"not_picked":["animator:Ara","animator:NiaHonjou"],"picked":"animator:Mikaela","floor":6},{"not_picked":["animator:LizardPriest","animator:HighElfArcher"],"picked":"animator:GuildGirl","floor":8},{"not_picked":["animator:TsurugaMeisai","animator:Konayuki"],"picked":"animator:Nanami","floor":11},{"not_picked":["animator:Add","animator:Lu"],"picked":"animator:RoyMustang","floor":12},{"not_picked":["animator:GuildGirl","animator:ElricEdward"],"picked":"animator:Mitsuba","floor":14},{"not_picked":["animator:AyatoNaoi","animator:Elesis"],"picked":"animator:GoblinSlayer","floor":16},{"not_picked":["animator:Shinoa","animator:Mitsuba"],"picked":"animator:Yuuichirou","floor":18},{"not_picked":["animator:Hitei","animator:Ara"],"picked":"animator:Priestess","floor":22},{"not_picked":["animator:Noda","animator:Shinoa"],"picked":"animator:Spearman","floor":23},{"not_picked":["animator:Shigure","animator:Ain","animator:Elesis"],"picked":"SKIP","floor":25},{"not_picked":["animator:KrulTepes","animator:Mikaela"],"picked":"animator:HiiragiShinya","floor":28},{"not_picked":["animator:GuildGirl+1","animator:HidekiHinata"],"picked":"animator:MasamiIwasawa","floor":29},{"not_picked":["animator:Noda+1","animator:Emonzaemon"],"picked":"animator:Yusa","floor":30},{"not_picked":["animator:Ara","animator:Konayuki"],"picked":"animator:Shinoa","floor":35},{"not_picked":["animator:MikuIzayoi","animator:ReineMurasame"],"picked":"animator:ShidoItsuka","floor":38},{"not_picked":["animator:Elsword","animator:Mitsuba","animator:OrigamiTobiichi"],"picked":"SKIP","floor":39},{"not_picked":["animator:Emonzaemon","animator:Konayuki+1","animator:Shinoa"],"picked":"SKIP","floor":42},{"not_picked":["animator:HidekiHinata","animator:Elsword"],"picked":"animator:Togame","floor":45},{"not_picked":["animator:CrowleyEusford","animator:Mitsuba"],"picked":"animator:HiiragiShinya","floor":47},{"not_picked":["animator:Konayuki","animator:GuildGirl","animator:Natsumi"],"picked":"SKIP","floor":49},{"not_picked":["animator:Elsword+1","animator:MaesHughes","animator:Godan+1"],"picked":"SKIP","floor":55}],"player_experience":2784760,"relics_obtained":[{"floor":6,"key":"Blood Vial"},{"floor":6,"key":"Orichalcum"},{"floor":9,"key":"Guardian:PocketSentry"},{"floor":11,"key":"Blood Vial"},{"floor":11,"key":"Regal Pillow"},{"floor":23,"key":"Blood Vial"},{"floor":23,"key":"Anchor"},{"floor":25,"key":"Blood Vial"},{"floor":25,"key":"animator:Buoy"},{"floor":26,"key":"Akabeko"},{"floor":28,"key":"Bag of Marbles"},{"floor":30,"key":"Blood Vial"},{"floor":30,"key":"Gremlin Horn"},{"floor":33,"key":"animator:ExquisiteBloodVial"},{"floor":45,"key":"Dead Branch"},{"floor":47,"key":"Mango"},{"floor":55,"key":"Blood Vial"},{"floor":55,"key":"hexamod:Sixitude"}],"event_choices":[{"cards_removed":["animator:Strike"],"damage_healed":0,"gold_gain":0,"player_choice":"Forget","damage_taken":0,"max_hp_gain":0,"max_hp_loss":0,"event_name":"Living Wall","floor":2,"gold_loss":0},{"damage_healed":0,"gold_gain":0,"player_choice":"Damaged","damage_taken":9,"max_hp_gain":0,"max_hp_loss":0,"event_name":"Wheel of Change","floor":5,"gold_loss":0},{"damage_healed":0,"gold_gain":0,"player_choice":"Upgraded","damage_taken":0,"max_hp_gain":0,"max_hp_loss":0,"event_name":"Upgrade Shrine","floor":13,"gold_loss":0,"cards_upgraded":["animator:Nanami"]},{"damage_healed":0,"gold_gain":0,"player_choice":"Read","damage_taken":0,"max_hp_gain":0,"max_hp_loss":0,"event_name":"The Library","floor":20,"gold_loss":0,"cards_obtained":["animator:Eve"]},{"damage_healed":0,"gold_gain":0,"player_choice":"Paid","damage_taken":0,"relics_obtained":["Red Mask"],"max_hp_gain":0,"max_hp_loss":0,"event_name":"Tomb of Lord Red Mask","floor":37,"gold_loss":12},{"cards_removed":["animator:RoyMustang"],"damage_healed":11,"gold_gain":0,"player_choice":"Offered Uncommon","damage_taken":0,"max_hp_gain":0,"max_hp_loss":0,"event_name":"Bonfire Elementals","floor":46,"gold_loss":0}],"is_beta":false,"boss_relics":[{"not_picked":["Calling Bell","bronze:MakeshiftBattery"],"picked":"Velvet Choker"},{"not_picked":["Tiny House","SacredBark"],"picked":"animator:HolyGrailRelic"}],"items_purged_floors":[3,21],"is_endless":false,"potions_floor_spawned":[4,6,8,16,25,28,29,30,35,38,42,45,49,55],"ascension_level":15}}