{"host":"seujf6kmfn3ctpoe","time":1612354727,"event":{"mods":["BaseMod","Colored Map","Minty Spire (QoL Compilation)","Permanent Neow","Relic Sorter","Relic Stats","StSLib"],"gold_per_floor":[218,17,35,135,153,181,181,195,195,222,241,253,263,263,263,365,365,376,389,389,389,61,89,99,115,115,115,57,89,133,160,172,283,295,318,346,409,42,42,42,55,55,55,55,71,87,87,100,100,100],"floor_reached":51,"language":"ENG","playtime":3075,"items_purged":[],"score":711,"play_id":"7c111b80-e114-4d9b-acd0-16e26ec2cb15","local_time":"20210203131847","is_ascension_mode":true,"campfire_choices":[{"data":"Shockwave","floor":7,"key":"SMITH"},{"data":"Body Slam","floor":15,"key":"SMITH"},{"floor":32,"key":"REST"},{"data":"Entrench","floor":40,"key":"SMITH"},{"data":"Juggernaut","floor":42,"key":"SMITH"},{"data":"Uppercut","floor":44,"key":"SMITH"},{"floor":49,"key":"REST"}],"circlet_count":0,"master_deck":["Strike_R","Strike_R","Strike_R","Strike_R","Strike_R","Defend_R","Defend_R","Defend_R","Defend_R","Bash","Shockwave+1","Shrug It Off","Shrug It Off","Body Slam+1","Seeing Red","Dropkick","Uppercut+1","Juggernaut+1","Necronomicurse","Entrench+1","True Grit+1","Rage+1","Disarm+1","Juggernaut+1","Dropkick+1","Shrug It Off+1","Metallicize","Sentinel","Blind","Seeing Red+1"],"relics":["Burning Blood","Tiny Chest","Bird Faced Urn","StoneCalendar","Blue Candle","Nunchaku","Sozu","Necronomicon","Kunai","Ornamental Fan","Matryoshka","Gremlin Horn","The Courier","MawBank","Blood Vial","Philosopher\u0027s Stone","Peace Pipe","TheAbacus","Pantograph","InkBottle","HornCleat","Pear"],"acts_visited":["Exordium","TheCity","TheBeyond"],"potions_floor_usage":[10,18,31],"damage_taken":[{"damage":6,"enemies":"Cultist","floor":1,"turns":3},{"damage":0,"enemies":"2 Louse","floor":3,"turns":5},{"damage":1,"enemies":"Jaw Worm","floor":5,"turns":5},{"damage":23,"enemies":"Gremlin Nob","floor":6,"turns":5},{"damage":8,"enemies":"3 Louse","floor":8,"turns":4},{"damage":11,"enemies":"3 Sentries","floor":10,"turns":7},{"damage":18,"enemies":"Gremlin Gang","floor":11,"turns":5},{"damage":0,"enemies":"2 Fungi Beasts","floor":12,"turns":5},{"damage":8,"enemies":"Red Slaver","floor":13,"turns":4},{"damage":30,"enemies":"Hexaghost","floor":16,"turns":11},{"damage":8,"enemies":"Shell Parasite","floor":18,"turns":6},{"damage":5,"enemies":"3 Byrds","floor":19,"turns":6},{"damage":31,"enemies":"Slavers","floor":23,"turns":7},{"damage":6,"enemies":"Shelled Parasite and Fungi","floor":24,"turns":4},{"damage":10,"enemies":"Centurion and Healer","floor":25,"turns":6},{"damage":5,"enemies":"Chosen and Byrds","floor":29,"turns":6},{"damage":37,"enemies":"Book of Stabbing","floor":30,"turns":7},{"damage":7,"enemies":"Snake Plant","floor":31,"turns":4},{"damage":26,"enemies":"Champ","floor":33,"turns":10},{"damage":41,"enemies":"3 Darklings","floor":35,"turns":4},{"damage":0,"enemies":"Orb Walker","floor":36,"turns":3},{"damage":23,"enemies":"2 Orb Walkers","floor":37,"turns":4},{"damage":21,"enemies":"Jaw Worm Horde","floor":41,"turns":5},{"damage":12,"enemies":"Sphere and 2 Shapes","floor":45,"turns":4},{"damage":0,"enemies":"3 Darklings","floor":46,"turns":6},{"damage":14,"enemies":"Maw","floor":48,"turns":6},{"damage":49,"enemies":"Donu and Deca","floor":50,"turns":8}],"seed_played":"-8187118876255624558","potions_obtained":[{"floor":1,"key":"BlessingOfTheForge"},{"floor":6,"key":"DistilledChaos"},{"floor":13,"key":"GamblersBrew"}],"is_trial":false,"path_per_floor":["M","$","M","?","M","E","R","M","T","E","M","M","M","T","R","B",null,"M","M","?","?","$","E","M","M","T","T","?","M","E","M","R","B",null,"M","M","?","$","T","R","M","R","T","R","M","M","?","M","R","B",null],"character_chosen":"IRONCLAD","items_purchased":["Tiny Chest","Shrug It Off","Kunai","Entrench","Metallicize","TheAbacus","Pantograph"],"campfire_rested":2,"item_purchase_floors":[2,2,22,22,38,38,38],"current_hp_per_floor":[80,80,80,80,80,63,63,61,61,56,44,50,48,48,48,24,80,78,80,64,64,64,41,41,39,39,39,39,42,13,16,40,24,80,47,57,46,46,46,46,39,39,49,49,51,63,63,61,88,51],"gold":100,"neow_bonus":"HUNDRED_GOLD","is_daily":false,"chose_seed":false,"campfire_upgraded":5,"win_rate":0.0,"timestamp":1612354727,"path_taken":["M","$","?","?","M","E","R","M","T","E","M","M","?","?","R","BOSS","M","M","?","?","$","E","?","M","T","?","?","?","E","M","R","BOSS","M","M","?","$","?","R","M","R","T","R","M","?","?","M","R","BOSS"],"items_purchased_type":["Relic","Card","Relic","Card","Card","Relic","Relic"],"build_version":"2020-12-22","purchased_purges":0,"victory":true,"max_hp_per_floor":[80,80,80,80,80,80,80,80,80,80,80,80,80,80,80,80,80,80,80,80,80,80,80,80,80,80,80,80,80,80,80,80,80,80,80,80,80,80,80,80,80,80,90,90,90,90,90,90,90,90],"relic_stats":{"Gremlin Horn":[13,13],"counters":[27,150],"Blue Candle":[0],"StoneCalendar":[221],"MawBank":120,"Burning Blood":150,"Sozu":7,"Blood Vial":16,"Peace Pipe":0,"Nunchaku":[20],"TheAbacus":[24],"Ornamental Fan":[132],"Bird Faced Urn":[46],"Pantograph":2,"Tiny Chest":3,"Necronomicon":[30],"Kunai":[37],"obtain_stats":[{"Pear":43,"Gremlin Horn":27,"Blue Candle":10,"StoneCalendar":9,"The Courier":27,"MawBank":28,"Burning Blood":0,"Sozu":17,"Blood Vial":30,"Peace Pipe":37,"Nunchaku":14,"Matryoshka":26,"TheAbacus":38,"HornCleat":39,"Ornamental Fan":23,"Bird Faced Urn":6,"Pantograph":38,"Tiny Chest":2,"Philosopher\u0027s Stone":34,"Necronomicon":20,"Kunai":22,"InkBottle":39},{"Pear":23,"Gremlin Horn":15,"Blue Candle":6,"StoneCalendar":5,"The Courier":15,"MawBank":15,"Burning Blood":0,"Sozu":10,"Blood Vial":17,"Peace Pipe":22,"Nunchaku":9,"Matryoshka":15,"TheAbacus":22,"HornCleat":22,"Ornamental Fan":13,"Bird Faced Urn":4,"Pantograph":22,"Tiny Chest":1,"Philosopher\u0027s Stone":19,"Necronomicon":12,"Kunai":12,"InkBottle":22},{"Pear":126,"Gremlin Horn":83,"Blue Candle":29,"StoneCalendar":22,"The Courier":83,"MawBank":83,"Burning Blood":0,"Sozu":54,"Blood Vial":96,"Peace Pipe":121,"Nunchaku":43,"Matryoshka":83,"TheAbacus":121,"HornCleat":121,"Ornamental Fan":73,"Bird Faced Urn":18,"Pantograph":121,"Tiny Chest":3,"Philosopher\u0027s Stone":110,"Necronomicon":66,"Kunai":66,"InkBottle":121}],"InkBottle":[13]},"card_choices":[{"not_picked":["Dark Embrace","Clash"],"picked":"Shockwave","floor":1},{"not_picked":["Anger","Warcry","Clothesline"],"picked":"SKIP","floor":3},{"not_picked":["Blood for Blood","Pommel Strike"],"picked":"Shrug It Off","floor":5},{"not_picked":["Fire Breathing","Carnage"],"picked":"Body Slam","floor":6},{"not_picked":["Twin Strike","Pummel"],"picked":"Seeing Red","floor":8},{"not_picked":["True Grit","Body Slam"],"picked":"Dropkick","floor":10},{"not_picked":["Twin Strike","Bludgeon","Dark Embrace"],"picked":"SKIP","floor":11},{"not_picked":["Headbutt","Heavy Blade","Pommel Strike"],"picked":"SKIP","floor":12},{"not_picked":["Pommel Strike","Warcry"],"picked":"Uppercut","floor":13},{"not_picked":["Barricade","Brutality"],"picked":"Juggernaut","floor":16},{"not_picked":["Headbutt","Seeing Red","Burning Pact"],"picked":"SKIP","floor":18},{"not_picked":["Wild Strike+1","Twin Strike","Dark Embrace+1"],"picked":"SKIP","floor":19},{"not_picked":["Headbutt","Flex+1"],"picked":"True Grit+1","floor":23},{"not_picked":["Shockwave+1","Cleave+1","Pummel"],"picked":"SKIP","floor":24},{"not_picked":["Warcry","Infernal Blade","Headbutt"],"picked":"SKIP","floor":25},{"not_picked":["Inflame","Entrench"],"picked":"Rage+1","floor":29},{"not_picked":["Blood for Blood","Fiend Fire"],"picked":"Disarm+1","floor":30},{"not_picked":["Intimidate","Clothesline","Searing Blow"],"picked":"SKIP","floor":31},{"not_picked":["Bludgeon","Immolate"],"picked":"Juggernaut","floor":33},{"not_picked":["Rampage","Second Wind+1"],"picked":"Dropkick+1","floor":35},{"not_picked":["Havoc","Anger+1"],"picked":"Shrug It Off+1","floor":36},{"not_picked":["Bloodletting+1","Whirlwind+1","Blood for Blood+1"],"picked":"SKIP","floor":41},{"not_picked":["Fire Breathing","Iron Wave"],"picked":"Sentinel","floor":45},{"not_picked":["Pommel Strike+1","Headbutt+1","Sword Boomerang"],"picked":"SKIP","floor":46},{"not_picked":["Discovery","HandOfGreed"],"picked":"Blind","floor":47},{"not_picked":["Shrug It Off","Flex"],"picked":"Seeing Red+1","floor":48}],"player_experience":409644,"relics_obtained":[{"floor":6,"key":"Bird Faced Urn"},{"floor":9,"key":"StoneCalendar"},{"floor":10,"key":"Blue Candle"},{"floor":14,"key":"Nunchaku"},{"floor":20,"key":"Necronomicon"},{"floor":23,"key":"Ornamental Fan"},{"floor":26,"key":"Matryoshka"},{"floor":27,"key":"Gremlin Horn"},{"floor":27,"key":"The Courier"},{"floor":30,"key":"Blood Vial"},{"floor":37,"key":"Peace Pipe"},{"floor":39,"key":"InkBottle"},{"floor":39,"key":"HornCleat"},{"floor":43,"key":"Pear"}],"event_choices":[{"damage_healed":0,"gold_gain":100,"player_choice":"Pray","damage_taken":0,"max_hp_gain":0,"max_hp_loss":0,"event_name":"Golden Shrine","floor":4,"gold_loss":0},{"damage_healed":0,"gold_gain":0,"player_choice":"Obtained Book","damage_taken":16,"max_hp_gain":0,"max_hp_loss":0,"event_name":"Cursed Tome","floor":20,"gold_loss":0},{"damage_healed":0,"gold_gain":0,"player_choice":"Upgraded","damage_taken":0,"max_hp_gain":0,"max_hp_loss":0,"event_name":"Upgrade Shrine","floor":21,"gold_loss":0,"cards_upgraded":["Juggernaut"]},{"damage_healed":0,"gold_gain":0,"player_choice":"Paid Gold","damage_taken":0,"relics_obtained":["MawBank"],"max_hp_gain":0,"max_hp_loss":0,"event_name":"WeMeetAgain","floor":28,"gold_loss":58},{"damage_healed":0,"gold_gain":0,"player_choice":"Fight","damage_taken":0,"max_hp_gain":0,"max_hp_loss":0,"event_name":"Mysterious Sphere","floor":37,"gold_loss":0},{"damage_healed":0,"gold_gain":0,"player_choice":"Memory 1","damage_taken":0,"max_hp_gain":0,"max_hp_loss":0,"event_name":"SensoryStone","floor":47,"gold_loss":0}],"is_beta":false,"boss_relics":[{"not_picked":["Velvet Choker","Cursed Key"],"picked":"Sozu"},{"not_picked":["Black Blood","Snecko Eye"],"picked":"Philosopher\u0027s Stone"}],"items_purged_floors":[],"is_endless":false,"potions_floor_spawned":[1,6,13,18,24,30,33,37,41,48],"ascension_level":1}}