{"host":"sc0o2qwpf9j16a4i","time":1612357914,"event":{"mods":["AchievementEnabler","BaseMod","BetterRewards","Block Reminder","Colored Map","Colored Powertips","Custom Start","Highlight Path","Minty Spire (QoL Compilation)","Relic Stats"],"gold_per_floor":[132,307,307,307,353,24,120,243,267,12,12,12,57,150,150,465,465,516,516,24,24,24,111,111,159,206,206,131,46,145,145,145,454,454,499,499,547,1546,1018,1093,1192,1192,1218,1218,1311,1623,1635,1647,1659,1671,1671],"floor_reached":50,"language":"ENG","playtime":1543,"items_purged":["Strike_R","Strike_R","Normality"],"score":1012,"play_id":"04723625-50b3-4afe-b3ab-b5d4925813e1","local_time":"20210203151154","daily_mods":["Allstar","Flight","Midas"],"is_ascension_mode":false,"campfire_choices":[{"floor":12,"key":"REST"},{"floor":15,"key":"REST"},{"floor":32,"key":"REST"},{"floor":42,"key":"REST"},{"floor":49,"key":"REST"}],"circlet_count":0,"master_deck":["Strike_R","Strike_R","Defend_R","Defend_R","Defend_R","Defend_R+1","Bash","Blind","Apotheosis","Transmutation+1","Bandage Up","Panache","Clothesline","Feel No Pain","Whirlwind","Evolve+1","Limit Break","Thunderclap","Flex","Impervious","Body Slam+1","Fire Breathing+1","True Grit","Sword Boomerang","J.A.X.","Ghostly","Ghostly","Ghostly","Ghostly","Ghostly","Decay","Pommel Strike+1","Doubt","Shockwave","Offering","Dark Embrace+1","Injury","Fire Breathing+1","Normality","Dual Wield+1","True Grit+1","Armaments+1","Feed","Rupture+1","Shrug It Off+1","Injury","Shrug It Off","Injury","Carnage"],"relics":["Burning Blood","Art of War","Juzu Bracelet","War Paint","Bottled Lightning","Mummified Hand","Frozen Egg 2","Smiling Mask","Bag of Marbles","Dream Catcher","Cursed Key","Tiny Chest","Strawberry","Kunai","Pen Nib","Nunchaku","Self Forming Clay","Singing Bowl","Oddly Smooth Stone","Enchiridion","Mark of Pain","Meat on the Bone","Orrery","Matryoshka","Pear","Potion Belt","Centennial Puzzle","Happy Flower","MawBank","Toy Ornithopter","Pantograph"],"acts_visited":["Exordium","TheCity","TheBeyond"],"potions_floor_usage":[7,14,16,25,25,30,33,40,45,50],"damage_taken":[{"damage":1,"enemies":"Jaw Worm","floor":1,"turns":4},{"damage":14,"enemies":"3 Sentries","floor":7,"turns":10},{"damage":14,"enemies":"3 Sentries","floor":8,"turns":8},{"damage":3,"enemies":"Small Slimes","floor":13,"turns":3},{"damage":19,"enemies":"Lagavulin","floor":14,"turns":10},{"damage":28,"enemies":"Slime Boss","floor":16,"turns":9},{"damage":5,"enemies":"Shell Parasite","floor":18,"turns":5},{"damage":21,"enemies":"Book of Stabbing","floor":23,"turns":6},{"damage":17,"enemies":"2 Thieves","floor":25,"turns":3},{"damage":3,"enemies":"Slavers","floor":30,"turns":5},{"damage":7,"enemies":"Automaton","floor":33,"turns":9},{"damage":19,"enemies":"Orb Walker","floor":35,"turns":6},{"damage":0,"enemies":"3 Darklings","floor":37,"turns":2},{"damage":3,"enemies":"Nemesis","floor":40,"turns":5},{"damage":9,"enemies":"Giant Head","floor":41,"turns":8},{"damage":6,"enemies":"Nemesis","floor":45,"turns":7},{"damage":76,"enemies":"Awakened One","floor":50,"turns":11}],"seed_played":"-8295482209555498613","potions_obtained":[{"floor":1,"key":"Swift Potion"},{"floor":8,"key":"LiquidMemories"},{"floor":16,"key":"Dexterity Potion"},{"floor":18,"key":"SpeedPotion"},{"floor":23,"key":"SkillPotion"},{"floor":25,"key":"DistilledChaos"},{"floor":35,"key":"SkillPotion"},{"floor":37,"key":"DistilledChaos"},{"floor":45,"key":"DuplicationPotion"}],"is_trial":true,"path_per_floor":["M","?","?","?","T","$","E","?","T","$","?","R","M","E","R","B",null,"M","?","$","?","?","E","T","M","T","T","?","?","E","?","R","B",null,"M","T","M","?","$","E","E","R","T","?","E","?","T","?","R","B"],"character_chosen":"IRONCLAD","items_purchased":["Bottled Lightning","Feel No Pain","Bag of Marbles","Strength Potion","Fire Breathing+1","Tiny Chest","Strawberry","True Grit","Sword Boomerang","Orrery","Rupture+1","Matryoshka"],"campfire_rested":5,"item_purchase_floors":[6,6,10,10,20,20,20,20,20,39,39,39],"current_hp_per_floor":[80,80,80,68,68,68,66,64,64,64,64,80,80,73,80,64,80,80,80,87,87,43,34,34,29,29,29,29,29,38,22,34,39,43,36,36,42,42,44,57,54,59,59,56,56,56,56,56,56,0,0],"gold":1671,"neow_bonus":"","is_daily":false,"chose_seed":false,"campfire_upgraded":0,"win_rate":0.0,"timestamp":1612357914,"path_taken":["M","?","?","?","?","?","E","?","T","$","?","R","M","E","R","BOSS","M","?","?","?","?","E","?","M","T","?","?","?","E","?","R","BOSS","M","?","M","?","$","E","E","R","T","?","E","?","?","?","R","BOSS"],"items_purchased_type":["Relic","Card","Relic","Potion","Card","Relic","Relic","Card","Card","Relic","Card","Relic"],"build_version":"2020-12-22","purchased_purges":3,"victory":false,"max_hp_per_floor":[80,80,80,80,80,80,80,80,80,80,80,80,80,80,80,80,80,80,80,87,87,43,43,43,43,43,43,43,43,43,43,43,43,43,43,43,43,43,45,57,57,59,59,56,56,56,56,56,56,56,56],"relic_stats":{"Singing Bowl":6,"Happy Flower":[6],"counters":[17,111],"Self Forming Clay":[72],"Pen Nib":[6],"Juzu Bracelet":3,"War Paint":["Transmutation","Defend_R"],"Smiling Mask":150,"Cursed Key":6,"MawBank":60,"Burning Blood":78,"Dream Catcher":4,"Nunchaku":[5],"Centennial Puzzle":[6],"Mummified Hand":[60],"Pantograph":0,"Tiny Chest":3,"Art of War":[28],"Kunai":[6],"obtain_stats":[{"Singing Bowl":29,"Enchiridion":31,"Juzu Bracelet":4,"Smiling Mask":9,"Cursed Key":17,"Burning Blood":0,"Dream Catcher":14,"Nunchaku":26,"Centennial Puzzle":43,"Matryoshka":39,"Mummified Hand":7,"Strawberry":20,"Pantograph":47,"Tiny Chest":20,"Kunai":23,"Potion Belt":41,"Pear":40,"Happy Flower":43,"Self Forming Clay":27,"Oddly Smooth Stone":30,"Pen Nib":24,"War Paint":5,"Frozen Egg 2":8,"MawBank":45,"Orrery":39,"Mark of Pain":34,"Art of War":3,"Bag of Marbles":10,"Bottled Lightning":6,"Toy Ornithopter":47,"Meat on the Bone":36},{"Singing Bowl":9,"Enchiridion":10,"Juzu Bracelet":1,"Smiling Mask":3,"Cursed Key":6,"Burning Blood":0,"Dream Catcher":5,"Nunchaku":9,"Centennial Puzzle":15,"Matryoshka":13,"Mummified Hand":2,"Strawberry":7,"Pantograph":16,"Tiny Chest":7,"Kunai":8,"Potion Belt":15,"Pear":14,"Happy Flower":15,"Self Forming Clay":9,"Oddly Smooth Stone":10,"Pen Nib":8,"War Paint":1,"Frozen Egg 2":3,"MawBank":16,"Orrery":13,"Mark of Pain":11,"Art of War":1,"Bag of Marbles":3,"Bottled Lightning":1,"Toy Ornithopter":16,"Meat on the Bone":12},{"Singing Bowl":58,"Enchiridion":63,"Juzu Bracelet":4,"Smiling Mask":22,"Cursed Key":44,"Burning Blood":0,"Dream Catcher":35,"Nunchaku":58,"Centennial Puzzle":93,"Matryoshka":80,"Mummified Hand":14,"Strawberry":49,"Pantograph":100,"Tiny Chest":49,"Kunai":55,"Potion Belt":93,"Pear":85,"Happy Flower":93,"Self Forming Clay":58,"Oddly Smooth Stone":63,"Pen Nib":55,"War Paint":4,"Frozen Egg 2":22,"MawBank":100,"Orrery":80,"Mark of Pain":72,"Art of War":4,"Bag of Marbles":22,"Bottled Lightning":4,"Toy Ornithopter":100,"Meat on the Bone":78}],"Toy Ornithopter":5,"Meat on the Bone":0},"card_choices":[{"not_picked":["Ghostly Armor","Battle Trance"],"picked":"Clothesline","floor":1},{"not_picked":["Havoc","Headbutt"],"picked":"Whirlwind","floor":7},{"not_picked":["Pummel","Rampage"],"picked":"Evolve+1","floor":8},{"not_picked":["Shrug It Off","Sword Boomerang"],"picked":"Thunderclap","floor":13},{"not_picked":["Pommel Strike","Clothesline"],"picked":"Flex","floor":14},{"not_picked":["Limit Break","Double Tap"],"picked":"Impervious","floor":16},{"not_picked":["Bloodletting","Cleave"],"picked":"Body Slam+1","floor":18},{"not_picked":["Rage","Hemokinesis","Spot Weakness"],"picked":"SKIP","floor":23},{"not_picked":["Iron Wave","Body Slam"],"picked":"Pommel Strike+1","floor":25},{"not_picked":["Uppercut","Heavy Blade"],"picked":"Shockwave","floor":30},{"not_picked":["Havoc","Pommel Strike"],"picked":"Seeing Red","floor":32},{"not_picked":["Berserk+1","Fiend Fire"],"picked":"Offering","floor":33},{"not_picked":["Shrug It Off+1","Warcry+1"],"picked":"Dark Embrace+1","floor":35},{"not_picked":["Bloodletting+1","Intimidate+1"],"picked":"Fire Breathing+1","floor":37},{"not_picked":["Flex","Clothesline+1","Twin Strike+1"],"picked":"Singing Bowl","floor":39},{"not_picked":["Clash+1","Double Tap"],"picked":"Dual Wield+1","floor":39},{"not_picked":["Havoc+1","Ghostly Armor"],"picked":"True Grit+1","floor":39},{"not_picked":["Headbutt+1","Anger+1"],"picked":"Armaments+1","floor":39},{"not_picked":["Fire Breathing+1","Sentinel"],"picked":"Feed","floor":39},{"not_picked":["Bloodletting","Warcry","Sword Boomerang"],"picked":"Singing Bowl","floor":40},{"not_picked":["Body Slam","Havoc"],"picked":"Shrug It Off+1","floor":41},{"not_picked":["Wild Strike+1","Headbutt","Clothesline"],"picked":"Singing Bowl","floor":42},{"not_picked":["Cleave+1","Pommel Strike+1"],"picked":"Shrug It Off","floor":45},{"not_picked":["Intimidate+1","Rampage+1"],"picked":"Carnage","floor":49}],"player_experience":1149825,"relics_obtained":[{"floor":5,"key":"War Paint"},{"floor":7,"key":"Mummified Hand"},{"floor":8,"key":"Frozen Egg 2"},{"floor":9,"key":"Smiling Mask"},{"floor":14,"key":"Dream Catcher"},{"floor":23,"key":"Kunai"},{"floor":24,"key":"Pen Nib"},{"floor":26,"key":"Nunchaku"},{"floor":27,"key":"Self Forming Clay"},{"floor":30,"key":"Oddly Smooth Stone"},{"floor":31,"key":"Enchiridion"},{"floor":36,"key":"Meat on the Bone"},{"floor":40,"key":"Pear"},{"floor":41,"key":"Potion Belt"},{"floor":43,"key":"Centennial Puzzle"},{"floor":43,"key":"Happy Flower"},{"floor":45,"key":"MawBank"},{"floor":47,"key":"Toy Ornithopter"},{"floor":47,"key":"Pantograph"}],"event_choices":[{"damage_healed":0,"gold_gain":175,"player_choice":"AGREE","damage_taken":0,"max_hp_gain":0,"max_hp_loss":0,"event_name":"Liars Game","floor":2,"gold_loss":0,"cards_obtained":["Doubt"]},{"damage_healed":0,"gold_gain":0,"player_choice":"Box","damage_taken":0,"relics_obtained":["Art of War"],"max_hp_gain":0,"max_hp_loss":0,"event_name":"Big Fish","floor":3,"gold_loss":0,"cards_obtained":["Regret"]},{"damage_healed":0,"gold_gain":0,"player_choice":"Success","damage_taken":12,"relics_obtained":["Juzu Bracelet"],"max_hp_gain":0,"max_hp_loss":0,"event_name":"Scrap Ooze","floor":4,"gold_loss":0},{"damage_healed":0,"gold_gain":30,"player_choice":"Searched \u00273\u0027 times","damage_taken":0,"max_hp_gain":0,"max_hp_loss":0,"event_name":"Dead Adventurer","floor":8,"gold_loss":0},{"damage_healed":0,"gold_gain":0,"cards_transformed":["Strike_R"],"player_choice":"Transformed","damage_taken":0,"max_hp_gain":0,"max_hp_loss":0,"event_name":"Transmorgrifier","floor":11,"gold_loss":0,"cards_obtained":["Limit Break"]},{"cards_removed":["Regret","Doubt"],"damage_healed":0,"gold_gain":0,"player_choice":"Removed Curses","damage_taken":0,"max_hp_gain":0,"max_hp_loss":0,"event_name":"Fountain of Cleansing","floor":19,"gold_loss":0},{"damage_healed":0,"gold_gain":0,"player_choice":"Obtain J.A.X.","damage_taken":0,"max_hp_gain":0,"max_hp_loss":0,"event_name":"Drug Dealer","floor":21,"gold_loss":0,"cards_obtained":["J.A.X."]},{"damage_healed":0,"gold_gain":0,"player_choice":"Became a Ghost","damage_taken":0,"max_hp_gain":0,"max_hp_loss":44,"event_name":"Ghosts","floor":22,"gold_loss":0,"cards_obtained":["Ghostly","Ghostly","Ghostly","Ghostly","Ghostly"]},{"cards_removed":["Doubt"],"damage_healed":0,"gold_gain":0,"player_choice":"Gave Gold","damage_taken":0,"max_hp_gain":0,"max_hp_loss":0,"event_name":"Beggar","floor":28,"gold_loss":75},{"damage_healed":0,"gold_gain":0,"player_choice":"Obtained Relic","damage_taken":0,"relics_obtained":["Singing Bowl"],"max_hp_gain":0,"max_hp_loss":0,"event_name":"Addict","floor":29,"gold_loss":85},{"damage_healed":0,"gold_gain":0,"player_choice":"Obtained Book","damage_taken":16,"max_hp_gain":0,"max_hp_loss":0,"event_name":"Cursed Tome","floor":31,"gold_loss":0},{"damage_healed":0,"gold_gain":999,"player_choice":"Gold","damage_taken":0,"max_hp_gain":0,"max_hp_loss":0,"event_name":"MindBloom","floor":38,"gold_loss":0,"cards_obtained":["Normality","Normality"]},{"damage_healed":0,"gold_gain":0,"player_choice":"Max HP","damage_taken":0,"max_hp_gain":0,"max_hp_loss":3,"event_name":"Winding Halls","floor":44,"gold_loss":0},{"damage_healed":0,"gold_gain":300,"player_choice":"Gold","damage_taken":0,"max_hp_gain":0,"max_hp_loss":0,"event_name":"Wheel of Change","floor":46,"gold_loss":0},{"cards_removed":["Seeing Red"],"damage_healed":0,"gold_gain":0,"player_choice":"Removed Skill","damage_taken":0,"max_hp_gain":0,"max_hp_loss":0,"event_name":"Falling","floor":48,"gold_loss":0}],"is_beta":false,"boss_relics":[{"not_picked":["Runic Pyramid","Busted Crown"],"picked":"Cursed Key"},{"not_picked":["Tiny House","Pandora\u0027s Box"],"picked":"Mark of Pain"}],"items_purged_floors":[10,20,39],"is_endless":false,"potions_floor_spawned":[1,8,16,18,23,25,35,37,45],"killed_by":"Awakened One","ascension_level":0}}