{"host":"70zhvo5nwrhp1mbg","time":1612385666,"event":{"mods":["BaseMod","Colored Map","Colored Powertips","Highlight Path","Minty Spire (QoL Compilation)","Rare Cards Sparkle","StSLib"],"gold_per_floor":[112,122,122,133,82,113,113,132,132,162,162,181,201,232,232,232,232],"floor_reached":16,"language":"ENG","playtime":875,"items_purged":[],"score":201,"play_id":"54ac2a20-ad3c-4d0b-bd65-72861e95284e","local_time":"20210203155426","is_ascension_mode":true,"campfire_choices":[{"floor":11,"key":"REST"},{"data":"Carnage","floor":15,"key":"SMITH"}],"circlet_count":0,"master_deck":["AscendersBane","Strike_R","Strike_R","Strike_R","Strike_R","Strike_R","Defend_R","Defend_R","Defend_R","Defend_R","Bash","Iron Wave","Whirlwind","Shrug It Off","Juggernaut+1","Cleave","Disarm","Carnage+1","Infernal Blade"],"relics":["Burning Blood","Kunai","HornCleat","Charon\u0027s Ashes","Smiling Mask"],"acts_visited":["Exordium"],"potions_floor_usage":[6,10,13,16],"damage_taken":[{"damage":4,"enemies":"Small Slimes","floor":1,"turns":4},{"damage":4,"enemies":"2 Louse","floor":2,"turns":4},{"damage":14,"enemies":"Cultist","floor":4,"turns":5},{"damage":49,"enemies":"Lagavulin","floor":6,"turns":7},{"damage":0,"enemies":"Lots of Slimes","floor":8,"turns":1},{"damage":10,"enemies":"3 Sentries","floor":10,"turns":5},{"damage":6,"enemies":"Gremlin Gang","floor":12,"turns":3},{"damage":10,"enemies":"3 Louse","floor":13,"turns":2},{"damage":12,"enemies":"Gremlin Nob","floor":14,"turns":5},{"damage":54,"enemies":"Hexaghost","floor":16,"turns":11}],"seed_played":"8353744504140409509","potions_obtained":[{"floor":2,"key":"Swift Potion"},{"floor":6,"key":"Swift Potion"},{"floor":8,"key":"Explosive Potion"},{"floor":10,"key":"Weak Potion"}],"is_trial":false,"path_per_floor":["M","M","?","M","$","E","?","M","T","E","R","M","M","E","R","B"],"character_chosen":"IRONCLAD","items_purchased":["AttackPotion"],"campfire_rested":1,"item_purchase_floors":[5],"current_hp_per_floor":[82,84,84,76,76,33,33,39,39,35,61,61,57,51,51,0,0],"gold":232,"neow_bonus":"TEN_PERCENT_HP_BONUS","is_daily":false,"chose_seed":false,"campfire_upgraded":1,"win_rate":0.0,"timestamp":1612385666,"path_taken":["M","M","?","M","$","E","?","?","T","E","R","?","M","E","R","BOSS"],"items_purchased_type":["Potion"],"build_version":"2020-12-22","purchased_purges":0,"victory":false,"max_hp_per_floor":[88,88,88,88,88,88,88,88,88,88,88,88,88,88,88,88,88],"card_choices":[{"not_picked":["Perfected Strike","Clothesline"],"picked":"Iron Wave","floor":1},{"not_picked":["True Grit","Body Slam"],"picked":"Whirlwind","floor":2},{"not_picked":["Perfected Strike","Dropkick"],"picked":"Shrug It Off","floor":4},{"not_picked":["Pommel Strike","True Grit"],"picked":"Juggernaut","floor":6},{"not_picked":["Sever Soul","Warcry","Wild Strike"],"picked":"SKIP","floor":8},{"not_picked":["Pommel Strike","Metallicize"],"picked":"Cleave","floor":10},{"not_picked":["Wild Strike","Metallicize"],"picked":"Disarm","floor":12},{"not_picked":["Rampage","Thunderclap"],"picked":"Carnage","floor":13},{"not_picked":["Sword Boomerang","Sever Soul"],"picked":"Infernal Blade","floor":14}],"player_experience":531444,"relics_obtained":[{"floor":6,"key":"Kunai"},{"floor":9,"key":"HornCleat"},{"floor":10,"key":"Charon\u0027s Ashes"},{"floor":14,"key":"Smiling Mask"}],"event_choices":[{"damage_healed":0,"gold_gain":0,"player_choice":"Leave","damage_taken":0,"max_hp_gain":0,"max_hp_loss":0,"event_name":"The Cleric","floor":3,"gold_loss":0},{"damage_healed":0,"gold_gain":0,"player_choice":"Upgraded","damage_taken":0,"max_hp_gain":0,"max_hp_loss":0,"event_name":"Upgrade Shrine","floor":7,"gold_loss":0,"cards_upgraded":["Juggernaut"]}],"is_beta":false,"boss_relics":[],"items_purged_floors":[],"is_endless":false,"potions_floor_spawned":[2,6,8,10],"killed_by":"Hexaghost","ascension_level":13}}