{"host":"6q94iy5iz6612v89","time":1612318094,"event":{"mods":["2.2 Compatiblity","AchievementEnabler","BaseMod","Colored Map","DeckTracker","Keyboard Shortcuts","Minty Spire (QoL Compilation)","Permanent Neow","StSLib","SuperFastMode"],"gold_per_floor":[215,57,74,85,95,113,124,24,24,24,42,42,42,57,57,129,129,144,160,173,173,173],"floor_reached":21,"language":"KOR","playtime":592,"items_purged":["Strike_R","Strike_R"],"score":354,"play_id":"b0f6fab0-fa00-47ab-a1fd-fa15b93297cb","local_time":"20210203110814","is_ascension_mode":true,"campfire_choices":[{"data":"Rampage","floor":10,"key":"SMITH"},{"data":"Bash","floor":15,"key":"SMITH"}],"circlet_count":0,"master_deck":["AscendersBane","Defend_R","Defend_R","Defend_R","Defend_R","Bash+1","Evolve","Rampage+1","Shrug It Off","True Grit","Twin Strike","Battle Trance","Dark Embrace","Double Tap","Blood for Blood+1","Corruption+1","Reckless Charge+1","Bloodletting"],"relics":["Burning Blood","Torii","Astrolabe"],"acts_visited":["Exordium","TheCity"],"potions_floor_usage":[11,16,16,19,20],"damage_taken":[{"damage":14,"enemies":"2 Louse","floor":1,"turns":5},{"damage":7,"enemies":"Small Slimes","floor":3,"turns":4},{"damage":1,"enemies":"Cultist","floor":4,"turns":4},{"damage":7,"enemies":"2 Fungi Beasts","floor":5,"turns":6},{"damage":13,"enemies":"Blue Slaver","floor":6,"turns":6},{"damage":19,"enemies":"Exordium Thugs","floor":7,"turns":8},{"damage":0,"enemies":"2 Fungi Beasts","floor":11,"turns":4},{"damage":16,"enemies":"Red Slaver","floor":14,"turns":5},{"damage":11,"enemies":"Hexaghost","floor":16,"turns":9},{"damage":12,"enemies":"Chosen","floor":18,"turns":3},{"damage":27,"enemies":"Shell Parasite","floor":19,"turns":7},{"damage":39,"enemies":"Chosen and Byrds","floor":20,"turns":6},{"damage":16,"enemies":"Snake Plant","floor":21,"turns":1}],"seed_played":"6987084050079400140","potions_obtained":[{"floor":5,"key":"BloodPotion"},{"floor":6,"key":"Energy Potion"},{"floor":11,"key":"SkillPotion"},{"floor":16,"key":"ColorlessPotion"},{"floor":18,"key":"ColorlessPotion"}],"is_trial":false,"path_per_floor":["M","$","M","M","M","M","M","$","T","R","M","?","?","M","R","B",null,"M","M","M","M"],"character_chosen":"IRONCLAD","items_purchased":["Rampage"],"campfire_rested":0,"item_purchase_floors":[2],"current_hp_per_floor":[60,60,59,64,63,56,43,43,43,43,64,64,64,54,54,49,69,63,42,9,0,0],"gold":173,"neow_bonus":"HUNDRED_GOLD","is_daily":false,"chose_seed":false,"campfire_upgraded":2,"win_rate":0.0,"timestamp":1612318094,"path_taken":["M","$","M","M","M","M","M","$","T","R","M","?","?","M","R","BOSS","M","M","M","M"],"items_purchased_type":["Card"],"build_version":"2020-12-22","purchased_purges":2,"victory":false,"max_hp_per_floor":[75,75,75,75,75,75,75,75,75,75,75,75,75,75,75,75,75,75,75,75,75,75],"card_choices":[{"not_picked":["Havoc","True Grit"],"picked":"Evolve","floor":1},{"not_picked":["Perfected Strike","Clothesline","Seeing Red"],"picked":"SKIP","floor":3},{"not_picked":["Clash","Rampage"],"picked":"Shrug It Off","floor":4},{"not_picked":["Anger","Spot Weakness"],"picked":"True Grit","floor":5},{"not_picked":["Body Slam","Fiend Fire","True Grit"],"picked":"SKIP","floor":6},{"not_picked":["Thunderclap","Anger"],"picked":"Twin Strike","floor":7},{"not_picked":["Heavy Blade","Flex"],"picked":"Battle Trance","floor":11},{"not_picked":["Spot Weakness","Flex"],"picked":"Dark Embrace","floor":14},{"not_picked":["Bludgeon","Feed"],"picked":"Double Tap","floor":16},{"not_picked":["Rupture","Seeing Red"],"picked":"Bloodletting","floor":18},{"not_picked":["Anger","Rampage","Evolve"],"picked":"SKIP","floor":19},{"not_picked":["Clothesline","Perfected Strike","Anger"],"picked":"SKIP","floor":20}],"player_experience":1454473,"relics_obtained":[{"floor":9,"key":"Torii"}],"event_choices":[{"damage_healed":0,"gold_gain":0,"player_choice":"Leave","damage_taken":0,"max_hp_gain":0,"max_hp_loss":0,"event_name":"The Cleric","floor":12,"gold_loss":0},{"damage_healed":0,"gold_gain":0,"player_choice":"Ignored","damage_taken":0,"max_hp_gain":0,"max_hp_loss":0,"event_name":"Liars Game","floor":13,"gold_loss":0}],"is_beta":false,"boss_relics":[{"not_picked":["Calling Bell","Cursed Key"],"picked":"Astrolabe"}],"items_purged_floors":[2,8],"is_endless":false,"potions_floor_spawned":[5,6,11,16,18],"killed_by":"Snake Plant","ascension_level":20}}