{"host":"axrdhsaugr8t8srp","time":1612326386,"event":{"mods":["BaseMod","Minty Spire (QoL Compilation)","StSLib"],"gold_per_floor":[119,119,269,3,53,53,106,106,106,124,190,246,333,333,333],"floor_reached":14,"language":"ENG","playtime":383,"items_purged":["Doubt"],"score":221,"play_id":"5c217ee2-d056-476d-8bc9-408fcd2715ce","local_time":"20210203152626","is_ascension_mode":true,"campfire_choices":[{"data":"HandOfGreed","floor":6,"key":"SMITH"},{"data":"Bash","floor":8,"key":"SMITH"}],"circlet_count":0,"master_deck":["AscendersBane","Strike_R","Strike_R","Strike_R","Strike_R","Defend_R","Defend_R","Defend_R","Defend_R","Bash+1","Shrug It Off","HandOfGreed+1","Metallicize","Uppercut","Rampage"],"relics":["Burning Blood","NeowsBlessing","Nunchaku","Pen Nib","Blood Vial"],"acts_visited":["Exordium"],"potions_floor_usage":[13,13],"damage_taken":[{"damage":0,"enemies":"Small Slimes","floor":1,"turns":1},{"damage":0,"enemies":"Gremlin Nob","floor":7,"turns":2},{"damage":0,"enemies":"Jaw Worm","floor":10,"turns":1},{"damage":0,"enemies":"2 Louse","floor":11,"turns":3},{"damage":49,"enemies":"Lagavulin","floor":12,"turns":7},{"damage":18,"enemies":"Lots of Slimes","floor":13,"turns":10},{"damage":27,"enemies":"3 Sentries","floor":14,"turns":5}],"seed_played":"-4428941286734031501","potions_obtained":[{"floor":10,"key":"ColorlessPotion"},{"floor":12,"key":"ColorlessPotion"}],"is_trial":false,"path_per_floor":["M","?","?","$","?","R","E","R","T","M","M","E","M","E"],"character_chosen":"IRONCLAD","items_purchased":["HandOfGreed"],"campfire_rested":0,"item_purchase_floors":[4],"current_hp_per_floor":[74,67,67,67,60,60,66,66,66,72,75,32,22,0,0],"gold":333,"neow_bonus":"THREE_ENEMY_KILL","is_daily":false,"chose_seed":false,"campfire_upgraded":2,"win_rate":0.0,"timestamp":1612326386,"path_taken":["M","?","?","$","?","R","E","R","T","M","?","E","M","E"],"items_purchased_type":["Card"],"build_version":"2020-12-22","purchased_purges":1,"victory":false,"max_hp_per_floor":[75,75,75,75,75,75,75,75,75,75,75,75,75,75,75],"card_choices":[{"not_picked":["Pommel Strike","Metallicize"],"picked":"Shrug It Off","floor":1},{"not_picked":["Hemokinesis","Wild Strike"],"picked":"Metallicize","floor":7},{"not_picked":["Second Wind","Clothesline"],"picked":"Uppercut","floor":10},{"not_picked":["Rampage","Heavy Blade","Havoc"],"picked":"SKIP","floor":11},{"not_picked":["Sentinel","Second Wind","Dual Wield"],"picked":"SKIP","floor":12},{"not_picked":["Iron Wave","True Grit"],"picked":"Rampage","floor":13}],"player_experience":800238,"relics_obtained":[{"floor":7,"key":"Nunchaku"},{"floor":9,"key":"Pen Nib"},{"floor":12,"key":"Blood Vial"}],"event_choices":[{"cards_removed":["Strike_R"],"damage_healed":0,"gold_gain":0,"player_choice":"Card Removal","damage_taken":7,"max_hp_gain":0,"max_hp_loss":0,"event_name":"Golden Wing","floor":2,"gold_loss":0},{"damage_healed":0,"gold_gain":150,"player_choice":"AGREE","damage_taken":0,"max_hp_gain":0,"max_hp_loss":0,"event_name":"Liars Game","floor":3,"gold_loss":0,"cards_obtained":["Doubt"]},{"damage_healed":0,"gold_gain":50,"player_choice":"Touch","damage_taken":7,"max_hp_gain":0,"max_hp_loss":0,"event_name":"FaceTrader","floor":5,"gold_loss":0}],"is_beta":false,"boss_relics":[],"items_purged_floors":[4],"is_endless":false,"potions_floor_spawned":[10,12],"killed_by":"3 Sentries","ascension_level":16}}