{"host":"ttx8tv95o5vka1nm","time":1612336291,"event":{"mods":["AchievementEnabler","BaseMod","Colored Map","Downfall","Infinite Spire","Minty Spire (QoL Compilation)","Relic Filter Mod","Replay The Spire","Shop Mod","StSLib","The Jungle"],"gold_per_floor":[99,113,129,143,154,168,216,246,262,279,292,316,216,252,280,280,280,280],"floor_reached":16,"language":"ENG","playtime":1294,"items_purged":[],"score":116,"play_id":"66532dfb-8fe7-48a3-b1a3-55151a0e716c","local_time":"20210203171131","is_ascension_mode":false,"campfire_choices":[{"data":"Mayhem","floor":1,"key":"SMITH"},{"floor":13,"key":"REST"}],"circlet_count":0,"master_deck":["bronze:Strike","bronze:Strike","bronze:Strike","bronze:Strike","bronze:Defend","bronze:Defend","bronze:Defend","bronze:Defend","bronze:Replicate","bronze:Goto","Mayhem+1","bronze:DelayedSlice","bronze:Fortify","bronze:Frontload","bronze:Shell","bronze:CutThrough","bronze:DigitalCarnage","bronze:MaxOutput","bronze:ChildClass","bronze:ChosenStrike","bronze:WhirlingStrike"],"relics":["bronze:BronzeCore","Juzu Bracelet","Blue Candle","infinitespire:Joker Card","CeramicFish","downfall:HeartBlessingGreen","Gremlin Food"],"acts_visited":["Exordium"],"potions_floor_usage":[8,8,10,15,16],"damage_taken":[{"damage":0,"enemies":"Small Slimes","floor":2,"turns":4},{"damage":6,"enemies":"2 Louse","floor":3,"turns":3},{"damage":1,"enemies":"Jaw Worm","floor":4,"turns":3},{"damage":7,"enemies":"Blue Slaver","floor":5,"turns":3},{"damage":8,"enemies":"Gremlin Gang","floor":6,"turns":6},{"damage":14,"enemies":"Gremlin Nob","floor":8,"turns":5},{"damage":11,"enemies":"3 Louse","floor":10,"turns":3},{"damage":10,"enemies":"Exordium Thugs","floor":11,"turns":6},{"damage":18,"enemies":"3 Sentries","floor":14,"turns":7},{"damage":0,"enemies":"Exordium Wildlife","floor":15,"turns":4},{"damage":26,"enemies":"WA_ARCHETYPE_RETAIN","floor":16,"turns":6}],"seed_played":"6273839482029644731","potions_obtained":[{"floor":2,"key":"EssenceOfSteel"},{"floor":3,"key":"AttackPotion"},{"floor":8,"key":"GamblersBrew"},{"floor":11,"key":"BlessingOfTheForge"},{"floor":15,"key":"Block Potion"}],"is_trial":false,"path_per_floor":["R","M","M","M","M","M","T","E","?","M","M","T","R","E","M","B"],"character_chosen":"THE_AUTOMATON","items_purchased":[],"campfire_rested":1,"item_purchase_floors":[],"current_hp_per_floor":[63,63,57,56,49,41,41,27,27,16,6,6,24,6,6,0,0,0],"gold":280,"neow_bonus":"RANDOM_COLORLESS_2","is_daily":false,"chose_seed":false,"campfire_upgraded":1,"win_rate":0.0,"timestamp":1612336291,"path_taken":["R","M","M","M","M","M","T","E","?","M","M","?","R","E","M","BOSS"],"items_purchased_type":[],"build_version":"2020-12-22","purchased_purges":0,"victory":false,"max_hp_per_floor":[63,63,63,63,63,63,63,63,63,63,63,63,63,63,63,63,63,63],"card_choices":[{"not_picked":["ReplayTheSpireMod:Necrogeddon","Chrysalis"],"picked":"Mayhem","floor":0},{"not_picked":["bronze:Shield","bronze:Invalidate"],"picked":"bronze:DelayedSlice","floor":2},{"not_picked":["bronze:CutThrough","bronze:Frontload"],"picked":"bronze:Fortify","floor":3},{"not_picked":["bronze:Deprecate","bronze:CleanCode"],"picked":"bronze:Frontload","floor":4},{"not_picked":["bronze:BitShift","bronze:Refactor"],"picked":"bronze:Shell","floor":5},{"not_picked":["bronze:Turbo","bronze:DelayedSlice"],"picked":"bronze:CutThrough","floor":6},{"not_picked":["bronze:Mutator","bronze:WildBeam"],"picked":"bronze:DigitalCarnage","floor":8},{"not_picked":["bronze:DarkDash","bronze:Overload"],"picked":"bronze:MaxOutput","floor":9},{"not_picked":["bronze:MaxOutput","bronze:Frontload","bronze:Deprecate"],"picked":"SKIP","floor":10},{"not_picked":["bronze:Shield","bronze:ForLoop"],"picked":"bronze:ChildClass","floor":11},{"not_picked":["bronze:BuggyMess","bronze:DelayedGuard"],"picked":"bronze:ChosenStrike","floor":14},{"not_picked":["bronze:Shield","bronze:OilSpill"],"picked":"bronze:WhirlingStrike","floor":15}],"player_experience":979436,"relics_obtained":[{"floor":7,"key":"Juzu Bracelet"},{"floor":8,"key":"Blue Candle"},{"floor":9,"key":"infinitespire:Joker Card"},{"floor":12,"key":"CeramicFish"},{"floor":14,"key":"Gremlin Food"}],"event_choices":[],"is_beta":false,"boss_relics":[],"items_purged_floors":[],"is_endless":false,"potions_floor_spawned":[2,3,8,11,15],"killed_by":"WA_ARCHETYPE_RETAIN","ascension_level":0}}