{"host":"exhp4inpfmbngj23","time":1612330798,"event":{"mods":["Abigail Mod","BaseMod","Beaked The Cultist","Downfall","Friendly Minions","Kiyohime????","Koishi","Minty Spire (QoL Compilation)","StSLib","The Alterego"],"gold_per_floor":[99,113,123,123,135,169,169,269,286,316,330,348,358,358,376,481,481,181,201,201,201,201,201,225,22,52,52,87,99,99,127,127,127,127],"floor_reached":32,"language":"ENG","playtime":1970,"items_purged":["downfall:Haunted"],"score":360,"play_id":"89a4712a-21c4-4c12-a630-f99d4469a525","local_time":"20210202213958","is_ascension_mode":false,"campfire_choices":[{"floor":1,"key":"RECALL"},{"data":"hexamod:UnlimitedPower","floor":18,"key":"SMITH"},{"floor":30,"key":"REST"}],"circlet_count":0,"master_deck":["hexamod:Strike","hexamod:Strike","hexamod:Strike","hexamod:Strike","hexamod:Defend","hexamod:Defend","hexamod:Defend","hexamod:Defend","hexamod:Sear+1","hexamod:Float","hexamod:ExtraCrispy","hexamod:SwordOfDarkness","hexamod:ExtraCrispy","hexamod:EmpoweredFlame","hexamod:FastForward","hexamod:FastForward","hexamod:PowerFromBeyond","hexamod:FastForward","hexamod:Firestarter","hexamod:UnlimitedPower+1","hexamod:FlamesFromBeyond+1","hexamod:RainOfEmbers","hexamod:Haunt","hexamod:RadiantFlame+1","hexamod:VolcanoVisage","hexamod:RadiantFlame+1","hexamod:Firestarter"],"relics":["hexamod:SpiritBrand","Mummified Hand","Juzu Bracelet","TungstenRod","Cursed Key","downfall:HeartBlessingRed","downfall:HeartBlessingGreen","downfall:HeartBlessingBlue","MealTicket","Membership Card","Mango","Peace Pipe","Bottled Tornado","Pantograph"],"acts_visited":["Exordium","TheCity"],"potions_floor_usage":[2,6,10,16,16,28,29,31],"damage_taken":[{"damage":1,"enemies":"Jaw Worm","floor":2,"turns":3},{"damage":0,"enemies":"Cultist","floor":3,"turns":3},{"damage":8,"enemies":"2 Louse","floor":5,"turns":2},{"damage":4,"enemies":"3 Sentries","floor":6,"turns":7},{"damage":2,"enemies":"Blue Slaver","floor":9,"turns":3},{"damage":32,"enemies":"Gremlin Nob","floor":10,"turns":5},{"damage":7,"enemies":"Exordium Wildlife","floor":11,"turns":5},{"damage":1,"enemies":"2 Fungi Beasts","floor":12,"turns":4},{"damage":2,"enemies":"Blue Slaver","floor":13,"turns":3},{"damage":0,"enemies":"Large Slime","floor":15,"turns":4},{"damage":14,"enemies":"WA_ARCHETYPE_RETAIN","floor":16,"turns":7},{"damage":0,"enemies":"Chosen","floor":19,"turns":3},{"damage":2,"enemies":"downfall:FleeingMerchant","floor":25,"turns":4},{"damage":43,"enemies":"Slavers","floor":26,"turns":5},{"damage":35,"enemies":"Book of Stabbing","floor":28,"turns":5},{"damage":10,"enemies":"Shell Parasite","floor":29,"turns":3},{"damage":33,"enemies":"Gremlin Leader","floor":31,"turns":4},{"damage":13,"enemies":"Snake Plant","floor":32,"turns":1}],"seed_played":"3842920648057579660","potions_obtained":[{"floor":2,"key":"Fruit Juice"},{"floor":5,"key":"Fire Potion"},{"floor":6,"key":"Ancient Potion"},{"floor":12,"key":"Guardian:BlockOnCardUsePotion"},{"floor":15,"key":"Strength Potion"},{"floor":26,"key":"champ:CounterPotion"},{"floor":28,"key":"DuplicationPotion"},{"floor":29,"key":"Fruit Juice"}],"is_trial":false,"path_per_floor":["R","M","M","?","M","E","T","?","M","E","M","M","M","T","M","B",null,"R","M","?","?","?","?","T","$","E","?","E","M","R","E","M"],"character_chosen":"THE_SPIRIT","items_purchased":["Membership Card"],"campfire_rested":1,"item_purchase_floors":[25],"current_hp_per_floor":[70,74,74,74,66,62,62,62,60,28,21,20,18,18,18,4,75,85,85,85,85,70,70,70,83,54,54,19,14,46,13,0,0,0],"gold":127,"neow_bonus":"UPGRADE_CARD","is_daily":false,"chose_seed":false,"campfire_upgraded":1,"win_rate":0.0,"timestamp":1612330798,"path_taken":["R","M","M","?","?","E","T","?","M","E","M","M","M","?","M","BOSS","R","M","?","?","?","?","T","$","E","?","E","M","R","E","M"],"items_purchased_type":["Relic"],"build_version":"2020-12-22","purchased_purges":1,"victory":false,"max_hp_per_floor":[70,75,75,75,75,75,75,75,75,75,75,75,75,75,75,75,75,85,85,85,85,90,90,90,90,104,104,104,109,109,109,109,109,109],"card_choices":[{"not_picked":["hexamod:NecessarySacrifice","hexamod:BurningTouch"],"picked":"hexamod:ExtraCrispy","floor":2},{"not_picked":["hexamod:AdvancingGuard","hexamod:GhostShield"],"picked":"hexamod:SwordOfDarkness","floor":3},{"not_picked":["hexamod:FastForward","hexamod:Haunt"],"picked":"hexamod:EmpoweredFlame","floor":5},{"not_picked":["hexamod:ShieldOfDarkness","hexamod:RainOfEmbers"],"picked":"hexamod:FastForward","floor":6},{"not_picked":["hexamod:PhantomFireball","hexamod:SearingWound"],"picked":"hexamod:SkipABeat","floor":9},{"not_picked":["hexamod:PhantomCloak","hexamod:UnlimitedPower"],"picked":"hexamod:FastForward","floor":10},{"not_picked":["hexamod:GhostLash","hexamod:RainOfEmbers"],"picked":"hexamod:PowerFromBeyond","floor":11},{"not_picked":["hexamod:InspiringFlames","hexamod:SecondSeal"],"picked":"hexamod:FastForward","floor":12},{"not_picked":["hexamod:InspiringFlames","hexamod:ChargedBarrage"],"picked":"hexamod:FlamesFromBeyond","floor":13},{"not_picked":["hexamod:CatchUp","hexamod:Rewind"],"picked":"hexamod:Firestarter","floor":15},{"not_picked":["hexamod:TimeOfNeed","hexamod:GhostflameInferno"],"picked":"hexamod:UnlimitedPower","floor":16},{"not_picked":["hexamod:ThermalTransfer","hexamod:GhostLash"],"picked":"hexamod:FlamesFromBeyond+1","floor":19},{"not_picked":["hexamod:ShieldOfDarkness+1","hexamod:FourthSeal"],"picked":"hexamod:RadiantFlame+1","floor":25},{"not_picked":["hexamod:Again","hexamod:GhostLash+1"],"picked":"hexamod:VolcanoVisage","floor":26},{"not_picked":["hexamod:PowerFromBeyond","hexamod:GhostLash"],"picked":"hexamod:RadiantFlame+1","floor":28},{"not_picked":["hexamod:NecessarySacrifice+1","hexamod:RecurringNightmare","hexamod:InspiringFlames"],"picked":"SKIP","floor":29},{"not_picked":["hexamod:ThirdSeal","hexamod:InspiringFlames+1"],"picked":"hexamod:Firestarter","floor":31}],"player_experience":2150833,"relics_obtained":[{"floor":6,"key":"Mummified Hand"},{"floor":7,"key":"Juzu Bracelet"},{"floor":10,"key":"TungstenRod"},{"floor":24,"key":"MealTicket"},{"floor":26,"key":"Mango"},{"floor":28,"key":"Bottled Tornado"},{"floor":31,"key":"Pantograph"}],"event_choices":[{"damage_healed":0,"gold_gain":0,"cards_transformed":["hexamod:FlamesFromBeyond","hexamod:SkipABeat"],"player_choice":"Became Test Subject","damage_taken":0,"max_hp_gain":0,"max_hp_loss":0,"event_name":"Drug Dealer","floor":21,"gold_loss":0,"cards_obtained":["hexamod:RainOfEmbers","hexamod:Haunt"]}],"is_beta":false,"boss_relics":[{"not_picked":["Calling Bell","Philosopher\u0027s Stone"],"picked":"Cursed Key"}],"items_purged_floors":[25],"is_endless":false,"potions_floor_spawned":[2,5,6,12,15,26,28,29],"killed_by":"Snake Plant","ascension_level":0}}