{"host":"vddnn8yddbh0df4g","time":1612311868,"event":{"mods":["Act Like it!","BaseMod","Beaked The Cultist","Bestiary","Clockwork Mod","Downfall","Minty Spire (QoL Compilation)","Shop Mod","StSLib","SuperFastMode","The Construct","The Runesmith"],"gold_per_floor":[109,184,204,204,218,218,246,246,325,350,367,399,409,427,427,530,530,546,456,456],"floor_reached":19,"language":"ENG","playtime":698,"items_purged":[],"score":188,"play_id":"1dd54be9-0735-498e-8f61-8ed99890c674","local_time":"20210202192428","is_ascension_mode":true,"campfire_choices":[{"data":"beaked:CrazyRituals","floor":6,"key":"SMITH"},{"data":"beaked:BraceForImpact","floor":8,"key":"SMITH"},{"data":"beaked:ScreechingChant","floor":15,"key":"SMITH"}],"circlet_count":0,"master_deck":["beaked:Strike_Y","beaked:Strike_Y","beaked:Strike_Y","beaked:Strike_Y","beaked:Strike_Y","beaked:Strike_Y","beaked:Defend_Y","beaked:Defend_Y","beaked:Defend_Y","beaked:Defend_Y+1","beaked:Ceremony","beaked:Ceremony","beaked:Ceremony","Doubt","beaked:BloodRitual+1","beaked:CrazyRituals+1","beaked:BraceForImpact+1","beaked:Insight","beaked:ScreechingChant+1","beaked:DigDeep","beaked:KnowThyFoe","beaked:Windmill+1"],"relics":["beaked:MendingPlumage","Bird Faced Urn","Toy Ornithopter","Matryoshka","beaked:ShinyBauble","Oddly Smooth Stone","beaked:SacrificeDoll"],"acts_visited":["Exordium","TheCity"],"potions_floor_usage":[12,13,16,19],"damage_taken":[{"damage":8,"enemies":"Small Slimes","floor":1,"turns":6},{"damage":13,"enemies":"Jaw Worm","floor":3,"turns":6},{"damage":16,"enemies":"Cultist","floor":5,"turns":3},{"damage":35,"enemies":"Lagavulin","floor":7,"turns":7},{"damage":19,"enemies":"Large Slime","floor":11,"turns":8},{"damage":21,"enemies":"Gremlin Nob","floor":12,"turns":6},{"damage":7,"enemies":"Gremlin Gang","floor":13,"turns":7},{"damage":22,"enemies":"3 Louse","floor":14,"turns":6},{"damage":32,"enemies":"Slime Boss","floor":16,"turns":9},{"damage":38,"enemies":"Spheric Guardian","floor":18,"turns":7},{"damage":68,"enemies":"2 Thieves","floor":19,"turns":3}],"seed_played":"2602319620068542776","potions_obtained":[{"floor":1,"key":"Explosive Potion"},{"floor":7,"key":"SkillPotion"},{"floor":11,"key":"PowerPotion"},{"floor":12,"key":"champ:CounterPotion"},{"floor":18,"key":"SteroidPotion"}],"is_trial":false,"path_per_floor":["M","?","M","?","M","R","E","R","T","T","M","E","M","M","R","B",null,"M","M"],"character_chosen":"BEAKED_THE_CULTIST","items_purchased":[],"campfire_rested":0,"item_purchase_floors":[],"current_hp_per_floor":[50,39,46,36,42,42,35,35,35,35,49,37,50,50,50,47,50,42,0,0],"gold":456,"neow_bonus":"ONE_RARE_RELIC","is_daily":false,"chose_seed":false,"campfire_upgraded":3,"win_rate":0.0,"timestamp":1612311868,"path_taken":["M","?","M","?","M","R","E","R","T","?","M","E","M","?","R","BOSS","M","M"],"items_purchased_type":[],"build_version":"2020-12-22","purchased_purges":0,"victory":false,"max_hp_per_floor":[50,50,50,50,50,50,50,50,50,50,50,50,50,50,50,50,50,50,50,50],"card_choices":[{"not_picked":["beaked:BarbedWire","beaked:Overpower"],"picked":"beaked:BloodRitual","floor":1},{"not_picked":["beaked:Mantra","beaked:MimicMachine"],"picked":"beaked:CrazyRituals","floor":3},{"not_picked":["beaked:Resilience","beaked:Poke","beaked:Redirect"],"picked":"SKIP","floor":5},{"not_picked":["beaked:VigorBurst","beaked:BounceBack"],"picked":"beaked:BraceForImpact","floor":7},{"not_picked":["beaked:DigDeeper","beaked:DigDeep"],"picked":"beaked:Insight","floor":11},{"not_picked":["beaked:MimicWarrior","beaked:Poke"],"picked":"beaked:ScreechingChant","floor":12},{"not_picked":["beaked:Mantra","beaked:DesperateSwing","beaked:WarriorEssence"],"picked":"SKIP","floor":13},{"not_picked":["beaked:WindBringer","beaked:Evade"],"picked":"beaked:DigDeep","floor":14},{"not_picked":["beaked:CheekyTricks","beaked:WildInstinct"],"picked":"beaked:KnowThyFoe","floor":16},{"not_picked":["beaked:Resilience","beaked:RitualOfBody"],"picked":"beaked:Windmill+1","floor":18}],"player_experience":732484,"relics_obtained":[{"floor":7,"key":"Toy Ornithopter"},{"floor":9,"key":"Matryoshka"},{"floor":10,"key":"beaked:ShinyBauble"},{"floor":12,"key":"Oddly Smooth Stone"}],"event_choices":[{"damage_healed":0,"gold_gain":75,"player_choice":"Gather Gold","damage_taken":11,"max_hp_gain":0,"max_hp_loss":0,"event_name":"World of Goop","floor":2,"gold_loss":0},{"damage_healed":0,"gold_gain":0,"player_choice":"Entered Light","damage_taken":10,"max_hp_gain":0,"max_hp_loss":0,"event_name":"Shining Light","floor":4,"gold_loss":0,"cards_upgraded":["beaked:Defend_Y","beaked:BloodRitual"]}],"is_beta":false,"boss_relics":[{"not_picked":["Runesmith:UraniumAnvil","Pandora\u0027s Box"],"picked":"beaked:SacrificeDoll"}],"items_purged_floors":[],"is_endless":false,"potions_floor_spawned":[1,7,11,12,18],"killed_by":"2 Thieves","ascension_level":1}}