{"host":"iy2a593ihq2f18ts","time":1612340459,"event":{"mods":["2.2 Compatiblity","AchievementEnabler","BaseMod","Bestiary","Better Third Choice","Block Reminder","Card Forge","Curses Come First","Dark Map","Downfall","Energized Spire","Hermit","Marisa????????","Minty Spire (QoL Compilation)","Rare Cards Sparkle","Replay The Spire","StSLib","SuperFastMode","The Bug Knight","The Necromancer","The Runesmith","The Servant 0.9.4"],"gold_per_floor":[117,0,75,87,87,118,128,148,174,174,119,139,154,154,154,258,258,271,195,110,110,129,164,175,175,175,175,185,89,99,117,117,222,222,236,256,106,106,106,106,139,159,184,195,209,223,223,239,239,239],"floor_reached":51,"language":"ENG","playtime":1039,"items_purged":["Sickly"],"score":726,"play_id":"b36dbd4a-735c-4c4d-a020-5893ce401e58","local_time":"20210203002059","is_ascension_mode":false,"campfire_choices":[{"floor":10,"key":"REST"},{"floor":15,"key":"REST"},{"floor":27,"key":"REST"},{"floor":32,"key":"REST"},{"floor":40,"key":"REST"},{"floor":49,"key":"REST"}],"circlet_count":0,"master_deck":["Eruption+1","Vigilance+1","SignatureMove+1","Enlightenment+1","Replay:BluntJabs+1","CutThroughFate+1","FollowUp+1","Tantrum+1","Halt+1","CurseOfTheBell","EmptyBody+1","Evaluate+1","Scrawl+1","Replay:DivineShield+1","Consecrate+1","Halt+1","WreathOfFlame+1","Ragnarok+1","Dark Shackles+1","BattleHymn+1","FollowUp+1","BowlingBash+1","Consecrate+1","CrushJoints+1"],"relics":["PureWater","Hammer of Thor","Seething Fire","Anvil of the Gods","NeowsBlessing","Replay:Ringing Soul","Happy Flower","Odd Mushroom","Gremlin Food","Ring of Hypnosis","Calling Bell","Lantern","Garlic","Incense Burner","ReplayTheSpireMod:CursedCoin","Bag of Marbles","Nunchaku","sneckomod:BabySnecko","Blood Vial","Toxic Egg 2","Replay:Ancient Bell","Vajra","Runesmith:Nanobots","Durian","Bag of Preparation","Juzu Bracelet","War Paint"],"acts_visited":["Exordium","TheCity","TheBeyond"],"potions_floor_usage":[22,23,23,31,33,35,48,50,50,50],"damage_taken":[{"damage":0,"enemies":"Jaw Worm","floor":1,"turns":1},{"damage":0,"enemies":"Cultist","floor":4,"turns":1},{"damage":0,"enemies":"Gremlin Nob","floor":6,"turns":1},{"damage":0,"enemies":"Small Slimes","floor":7,"turns":3},{"damage":0,"enemies":"The Mushroom Lair","floor":8,"turns":2},{"damage":0,"enemies":"2 Fungi Beasts","floor":12,"turns":1},{"damage":0,"enemies":"3 Louse","floor":13,"turns":3},{"damage":14,"enemies":"The Guardian","floor":16,"turns":3},{"damage":0,"enemies":"3 Byrds","floor":18,"turns":3},{"damage":0,"enemies":"Shell Parasite","floor":22,"turns":3},{"damage":10,"enemies":"Slavers","floor":23,"turns":3},{"damage":0,"enemies":"Snecko","floor":24,"turns":1},{"damage":0,"enemies":"Centurion and Healer","floor":28,"turns":2},{"damage":0,"enemies":"Snake Plant","floor":30,"turns":1},{"damage":20,"enemies":"Shelled Parasite and Fungi","floor":31,"turns":2},{"damage":7,"enemies":"Collector","floor":33,"turns":4},{"damage":0,"enemies":"3 Darklings","floor":35,"turns":1},{"damage":0,"enemies":"Orb Walker","floor":36,"turns":1},{"damage":0,"enemies":"Giant Head","floor":41,"turns":3},{"damage":0,"enemies":"Spire Growth","floor":42,"turns":1},{"damage":0,"enemies":"3 Darklings","floor":44,"turns":1},{"damage":0,"enemies":"Writhing Mass","floor":45,"turns":1},{"damage":0,"enemies":"Jaw Worm Horde","floor":46,"turns":1},{"damage":0,"enemies":"Transient","floor":48,"turns":5},{"damage":21,"enemies":"Replay:Hell Engine","floor":50,"turns":2}],"seed_played":"7309689676739796483","potions_obtained":[{"floor":1,"key":"Guardian:BlockOnCardUsePotion"},{"floor":4,"key":"Energy Potion"},{"floor":8,"key":"Toxic Potion"},{"floor":23,"key":"BottledMiracle"},{"floor":28,"key":"Milkshake"},{"floor":31,"key":"hexamod:SoulburnPotion"},{"floor":35,"key":"ColorlessPotion"},{"floor":41,"key":"Energy Potion"},{"floor":42,"key":"LiquidBronze"},{"floor":48,"key":"SteroidPotion"}],"is_trial":false,"path_per_floor":["M","?","T","M","?","E","M","?","T","R","$","M","M","?","R","B",null,"M","$","?","?","M","E","M","?","T","R","M","$","M","M","R","B",null,"M","M","$","?","?","R","E","M","T","M","M","M","$","M","R","B",null],"character_chosen":"WATCHER","items_purchased":["Tantrum+1","ReplayTheSpireMod:CursedCoin","Bag of Marbles","Consecrate","Halt+1","Bag of Preparation"],"campfire_rested":6,"item_purchase_floors":[11,19,19,29,29,37],"current_hp_per_floor":[72,78,78,81,81,84,87,90,90,90,93,96,99,102,102,88,105,108,111,111,114,117,110,115,115,115,123,123,126,126,109,129,125,140,140,140,140,143,143,143,143,146,146,149,152,155,155,158,158,137],"gold":239,"neow_bonus":"THREE_ENEMY_KILL","is_daily":false,"chose_seed":false,"campfire_upgraded":0,"win_rate":0.0,"timestamp":1612340459,"path_taken":["M","?","?","?","?","E","M","?","T","R","$","M","M","?","R","BOSS","M","$","?","?","M","E","M","?","T","R","M","$","M","M","R","BOSS","M","M","$","?","?","R","E","M","T","M","M","M","?","M","R","BOSS"],"items_purchased_type":["Card","Relic","Relic","Card","Card","Relic"],"build_version":"2020-12-22","purchased_purges":1,"victory":true,"max_hp_per_floor":[72,78,78,81,81,84,87,90,90,90,93,96,99,102,102,102,105,108,111,111,114,117,120,123,123,123,123,123,126,126,129,129,132,140,140,140,140,143,143,143,143,146,146,149,152,155,155,158,158,158],"card_choices":[{"not_picked":["Tantrum","Replay:BluntJabs"],"picked":"SignatureMove","floor":1},{"not_picked":["Protect","Evaluate"],"picked":"Conclude","floor":4},{"not_picked":["Pray","WheelKick"],"picked":"Replay:BluntJabs","floor":6},{"not_picked":["Replay:BluntJabs","JustLucky"],"picked":"CutThroughFate","floor":7},{"not_picked":["SashWhip","Establishment"],"picked":"FollowUp","floor":8},{"not_picked":["WreathOfFlame","Replay:AtTheReady"],"picked":"Fasting2","floor":12},{"not_picked":["Replay:BluntJabs","Perseverance"],"picked":"Halt","floor":13},{"not_picked":["ClearTheMind","WindmillStrike"],"picked":"EmptyBody","floor":18},{"not_picked":["Weave+1","Halt"],"picked":"Evaluate+1","floor":22},{"not_picked":["Nirvana","Study"],"picked":"Scrawl","floor":23},{"not_picked":["ThirdEye","ClearTheMind"],"picked":"Replay:DivineShield","floor":24},{"not_picked":["EmptyMind+1","ClearTheMind+1","Replay:Hum+1"],"picked":"SKIP","floor":28},{"not_picked":["ThirdEye+1","Meditate+1","Vengeance+1"],"picked":"SKIP","floor":30},{"not_picked":["ThirdEye+1","Replay:ManipulateFuture+1"],"picked":"WreathOfFlame+1","floor":31},{"not_picked":["Establishment","Brilliance"],"picked":"Ragnarok","floor":33},{"not_picked":["Spreading Infection","Hallucinations"],"picked":"Doubt","floor":34},{"not_picked":["ReplayTheSpireMod:Faulty Equipment","downfall:Malfunctioning"],"picked":"Writhe","floor":34},{"not_picked":["Looming Evil","Spreading Infection"],"picked":"Normality","floor":34},{"not_picked":["FlyingSleeves","EmptyBody+1","JustLucky+1"],"picked":"SKIP","floor":35},{"not_picked":["ThirdEye+1","Replay:Battleflow+1","Protect+1"],"picked":"SKIP","floor":36},{"not_picked":["Deep Breath+1","Specialist"],"picked":"Dark Shackles+1","floor":38},{"not_picked":["Perseverance+1","EmptyBody+1","ClearTheMind+1"],"picked":"SKIP","floor":41},{"not_picked":["Crescendo+1","EmptyFist+1"],"picked":"BattleHymn+1","floor":42},{"not_picked":["EmptyFist","Replay:AtTheReady+1"],"picked":"FollowUp+1","floor":44},{"not_picked":["Crescendo+1","Replay:Battleflow+1"],"picked":"BowlingBash+1","floor":45},{"not_picked":["CutThroughFate","Adaptation+1"],"picked":"Consecrate+1","floor":46},{"not_picked":["Replay:Hum+1","Swivel+1"],"picked":"CrushJoints","floor":48}],"player_experience":8008,"relics_obtained":[{"floor":3,"key":"Replay:Ringing Soul"},{"floor":6,"key":"Happy Flower"},{"floor":8,"key":"Odd Mushroom"},{"floor":9,"key":"Gremlin Food"},{"floor":14,"key":"Ring of Hypnosis"},{"floor":17,"key":"Lantern"},{"floor":17,"key":"Garlic"},{"floor":17,"key":"Incense Burner"},{"floor":23,"key":"Blood Vial"},{"floor":26,"key":"Toxic Egg 2"},{"floor":41,"key":"Juzu Bracelet"},{"floor":43,"key":"War Paint"}],"event_choices":[{"damage_healed":0,"gold_gain":0,"player_choice":"RENOUNCE","damage_taken":117,"max_hp_gain":0,"max_hp_loss":0,"event_name":"betterThird:BetterSerpent","floor":2,"gold_loss":117,"cards_obtained":["Enlightenment"]},{"cards_removed":["Defend_P"],"damage_healed":0,"gold_gain":0,"player_choice":"Forget","damage_taken":0,"max_hp_gain":0,"max_hp_loss":0,"event_name":"Living Wall","floor":5,"gold_loss":0},{"damage_healed":0,"gold_gain":0,"player_choice":"Fought Mushrooms","damage_taken":0,"max_hp_gain":0,"max_hp_loss":0,"event_name":"Mushrooms","floor":8,"gold_loss":0},{"damage_healed":0,"gold_gain":0,"player_choice":"Obtained Relic","damage_taken":0,"relics_obtained":["Nunchaku"],"max_hp_gain":0,"max_hp_loss":0,"event_name":"Addict","floor":20,"gold_loss":85},{"damage_healed":0,"gold_gain":0,"player_choice":"Ignored","damage_taken":0,"max_hp_gain":0,"max_hp_loss":0,"event_name":"Vampires","floor":25,"gold_loss":0},{"damage_healed":0,"gold_gain":0,"player_choice":"Memory 1","damage_taken":0,"max_hp_gain":0,"max_hp_loss":0,"event_name":"SensoryStone","floor":38,"gold_loss":0},{"cards_removed":["Fasting2"],"damage_healed":0,"gold_gain":0,"player_choice":"Removed Power","damage_taken":0,"max_hp_gain":0,"max_hp_loss":0,"event_name":"Falling","floor":39,"gold_loss":0}],"is_beta":false,"boss_relics":[{"not_picked":["Astrolabe","HolyWater"],"picked":"Calling Bell"},{"not_picked":["Abe\u0027s Treasure","SacredBark"],"picked":"Replay:Ancient Bell"},{"not_picked":["Ancient Tea Set","Toy Ornithopter"],"picked":"Vajra"},{"not_picked":["HollowMod:StagPassRelic","Sundial"],"picked":"Runesmith:Nanobots"},{"not_picked":["Replay:Kaleidoscope","GoldenEye"],"picked":"Durian"}],"items_purged_floors":[19],"is_endless":false,"potions_floor_spawned":[1,4,8,16,18,23,28,31,35,41,42,48],"ascension_level":0}}