{"host":"9rexl4trwadr43zo","time":1612346652,"event":{"mods":["BaseMod","Colored Map","Minty Spire (QoL Compilation)"],"gold_per_floor":[113,128,203,81,97,123,139,39,39,39,51,79,38,38,38,136,136,156,166,166,166,183,183,258,258,258],"floor_reached":25,"language":"ENG","playtime":1346,"items_purged":["Strike_R","Strike_R"],"score":264,"play_id":"8bb735dd-4021-4d63-948b-8e8a85c46c39","local_time":"20210203100412","is_ascension_mode":true,"campfire_choices":[{"floor":10,"key":"REST"},{"floor":15,"key":"REST"},{"floor":23,"key":"REST"}],"circlet_count":0,"master_deck":["Strike_R","Strike_R","Defend_R","Defend_R+1","Defend_R","Defend_R+1","Bash+1","Pommel Strike","Pommel Strike","Evolve","Disarm","Spot Weakness+1"],"relics":["Burning Blood","War Paint","Singing Bowl","Question Card","Black Star","MutagenicStrength","Darkstone Periapt"],"acts_visited":["Exordium","TheCity"],"potions_floor_usage":[16,16,22,22],"damage_taken":[{"damage":9,"enemies":"Jaw Worm","floor":1,"turns":3},{"damage":1,"enemies":"Cultist","floor":2,"turns":3},{"damage":7,"enemies":"2 Louse","floor":5,"turns":3},{"damage":40,"enemies":"3 Sentries","floor":6,"turns":13},{"damage":0,"enemies":"Blue Slaver","floor":7,"turns":4},{"damage":6,"enemies":"Looter","floor":11,"turns":3},{"damage":32,"enemies":"Lagavulin","floor":12,"turns":8},{"damage":34,"enemies":"Slime Boss","floor":16,"turns":9},{"damage":47,"enemies":"Shell Parasite","floor":18,"turns":10},{"damage":18,"enemies":"Chosen","floor":19,"turns":8},{"damage":14,"enemies":"Shelled Parasite and Fungi","floor":22,"turns":12},{"damage":43,"enemies":"Book of Stabbing","floor":25,"turns":4}],"seed_played":"-8620675843197052861","potions_obtained":[{"floor":1,"key":"EssenceOfSteel"},{"floor":5,"key":"SneckoOil"},{"floor":11,"key":"PowerPotion"},{"floor":16,"key":"LiquidMemories"},{"floor":18,"key":"EssenceOfSteel"},{"floor":22,"key":"Strength Potion"}],"is_trial":false,"path_per_floor":["M","M","?","$","M","E","M","$","T","R","M","E","$","?","R","B",null,"M","M","?","?","M","R","T","E"],"character_chosen":"IRONCLAD","items_purchased":["Pommel Strike","Disarm"],"campfire_rested":3,"item_purchase_floors":[4,13],"current_hp_per_floor":[77,80,72,72,71,37,43,43,43,67,69,43,43,36,60,34,72,33,23,23,23,15,41,41,0,0],"gold":258,"neow_bonus":"UPGRADE_CARD","is_daily":false,"chose_seed":false,"campfire_upgraded":0,"win_rate":0.0,"timestamp":1612346652,"path_taken":["M","M","?","?","M","E","M","$","T","R","?","E","?","?","R","BOSS","M","M","?","?","M","R","?","E"],"items_purchased_type":["Card","Card"],"build_version":"2020-12-22","purchased_purges":2,"victory":false,"max_hp_per_floor":[80,80,80,80,80,80,80,80,80,80,82,82,82,82,82,84,84,86,88,88,88,88,88,88,88,88],"card_choices":[{"not_picked":["Blood for Blood","Perfected Strike","Thunderclap"],"picked":"SKIP","floor":1},{"not_picked":["Headbutt","Metallicize","Entrench"],"picked":"SKIP","floor":2},{"not_picked":["Anger","Sword Boomerang"],"picked":"Pommel Strike","floor":5},{"not_picked":["Second Wind","Metallicize","Combust"],"picked":"SKIP","floor":6},{"not_picked":["Sword Boomerang","Clash","Wild Strike"],"picked":"SKIP","floor":7},{"not_picked":["Thunderclap","Bloodletting","Reckless Charge"],"picked":"Singing Bowl","floor":11},{"not_picked":["Armaments","Fiend Fire"],"picked":"Evolve","floor":12},{"not_picked":["Exhume","Offering","Juggernaut","Reaper"],"picked":"Singing Bowl","floor":16},{"not_picked":["Armaments+1","Searing Blow","Clothesline","Warcry"],"picked":"Singing Bowl","floor":18},{"not_picked":["Thunderclap","Searing Blow","Twin Strike","Anger"],"picked":"Singing Bowl","floor":19},{"not_picked":["Wild Strike","Body Slam","Clothesline"],"picked":"Spot Weakness+1","floor":22}],"player_experience":290948,"relics_obtained":[{"floor":6,"key":"War Paint"},{"floor":9,"key":"Singing Bowl"},{"floor":12,"key":"Question Card"},{"floor":24,"key":"Darkstone Periapt"}],"event_choices":[{"damage_healed":0,"gold_gain":75,"player_choice":"Touch","damage_taken":8,"max_hp_gain":0,"max_hp_loss":0,"event_name":"FaceTrader","floor":3,"gold_loss":0},{"cards_removed":["Strike_R"],"damage_healed":0,"gold_gain":0,"player_choice":"Card Removal","damage_taken":7,"max_hp_gain":0,"max_hp_loss":0,"event_name":"Golden Wing","floor":14,"gold_loss":0},{"damage_healed":0,"gold_gain":0,"player_choice":"Ignored","damage_taken":0,"max_hp_gain":0,"max_hp_loss":0,"event_name":"Cursed Tome","floor":20,"gold_loss":0},{"damage_healed":0,"gold_gain":0,"player_choice":"Inject Mutagens","damage_taken":0,"relics_obtained":["MutagenicStrength"],"max_hp_gain":0,"max_hp_loss":0,"event_name":"Drug Dealer","floor":21,"gold_loss":0}],"is_beta":false,"boss_relics":[{"not_picked":["Coffee Dripper","SlaversCollar"],"picked":"Black Star"}],"items_purged_floors":[4,8],"is_endless":false,"potions_floor_spawned":[1,5,11,16,18,22],"killed_by":"Book of Stabbing","ascension_level":5}}