{"host":"Squid","time":1612379539,"event":{"mods":["BaseMod","Minty Spire (QoL Compilation)","Reliquary","StSLib"],"gold_per_floor":[114,134,145,163,180,180,206,206,231,231,260,225,243,254,254,254,254],"floor_reached":16,"language":"ENG","playtime":574,"items_purged":[],"score":211,"play_id":"3307cc24-664b-47f4-a6cd-1789f8379e0e","local_time":"20210203141219","is_ascension_mode":true,"campfire_choices":[{"data":"Bash","floor":6,"key":"SMITH"},{"floor":8,"key":"REST"},{"data":"Carnage","floor":10,"key":"SMITH"},{"floor":15,"key":"REST"}],"circlet_count":0,"master_deck":["AscendersBane","Strike_R","Strike_R","Strike_R","Strike_R","Strike_R","Defend_R","Defend_R","Defend_R","Defend_R","Bash+1","Twin Strike","Second Wind","Shockwave","Anger","Carnage+1","Feed","Thunderclap","Feed"],"relics":["SacredBark","Ornamental Fan","reliquary:Boomerang","reliquary:PorcupineQuills"],"acts_visited":["Exordium"],"potions_floor_usage":[5,7,7,16],"damage_taken":[{"damage":8,"enemies":"Small Slimes","floor":1,"turns":5},{"damage":16,"enemies":"Jaw Worm","floor":2,"turns":4},{"damage":12,"enemies":"Cultist","floor":3,"turns":4},{"damage":11,"enemies":"Looter","floor":4,"turns":4},{"damage":17,"enemies":"Blue Slaver","floor":5,"turns":5},{"damage":22,"enemies":"Lagavulin","floor":7,"turns":6},{"damage":21,"enemies":"3 Sentries","floor":11,"turns":8},{"damage":15,"enemies":"Gremlin Gang","floor":13,"turns":6},{"damage":5,"enemies":"Red Slaver","floor":14,"turns":2},{"damage":33,"enemies":"The Guardian","floor":16,"turns":7}],"seed_played":"-421407040022569586","potions_obtained":[{"floor":1,"key":"Strength Potion"},{"floor":4,"key":"BloodPotion"},{"floor":5,"key":"BlessingOfTheForge"},{"floor":13,"key":"Fire Potion"}],"is_trial":false,"path_per_floor":["M","M","M","M","M","R","E","R","T","R","E","?","M","M","R","B"],"character_chosen":"IRONCLAD","items_purchased":[],"campfire_rested":2,"item_purchase_floors":[],"current_hp_per_floor":[60,44,32,21,34,34,12,34,34,34,13,31,19,17,41,8,8],"gold":254,"neow_bonus":"BOSS_RELIC","is_daily":false,"chose_seed":false,"campfire_upgraded":2,"win_rate":0.0,"timestamp":1612379539,"path_taken":["M","M","M","M","M","R","E","R","T","R","E","?","M","M","R","BOSS"],"items_purchased_type":[],"build_version":"2020-12-18","purchased_purges":0,"victory":false,"max_hp_per_floor":[75,75,75,75,75,75,75,75,75,75,75,75,78,81,81,81,81],"card_choices":[{"not_picked":["Entrench","Infernal Blade"],"picked":"Twin Strike","floor":1},{"not_picked":["Shrug It Off","Infernal Blade"],"picked":"Second Wind","floor":2},{"not_picked":["Havoc","Headbutt"],"picked":"Shockwave","floor":3},{"not_picked":["Clash","Body Slam"],"picked":"Anger","floor":4},{"not_picked":["Warcry","Armaments","Seeing Red"],"picked":"SKIP","floor":5},{"not_picked":["Entrench","Bloodletting"],"picked":"Carnage","floor":7},{"not_picked":["Sword Boomerang","Spot Weakness"],"picked":"Feed","floor":11},{"not_picked":["Clash","Wild Strike"],"picked":"Thunderclap","floor":13},{"not_picked":["Rampage","Anger"],"picked":"Feed","floor":14}],"player_experience":851114,"relics_obtained":[{"floor":7,"key":"Ornamental Fan"},{"floor":9,"key":"reliquary:Boomerang"},{"floor":11,"key":"reliquary:PorcupineQuills"}],"event_choices":[{"damage_healed":18,"gold_gain":0,"player_choice":"Healed","damage_taken":0,"max_hp_gain":0,"max_hp_loss":0,"event_name":"The Cleric","floor":12,"gold_loss":35}],"is_beta":true,"boss_relics":[],"items_purged_floors":[],"is_endless":false,"potions_floor_spawned":[1,4,5,13],"killed_by":"The Guardian","ascension_level":17}}