{"host":"ibckqdmmf9y74ymf","time":1612370326,"event":{"mods":["2.2 Compatiblity","BaseMod","Colored Map","Curses Come First","Highlight Path","Minty Spire (QoL Compilation)","Quick Restart","Rare Cards Sparkle","Relic Stats","StSLib"],"gold_per_floor":[139,184,18,60,80,80,80,80],"floor_reached":7,"language":"ENG","playtime":355,"items_purged":[],"score":86,"play_id":"789ce298-327e-4496-9f7b-f457c8e99b33","local_time":"20210203173846","is_ascension_mode":true,"campfire_choices":[{"floor":6,"key":"REST"}],"circlet_count":0,"master_deck":["AscendersBane","Strike_P","Strike_P","Strike_P","Strike_P","Defend_P","Defend_P","Defend_P","Defend_P","Eruption","Vigilance","Wish","JustLucky","Tantrum","FearNoEvil","ReachHeaven","CrushJoints","ClearTheMind","Evaluate","Protect","CutThroughFate"],"relics":["PureWater","Orrery"],"acts_visited":["Exordium"],"potions_floor_usage":[],"damage_taken":[{"damage":19,"enemies":"Jaw Worm","floor":1,"turns":4},{"damage":13,"enemies":"Small Slimes","floor":2,"turns":4},{"damage":6,"enemies":"2 Louse","floor":4,"turns":14},{"damage":7,"enemies":"Large Slime","floor":5,"turns":5},{"damage":0,"enemies":"Lagavulin","floor":7,"turns":3}],"seed_played":"4328246366584949386","potions_obtained":[{"floor":2,"key":"LiquidBronze"},{"floor":4,"key":"DistilledChaos"}],"is_trial":false,"path_per_floor":["M","M","$","M","M","R","E"],"character_chosen":"WATCHER","items_purchased":["Orrery"],"campfire_rested":1,"item_purchase_floors":[3],"current_hp_per_floor":[42,29,29,23,16,36,36,36],"gold":80,"neow_bonus":"ONE_RANDOM_RARE_CARD","is_daily":false,"chose_seed":false,"campfire_upgraded":0,"win_rate":0.0,"timestamp":1612370326,"path_taken":["M","M","$","M","M","R","E"],"items_purchased_type":["Relic"],"build_version":"2020-12-22","purchased_purges":0,"victory":false,"max_hp_per_floor":[68,68,68,68,68,68,68,68],"relic_stats":{"counters":[5,30],"obtain_stats":[{"Orrery":3,"PureWater":0},{"Orrery":2,"PureWater":0},{"Orrery":8,"PureWater":0}]},"card_choices":[{"not_picked":["Evaluate","PathToVictory"],"picked":"JustLucky","floor":1},{"not_picked":["BowlingBash","Consecrate"],"picked":"Tantrum","floor":2},{"not_picked":["Consecrate","FollowUp"],"picked":"FearNoEvil","floor":3},{"not_picked":["Vengeance","CarveReality"],"picked":"ReachHeaven","floor":3},{"not_picked":["Fasting2","Prostrate"],"picked":"CrushJoints","floor":3},{"not_picked":["Omniscience","SashWhip"],"picked":"ClearTheMind","floor":3},{"not_picked":["JustLucky","Devotion"],"picked":"Evaluate","floor":3},{"not_picked":["Evaluate","ThirdEye"],"picked":"Protect","floor":4},{"not_picked":["EmptyMind","ThirdEye"],"picked":"CutThroughFate","floor":5}],"player_experience":676777,"relics_obtained":[],"event_choices":[],"is_beta":false,"boss_relics":[],"items_purged_floors":[],"is_endless":false,"potions_floor_spawned":[2,4],"killed_by":"Lagavulin","ascension_level":20}}