{"host":"zj59u6rib3fz4c79","time":1612311241,"event":{"mods":["AchievementEnabler","BaseMod","Bestiary","Colored Map","Colored Powertips","Highlight Path","Minty Spire (QoL Compilation)","StSLib"],"gold_per_floor":[109,109,109,34,48,48,63,90,90,55,55,110,123,143,143,245,245,259,269,296,307,307,307,307,319,342,342,257,274,294,194,194,295,295,315,537,88,104,104,130,130,149,230,230,240,253,271,271,271,271,271,271,204,232,232,232],"floor_reached":55,"language":"ENG","playtime":3848,"items_purged":["Regret","Strike_G"],"score":708,"play_id":"ccbb2a2a-e569-47e8-bf66-eeb4201ad30c","local_time":"20210202181401","is_ascension_mode":true,"campfire_choices":[{"data":"Neutralize","floor":6,"key":"SMITH"},{"floor":15,"key":"REST"},{"floor":23,"key":"REST"},{"floor":27,"key":"REST"},{"floor":32,"key":"REST"},{"floor":41,"key":"REST"},{"floor":44,"key":"REST"},{"floor":49,"key":"RECALL"},{"data":"Survivor","floor":52,"key":"SMITH"}],"circlet_count":0,"master_deck":["Strike_G","Strike_G","Strike_G+1","Defend_G","Defend_G","Defend_G","Defend_G","Survivor+1","Neutralize+1","Blade Dance+1","Flying Knee","Prepared","Burst+1","CurseOfTheBell","Leg Sweep+1","Finisher+1","Bullet Time","Leg Sweep","Infinite Blades+1","Blade Dance+1","Backflip+1","Infinite Blades"],"relics":["Ring of the Snake","Vajra","Peace Pipe","Ancient Tea Set","Paper Crane","Tiny Chest","Calling Bell","Lantern","Pantograph","Lizard Tail","Red Mask","Shuriken","Bag of Marbles","Bronze Scales","WristBlade","TungstenRod","Omamori","Bottled Tornado","Pear","Anchor"],"acts_visited":["Exordium","TheCity","TheBeyond","TheEnding"],"potions_floor_usage":[12,16,20,33,33,33,35,50,50,55],"damage_taken":[{"damage":5,"enemies":"2 Louse","floor":1,"turns":3},{"damage":0,"enemies":"Small Slimes","floor":5,"turns":2},{"damage":0,"enemies":"Jaw Worm","floor":7,"turns":2},{"damage":25,"enemies":"Gremlin Nob","floor":8,"turns":4},{"damage":11,"enemies":"Gremlin Nob","floor":12,"turns":3},{"damage":0,"enemies":"3 Louse","floor":13,"turns":3},{"damage":10,"enemies":"Looter","floor":14,"turns":2},{"damage":13,"enemies":"Slime Boss","floor":16,"turns":12},{"damage":11,"enemies":"Spheric Guardian","floor":18,"turns":4},{"damage":4,"enemies":"3 Byrds","floor":19,"turns":6},{"damage":44,"enemies":"Masked Bandits","floor":20,"turns":8},{"damage":9,"enemies":"Snake Plant","floor":21,"turns":5},{"damage":9,"enemies":"Snecko","floor":25,"turns":5},{"damage":6,"enemies":"Centurion and Healer","floor":29,"turns":4},{"damage":0,"enemies":"Sentry and Sphere","floor":30,"turns":3},{"damage":10,"enemies":"Automaton","floor":33,"turns":5},{"damage":16,"enemies":"3 Shapes","floor":35,"turns":2},{"damage":0,"enemies":"Orb Walker","floor":38,"turns":2},{"damage":25,"enemies":"Reptomancer","floor":40,"turns":8},{"damage":12,"enemies":"Maw","floor":42,"turns":8},{"damage":0,"enemies":"Writhing Mass","floor":45,"turns":2},{"damage":6,"enemies":"Transient","floor":46,"turns":5},{"damage":0,"enemies":"Spire Growth","floor":47,"turns":2},{"damage":12,"enemies":"Donu and Deca","floor":50,"turns":7},{"damage":0,"enemies":"Shield and Spear","floor":54,"turns":3},{"damage":142,"enemies":"The Heart","floor":55,"turns":9}],"seed_played":"2249474383759223898","potions_obtained":[{"floor":5,"key":"Poison Potion"},{"floor":8,"key":"BlessingOfTheForge"},{"floor":12,"key":"Block Potion"},{"floor":21,"key":"CunningPotion"},{"floor":25,"key":"Weak Potion"},{"floor":29,"key":"CunningPotion"},{"floor":33,"key":"Energy Potion"},{"floor":42,"key":"Dexterity Potion"},{"floor":45,"key":"CultistPotion"},{"floor":46,"key":"Explosive Potion"}],"is_trial":false,"path_per_floor":["M","?","?","$","M","R","M","E","T","?","$","?","M","M","R","B",null,"M","M","?","M","?","R","T","M","T","R","?","M","M","$","R","B",null,"M","?","$","M","T","E","R","M","T","R","M","M","M","?","R","B",null,"R","$","E","B"],"character_chosen":"THE_SILENT","items_purchased":["TungstenRod","Omamori","Infinite Blades"],"campfire_rested":6,"item_purchase_floors":[37,37,53],"current_hp_per_floor":[65,51,51,51,51,51,51,26,26,43,43,32,32,22,43,30,70,59,55,11,2,2,23,23,14,14,35,35,29,29,29,50,60,70,54,54,54,54,54,39,63,51,51,75,75,69,69,69,69,68,80,80,80,80,0,0],"gold":232,"neow_bonus":"RANDOM_COMMON_RELIC","is_daily":false,"chose_seed":false,"campfire_upgraded":2,"win_rate":0.0,"timestamp":1612311241,"path_taken":["M","?","?","$","M","R","M","E","T","?","$","?","?","M","R","BOSS","M","M","?","M","?","R","?","?","T","R","?","M","M","$","R","BOSS","M","?","$","M","?","E","R","M","T","R","M","M","M","?","R","BOSS","R","$","E","BOSS"],"items_purchased_type":["Relic","Relic","Card"],"build_version":"2020-12-22","purchased_purges":2,"victory":false,"max_hp_per_floor":[70,70,70,70,70,70,70,70,70,70,70,70,70,70,70,70,70,70,70,70,70,70,70,70,70,70,70,70,70,70,70,70,70,70,70,70,70,70,70,80,80,80,80,80,80,80,80,80,80,80,80,80,80,80,80,80],"card_choices":[{"not_picked":["Endless Agony","Backstab"],"picked":"Blade Dance","floor":1},{"not_picked":["Reflex","Blur","Dodge and Roll"],"picked":"SKIP","floor":5},{"not_picked":["Dodge and Roll","Underhanded Strike"],"picked":"Flying Knee","floor":7},{"not_picked":["Die Die Die","Poisoned Stab","Noxious Fumes"],"picked":"SKIP","floor":8},{"not_picked":["PiercingWail","Deadly Poison"],"picked":"Prepared","floor":13},{"not_picked":["Dash","Outmaneuver","Poisoned Stab"],"picked":"SKIP","floor":14},{"not_picked":["Glass Knife","Venomology"],"picked":"Burst","floor":16},{"not_picked":["Caltrops","Deadly Poison","Prepared"],"picked":"SKIP","floor":18},{"not_picked":["Footwork","Deadly Poison"],"picked":"Leg Sweep+1","floor":19},{"not_picked":["Outmaneuver","Distraction"],"picked":"Finisher+1","floor":20},{"not_picked":["Phantasmal Killer","Prepared+1","Well Laid Plans"],"picked":"SKIP","floor":21},{"not_picked":["Bouncing Flask","Heel Hook","Noxious Fumes"],"picked":"SKIP","floor":25},{"not_picked":["Poisoned Stab","Footwork","Sucker Punch"],"picked":"SKIP","floor":29},{"not_picked":["Bane","Catalyst"],"picked":"Infinite Blades+1","floor":30},{"not_picked":["Terror","Slice+1","Outmaneuver+1"],"picked":"SKIP","floor":35},{"not_picked":["Caltrops","Flying Knee+1","Bane"],"picked":"SKIP","floor":38},{"not_picked":["Dagger Spray+1","Well Laid Plans","Outmaneuver"],"picked":"SKIP","floor":40},{"not_picked":["Well Laid Plans","Infinite Blades"],"picked":"Blade Dance+1","floor":42},{"not_picked":["Footwork","Underhanded Strike","Terror+1"],"picked":"SKIP","floor":45},{"not_picked":["Catalyst","Prepared+1","Bullet Time"],"picked":"SKIP","floor":46},{"not_picked":["Noxious Fumes","Catalyst+1"],"picked":"Backflip+1","floor":47},{"not_picked":["Dagger Spray+1","Riddle With Holes","Dash"],"picked":"SKIP","floor":54}],"player_experience":73450,"relics_obtained":[{"floor":8,"key":"Ancient Tea Set"},{"floor":9,"key":"Paper Crane"},{"floor":17,"key":"Lantern"},{"floor":17,"key":"Pantograph"},{"floor":17,"key":"Lizard Tail"},{"floor":20,"key":"Red Mask"},{"floor":24,"key":"Shuriken"},{"floor":26,"key":"Bag of Marbles"},{"floor":39,"key":"Bottled Tornado"},{"floor":40,"key":"Pear"},{"floor":54,"key":"Anchor"}],"event_choices":[{"damage_healed":0,"gold_gain":0,"player_choice":"Entered Light","damage_taken":14,"max_hp_gain":0,"max_hp_loss":0,"event_name":"Shining Light","floor":2,"gold_loss":0,"cards_upgraded":["Blade Dance","Strike_G"]},{"damage_healed":0,"gold_gain":0,"player_choice":"Box","damage_taken":0,"relics_obtained":["Peace Pipe"],"max_hp_gain":0,"max_hp_loss":0,"event_name":"Big Fish","floor":3,"gold_loss":0,"cards_obtained":["Regret"]},{"damage_healed":17,"gold_gain":0,"player_choice":"Healed","damage_taken":0,"max_hp_gain":0,"max_hp_loss":0,"event_name":"The Cleric","floor":10,"gold_loss":35},{"damage_healed":0,"gold_gain":0,"player_choice":"Searched \u00272\u0027 times","damage_taken":0,"relics_obtained":["Tiny Chest"],"max_hp_gain":0,"max_hp_loss":0,"event_name":"Dead Adventurer","floor":12,"gold_loss":0},{"damage_healed":0,"gold_gain":0,"player_choice":"Fought Bandits","damage_taken":0,"max_hp_gain":0,"max_hp_loss":0,"event_name":"Masked Bandits","floor":20,"gold_loss":0},{"damage_healed":0,"gold_gain":0,"cards_transformed":["Strike_G","Defend_G"],"player_choice":"Became Test Subject","damage_taken":0,"max_hp_gain":0,"max_hp_loss":0,"event_name":"Drug Dealer","floor":22,"gold_loss":0,"cards_obtained":["Bullet Time","Leg Sweep"]},{"damage_healed":0,"gold_gain":0,"player_choice":"Obtained Relic","damage_taken":0,"relics_obtained":["Bronze Scales"],"max_hp_gain":0,"max_hp_loss":0,"event_name":"Addict","floor":28,"gold_loss":85},{"damage_healed":0,"gold_gain":222,"player_choice":"Wore Mask","damage_taken":0,"max_hp_gain":0,"max_hp_loss":0,"event_name":"Tomb of Lord Red Mask","floor":36,"gold_loss":0},{"damage_healed":0,"gold_gain":0,"player_choice":"Forge","damage_taken":0,"max_hp_gain":0,"max_hp_loss":0,"event_name":"Accursed Blacksmith","floor":48,"gold_loss":0,"cards_upgraded":["Burst"]}],"is_beta":false,"boss_relics":[{"not_picked":["Astrolabe","SacredBark"],"picked":"Calling Bell"},{"not_picked":["SlaversCollar","Cursed Key"],"picked":"WristBlade"}],"items_purged_floors":[4,31],"is_endless":false,"potions_floor_spawned":[5,8,12,21,25,29,33,42,45,46],"killed_by":"The Heart","ascension_level":1}}