{"host":"yx5rao87132cy5xq","time":1612328911,"event":{"mods":["2.2 Compatiblity","AchievementEnabler","BaseMod","Bestiary","Colored Map","Colored Powertips","Minty Spire (QoL Compilation)","Quick Restart","Relic Stats","Slay-I","SuperFastMode"],"gold_per_floor":[119,136,136,149,149,149,211,228,228,228,240,315,315,350,350,425,425,440,440,440,452,462,497,497,527,527,527,562,562,522,109,109,182,182,197,13,13,26,51,64,64,98,98,98,98,118,118,133,133,133],"floor_reached":51,"language":"ENG","playtime":4242,"items_purged":["Strike_R","Strike_R"],"score":1436,"play_id":"0a0ed459-25d9-4078-890e-dcfe74b83850","local_time":"20210203060831","is_ascension_mode":true,"campfire_choices":[{"data":"Wild Strike","floor":6.0,"key":"SMITH"},{"data":"Wild Strike","floor":13.0,"key":"SMITH"},{"floor":15.0,"key":"REST"},{"floor":24,"key":"REST"},{"floor":27,"key":"REST"},{"data":"Double Tap","floor":29,"key":"SMITH"},{"data":"Shrug It Off","floor":32,"key":"SMITH"},{"data":"Barricade","floor":41,"key":"SMITH"},{"floor":45,"key":"REST"},{"data":"Disarm","floor":47,"key":"SMITH"},{"floor":49,"key":"REST"}],"circlet_count":0,"master_deck":["AscendersBane","Strike_R","Strike_R","Defend_R","Defend_R","Defend_R+1","Defend_R","Bash+1","Wild Strike+1","Fire Breathing+1","Wild Strike+1","Shrug It Off+1","Shrug It Off","Shrug It Off","Warcry","Offering","Iron Wave","Shrug It Off+1","Battle Trance","Wild Strike","Decay","Double Tap+1","Barricade+1","Iron Wave+1","Evolve","Violence","Disarm+1","Body Slam+1","Entrench+1"],"relics":["Burning Blood","MealTicket","Gambling Chip","Incense Burner","PreservedInsect","Cursed Key","Toy Ornithopter","Prayer Wheel","Regal Pillow","Omamori","Thread and Needle","Calling Bell","Strawberry","Shuriken","Lizard Tail","Mango","Happy Flower","Mercury Hourglass"],"acts_visited":["Exordium","TheCity","TheBeyond"],"potions_floor_usage":[16,16,21,23,28,33,50],"damage_taken":[{"damage":8.0,"enemies":"2 Louse","floor":1.0,"turns":4.0},{"damage":1.0,"enemies":"Cultist","floor":2.0,"turns":3.0},{"damage":10.0,"enemies":"Small Slimes","floor":4.0,"turns":3.0},{"damage":16.0,"enemies":"Gremlin Nob","floor":7.0,"turns":3.0},{"damage":3.0,"enemies":"2 Fungi Beasts","floor":8.0,"turns":4.0},{"damage":1.0,"enemies":"3 Louse","floor":11.0,"turns":4.0},{"damage":8.0,"enemies":"Lagavulin","floor":14.0,"turns":5.0},{"damage":19,"enemies":"The Guardian","floor":16,"turns":8},{"damage":4,"enemies":"3 Byrds","floor":18,"turns":5},{"damage":6,"enemies":"2 Thieves","floor":21,"turns":4},{"damage":17,"enemies":"3 Cultists","floor":22,"turns":6},{"damage":25,"enemies":"Book of Stabbing","floor":23,"turns":3},{"damage":16,"enemies":"Gremlin Leader","floor":25,"turns":5},{"damage":27,"enemies":"Slavers","floor":28,"turns":6},{"damage":41,"enemies":"Collector","floor":33,"turns":7},{"damage":6,"enemies":"3 Darklings","floor":35,"turns":4},{"damage":6,"enemies":"Orb Walker","floor":38,"turns":4},{"damage":6,"enemies":"Mind Bloom Boss Battle","floor":39,"turns":7},{"damage":22,"enemies":"Transient","floor":40,"turns":5},{"damage":46,"enemies":"Nemesis","floor":42,"turns":7},{"damage":16,"enemies":"4 Shapes","floor":46,"turns":3},{"damage":6,"enemies":"Spire Growth","floor":48,"turns":5},{"damage":6,"enemies":"Time Eater","floor":50,"turns":6}],"seed_played":"-1882661119272135919","potions_obtained":[{"floor":2.0,"key":"SneckoOil"},{"floor":3.0,"key":"PowerPotion"},{"floor":3.0,"key":"ElixirPotion"},{"floor":4.0,"key":"FearPotion"},{"floor":11.0,"key":"SteroidPotion"},{"floor":21,"key":"Swift Potion"},{"floor":25,"key":"Regen Potion"},{"floor":30,"key":"FearPotion"},{"floor":30,"key":"AttackPotion"},{"floor":38,"key":"GamblersBrew"},{"floor":39,"key":"Strength Potion"},{"floor":46,"key":"Dexterity Potion"}],"is_trial":false,"path_per_floor":["M","M","?","M","?","R","?","M","T","?","M","?","R","E","R","B",null,"M","?","?","M","M","E","R","E","T","R","E","R","?","$","R","B",null,"M","$","?","M","?","M","R","E","T","?","R","M","R","M","R","B",null],"character_chosen":"IRONCLAD","items_purchased":["Thread and Needle","Evolve"],"campfire_rested":5,"item_purchase_floors":[31,36],"current_hp_per_floor":[66,71,71,67,44,44,34,37,37,37,42,31,31,29,51,38,66,68,68,49,49,38,19,41,31,31,68,64,64,64,75,75,40,73,73,82,82,82,96,80,80,40,40,40,83,73,73,73,96,96],"gold":133,"neow_bonus":"RANDOM_COMMON_RELIC","is_daily":false,"chose_seed":false,"campfire_upgraded":6,"win_rate":0.0,"timestamp":1612328911,"path_taken":["M","M","?","?","?","R","?","M","T","?","M","?","R","E","R","BOSS","M","?","?","?","M","E","R","E","T","R","E","R","?","$","R","BOSS","M","?","?","M","?","M","R","E","T","?","R","M","R","?","R","BOSS"],"items_purchased_type":["Relic","Card"],"build_version":"2020-12-22","purchased_purges":2,"victory":true,"max_hp_per_floor":[75,75,75,75,75,75,75,75,75,75,75,75,75,75,75,75,75,75,75,75,75,75,75,75,75,75,75,75,75,75,75,75,75,82,82,82,82,82,96,96,96,96,96,96,96,96,96,96,96,96],"relic_stats":{"Regal Pillow":30,"Happy Flower":[4],"counters":[23,111],"PreservedInsect":191,"Cursed Key":2,"Burning Blood":138,"Mercury Hourglass":[60],"Lizard Tail":0,"Shuriken":[17],"Gambling Chip":[31],"MealTicket":20,"Prayer Wheel":5,"obtain_stats":[{"Regal Pillow":26,"Happy Flower":42,"Thread and Needle":31,"Mango":39,"PreservedInsect":14,"Incense Burner":9,"Omamori":28,"Cursed Key":17,"Burning Blood":0,"Mercury Hourglass":43,"Calling Bell":34,"Lizard Tail":34,"Shuriken":34,"Gambling Chip":7,"Strawberry":34,"MealTicket":0,"Prayer Wheel":25,"Toy Ornithopter":23},{"Regal Pillow":13,"Happy Flower":20,"Thread and Needle":14,"Mango":18,"PreservedInsect":7,"Incense Burner":5,"Omamori":14,"Cursed Key":8,"Burning Blood":0,"Mercury Hourglass":20,"Calling Bell":15,"Lizard Tail":15,"Shuriken":15,"Gambling Chip":4,"Strawberry":15,"MealTicket":0,"Prayer Wheel":13,"Toy Ornithopter":12},{"Regal Pillow":57,"Happy Flower":97,"Thread and Needle":63,"Mango":85,"PreservedInsect":26,"Incense Burner":17,"Omamori":63,"Cursed Key":34,"Burning Blood":0,"Mercury Hourglass":97,"Calling Bell":70,"Lizard Tail":70,"Shuriken":70,"Gambling Chip":13,"Strawberry":70,"MealTicket":0,"Prayer Wheel":57,"Toy Ornithopter":52}],"Toy Ornithopter":5},"card_choices":[{"not_picked":["Cleave","Clothesline"],"picked":"Wild Strike","floor":1.0},{"not_picked":["Clash","Dual Wield"],"picked":"Fire Breathing","floor":2.0},{"not_picked":["Headbutt","Intimidate"],"picked":"Wild Strike","floor":4.0},{"not_picked":["Flex","Heavy Blade"],"picked":"Shrug It Off","floor":7.0},{"not_picked":["Pommel Strike","Battle Trance"],"picked":"Shrug It Off","floor":8.0},{"not_picked":["Exhume","Sword Boomerang"],"picked":"Shrug It Off","floor":11.0},{"not_picked":["Combust","True Grit"],"picked":"Warcry","floor":14.0},{"not_picked":["Reaper","Limit Break"],"picked":"Offering","floor":16},{"not_picked":["Warcry","Blood for Blood"],"picked":"Iron Wave","floor":18},{"not_picked":["Flex","Seeing Red"],"picked":"Shrug It Off+1","floor":21},{"not_picked":["Pummel","Pommel Strike","Heavy Blade"],"picked":"SKIP","floor":22},{"not_picked":["Shrug It Off","Flex"],"picked":"Battle Trance","floor":23},{"not_picked":["Clash","Anger"],"picked":"Wild Strike","floor":25},{"not_picked":["Rupture","Whirlwind"],"picked":"Double Tap","floor":28},{"not_picked":["Fiend Fire","Bludgeon"],"picked":"Barricade","floor":33},{"not_picked":["Dual Wield+1","Anger+1"],"picked":"Iron Wave+1","floor":35},{"not_picked":["Iron Wave","Flex+1","Bludgeon"],"picked":"SKIP","floor":35},{"not_picked":["Secret Weapon","Metamorphosis"],"picked":"Violence","floor":37},{"not_picked":["Cleave","Rupture"],"picked":"Disarm","floor":38},{"not_picked":["Hemokinesis","Evolve","Sword Boomerang"],"picked":"SKIP","floor":38},{"not_picked":["Heavy Blade","Seeing Red"],"picked":"Body Slam+1","floor":39},{"not_picked":["Twin Strike","Thunderclap+1","Metallicize"],"picked":"SKIP","floor":40},{"not_picked":["Perfected Strike+1","Spot Weakness","Body Slam"],"picked":"SKIP","floor":40},{"not_picked":["Wild Strike","Hemokinesis"],"picked":"Entrench+1","floor":42},{"not_picked":["Clash","Pummel","Cleave"],"picked":"SKIP","floor":46},{"not_picked":["Headbutt","Armaments","Flex+1"],"picked":"SKIP","floor":46},{"not_picked":["Warcry","Flex","Reaper"],"picked":"SKIP","floor":48},{"not_picked":["Dark Embrace","Sever Soul","Bloodletting"],"picked":"SKIP","floor":48}],"player_experience":975715,"relics_obtained":[{"floor":7.0,"key":"Gambling Chip"},{"floor":9.0,"key":"Incense Burner"},{"floor":14.0,"key":"PreservedInsect"},{"floor":23,"key":"Toy Ornithopter"},{"floor":25,"key":"Prayer Wheel"},{"floor":26,"key":"Regal Pillow"},{"floor":28,"key":"Omamori"},{"floor":34,"key":"Strawberry"},{"floor":34,"key":"Shuriken"},{"floor":34,"key":"Lizard Tail"},{"floor":39,"key":"Mango"},{"floor":42,"key":"Happy Flower"},{"floor":43,"key":"Mercury Hourglass"}],"event_choices":[{"damage_healed":0.0,"max_hp_gain":0.0,"max_hp_loss":0.0,"gold_gain":0.0,"event_name":"Lab","player_choice":"Got Potions","floor":3.0,"gold_loss":0.0,"damage_taken":0.0},{"damage_healed":0.0,"max_hp_gain":0.0,"max_hp_loss":0.0,"gold_gain":0.0,"event_name":"Shining Light","player_choice":"Entered Light","floor":5.0,"gold_loss":0.0,"damage_taken":23.0,"cards_upgraded":["Fire Breathing","Defend_R"]},{"damage_healed":0.0,"max_hp_gain":0.0,"max_hp_loss":0.0,"gold_gain":0.0,"event_name":"Dead Adventurer","player_choice":"Searched \u00272\u0027 times","floor":7.0,"gold_loss":0.0,"damage_taken":0.0},{"damage_healed":0.0,"max_hp_gain":0.0,"max_hp_loss":0.0,"gold_gain":0.0,"event_name":"Living Wall","player_choice":"Grow","floor":10.0,"gold_loss":0.0,"damage_taken":0.0,"cards_upgraded":["Bash"]},{"damage_healed":0.0,"max_hp_gain":0.0,"max_hp_loss":0.0,"gold_gain":75.0,"event_name":"World of Goop","player_choice":"Gather Gold","floor":12.0,"gold_loss":0.0,"damage_taken":11.0},{"damage_healed":0,"gold_gain":0,"player_choice":"Ignored","damage_taken":0,"max_hp_gain":0,"max_hp_loss":0,"event_name":"Ghosts","floor":19,"gold_loss":0},{"damage_healed":0,"gold_gain":0,"player_choice":"POTION POTION ","damage_taken":19,"max_hp_gain":0,"max_hp_loss":0,"event_name":"Knowing Skull","floor":20,"potions_obtained":["Explosive Potion","Energy Potion"],"gold_loss":0,"cards_obtained":[]},{"damage_healed":0,"gold_gain":0,"player_choice":"Bought 3 Potions","damage_taken":0,"max_hp_gain":0,"max_hp_loss":0,"event_name":"The Woman in Blue","floor":30,"gold_loss":0},{"damage_healed":0,"gold_gain":0,"player_choice":"Memory 1","damage_taken":0,"max_hp_gain":0,"max_hp_loss":0,"event_name":"SensoryStone","floor":37,"gold_loss":0},{"damage_healed":0,"gold_gain":0,"player_choice":"Fight","damage_taken":0,"max_hp_gain":0,"max_hp_loss":0,"event_name":"MindBloom","floor":39,"gold_loss":0},{"cards_removed":["Strike_R"],"damage_healed":0,"gold_gain":0,"player_choice":"Card Removal","damage_taken":0,"max_hp_gain":0,"max_hp_loss":0,"event_name":"Wheel of Change","floor":44,"gold_loss":0}],"is_beta":false,"boss_relics":[{"not_picked":["Astrolabe","Snecko Eye"],"picked":"Cursed Key"},{"not_picked":["Empty Cage","Black Blood"],"picked":"Calling Bell"}],"items_purged_floors":[31,36],"is_endless":false,"potions_floor_spawned":[2,4,11,21,22,25,38,39,42,46],"ascension_level":16}}