{"host":"qgvpd00zvzorrg7j","time":1612327012,"event":{"mods":["BaseMod","Colored Map","Downfall","Minty Spire (QoL Compilation)","Quick Restart","StSLib"],"gold_per_floor":[99,99,99,199,199,199,251,278,291,51,51,64,64,91,109,209,209,209,94,112,212,231,231,258,269,288,304,304,304,304,318,329,433,483,483,493,154,166,316,332,332,361,374,386,186,204,70,95,95,95,95,95],"floor_reached":50,"language":"ENG","playtime":3847,"items_purged":["Guardian:Defend_Guardian","Guardian:Strike_Guardian","Guardian:Defend_Guardian+1","Guardian:Strike_Guardian+1"],"score":587,"play_id":"9b521531-d0e2-4c59-a9fc-ade989cf1f79","local_time":"20210202233652","is_ascension_mode":false,"campfire_choices":[{"data":"Guardian:CurlUp","floor":1.0,"key":"SMITH"},{"data":"Guardian:TwinSlam","floor":6.0,"key":"SMITH"},{"floor":11.0,"key":"RECALL"},{"data":"Guardian:Recover","floor":13.0,"key":"SMITH"},{"data":"Guardian:AncientConstruct","floor":18.0,"key":"SMITH"},{"data":"Guardian:TemporalStrike","floor":23.0,"key":"SMITH"},{"data":"Madness","floor":30.0,"key":"SMITH"},{"data":"Guardian:TimeSifter","floor":35.0,"key":"SMITH"},{"data":"Guardian:EvasiveProtocol","floor":45.0,"key":"SMITH"},{"data":"expansioncontent:DashGenerateEvil","floor":49,"key":"SMITH"}],"circlet_count":0,"master_deck":["Guardian:CurlUp+1","Guardian:TwinSlam+1","Guardian:Suspension+1","Guardian:Recover+1","Guardian:AncientConstruct+1","Guardian:SpikerProtocol+1","Guardian:SpikerProtocol+1","Guardian:Incinerate+1","Guardian:Incinerate+1","Guardian:TemporalStrike+1","Guardian:Recover+1","Madness+1","Guardian:SentryBeam+1","Guardian:TimeSifter+1","Guardian:PrismaticBarrier+1","Guardian:Gem_Cyan","Guardian:EvasiveProtocol+1","Parasite","Guardian:GuardianWhirl+1","Guardian:EvasiveProtocol+1","expansioncontent:DashGenerateEvil+1"],"relics":["Guardian:ModeShifter","downfall:HeartsMalice","Vajra","Darkstone Periapt","Lizard Tail","Astrolabe","Bag of Marbles","Tiny House","PreservedInsect","Sundial","downfall:HeartBlessingBlue","downfall:HeartBlessingRed","Anchor","FossilizedHelix"],"acts_visited":["Exordium","TheCity","TheBeyond"],"potions_floor_usage":[50,50,50],"damage_taken":[{"damage":0.0,"enemies":"Small Slimes","floor":3.0,"turns":1.0},{"damage":0.0,"enemies":"2 Louse","floor":5.0,"turns":1.0},{"damage":0.0,"enemies":"3 Sentries","floor":8.0,"turns":1.0},{"damage":6.0,"enemies":"Cultist","floor":9.0,"turns":3.0},{"damage":0.0,"enemies":"downfall:FleeingMerchant","floor":10.0,"turns":4.0},{"damage":11.0,"enemies":"Exordium Wildlife","floor":12.0,"turns":4.0},{"damage":4.0,"enemies":"Gremlin Nob","floor":14.0,"turns":4.0},{"damage":0.0,"enemies":"Lots of Slimes","floor":15.0,"turns":4.0},{"damage":68.0,"enemies":"SI_SHIV_ARCHETYPE","floor":16.0,"turns":12.0},{"damage":0.0,"enemies":"downfall:FleeingMerchant","floor":19.0,"turns":4.0},{"damage":7.0,"enemies":"Shell Parasite","floor":20.0,"turns":3.0},{"damage":13.0,"enemies":"Snake Plant","floor":22.0,"turns":3.0},{"damage":8.0,"enemies":"3 Cultists","floor":25.0,"turns":5.0},{"damage":5.0,"enemies":"Cultist and Chosen","floor":26.0,"turns":5.0},{"damage":0.0,"enemies":"Chosen and Byrds","floor":27.0,"turns":6.0},{"damage":5.0,"enemies":"Shelled Parasite and Fungi","floor":31.0,"turns":4.0},{"damage":0.0,"enemies":"Snake Plant","floor":32.0,"turns":3.0},{"damage":18.0,"enemies":"DF_ARCHETYPE_CLAW","floor":33.0,"turns":9.0},{"damage":5.0,"enemies":"Orb Walker","floor":36.0,"turns":4.0},{"damage":9.0,"enemies":"downfall:FleeingMerchant","floor":37.0,"turns":4.0},{"damage":1.0,"enemies":"3 Darklings","floor":38.0,"turns":4.0},{"damage":27.0,"enemies":"Jaw Worm Horde","floor":40.0,"turns":5.0},{"damage":6.0,"enemies":"Reptomancer","floor":42.0,"turns":7.0},{"damage":14.0,"enemies":"Writhing Mass","floor":43.0,"turns":6.0},{"damage":6.0,"enemies":"3 Darklings","floor":44.0,"turns":5.0},{"damage":8,"enemies":"4 Shapes","floor":46,"turns":4},{"damage":7,"enemies":"downfall:FleeingMerchant","floor":47,"turns":4},{"damage":16,"enemies":"Giant Head","floor":48,"turns":8},{"damage":30,"enemies":"WA_ARCHETYPE_DIVINITY","floor":50,"turns":5}],"seed_played":"-5394859800959894873","potions_obtained":[{"floor":14.0,"key":"sneckomod:MuddlingPotion"},{"floor":15.0,"key":"Fire Potion"},{"floor":16.0,"key":"BlessingOfTheForge"},{"floor":20.0,"key":"Strength Potion"},{"floor":27.0,"key":"Swift Potion"},{"floor":31.0,"key":"Regen Potion"},{"floor":33.0,"key":"Swift Potion"},{"floor":34.0,"key":"Swift Potion"},{"floor":38.0,"key":"LiquidBronze"},{"floor":40.0,"key":"FearPotion"},{"floor":42.0,"key":"Regen Potion"},{"floor":46,"key":"SteroidPotion"}],"is_trial":false,"path_per_floor":["R","?","M","?","M","R","T","E","M","$","R","M","R","E","M","B",null,"R","$","M","?","M","R","T","M","M","M","?","?","R","M","M","B",null,"R","M","$","M","?","M","T","E","M","M","R","M","$","E","R","B"],"character_chosen":"GUARDIAN","items_purchased":["War Paint","Guardian:Gem_Cyan","PreservedInsect","Anchor","expansioncontent:DashGenerateEvil"],"campfire_rested":0,"item_purchase_floors":[10,37,37,47,47],"current_hp_per_floor":[80,85,85,85,85,85,85,85,79,79,79,68,68,64,64,42,85,85,85,78,78,65,65,65,57,52,52,52,52,52,47,47,44,90,90,85,76,75,75,48,48,42,49,43,53,45,38,22,22,0,0,0],"gold":95,"neow_bonus":"THREE_ENEMY_KILL","is_daily":false,"chose_seed":false,"campfire_upgraded":9,"win_rate":0.0,"timestamp":1612327012,"path_taken":["R","?","M","?","M","R","T","E","M","$","R","M","R","E","M","BOSS","R","$","M","?","M","R","T","M","?","M","?","?","R","M","M","BOSS","R","M","$","?","?","M","T","E","M","M","R","M","$","E","R","BOSS"],"items_purchased_type":["Relic","Card","Relic","Relic","Card"],"build_version":"2020-12-22","purchased_purges":4,"victory":false,"max_hp_per_floor":[80,85,85,85,85,85,85,85,85,85,85,85,85,85,85,85,85,85,85,85,85,85,85,85,85,85,85,85,85,85,85,85,85,90,90,90,90,90,90,90,90,90,96,96,106,106,106,106,106,106,106,106],"card_choices":[{"not_picked":["Guardian:Recover","Guardian:Planning"],"picked":"Guardian:Gem_Red","floor":3.0},{"not_picked":["Guardian:Clone","Guardian:TemporalStrike","Guardian:CrystalBeam"],"picked":"SKIP","floor":5.0},{"not_picked":["Guardian:RefractedBeam","Guardian:Recover"],"picked":"Guardian:Gem_Fragmented","floor":8.0},{"not_picked":["Guardian:Recover","Guardian:Gem_Lightblue"],"picked":"Guardian:Suspension","floor":9.0},{"not_picked":["Guardian:Planning","Guardian:TemporalStrike","Guardian:Preprogram"],"picked":"SKIP","floor":10.0},{"not_picked":["Guardian:Gem_Red","Guardian:VentSteam"],"picked":"Guardian:Recover","floor":12.0},{"not_picked":["Guardian:RollAttack","Guardian:Suspension"],"picked":"Guardian:AncientConstruct","floor":14.0},{"not_picked":["Guardian:Repulse","Guardian:Gem_Purple"],"picked":"Guardian:Gem_Green","floor":15.0},{"not_picked":["Guardian:RevengeProtocol","Guardian:Gem_Synthetic"],"picked":"Guardian:Gem_Orange","floor":16.0},{"not_picked":["Guardian:Clone","Guardian:Gem_Lightblue"],"picked":"Guardian:Incinerate+1","floor":19.0},{"not_picked":["Guardian:Suspension","Guardian:CrystalBeam","Guardian:GuardianWhirl"],"picked":"SKIP","floor":20.0},{"not_picked":["Guardian:Suspension","Guardian:ShieldCharger"],"picked":"Guardian:TemporalStrike","floor":22.0},{"not_picked":["Guardian:RollAttack","Guardian:ShieldCharger","Guardian:ArmoredProtocol"],"picked":"SKIP","floor":25.0},{"not_picked":["Guardian:Gem_Blue","Guardian:Planning"],"picked":"Guardian:Recover+1","floor":26.0},{"not_picked":["Guardian:Gem_Lightblue","Guardian:Planning+1"],"picked":"Guardian:Gem_Fragmented","floor":27.0},{"not_picked":["Guardian:FloatingOrbs+1","Guardian:ArmoredProtocol"],"picked":"Guardian:Gem_White","floor":31.0},{"not_picked":["Guardian:PrimingBeam","Guardian:Emergency"],"picked":"Guardian:SentryBeam+1","floor":32.0},{"not_picked":["Guardian:AncientConstruct","Guardian:SphericShield"],"picked":"Guardian:TimeSifter","floor":33.0},{"not_picked":["Guardian:Recover","Guardian:Repulse+1"],"picked":"Guardian:Gem_Cyan","floor":34.0},{"not_picked":["Guardian:Suspension+1","Guardian:PrimingBeam+1","Guardian:Incinerate"],"picked":"SKIP","floor":36.0},{"not_picked":["Guardian:MultiBeam+1","Guardian:TemporalStrike"],"picked":"Guardian:PrismaticBarrier+1","floor":37.0},{"not_picked":["Guardian:Reroute+1","Guardian:Gem_Green"],"picked":"Guardian:Gem_Cyan","floor":38.0},{"not_picked":["Guardian:PrismaticBarrier","Guardian:Repulse+1"],"picked":"Guardian:Gem_White","floor":40.0},{"not_picked":["Guardian:ConstructionForm","Guardian:BronzeArmor"],"picked":"Guardian:EvasiveProtocol","floor":42.0},{"not_picked":["Guardian:SpikerProtocol","Guardian:ChargeCore"],"picked":"Guardian:GuardianWhirl+1","floor":43.0},{"not_picked":["Guardian:TemporalStrike+1","Guardian:Gem_White","Guardian:CrystalBeam"],"picked":"SKIP","floor":44.0},{"not_picked":["Guardian:Reroute+1","Guardian:Gem_White"],"picked":"Guardian:EvasiveProtocol+1","floor":46},{"not_picked":["Guardian:MultiBeam+1","Guardian:PrimingBeam","Guardian:Gem_Blue"],"picked":"SKIP","floor":47},{"not_picked":["Guardian:TemporalShield","Guardian:RefractedBeam+1","Guardian:Gem_Purple"],"picked":"SKIP","floor":48}],"player_experience":600793,"relics_obtained":[{"floor":7.0,"key":"Vajra"},{"floor":8.0,"key":"Darkstone Periapt"},{"floor":14.0,"key":"Lizard Tail"},{"floor":24.0,"key":"Bag of Marbles"},{"floor":42.0,"key":"Sundial"},{"floor":48,"key":"FossilizedHelix"}],"event_choices":[{"damage_healed":0.0,"max_hp_gain":5.0,"max_hp_loss":0.0,"gold_gain":0.0,"event_name":"Big Fish","player_choice":"Donut","floor":2.0,"gold_loss":0.0,"damage_taken":0.0}],"is_beta":false,"boss_relics":[{"not_picked":["Guardian:StasisSlotReductionRelic","bronze:MakeshiftBattery"],"picked":"Astrolabe"},{"not_picked":["Cursed Key","Fusion Hammer"],"picked":"Tiny House"}],"items_purged_floors":[10,19,37,47],"is_endless":false,"potions_floor_spawned":[14,15,16,20,27,31,32,33,38,40,42,46,48],"killed_by":"WA_ARCHETYPE_DIVINITY","ascension_level":0}}