{"host":"u1ja96cwu1wu8jpx","time":1612382753,"event":{"mods":["BaseMod","Better Match","Colored Map","Minty Spire (QoL Compilation)","Permanent Neow","StSLib"],"gold_per_floor":[19,19,29,7,25,59,59,91,91,120,220,234,249,263,263,363,363,376,21,33,50,50,50,50],"floor_reached":23,"language":"ENG","playtime":3884,"items_purged":["Strike_G"],"score":224,"play_id":"4ae4f63d-b72f-4597-a995-2c3eb2804a65","local_time":"20210203150553","is_ascension_mode":true,"campfire_choices":[{"floor":7,"key":"REST"},{"floor":15,"key":"REST"}],"circlet_count":0,"master_deck":["Strike_G","Strike_G","Strike_G","Strike_G","Defend_G","Defend_G","Defend_G","Defend_G","Defend_G","Survivor","Neutralize","Chrysalis","Underhanded Strike","Deadly Poison","Noxious Fumes","Storm of Steel","Backflip","Prepared","Blade Dance","Accuracy","Noxious Fumes","Wraith Form v2","Infinite Blades","Acrobatics","Calculated Gamble+1"],"relics":["Ring of the Snake","White Beast Statue","Gambling Chip","TungstenRod","Eternal Feather","WristBlade","Strange Spoon","FaceOfCleric"],"acts_visited":["Exordium","TheCity"],"potions_floor_usage":[8,10,13,14,21,21,23,23],"damage_taken":[{"damage":0,"enemies":"Jaw Worm","floor":1,"turns":4},{"damage":6,"enemies":"Cultist","floor":3,"turns":8},{"damage":0,"enemies":"2 Louse","floor":5,"turns":4},{"damage":15,"enemies":"Lagavulin","floor":6,"turns":7},{"damage":20,"enemies":"3 Sentries","floor":8,"turns":4},{"damage":29,"enemies":"Lagavulin","floor":10,"turns":6},{"damage":4,"enemies":"Lots of Slimes","floor":12,"turns":4},{"damage":2,"enemies":"Gremlin Gang","floor":13,"turns":3},{"damage":10,"enemies":"Large Slime","floor":14,"turns":4},{"damage":36,"enemies":"The Guardian","floor":16,"turns":11},{"damage":2,"enemies":"3 Byrds","floor":18,"turns":7},{"damage":11,"enemies":"Chosen","floor":20,"turns":5},{"damage":17,"enemies":"Sentry and Sphere","floor":21,"turns":6},{"damage":40,"enemies":"Book of Stabbing","floor":23,"turns":9}],"seed_played":"5955384866340598597","potions_obtained":[{"floor":2,"key":"FearPotion"},{"floor":2,"key":"Regen Potion"},{"floor":2,"key":"Swift Potion"},{"floor":8,"key":"BlessingOfTheForge"},{"floor":10,"key":"SteroidPotion"},{"floor":13,"key":"BlessingOfTheForge"},{"floor":14,"key":"CunningPotion"},{"floor":16,"key":"Block Potion"},{"floor":18,"key":"EssenceOfSteel"},{"floor":21,"key":"Block Potion"}],"is_trial":false,"path_per_floor":["M","?","M","$","M","E","R","E","T","E","?","M","M","M","R","B",null,"M","$","M","M","?","E"],"character_chosen":"THE_SILENT","items_purchased":["Deadly Poison","Infinite Blades","Strange Spoon","Acrobatics"],"campfire_rested":2,"item_purchase_floors":[4,19,19,19],"current_hp_per_floor":[70,70,64,64,64,49,70,50,50,36,36,32,30,20,53,17,70,68,68,57,40,40,0,0],"gold":50,"neow_bonus":"RANDOM_COLORLESS_2","is_daily":false,"chose_seed":false,"campfire_upgraded":0,"win_rate":0.0,"timestamp":1612382753,"path_taken":["M","?","M","?","M","E","R","E","T","E","?","?","?","M","R","BOSS","M","$","M","M","?","E"],"items_purchased_type":["Card","Card","Relic","Card"],"build_version":"2020-12-22","purchased_purges":1,"victory":false,"max_hp_per_floor":[70,70,70,70,70,70,70,70,70,70,70,70,70,70,70,70,70,70,70,70,70,70,70,70],"card_choices":[{"not_picked":["Metamorphosis","Mayhem"],"picked":"Chrysalis","floor":0},{"not_picked":["Blade Dance","Underhanded Strike","Cloak And Dagger"],"picked":"SKIP","floor":1},{"not_picked":["Blade Dance","Cloak And Dagger"],"picked":"Underhanded Strike","floor":3},{"not_picked":["Endless Agony","Outmaneuver"],"picked":"Noxious Fumes","floor":5},{"not_picked":["Blade Dance","Expertise"],"picked":"Storm of Steel","floor":6},{"not_picked":["Deflect","Cloak And Dagger"],"picked":"Backflip","floor":8},{"not_picked":["Choke","Acrobatics"],"picked":"Prepared","floor":10},{"not_picked":["Deadly Poison","Quick Slash"],"picked":"Blade Dance","floor":12},{"not_picked":["PiercingWail","Footwork"],"picked":"Accuracy","floor":13},{"not_picked":["Deadly Poison","Dash"],"picked":"Noxious Fumes","floor":14},{"not_picked":["Doppelganger","Night Terror"],"picked":"Wraith Form v2","floor":16},{"not_picked":["Dodge and Roll+1","Masterful Stab","Riddle With Holes+1"],"picked":"SKIP","floor":18},{"not_picked":["Endless Agony","Cloak And Dagger+1","Expertise"],"picked":"SKIP","floor":20},{"not_picked":["PiercingWail","Poisoned Stab+1"],"picked":"Calculated Gamble+1","floor":21}],"player_experience":456585,"relics_obtained":[{"floor":6,"key":"White Beast Statue"},{"floor":8,"key":"Gambling Chip"},{"floor":9,"key":"TungstenRod"},{"floor":10,"key":"Eternal Feather"}],"event_choices":[{"damage_healed":0,"gold_gain":0,"player_choice":"Got Potions","damage_taken":0,"max_hp_gain":0,"max_hp_loss":0,"event_name":"Lab","floor":2,"gold_loss":0},{"damage_healed":0,"gold_gain":100,"player_choice":"Pray","damage_taken":0,"max_hp_gain":0,"max_hp_loss":0,"event_name":"Golden Shrine","floor":11,"gold_loss":0},{"damage_healed":0,"gold_gain":0,"player_choice":"Trade","damage_taken":0,"relics_obtained":["FaceOfCleric"],"max_hp_gain":0,"max_hp_loss":0,"event_name":"FaceTrader","floor":22,"gold_loss":0}],"is_beta":false,"boss_relics":[{"not_picked":["Velvet Choker","Coffee Dripper"],"picked":"WristBlade"}],"items_purged_floors":[19],"is_endless":false,"potions_floor_spawned":[6,8,10,12,13,14,16,18,20,21],"killed_by":"Book of Stabbing","ascension_level":1}}