{"host":"s8gbersew2xp6fhj","time":1612341531,"event":{"mods":["BaseMod","Downfall","Marisa£®ÏF”Í°°ƒß¿Ì…≥£©","Minty Spire (QoL Compilation)","Replay The Spire","StSLib","The Bug Knight","The Cursed","The Necromancer"],"gold_per_floor":[109,122,136,236,236,236,236],"floor_reached":6,"language":"ZHS","playtime":442,"items_purged":[],"score":36,"play_id":"841c6df1-8da6-4c16-8b4f-8eae259fa9ee","local_time":"20210203163851","is_ascension_mode":false,"campfire_choices":[],"circlet_count":0,"master_deck":["TheCursedMod:Strike_TheCursed","TheCursedMod:Strike_TheCursed","TheCursedMod:Strike_TheCursed","TheCursedMod:Strike_TheCursed","TheCursedMod:Defend_TheCursed","TheCursedMod:Defend_TheCursed","TheCursedMod:Defend_TheCursed","TheCursedMod:Defend_TheCursed","TheCursedMod:CursedWand","TheCursedMod:CleanUpWorkshop","TheCursedMod:Torture","TheCursedMod:TacticalStrike","TheCursedMod:BloodBarrier","TheCursedMod:WearCloak","TheCursedMod:SmokeScreen","TheCursedMod:Stretching"],"relics":["TheCursedMod:BlackMagic101"],"acts_visited":["Exordium"],"potions_floor_usage":[],"damage_taken":[{"damage":8,"enemies":"Jaw Worm","floor":1,"turns":6},{"damage":4,"enemies":"2 Louse","floor":2,"turns":3},{"damage":3,"enemies":"Small Slimes","floor":3,"turns":3},{"damage":13,"enemies":"Lagavulin","floor":6,"turns":4}],"seed_played":"-3261879053231888452","potions_obtained":[{"floor":1,"key":"Energy Potion"}],"is_trial":false,"path_per_floor":["M","M","M","?","?","E"],"character_chosen":"THE_CURSED","items_purchased":[],"campfire_rested":0,"item_purchase_floors":[],"current_hp_per_floor":[74,70,67,67,67,54,54],"gold":236,"neow_bonus":"TEN_PERCENT_HP_BONUS","is_daily":false,"chose_seed":false,"campfire_upgraded":0,"win_rate":0.0,"timestamp":1612341531,"path_taken":["M","M","M","?","?","E"],"items_purchased_type":[],"build_version":"2020-12-22","purchased_purges":0,"victory":false,"max_hp_per_floor":[82,82,82,82,82,82,82],"card_choices":[{"not_picked":["TheCursedMod:SpreadPlague","TheCursedMod:CircleOfCorruption"],"picked":"TheCursedMod:Torture","floor":1},{"not_picked":["TheCursedMod:WearCloak","TheCursedMod:Obscuration"],"picked":"TheCursedMod:TacticalStrike","floor":2},{"not_picked":["TheCursedMod:HellsGateOpen","TheCursedMod:RapidMovement"],"picked":"TheCursedMod:BloodBarrier","floor":3},{"not_picked":["TheCursedMod:SpitefulStrike","TheCursedMod:SoulReap"],"picked":"TheCursedMod:WearCloak","floor":4},{"not_picked":["TheCursedMod:RavingStaff","TheCursedMod:CursedShiv"],"picked":"TheCursedMod:SmokeScreen","floor":4},{"not_picked":["TheCursedMod:CircleOfWindfury","TheCursedMod:CircleOfBlood"],"picked":"TheCursedMod:Stretching","floor":4}],"player_experience":107818,"relics_obtained":[],"event_choices":[{"cards_removed":["ReplayTheSpireMod:Splinters","TheCursedMod:Dregs"],"damage_healed":0,"gold_gain":0,"player_choice":"Removed Curses","damage_taken":0,"max_hp_gain":0,"max_hp_loss":0,"event_name":"Fountain of Cleansing","floor":5,"gold_loss":0}],"is_beta":false,"boss_relics":[],"items_purged_floors":[],"is_endless":false,"potions_floor_spawned":[1],"killed_by":"Lagavulin","ascension_level":0}}