{"host":"uonldg9uriwfhjjx","time":1612365809,"event":{"mods":["AchievementEnabler","BaseMod","Colored Map","Colored Powertips","Curses Come First","Highlight Path","Minty Spire (QoL Compilation)","Rare Cards Sparkle","Relic Stats","StSLib","The Cursed","The Marked"],"gold_per_floor":[110,110,110,123,142,142,173,173,173,138,156,156,174,174,174,174,174],"floor_reached":16,"language":"ENG","playtime":358,"items_purged":[],"score":170,"play_id":"c0117a21-d512-4434-b3d3-53eaa49a788d","local_time":"20210203102329","is_ascension_mode":true,"campfire_choices":[{"data":"Chaos","floor":6,"key":"SMITH"},{"floor":8,"key":"REST"},{"data":"Dualcast","floor":12,"key":"SMITH"},{"data":"Zap","floor":15,"key":"SMITH"}],"circlet_count":0,"master_deck":["AscendersBane","Strike_B","Strike_B","Strike_B","Strike_B","Defend_B","Defend_B","Defend_B","Defend_B","Zap+1","Dualcast+1","Decay","Heatsinks","Chaos+1","BootSequence","Conserve Battery"],"relics":["Cracked Core","NeowsBlessing","Mummified Hand","Eternal Feather","Pocketwatch"],"acts_visited":["Exordium"],"potions_floor_usage":[16],"damage_taken":[{"damage":0,"enemies":"Jaw Worm","floor":1,"turns":1},{"damage":0,"enemies":"Cultist","floor":4,"turns":1},{"damage":0,"enemies":"Small Slimes","floor":5,"turns":1},{"damage":50,"enemies":"3 Sentries","floor":7,"turns":10},{"damage":13,"enemies":"2 Fungi Beasts","floor":11,"turns":3},{"damage":25,"enemies":"Exordium Thugs","floor":13,"turns":4},{"damage":35,"enemies":"Hexaghost","floor":16,"turns":11}],"seed_played":"3012983814780456357","potions_obtained":[{"floor":1,"key":"Ancient Potion"},{"floor":11,"key":"Strength Potion"},{"floor":13,"key":"SkillPotion"}],"is_trial":false,"path_per_floor":["M","$","?","M","M","R","E","R","T","?","M","R","M","?","R","B"],"character_chosen":"DEFECT","items_purchased":[],"campfire_rested":1,"item_purchase_floors":[],"current_hp_per_floor":[64,64,64,64,64,64,14,35,35,52,39,48,23,23,32,0,0],"gold":174,"neow_bonus":"THREE_ENEMY_KILL","is_daily":false,"chose_seed":false,"campfire_upgraded":3,"win_rate":0.0,"timestamp":1612365809,"path_taken":["M","$","?","?","M","R","E","R","T","?","M","R","M","?","R","BOSS"],"items_purchased_type":[],"build_version":"2020-12-22","purchased_purges":0,"victory":false,"max_hp_per_floor":[71,71,71,71,71,71,71,71,71,71,71,71,71,71,71,71,71],"relic_stats":{"counters":[7,31],"Mummified Hand":[2],"Eternal Feather":18,"obtain_stats":[{"NeowsBlessing":0,"Mummified Hand":7,"Eternal Feather":9,"Cracked Core":0,"Pocketwatch":14},{"NeowsBlessing":0,"Mummified Hand":4,"Eternal Feather":4,"Cracked Core":0,"Pocketwatch":6},{"NeowsBlessing":0,"Mummified Hand":13,"Eternal Feather":13,"Cracked Core":0,"Pocketwatch":20}],"Pocketwatch":[18]},"card_choices":[{"not_picked":["Lockon","Cold Snap","Turbo"],"picked":"SKIP","floor":1},{"not_picked":["Hello World","Stack"],"picked":"Heatsinks","floor":4},{"not_picked":["Gash","Hologram"],"picked":"Chaos","floor":5},{"not_picked":["Reboot","Hologram","Cold Snap"],"picked":"SKIP","floor":7},{"not_picked":["Stack","Cold Snap"],"picked":"BootSequence","floor":11},{"not_picked":["BootSequence","Redo"],"picked":"Conserve Battery","floor":13}],"player_experience":830547,"relics_obtained":[{"floor":7,"key":"Mummified Hand"},{"floor":9,"key":"Eternal Feather"}],"event_choices":[{"damage_healed":0,"gold_gain":0,"player_choice":"Cursed","damage_taken":0,"max_hp_gain":0,"max_hp_loss":0,"event_name":"Wheel of Change","floor":3,"gold_loss":0,"cards_obtained":["Decay"]},{"damage_healed":17,"gold_gain":0,"player_choice":"Healed","damage_taken":0,"max_hp_gain":0,"max_hp_loss":0,"event_name":"The Cleric","floor":10,"gold_loss":35},{"damage_healed":0,"gold_gain":0,"player_choice":"Gave Potion","damage_taken":0,"relics_obtained":["Pocketwatch"],"max_hp_gain":0,"max_hp_loss":0,"event_name":"WeMeetAgain","floor":14,"gold_loss":0}],"is_beta":false,"boss_relics":[],"items_purged_floors":[],"is_endless":false,"potions_floor_spawned":[1,11,13],"killed_by":"Hexaghost","ascension_level":14}}