{"host":"dn2xyj3kd3d9cfyb","time":1612360768,"event":{"mods":["BaseMod","Colored Powertips","Downfall","Hubris","Marisa£®ÏF”Í°°ƒß¿Ì…≥£©","Minty Spire (QoL Compilation)","Remilia£®¿Ÿ√◊¿Ú—«£©","Replay The Spire","Shop Mod","StSLib","The Animator","The Construct","The Cursed","The Mystic","Youmu£®ªÍ∆«—˝√Œ£©","Yuri Mod","Yuyuko"],"gold_per_floor":[110,126,144,144,144,177,177,212,212,231,261,275,293,308,308,407,407,418,418,432,90,103,129,129,157,157,157,173,17,17,44,44,148,148,166,166,166,91,115,115,36,36,60,60,83,83,117,17,17,57,57,57,9,40,40,40],"floor_reached":55,"language":"ZHS","playtime":3386,"items_purged":["construct:MassProduction","construct:LaserCore+1"],"score":625,"play_id":"8e8b70e2-8308-49df-b938-75db79591ce8","local_time":"20210203215928","is_ascension_mode":true,"campfire_choices":[{"data":"construct:ChargeShot","floor":7.0,"key":"SMITH"},{"data":"construct:LaserCore","floor":15.0,"key":"SMITH"},{"data":"construct:GuardCore","floor":24.0,"key":"SMITH"},{"data":"construct:GuardCore+1","floor":27.0,"key":"SMITH"},{"data":"construct:SpinDrive","floor":32.0,"key":"SMITH"},{"floor":40.0,"key":"RECALL"},{"data":"construct:SpinDrive+1","floor":42.0,"key":"SMITH"},{"data":"construct:ClockworkEgg","floor":44.0,"key":"SMITH"},{"data":"construct:ClockworkEgg+1","floor":46.0,"key":"SMITH"},{"data":"construct:Enhance+1","floor":49.0,"key":"SMITH"},{"data":"construct:Synchronize+1","floor":52.0,"key":"SMITH"}],"circlet_count":0,"master_deck":["construct:Strike_Gold","construct:Strike_Gold","construct:Strike_Gold","construct:Strike_Gold","construct:Strike_Gold","construct:Defend_Gold","construct:Defend_Gold","construct:Defend_Gold","construct:Defend_Gold","construct:Defend_Gold","construct:DefenseMode","construct:ChargeShot+1","construct:VentSteam","construct:Bunker","construct:ClockworkEgg+2","construct:SpinDrive+2","CurseOfTheBell","construct:Tumble+1","construct:GuardCore+2","construct:Synchronize+2","construct:Reinforce","construct:GuardCore+2","construct:Analyze+1","AbeCurse","construct:Enhance+2","construct:Autoturret","construct:Enhance+1"],"relics":["construct:ClockworkPhoenix","NeowsBlessing","ReplayTheSpireMod:Ring of Addiction","Potion Belt","Toy Ornithopter","ReplayTheSpireMod:Ring of Exchange","Bag of Marbles","hubris:TenFootPole","Question Card","Calling Bell","Calipers","Gremlin Horn","Tiny Chest","Eternal Feather","PreservedInsect","Replay:Mystery Machine","hubris:Spice","DollysMirror","Abe\u0027s Treasure","Replay:Bandana","Replay:Wax Seal"],"acts_visited":["Exordium","TheCity","TheBeyond","TheEnding"],"potions_floor_usage":[55],"damage_taken":[{"damage":0.0,"enemies":"Cultist","floor":1.0,"turns":1.0},{"damage":0.0,"enemies":"Jaw Worm","floor":2.0,"turns":1.0},{"damage":0.0,"enemies":"2 Louse","floor":3.0,"turns":1.0},{"damage":20.0,"enemies":"Gremlin Nob","floor":6.0,"turns":4.0},{"damage":18.0,"enemies":"Lagavulin","floor":8.0,"turns":5.0},{"damage":6.0,"enemies":"Red Slaver","floor":10.0,"turns":3.0},{"damage":14.0,"enemies":"Gremlin Nob","floor":11.0,"turns":4.0},{"damage":9.0,"enemies":"Gremlin Gang","floor":12.0,"turns":7.0},{"damage":5.0,"enemies":"Large Slime","floor":13.0,"turns":6.0},{"damage":8.0,"enemies":"Exordium Thugs","floor":14.0,"turns":6.0},{"damage":20.0,"enemies":"The Guardian","floor":16.0,"turns":13.0},{"damage":25.0,"enemies":"3 Byrds","floor":18.0,"turns":6.0},{"damage":27.0,"enemies":"Chosen","floor":20.0,"turns":6.0},{"damage":12.0,"enemies":"Snake Plant","floor":22.0,"turns":9.0},{"damage":0.0,"enemies":"Gremlin Leader","floor":23.0,"turns":7.0},{"damage":37.0,"enemies":"Slavers","floor":25.0,"turns":4.0},{"damage":14.0,"enemies":"Sentry and Sphere","floor":28.0,"turns":5.0},{"damage":12.0,"enemies":"Book of Stabbing","floor":31.0,"turns":7.0},{"damage":2.0,"enemies":"Automaton","floor":33.0,"turns":6.0},{"damage":6.0,"enemies":"3 Shapes","floor":35.0,"turns":4.0},{"damage":17.0,"enemies":"Orb Walker","floor":39.0,"turns":6.0},{"damage":17.0,"enemies":"Jaw Worm Horde","floor":45.0,"turns":4.0},{"damage":26.0,"enemies":"4 Shapes","floor":47.0,"turns":3.0},{"damage":25.0,"enemies":"Replay:Hell Engine","floor":50.0,"turns":9.0},{"damage":46.0,"enemies":"Shield and Spear","floor":54.0,"turns":7.0},{"damage":51,"enemies":"The Heart","floor":55,"turns":2}],"seed_played":"435889770501847863","potions_obtained":[{"floor":2.0,"key":"Languid Potion"},{"floor":3.0,"key":"DistilledChaos"},{"floor":4.0,"key":"Fire Potion"},{"floor":4.0,"key":"Elixir"},{"floor":4.0,"key":"EntropicBrew"},{"floor":6.0,"key":"ColorlessPotion"},{"floor":12.0,"key":"Fire Potion"},{"floor":16.0,"key":"Weak Potion"},{"floor":18.0,"key":"FearPotion"},{"floor":25.0,"key":"Weak Potion"},{"floor":28.0,"key":"FearPotion"},{"floor":33.0,"key":"Explosive Potion"},{"floor":35.0,"key":"Adrenaline Potion"},{"floor":37.0,"key":"Strength Potion"},{"floor":37.0,"key":"Cursed Concoction"}],"is_trial":false,"path_per_floor":["M","M","M","?","?","E","R","E","T","M","E","M","M","M","R","B",null,"M","?","M","$","M","E","R","E","T","R","M","$","$","E","R","B",null,"M","T","?","$","M","R","$","R","T","R","M","R","M","$","R","B",null,"R","$","E","B"],"character_chosen":"THE_CONSTRUCT_MOD","items_purchased":["Eternal Feather","Block Potion","SkillPotion","DollysMirror","Replay:Wax Seal","construct:Autoturret"],"campfire_rested":0,"item_purchase_floors":[21,21,21,29,41,53],"current_hp_per_floor":[85,85,85,85,78,63,63,50,50,54,45,41,36,28,28,18,83,58,58,41,41,34,44,56,24,32,44,35,35,35,31,43,41,97,89,89,89,89,72,87,87,91,83,81,64,79,58,58,73,53,81,81,81,35,0,0],"gold":40,"neow_bonus":"THREE_ENEMY_KILL","is_daily":false,"chose_seed":false,"campfire_upgraded":10,"win_rate":0.0,"timestamp":1612360768,"path_taken":["M","M","M","?","?","E","R","E","T","M","E","M","M","M","R","BOSS","M","?","M","$","M","E","R","E","T","R","?","?","$","E","R","BOSS","M","?","?","$","?","R","$","R","T","R","M","R","M","?","R","BOSS","R","$","E","BOSS"],"items_purchased_type":["Relic","Potion","Potion","Relic","Relic","Card"],"build_version":"2020-12-22","purchased_purges":2,"victory":false,"max_hp_per_floor":[85,85,85,85,85,85,85,85,85,85,85,85,85,85,85,83,83,83,83,83,83,83,83,83,83,91,91,91,91,91,99,97,97,97,95,95,95,93,93,93,91,91,83,81,81,81,81,81,81,81,81,81,81,73,73,73],"card_choices":[{"not_picked":["construct:Backfire","construct:Anticipate"],"picked":"construct:ChargeShot","floor":1.0},{"not_picked":["construct:SuppressiveFire","construct:SyphonStrike"],"picked":"construct:VentSteam","floor":2.0},{"not_picked":["construct:Reinforce","construct:FierceBash","construct:Antimatter"],"picked":"SKIP","floor":3.0},{"not_picked":["construct:ReactiveShield","construct:FierceBash","construct:OneWayMirror"],"picked":"SKIP","floor":6.0},{"not_picked":["construct:ModeShift","construct:UnbalancingBlast","construct:FierceBash"],"picked":"SKIP","floor":8.0},{"not_picked":["construct:Forcefield","construct:ShiftStrike"],"picked":"construct:Bunker","floor":10.0},{"not_picked":["construct:ShiftStrike","construct:Backfire","construct:Accumulate"],"picked":"SKIP","floor":11.0},{"not_picked":["construct:QuickAttack","construct:SuppressiveFire","construct:Overcharge","construct:FocusedBeam"],"picked":"SKIP","floor":12.0},{"not_picked":["construct:Anticipate","construct:ShiftGuard","construct:ClusterMines"],"picked":"construct:ClockworkEgg","floor":13.0},{"not_picked":["construct:Forcefield","construct:SyphonStrike","construct:OneWayMirror"],"picked":"construct:LaserCore","floor":14.0},{"not_picked":["construct:HammerDown","construct:HyperBeam","construct:HastyRepair"],"picked":"construct:SpinDrive","floor":16.0},{"not_picked":["construct:SuppressiveFire","construct:OmegaCannon+1","construct:Reinforce"],"picked":"construct:Tumble+1","floor":18.0},{"not_picked":["construct:ClusterMines","construct:VentSteam","construct:Hazardproof"],"picked":"construct:GuardCore","floor":20.0},{"not_picked":["construct:ScrapCannon","construct:ElectricArmor","construct:BatteryAcid"],"picked":"construct:Synchronize+1","floor":22.0},{"not_picked":["construct:FocusedBeam+1","construct:Accumulate","construct:Backfire","construct:SpinDrive"],"picked":"SKIP","floor":23.0},{"not_picked":["construct:Zapper","construct:VentSteam+1","construct:ClusterMines","construct:SweepLaser"],"picked":"SKIP","floor":25.0},{"not_picked":["construct:VentSteam","construct:Accumulate","construct:SyphonStrike"],"picked":"construct:Reinforce","floor":28.0},{"not_picked":["construct:HardReboot","construct:QuickAttack+1","construct:ForceCore"],"picked":"construct:Analyze+1","floor":31.0},{"not_picked":["hubris:SpiceAddiction","construct:ShieldGenerator","construct:SiegeForm"],"picked":"construct:MassProduction","floor":33.0},{"not_picked":["construct:FlameCore+1","construct:ShiftStrike+1","construct:Versatility+1","construct:Anticipate"],"picked":"SKIP","floor":35.0},{"not_picked":["construct:Autoturret","construct:ShiftStrike","construct:ScopeCore","construct:PanicFire"],"picked":"SKIP","floor":39.0},{"not_picked":["construct:Analyze","construct:CriticalHit","construct:Reinforce+1"],"picked":"construct:Enhance+1","floor":45.0},{"not_picked":["hubris:SpiceAddiction","hubris:SpiceAddiction","construct:FierceBash+1","construct:ShiftStrike"],"picked":"SKIP","floor":47.0},{"not_picked":["hubris:SpiceAddiction","construct:VentSteam","construct:SyphonStrike+1"],"picked":"construct:Enhance+1","floor":54.0}],"player_experience":598451,"relics_obtained":[{"floor":4.0,"key":"ReplayTheSpireMod:Ring of Addiction"},{"floor":4.0,"key":"Potion Belt"},{"floor":4.0,"key":"Toy Ornithopter"},{"floor":4.0,"key":"ReplayTheSpireMod:Ring of Exchange"},{"floor":6.0,"key":"Bag of Marbles"},{"floor":8.0,"key":"hubris:TenFootPole"},{"floor":11.0,"key":"Question Card"},{"floor":17.0,"key":"Calipers"},{"floor":17.0,"key":"Gremlin Horn"},{"floor":17.0,"key":"Tiny Chest"},{"floor":23.0,"key":"PreservedInsect"},{"floor":25.0,"key":"Replay:Mystery Machine"},{"floor":26.0,"key":"hubris:Spice"},{"floor":31.0,"key":"hubris:Spice"},{"floor":36.0,"key":"Replay:Bandana"},{"floor":43.0,"key":"hubris:Spice"},{"floor":54.0,"key":"hubris:Spice"}],"event_choices":[{"cards_removed":["Voices"],"damage_healed":0.0,"max_hp_gain":0.0,"max_hp_loss":0.0,"gold_gain":0.0,"event_name":"Golden Wing","player_choice":"Card Removal","floor":5.0,"gold_loss":0.0,"damage_taken":7.0},{"cards_removed":["construct:AttackMode"],"damage_healed":0.0,"max_hp_gain":0.0,"max_hp_loss":0.0,"gold_gain":0.0,"event_name":"Bonfire Elementals","player_choice":"Offered Basic","floor":19.0,"gold_loss":0.0,"damage_taken":0.0},{"damage_healed":0.0,"max_hp_gain":0.0,"max_hp_loss":0.0,"gold_gain":0.0,"event_name":"Lab","player_choice":"Got Potions","floor":37.0,"gold_loss":0.0,"damage_taken":0.0}],"is_beta":false,"boss_relics":[{"not_picked":["Sling","construct:ClawGrip"],"picked":"Calling Bell"},{"not_picked":["ChewingGum","hubris:Spice"],"picked":"Abe\u0027s Treasure"}],"items_purged_floors":[38,48],"is_endless":false,"potions_floor_spawned":[2,3,6,12,13,16,18,25,28,33,35,39],"killed_by":"The Heart","ascension_level":1}}