{"host":"7qoz5gmva6til3yp","time":1612376411,"event":{"mods":["AchievementEnabler","BaseMod","Minty Spire (QoL Compilation)","StSLib","SuperFastMode"],"gold_per_floor":[112,131,142,142,142,169,184,18,18,18,18,18,18,38,38,114,114,128,128,28,41,41,41,70,783,783,793,793,826,131,141,141,212,212,231,795,811,827,842,876,1176,1187,1187,1219,1219,1219,303,320,320,320,320,320],"floor_reached":51,"language":"KOR","playtime":1823,"items_purged":["Strike_R","Havoc","Inflame","Inflame","Bash","Secret Weapon+1"],"score":1690,"play_id":"c6493daf-3f20-4d89-b8d6-e0acc8bd97fb","local_time":"20210204032011","is_ascension_mode":true,"campfire_choices":[{"floor":11.0,"key":"REST"},{"data":"Body Slam","floor":13.0,"key":"SMITH"},{"data":"Burning Pact","floor":15.0,"key":"SMITH"},{"data":"Barricade","floor":23,"key":"SMITH"},{"data":"Shrug It Off","floor":28,"key":"SMITH"},{"data":"Armaments","floor":32,"key":"SMITH"},{"floor":41,"key":"DIG"},{"floor":46,"key":"DIG"},{"floor":49,"key":"DIG"}],"circlet_count":0,"master_deck":["AscendersBane","Burning Pact+1","Body Slam+1","Flash of Steel","Barricade+1","Seeing Red","Body Slam","Sentinel","Battle Trance","Sentinel","Armaments+1","Evolve","Offering+1","Second Wind+1","Dark Embrace+1","Disarm+1","Shockwave+1","Feel No Pain"],"relics":["Burning Blood","Potion Belt","Meat on the Bone","Centennial Puzzle","Unceasing Top","Omamori","Pandora\u0027s Box","Turnip","TheAbacus","Boot","Shuriken","Toxic Egg 2","Philosopher\u0027s Stone","Nunchaku","Shovel","Old Coin","Singing Bowl","Darkstone Periapt","Gremlin Horn","Bottled Tornado","Torii","Vajra"],"acts_visited":["Exordium","TheCity","TheBeyond"],"potions_floor_usage":[29,33,33,50,50,50],"damage_taken":[{"damage":6.0,"enemies":"2 Louse","floor":1.0,"turns":4.0},{"damage":8.0,"enemies":"Jaw Worm","floor":2.0,"turns":6.0},{"damage":9.0,"enemies":"Small Slimes","floor":3.0,"turns":4.0},{"damage":56.0,"enemies":"Gremlin Nob","floor":6.0,"turns":5.0},{"damage":29.0,"enemies":"Exordium Wildlife","floor":7.0,"turns":6.0},{"damage":20.0,"enemies":"Red Slaver","floor":14.0,"turns":4.0},{"damage":141.0,"enemies":"The Guardian","floor":16.0,"turns":20.0},{"damage":79.0,"enemies":"Shell Parasite","floor":18.0,"turns":7.0},{"damage":18.0,"enemies":"3 Byrds","floor":21.0,"turns":2.0},{"damage":0,"enemies":"Slavers","floor":24,"turns":1},{"damage":9,"enemies":"Centurion and Healer","floor":27,"turns":5},{"damage":0,"enemies":"Gremlin Leader","floor":29,"turns":4},{"damage":0,"enemies":"Snecko","floor":31,"turns":4},{"damage":9,"enemies":"Champ","floor":33,"turns":4},{"damage":9,"enemies":"3 Shapes","floor":35,"turns":3},{"damage":6,"enemies":"Orb Walker","floor":37,"turns":1},{"damage":6,"enemies":"Spire Growth","floor":38,"turns":2},{"damage":6,"enemies":"Transient","floor":39,"turns":3},{"damage":26,"enemies":"Reptomancer","floor":40,"turns":2},{"damage":6,"enemies":"3 Darklings","floor":42,"turns":3},{"damage":6,"enemies":"Giant Head","floor":44,"turns":3},{"damage":6,"enemies":"4 Shapes","floor":48,"turns":2},{"damage":14,"enemies":"Time Eater","floor":50,"turns":5},{"damage":62,"enemies":"Awakened One","floor":51,"turns":3}],"seed_played":"-3654612197462760755","potions_obtained":[{"floor":2.0,"key":"SteroidPotion"},{"floor":14.0,"key":"Fruit Juice"},{"floor":16.0,"key":"Regen Potion"},{"floor":18.0,"key":"Block Potion"},{"floor":29,"key":"SkillPotion"},{"floor":33,"key":"PowerPotion"},{"floor":38,"key":"GamblersBrew"},{"floor":40,"key":"Energy Potion"}],"is_trial":false,"path_per_floor":["M","M","M","?","T","E","M","$","T","?","R","$","R","M","R","B",null,"M","?","$","M","?","R","E","$","T","M","R","E","$","M","R","B",null,"M","$","M","M","M","E","R","M","T","E","?","R","$","M","R","B","B"],"character_chosen":"IRONCLAD","items_purchased":["Flash of Steel","TheAbacus","Toxic Egg 2","LiquidMemories","Secret Weapon+1","Second Wind+1","Nunchaku","Feel No Pain","Bottled Tornado","Torii","Swift Potion"],"campfire_rested":1,"item_purchase_floors":[8,25,30,30,30,36,36,47,47,47,47],"current_hp_per_floor":[68,66,63,68,68,30,19,19,19,8,32,32,32,30,30,52,77,74,74,74,62,62,62,68,68,68,65,65,80,80,85,85,82,84,81,81,81,81,81,61,61,61,61,63,63,63,63,65,65,57,0,0],"gold":320,"neow_bonus":"RANDOM_COMMON_RELIC","is_daily":false,"chose_seed":false,"campfire_upgraded":5,"win_rate":0.0,"timestamp":1612376411,"path_taken":["M","M","M","?","?","E","M","$","T","?","R","$","R","M","R","BOSS","M","?","$","M","?","R","E","$","T","M","R","E","$","M","R","BOSS","M","$","M","M","M","E","R","M","T","E","?","R","$","M","R","BOSS","BOSS"],"items_purchased_type":["Card","Relic","Relic","Potion","Card","Card","Relic","Card","Relic","Relic","Potion"],"build_version":"2020-12-22","purchased_purges":6,"victory":false,"max_hp_per_floor":[75,75,75,80,80,80,80,80,80,80,80,80,80,80,80,85,85,85,85,85,85,85,85,85,85,85,85,85,85,85,85,85,85,85,85,85,85,85,85,85,85,85,85,87,87,87,87,89,89,89,89,89],"card_choices":[{"not_picked":["True Grit","Spot Weakness","Warcry"],"picked":"SKIP","floor":1.0},{"not_picked":["Clash","Headbutt","Shockwave"],"picked":"SKIP","floor":2.0},{"not_picked":["Rupture","Anger"],"picked":"Burning Pact","floor":3.0},{"not_picked":["Ghostly Armor","Burning Pact"],"picked":"Body Slam","floor":6.0},{"not_picked":["Feel No Pain","Body Slam","Wild Strike"],"picked":"SKIP","floor":7.0},{"not_picked":["Feel No Pain","Body Slam","Wild Strike"],"picked":"SKIP","floor":7.0},{"not_picked":["Clothesline","Anger","True Grit"],"picked":"SKIP","floor":14.0},{"not_picked":["Feed","Impervious"],"picked":"Barricade","floor":16.0},{"not_picked":["Heavy Blade","Clothesline","Cleave"],"picked":"SKIP","floor":18.0},{"not_picked":["Clash","Bludgeon"],"picked":"Armaments","floor":21.0},{"not_picked":["Iron Wave","Inflame+1","Thunderclap"],"picked":"SKIP","floor":24},{"not_picked":["Warcry","Inflame","Reckless Charge"],"picked":"SKIP","floor":27},{"not_picked":["Shrug It Off","Immolate"],"picked":"Evolve","floor":29},{"not_picked":["Clash","Sword Boomerang","Flex+1"],"picked":"SKIP","floor":31},{"not_picked":["Exhume+1","Fiend Fire"],"picked":"Offering+1","floor":33},{"not_picked":["Armaments+1","True Grit+1","Twin Strike"],"picked":"SKIP","floor":35},{"not_picked":["Warcry+1","Clothesline+1","Flex+1"],"picked":"SKIP","floor":37},{"not_picked":["Clothesline+1","Headbutt","Dark Embrace+1"],"picked":"SKIP","floor":38},{"not_picked":["Clothesline+1","Headbutt"],"picked":"Dark Embrace+1","floor":38},{"not_picked":["Evolve","Headbutt","Disarm+1"],"picked":"SKIP","floor":39},{"not_picked":["Evolve","Headbutt"],"picked":"Disarm+1","floor":39},{"not_picked":["Spot Weakness+1","Wild Strike","Pommel Strike"],"picked":"SKIP","floor":40},{"not_picked":["Headbutt","Limit Break+1"],"picked":"Shockwave+1","floor":42},{"not_picked":["Wild Strike+1","Sword Boomerang","Thunderclap"],"picked":"Singing Bowl","floor":44},{"not_picked":["Fire Breathing","Iron Wave","Armaments+1"],"picked":"Singing Bowl","floor":48}],"player_experience":471999,"relics_obtained":[{"floor":5.0,"key":"Meat on the Bone"},{"floor":6.0,"key":"Centennial Puzzle"},{"floor":9.0,"key":"Unceasing Top"},{"floor":24,"key":"Turnip"},{"floor":26,"key":"Boot"},{"floor":29,"key":"Shuriken"},{"floor":40,"key":"Shovel"},{"floor":41,"key":"Old Coin"},{"floor":43,"key":"Singing Bowl"},{"floor":44,"key":"Darkstone Periapt"},{"floor":46,"key":"Gremlin Horn"},{"floor":49,"key":"Vajra"}],"event_choices":[{"damage_healed":0.0,"max_hp_gain":5.0,"max_hp_loss":0.0,"gold_gain":0.0,"event_name":"Big Fish","player_choice":"Donut","floor":4.0,"gold_loss":0.0,"damage_taken":0.0},{"damage_healed":0.0,"max_hp_gain":0.0,"max_hp_loss":0.0,"gold_gain":0.0,"event_name":"Scrap Ooze","player_choice":"Success","floor":10.0,"gold_loss":0.0,"damage_taken":11.0,"relics_obtained":["Omamori"]},{"damage_healed":0.0,"max_hp_gain":0.0,"max_hp_loss":0.0,"gold_gain":0.0,"event_name":"Ghosts","player_choice":"Ignored","floor":19.0,"gold_loss":0.0,"damage_taken":0.0},{"damage_healed":0,"gold_gain":0,"player_choice":"1 cards matched","damage_taken":0,"max_hp_gain":0,"max_hp_loss":0,"event_name":"Match and Keep!","floor":22,"gold_loss":0,"cards_obtained":["Shrug It Off"]},{"cards_removed":["Shrug It Off"],"damage_healed":0,"gold_gain":0,"player_choice":"Removed Skill","damage_taken":0,"max_hp_gain":0,"max_hp_loss":0,"event_name":"Falling","floor":45,"gold_loss":0}],"is_beta":false,"boss_relics":[{"not_picked":["Runic Cube","Tiny House"],"picked":"Pandora\u0027s Box"},{"not_picked":["SacredBark","Cursed Key"],"picked":"Philosopher\u0027s Stone"}],"items_purged_floors":[8,20,25,30,36,47],"is_endless":false,"potions_floor_spawned":[2,14,16,18,29,33,38,40,44,48],"killed_by":"Awakened One","ascension_level":20}}