{"host":"ni5mix2lh3q94rpg","time":1612374468,"event":{"mods":["AchievementEnabler","Act Like it!","BaseMod","Better Altar","Better Note","Better Silent Start","Better Vampires","GifTheSpireLib","Hermit","Marisa????????","Minty Spire (QoL Compilation)","Quick Restart","Remilia??????","Replay The Spire","Spikes Relics","StSLib","The Animator","The Servant 0.9.4","everything is the same but u backflip on backflip","slay the spire mod where everything is the same but ironclad has a cowboy hat"],"gold_per_floor":[109,109,123,123,123,172,172,219,245,284,314,314,379,442,442,543,543,519,554,25,25,25],"floor_reached":21,"language":"ENG","playtime":1057,"items_purged":[],"score":486,"play_id":"d06091c0-a06c-4b70-a6a7-e56d0e45560b","local_time":"20210203204748","is_ascension_mode":true,"campfire_choices":[{"data":"Armaments","floor":7.0,"key":"SMITH"},{"data":"BarbarianYell","floor":12.0,"key":"SMITH"}],"circlet_count":0,"master_deck":["AscendersBane","Strike_R","Strike_R","Defend_R","Defend_R","Defend_R","Bash","Run Through","BarbarianYell+1","HandOfGreed","Armaments+1","Shockwave","Shrug It Off","Limit Break","Invigoration","Demonic Infusion","Power Through+1","ReplayTheSpireMod:Limb From Limb+1"],"relics":["Burning Blood","NeowsBlessing","Pen Nib","Replay:Mystery Machine","Gremlin Food","Bottled Lightning","Empty Cage","Golden Egg","Frozen Eye"],"acts_visited":["Exordium","TheCity"],"potions_floor_usage":[],"damage_taken":[{"damage":0.0,"enemies":"Small Slimes","floor":1.0,"turns":1.0},{"damage":0.0,"enemies":"2 Louse","floor":3.0,"turns":1.0},{"damage":0.0,"enemies":"Gremlin Nob","floor":6.0,"turns":2.0},{"damage":22.0,"enemies":"Lagavulin","floor":8.0,"turns":6.0},{"damage":0.0,"enemies":"Cultist","floor":10.0,"turns":2.0},{"damage":12.0,"enemies":"Exordium Thugs","floor":11.0,"turns":4.0},{"damage":49.0,"enemies":"Gremlin Nob","floor":13.0,"turns":5.0},{"damage":6.0,"enemies":"2 Fungi Beasts","floor":14.0,"turns":4.0},{"damage":39.0,"enemies":"Hexaghost","floor":16.0,"turns":8.0},{"damage":30,"enemies":"2 Thieves","floor":18,"turns":4},{"damage":20,"enemies":"Shell Parasite","floor":19,"turns":6},{"damage":40,"enemies":"Chosen and Byrds","floor":21,"turns":3}],"seed_played":"2949320486530945873","potions_obtained":[{"floor":1.0,"key":"BlessingOfTheForge"},{"floor":6.0,"key":"Block Potion"},{"floor":11.0,"key":"BlessingOfTheForge"},{"floor":13.0,"key":"Swift Potion"}],"is_trial":false,"path_per_floor":["M","?","M","?","?","E","R","E","T","M","M","R","E","M","R","B",null,"M","M","$","M"],"character_chosen":"IRONCLAD","items_purchased":["Golden Egg","ReplayTheSpireMod:Limb From Limb","Frozen Eye"],"campfire_rested":0,"item_purchase_floors":[20,20,20],"current_hp_per_floor":[74,74,75,75,75,75,75,59,59,65,59,59,16,16,85,52,77,53,39,39,0,0],"gold":25,"neow_bonus":"THREE_ENEMY_KILL","is_daily":false,"chose_seed":false,"campfire_upgraded":2,"win_rate":0.0,"timestamp":1612374468,"path_taken":["M","?","M","?","?","E","R","E","T","?","M","R","E","M","R","BOSS","M","M","$","M"],"items_purchased_type":["Relic","Card","Relic"],"build_version":"2020-12-22","purchased_purges":0,"victory":false,"max_hp_per_floor":[75,75,75,75,75,75,75,75,75,75,75,75,75,75,85,85,85,85,85,85,85,85],"card_choices":[{"not_picked":["Pummel","Pommel Strike"],"picked":"Run Through","floor":1.0},{"not_picked":["Cleave","Anger"],"picked":"BarbarianYell","floor":3.0},{"not_picked":["True Grit","Sword Boomerang"],"picked":"Armaments","floor":6.0},{"not_picked":["ReplayTheSpireMod:Limb From Limb","Flex"],"picked":"Shockwave","floor":8.0},{"not_picked":["Rage","Perfected Strike"],"picked":"Demonic Infusion","floor":10.0},{"not_picked":["Pommel Strike","ReplayTheSpireMod:Strike From Hell"],"picked":"Shrug It Off","floor":11.0},{"not_picked":["Havoc","Flex"],"picked":"Limit Break","floor":13.0},{"not_picked":["Entrench","Iron Wave"],"picked":"Invigoration","floor":14.0},{"not_picked":["Berserk","Impervious"],"picked":"Demonic Infusion","floor":16.0},{"not_picked":["Cleave+1","Thunderclap"],"picked":"Power Through+1","floor":18},{"not_picked":["Anger","ReplayTheSpireMod:Strike From Hell","Headbutt"],"picked":"SKIP","floor":19}],"player_experience":938340,"relics_obtained":[{"floor":6.0,"key":"Pen Nib"},{"floor":8.0,"key":"Replay:Mystery Machine"},{"floor":9.0,"key":"Gremlin Food"},{"floor":13.0,"key":"Bottled Lightning"}],"event_choices":[{"cards_removed":["Strike_R"],"damage_healed":0.0,"max_hp_gain":0.0,"max_hp_loss":0.0,"gold_gain":0.0,"event_name":"Living Wall","player_choice":"Forget","floor":2.0,"gold_loss":0.0,"damage_taken":0.0},{"cards_removed":["BarbarianYell"],"damage_healed":0.0,"max_hp_gain":0.0,"max_hp_loss":0.0,"gold_gain":0.0,"event_name":"betterNote:BetterNote","player_choice":"Take \u0026 Give","floor":5.0,"gold_loss":0.0,"damage_taken":0.0,"cards_obtained":["HandOfGreed"]},{"cards_removed":["Demonic Infusion"],"damage_healed":59.0,"max_hp_gain":10.0,"max_hp_loss":0.0,"gold_gain":0.0,"event_name":"Bonfire Elementals","player_choice":"Offered Rare","floor":15.0,"gold_loss":0.0,"damage_taken":0.0}],"is_beta":false,"boss_relics":[{"not_picked":["Ectoplasm","Snecko Eye"],"picked":"Empty Cage"}],"items_purged_floors":[],"is_endless":false,"potions_floor_spawned":[1,6,11,13],"killed_by":"Chosen and Byrds","ascension_level":19}}