{"host":"4kmvpqjeiacgn1pr","time":1612389960,"event":{"mods":["A Penny For Your Troubles","AchievementEnabler","AlwaysNeverKeys","Aspiration","BaseMod","Bestiary","Better Altar","Better Match","Better Note","Better Sensory Stone","Better Skull","Better Third Choice","Better Vampires","BetterRewards","Colored Map","Colored Powertips","Conspire","Curses Come First","Downfall","Halation","Highlight Path","Infinite Spire","Minty Spire (QoL Compilation)","Permanent Neow","Quick Restart","Rare Cards Sparkle","Relic Sorter","Relic Stats","Replay The Spire","Reworked Bosses","Shop Mod","Smile Girya","Spicy Shops","Spikes Relics","StSLib","Waifu the Spire"],"gold_per_floor":[119,119,119,56,76,76,92,123,123,134,150,170,170,170,170,275,275,291,307,307,307,307,334,334,68,68,83,83,26,38,79,79,180,180,194,1193,1214,1216,1216,1224,1224],"floor_reached":40,"language":"ENG","playtime":1848,"items_purged":["downfall:Bewildered","Regret"],"score":755,"play_id":"769558f1-9464-4739-902f-659b76d60ee8","local_time":"20210203170600","is_ascension_mode":true,"campfire_choices":[{"data":"Double Energy","floor":6,"key":"SMITH"},{"data":"ReplayTheSpireMod:Dual Polarity","floor":15,"key":"SMITH"},{"data":"ReplayTheSpireMod:Omega Cannon","floor":24,"key":"SMITH"},{"data":"Crystallizer","floor":32,"key":"SMITH"}],"circlet_count":0,"master_deck":["conspire:GhostlyStrike","conspire:GhostlyStrike","conspire:GhostlyStrike","conspire:GhostlyDefend","conspire:GhostlyDefend","conspire:GhostlyDefend","conspire:GhostlyDefend","Zap","Dualcast","ReplayTheSpireMod:Omega Cannon+1","Beam Cell","Panic Button","Streamline","Double Energy+1","ReplayTheSpireMod:Dual Polarity+1","DiskWipe","Rip and Tear","BasicCrystalCard","ReplayTheSpireMod:Omega Cannon+1","Hologram","FIFO Queue","Ghostly","Ghostly","Ghostly","Ghostly","Ghostly","Redo","Amnesia","Shame","Loop","downfall:Bewildered","Self Repair","Echo Form","Crystallizer+1","Electrodynamics","Beam Cell","Normality","Normality","ReplayTheSpireMod:Dual Polarity+1","Madness","Madness"],"relics":["Cracked Core","halation:BottledLove","CherryCoatedStake","aspiration:FetidBarrel","Sandwich","sneckomod:BabySnecko","aspiration:Stellarator","infinitespire:Lucky Rock","ReplayTheSpireMod:CursedCoin","conspire:IceCreamScoop","ClockworkSouvenir","Replay:Wax Seal","infinitespire:Midas Blood","Replay:Mystery Machine","aspiration:ChemicalBlood","ChewingGum","halation:PapillonHeart"],"acts_visited":["Exordium","TheCity","TheBeyond"],"potions_floor_usage":[8,10,16,16,16,16,27,35,35,35,35],"damage_taken":[{"damage":0,"enemies":"Small Slimes","floor":1,"turns":1},{"damage":0,"enemies":"2 Louse","floor":5,"turns":2},{"damage":2,"enemies":"Jaw Worm","floor":7,"turns":2},{"damage":11,"enemies":"3 Sentries","floor":8,"turns":4},{"damage":13,"enemies":"Red Slaver","floor":10,"turns":2},{"damage":13,"enemies":"Blue Slaver","floor":11,"turns":3},{"damage":12,"enemies":"Looter","floor":12,"turns":3},{"damage":48,"enemies":"Fading Forest","floor":16,"turns":11},{"damage":35,"enemies":"conspire:FuzzyDice","floor":18,"turns":3},{"damage":0,"enemies":"2 Thieves","floor":19,"turns":1},{"damage":10,"enemies":"Book of Stabbing","floor":23,"turns":5},{"damage":1,"enemies":"conspire:HollyBat","floor":27,"turns":6},{"damage":0,"enemies":"Sentry and Sphere","floor":30,"turns":2},{"damage":8,"enemies":"Replay:Snechameleon","floor":31,"turns":4},{"damage":4,"enemies":"bossMod:newChamp","floor":33,"turns":9},{"damage":16,"enemies":"Orb Walker","floor":35,"turns":2},{"damage":6,"enemies":"3 Shapes","floor":37,"turns":4},{"damage":38,"enemies":"Nightmare","floor":40,"turns":8}],"seed_played":"-3202153368466924664","potions_obtained":[{"floor":1,"key":"ColorlessPotion"},{"floor":7,"key":"Weak Potion"},{"floor":12,"key":"SteroidPotion"},{"floor":16,"key":"BlessingOfTheForge"},{"floor":19,"key":"infinitespire:BlackPotion"},{"floor":31,"key":"BlessingOfTheForge"},{"floor":33,"key":"Swift Potion"},{"floor":35,"key":"Toxic Potion"},{"floor":35,"key":"EssenceOfSteel"}],"is_trial":false,"path_per_floor":["M","?","?","$","M","R","M","E","T","M","M","M","?","?","R","B",null,"M","M","?","?","AVR","E","R","$","T","M","?","$","M","E","R","B",null,"M","?","M","?","?","NM"],"character_chosen":"DEFECT","items_purchased":["Streamline","ReplayTheSpireMod:CursedCoin","conspire:IceCreamScoop","ClockworkSouvenir","Replay:Wax Seal","Self Repair"],"campfire_rested":0,"item_purchase_floors":[4,25,25,25,25,29],"current_hp_per_floor":[75,75,75,75,75,75,73,62,62,49,36,24,24,24,24,30,64,31,31,31,31,31,21,21,21,21,20,20,20,22,21,21,31,36,30,30,35,30,30,0,0],"gold":1224,"neow_bonus":"THREE_RARE_CARDS","is_daily":false,"chose_seed":false,"campfire_upgraded":4,"win_rate":0.0,"timestamp":1612389960,"path_taken":["M","?","?","?","M","R","M","E","T","?","M","M","?","?","R","BOSS","M","M","?","?","AVR","E","R","?","T","M","?","?","?","E","R","BOSS","M","?","M","?","?","NM"],"items_purchased_type":["Card","Relic","Relic","Relic","Relic","Card"],"build_version":"2020-12-22","purchased_purges":2,"victory":false,"max_hp_per_floor":[75,75,75,75,75,75,75,75,75,75,75,75,75,75,75,75,75,75,75,37,37,37,37,37,37,37,37,37,37,37,37,37,37,37,37,37,37,37,35,35,35],"relic_stats":{"counters":[18,72],"obtain_stats":[{"halation:PapillonHeart":39,"CherryCoatedStake":9,"halation:BottledLove":8,"aspiration:FetidBarrel":13,"aspiration:Stellarator":22,"ReplayTheSpireMod:CursedCoin":25,"infinitespire:Lucky Rock":23,"Replay:Mystery Machine":28,"ClockworkSouvenir":25,"Sandwich":17,"sneckomod:BabySnecko":21,"ChewingGum":34,"Replay:Wax Seal":25,"Cracked Core":0,"conspire:IceCreamScoop":25,"infinitespire:Midas Blood":26,"aspiration:ChemicalBlood":31},{"halation:PapillonHeart":17,"CherryCoatedStake":4,"halation:BottledLove":4,"aspiration:FetidBarrel":7,"aspiration:Stellarator":10,"ReplayTheSpireMod:CursedCoin":11,"infinitespire:Lucky Rock":11,"Replay:Mystery Machine":12,"ClockworkSouvenir":11,"Sandwich":8,"sneckomod:BabySnecko":10,"ChewingGum":15,"Replay:Wax Seal":11,"Cracked Core":0,"conspire:IceCreamScoop":11,"infinitespire:Midas Blood":11,"aspiration:ChemicalBlood":14},{"halation:PapillonHeart":64,"CherryCoatedStake":9,"halation:BottledLove":9,"aspiration:FetidBarrel":17,"aspiration:Stellarator":32,"ReplayTheSpireMod:CursedCoin":37,"infinitespire:Lucky Rock":37,"Replay:Mystery Machine":43,"ClockworkSouvenir":37,"Sandwich":28,"sneckomod:BabySnecko":32,"ChewingGum":58,"Replay:Wax Seal":37,"Cracked Core":0,"conspire:IceCreamScoop":37,"infinitespire:Midas Blood":37,"aspiration:ChemicalBlood":49}]},"card_choices":[{"not_picked":["All For One","Meteor Strike"],"picked":"ReplayTheSpireMod:Omega Cannon","floor":0},{"not_picked":["Stack","ReplayTheSpireMod:Calculation Training"],"picked":"Beam Cell","floor":1},{"not_picked":["Skim","Go for the Eyes"],"picked":"Double Energy","floor":5},{"not_picked":["Stack","ReplayTheSpireMod:Calculation Training"],"picked":"ReplayTheSpireMod:Dual Polarity","floor":7},{"not_picked":["Storm","Gash"],"picked":"DiskWipe","floor":8},{"not_picked":["Compile Driver","ReplayTheSpireMod:Repulse"],"picked":"Rip and Tear","floor":10},{"not_picked":["BasicCrystalCard","Coolheaded","Compile Driver"],"picked":"SKIP","floor":11},{"not_picked":["Streamline","Coolheaded"],"picked":"BasicCrystalCard","floor":12},{"not_picked":["Meteor Strike","Core Surge"],"picked":"ReplayTheSpireMod:Omega Cannon","floor":16},{"not_picked":["Go for the Eyes","Steam"],"picked":"Hologram","floor":18},{"not_picked":["Hologram","Gash"],"picked":"FIFO Queue","floor":19},{"not_picked":["Defragment","Force Field"],"picked":"Redo","floor":23},{"not_picked":["Streamline","Panic Button"],"picked":"Loop","floor":27},{"not_picked":["Hologram","Redo+1"],"picked":"Echo Form","floor":30},{"not_picked":["Barrage","Leap"],"picked":"Crystallizer","floor":31},{"not_picked":["Reboot","Creative AI"],"picked":"Electrodynamics","floor":33},{"not_picked":["Reinforced Body","Genetic Algorithm"],"picked":"Beam Cell","floor":35},{"not_picked":["Sweeping Beam+1","Redo"],"picked":"ReplayTheSpireMod:Dual Polarity+1","floor":37}],"player_experience":437905,"relics_obtained":[{"floor":8,"key":"halation:BottledLove"},{"floor":9,"key":"CherryCoatedStake"},{"floor":13,"key":"aspiration:FetidBarrel"},{"floor":23,"key":"infinitespire:Lucky Rock"},{"floor":26,"key":"infinitespire:Midas Blood"},{"floor":31,"key":"aspiration:ChemicalBlood"}],"event_choices":[{"damage_healed":0,"gold_gain":0,"cards_transformed":["Strike_B"],"player_choice":"Change","damage_taken":0,"max_hp_gain":0,"max_hp_loss":0,"event_name":"Living Wall","floor":3,"gold_loss":0,"cards_obtained":["Panic Button"]},{"damage_healed":0,"gold_gain":0,"player_choice":"Agree","damage_taken":0,"max_hp_gain":0,"max_hp_loss":0,"event_name":"conspire:LoneGhost","floor":14,"gold_loss":0},{"damage_healed":0,"gold_gain":0,"player_choice":"Became a Ghost","damage_taken":0,"max_hp_gain":0,"max_hp_loss":38,"event_name":"Ghosts","floor":20,"gold_loss":0,"cards_obtained":["Ghostly","Ghostly","Ghostly","Ghostly","Ghostly"]},{"damage_healed":0,"gold_gain":999,"player_choice":"Gold","damage_taken":0,"max_hp_gain":0,"max_hp_loss":0,"event_name":"MindBloom","floor":36,"gold_loss":0,"cards_obtained":["Normality","Normality"]},{"damage_healed":0,"gold_gain":0,"player_choice":"Embrace Madness","damage_taken":5,"max_hp_gain":0,"max_hp_loss":0,"event_name":"Winding Halls","floor":38,"gold_loss":0,"cards_obtained":["Madness","Madness"]}],"is_beta":false,"boss_relics":[{"not_picked":["halation:Yufonium","CosmicIsotope"],"picked":"Sandwich"},{"not_picked":["Kintsugi","Runic Pyramid"],"picked":"ChewingGum"}],"items_purged_floors":[22,25],"is_endless":false,"potions_floor_spawned":[1,7,12,16,19,31,33],"killed_by":"Nightmare","ascension_level":5}}