{"host":"j4g6ia6asvpyu2b0","time":1612372143,"event":{"mods":["BaseMod","Colored Map","Minty Spire (QoL Compilation)","Permanent Neow","Quick Restart","Relic Stats","StSLib","Unceasing Turn Reminder"],"gold_per_floor":[116,127,146,321,321,321,355,355,380,412,412,439,145,157,157,157,157],"floor_reached":16,"language":"ENG","playtime":482,"items_purged":["Strike_G"],"score":130,"play_id":"1575df61-1b91-4b14-b0dd-bc8c08262b9a","local_time":"20210203100903","is_ascension_mode":true,"campfire_choices":[{"data":"Footwork","floor":6,"key":"SMITH"},{"data":"Dagger Spray","floor":8,"key":"SMITH"},{"data":"Discovery","floor":15,"key":"SMITH"}],"circlet_count":0,"master_deck":["Strike_G","Strike_G","Strike_G","Defend_G","Defend_G","Defend_G","Defend_G","Defend_G","Survivor","Neutralize","Violence","Deadly Poison","Predator","Flying Knee","Footwork+1","Dagger Spray+1","Poisoned Stab","Blade Dance","Discovery+1","Dash"],"relics":["Ring of the Snake","Regal Pillow","Smiling Mask","Juzu Bracelet","Bottled Flame","PreservedInsect"],"acts_visited":["Exordium"],"potions_floor_usage":[7,10],"damage_taken":[{"damage":2,"enemies":"Small Slimes","floor":1,"turns":4},{"damage":0,"enemies":"Jaw Worm","floor":2,"turns":4},{"damage":0,"enemies":"Cultist","floor":3,"turns":3},{"damage":12,"enemies":"Gremlin Nob","floor":7,"turns":4},{"damage":14,"enemies":"Lagavulin","floor":10,"turns":8},{"damage":13,"enemies":"3 Sentries","floor":12,"turns":6},{"damage":13,"enemies":"Large Slime","floor":14,"turns":6},{"damage":3,"enemies":"Slime Boss","floor":16,"turns":5}],"seed_played":"-5228660908230291154","potions_obtained":[{"floor":2,"key":"LiquidMemories"},{"floor":3,"key":"SneckoOil"}],"is_trial":false,"path_per_floor":["M","M","M","?","?","R","E","R","T","E","?","E","$","M","R","B"],"character_chosen":"THE_SILENT","items_purchased":["PreservedInsect","Discovery"],"campfire_rested":0,"item_purchase_floors":[13,13],"current_hp_per_floor":[61,61,61,61,61,61,49,49,49,35,28,15,15,2,2,0,0],"gold":157,"neow_bonus":"RANDOM_COLORLESS_2","is_daily":false,"chose_seed":false,"campfire_upgraded":3,"win_rate":0.0,"timestamp":1612372143,"path_taken":["M","M","M","?","?","R","E","R","T","E","?","E","$","M","R","BOSS"],"items_purchased_type":["Relic","Card"],"build_version":"2020-12-22","purchased_purges":1,"victory":false,"max_hp_per_floor":[63,63,63,63,63,63,63,63,63,63,63,63,63,63,63,63,63],"relic_stats":{"Regal Pillow":0,"counters":[8,40],"PreservedInsect":0,"Juzu Bracelet":1,"Smiling Mask":25,"obtain_stats":[{"Regal Pillow":7,"Bottled Flame":12,"PreservedInsect":13,"Juzu Bracelet":10,"Smiling Mask":9,"Ring of the Snake":0},{"Regal Pillow":4,"Bottled Flame":6,"PreservedInsect":6,"Juzu Bracelet":5,"Smiling Mask":4,"Ring of the Snake":0},{"Regal Pillow":15,"Bottled Flame":29,"PreservedInsect":29,"Juzu Bracelet":23,"Smiling Mask":15,"Ring of the Snake":0}],"Ring of the Snake":[16]},"card_choices":[{"not_picked":["Mayhem","Secret Weapon"],"picked":"Violence","floor":0},{"not_picked":["Dagger Spray","PiercingWail"],"picked":"Deadly Poison","floor":1},{"not_picked":["Tactician","Quick Slash"],"picked":"Predator","floor":2},{"not_picked":["Acrobatics","Expertise"],"picked":"Flying Knee","floor":3},{"not_picked":["Deflect","Poisoned Stab"],"picked":"Dagger Spray","floor":7},{"not_picked":["Prepared","Setup"],"picked":"Poisoned Stab","floor":10},{"not_picked":["Deadly Poison","Deflect"],"picked":"Blade Dance","floor":12},{"not_picked":["Catalyst","Doppelganger"],"picked":"Dash","floor":14}],"player_experience":1121334,"relics_obtained":[{"floor":7,"key":"Regal Pillow"},{"floor":9,"key":"Smiling Mask"},{"floor":10,"key":"Juzu Bracelet"},{"floor":12,"key":"Bottled Flame"}],"event_choices":[{"damage_healed":0,"gold_gain":175,"player_choice":"AGREE","damage_taken":0,"max_hp_gain":0,"max_hp_loss":0,"event_name":"Liars Game","floor":4,"gold_loss":0,"cards_obtained":["Doubt"]},{"damage_healed":0,"gold_gain":0,"cards_transformed":["Strike_G"],"player_choice":"Transformed","damage_taken":0,"max_hp_gain":0,"max_hp_loss":0,"event_name":"Transmorgrifier","floor":5,"gold_loss":0,"cards_obtained":["Footwork"]},{"cards_removed":["Doubt"],"damage_healed":0,"gold_gain":0,"player_choice":"Card Removal","damage_taken":7,"max_hp_gain":0,"max_hp_loss":0,"event_name":"Golden Wing","floor":11,"gold_loss":0}],"is_beta":false,"boss_relics":[],"items_purged_floors":[13],"is_endless":false,"potions_floor_spawned":[2,3],"killed_by":"Slime Boss","ascension_level":2}}