{"host":"eeeqmyc7a1933jos","time":1612342244,"event":{"mods":["2.2 Compatiblity","Act Like it!","BaseMod","CapriCore","Colored Powertips","Conspire","Downfall","Elementarium","Friendly Minions","Gensokyo","GifTheSpireLib","Gremlin Mod","Hallownest","Hermit","Hubris","Infinite Spire","Jorbs\u0027s Wanderer Trilogy","Marisa????????","Mimic Mod","Minty Spire (QoL Compilation)","Pale of the Ancients","Random Character Button","Random Character Mod","Rare Cards Sparkle","Reimu??????","Relic Sorter","Relic Stats","SIMod","StSLib","The Administrix","The Bug Knight","The Disciple","The Dragon Tamer","The Hierophant","The Immortal","The Marked","The Mystic","The Runesmith","The Senshi","The Servant 0.9.4","The Vixen","TheFirefly","Wandering Minibosses"],"gold_per_floor":[99,110,110,130,15,30,53,346,359,159,185,185,262,192,261,420,420,420,457,510,565,596,670,730,680,772,772,672,657,657,657],"floor_reached":29,"language":"ENG","playtime":2752,"items_purged":[],"score":390,"play_id":"cfc05abb-0884-4406-ad0d-70e78abd75f0","local_time":"20210203095044","is_ascension_mode":true,"campfire_choices":[{"data":"Guardian:TwinSlam","floor":1,"key":"SMITH"},{"data":"Guardian:Suspension","floor":12,"key":"SMITH"},{"data":"Guardian:DecasProtection","floor":18,"key":"SMITH"},{"floor":28,"key":"REST"}],"circlet_count":0,"master_deck":["Guardian:TwinSlam+1","Guardian:Suspension+1","Guardian:SpikerProtocol","Guardian:AncientConstruct+1","Guardian:BronzeArmor","Guardian:ShieldSpikes","conspire:SpireCoStock","conspire:SpireCoStock","conspire:SpireCoStock","conspire:SpireCoStock","Guardian:RevengeProtocol","Guardian:ShieldSpikes","Guardian:DecasProtection+1","Guardian:Reroute","Guardian:PrimingBeam","Guardian:PiercingHide","Guardian:ChargeUp","Guardian:ConstructionForm","Guardian:RollAttack+1","Guardian:PiercingHide"],"relics":["Guardian:ModeShifter","Gensokyo:Companionship","conspire:TopHat","Omamori","InkBottle","Pandora\u0027s Box","Guardian:DefensiveModeMoreBlock","Nunchaku","downfall:HeartBlessingBlue"],"acts_visited":["Exordium","Gensokyo:Gensokyo"],"potions_floor_usage":[8,23,26,29],"damage_taken":[{"damage":0,"enemies":"Gensokyo:Python","floor":2,"turns":4},{"damage":6,"enemies":"Gensokyo:Gryphon","floor":4,"turns":5},{"damage":11,"enemies":"Gensokyo:2_Kodama","floor":6,"turns":6},{"damage":19,"enemies":"Gensokyo:2_Rabbits","floor":8,"turns":6},{"damage":8,"enemies":"Gensokyo:CorruptedTreant","floor":9,"turns":6},{"damage":4,"enemies":"Gensokyo:Gryphon_and_Rabbit","floor":11,"turns":9},{"damage":8,"enemies":"Gensokyo:3_Kodama","floor":15,"turns":8},{"damage":10,"enemies":"SI_SHIV_ARCHETYPE","floor":16,"turns":8},{"damage":0,"enemies":"Gensokyo:Chomper","floor":19,"turns":6},{"damage":12,"enemies":"Gensokyo:CosmicMonolith","floor":20,"turns":7},{"damage":16,"enemies":"Gensokyo:3_Gloops","floor":21,"turns":8},{"damage":21,"enemies":"Gensokyo:Monolith_and_Dog","floor":22,"turns":6},{"damage":30,"enemies":"Gensokyo:Tenshi","floor":23,"turns":6},{"damage":0,"enemies":"Gensokyo:Swordslinger","floor":24,"turns":8},{"damage":24,"enemies":"Gensokyo:Reisen","floor":26,"turns":12},{"damage":52,"enemies":"Gensokyo:Swordslinger","floor":29,"turns":7}],"seed_played":"-2004131593702621450","potions_obtained":[{"floor":2,"key":"Regen Potion"},{"floor":4,"key":"SpeedPotion"},{"floor":11,"key":"bronze:BurnAndBuffPotion"},{"floor":20,"key":"LiquidBronze"},{"floor":23,"key":"DistilledChaos"},{"floor":26,"key":"Swift Potion"}],"is_trial":false,"path_per_floor":["R","M","?","M","COS","M","T","M","M","?","M","R","T","?","M","B",null,"R","M","M","M","M","E","MIM","?","E","?","R","M"],"character_chosen":"GUARDIAN","items_purchased":[],"campfire_rested":1,"item_purchase_floors":[],"current_hp_per_floor":[88,88,83,77,77,66,66,62,54,54,50,50,50,50,42,32,98,98,98,86,70,49,19,19,26,2,2,46,0,0,0],"gold":657,"neow_bonus":"TEN_PERCENT_HP_BONUS","is_daily":false,"chose_seed":false,"campfire_upgraded":3,"win_rate":0.0,"timestamp":1612342244,"path_taken":["R","M","?","M","COS","M","T","M","M","?","?","R","?","?","M","BOSS","R","M","M","M","M","E","MIM","?","E","?","R","M"],"items_purchased_type":[],"build_version":"2020-12-22","purchased_purges":0,"victory":false,"max_hp_per_floor":[88,88,98,98,98,98,98,98,98,98,98,98,98,98,98,98,98,98,98,98,98,98,98,98,105,105,105,115,115,115,115],"relic_stats":{"Nunchaku":[0],"counters":[16,112],"Pandora\u0027s Box":["Guardian:ShieldSpikes","Guardian:Gem_Synthetic","Guardian:DecasProtection","Guardian:Reroute","Guardian:PrimingBeam","Guardian:Gem_Synthetic","Guardian:Gem_Orange","Guardian:DonusPower"],"obtain_stats":[{"Guardian:DefensiveModeMoreBlock":23,"Nunchaku":26,"Pear":3,"Gensokyo:Companionship":15,"downfall:HeartBlessingBlue":28,"Guardian:ModeShifter":0,"Pandora\u0027s Box":17,"Omamori":8,"conspire:TopHat":7,"InkBottle":13},{"Guardian:DefensiveModeMoreBlock":13,"Nunchaku":15,"Pear":1,"Gensokyo:Companionship":7,"downfall:HeartBlessingBlue":15,"Guardian:ModeShifter":0,"Pandora\u0027s Box":8,"Omamori":4,"conspire:TopHat":3,"InkBottle":6},{"Guardian:DefensiveModeMoreBlock":85,"Nunchaku":105,"Pear":4,"Gensokyo:Companionship":37,"downfall:HeartBlessingBlue":105,"Guardian:ModeShifter":0,"Pandora\u0027s Box":52,"Omamori":20,"conspire:TopHat":15,"InkBottle":36}],"InkBottle":[27]},"card_choices":[{"not_picked":["Guardian:Gem_Red","Guardian:WalkerClaw"],"picked":"Guardian:Suspension","floor":2},{"not_picked":["Guardian:EvasiveProtocol","Guardian:FloatingOrbs"],"picked":"Guardian:SpikerProtocol","floor":4},{"not_picked":["Guardian:Gem_Red","Guardian:Gem_Lightblue"],"picked":"Guardian:AncientConstruct","floor":6},{"not_picked":["Guardian:ChargeCore","Guardian:ShieldCharger"],"picked":"Guardian:BronzeArmor","floor":8},{"not_picked":["Guardian:PiercingHide","Guardian:PrismaticBarrier"],"picked":"Guardian:ShieldSpikes","floor":9},{"not_picked":["Guardian:VentSteam","Guardian:Emergency"],"picked":"Guardian:Gem_Yellow","floor":11},{"not_picked":["Guardian:Reroute","Guardian:TemporalShield"],"picked":"Guardian:Gem_Blue","floor":15},{"not_picked":["Guardian:StasisField","Guardian:TimeSifter"],"picked":"Guardian:RevengeProtocol","floor":16},{"not_picked":["Guardian:PrismaticBarrier","Guardian:Preprogram","Guardian:Planning+1"],"picked":"SKIP","floor":19},{"not_picked":["Guardian:Reroute","Guardian:MultiBeam","Guardian:Gem_White"],"picked":"SKIP","floor":20},{"not_picked":["Guardian:TemporalStrike","Guardian:Reroute"],"picked":"Guardian:PiercingHide","floor":21},{"not_picked":["Guardian:TimeBomb","Guardian:MultiBeam+1"],"picked":"Guardian:ChargeUp","floor":22},{"not_picked":["Guardian:RollAttack","Guardian:Gem_Green"],"picked":"Guardian:ConstructionForm","floor":23},{"not_picked":["Guardian:VentSteam","Guardian:Gem_Red"],"picked":"Guardian:RollAttack+1","floor":24},{"not_picked":["Guardian:WalkerClaw","Guardian:Clone"],"picked":"Guardian:PiercingHide","floor":26}],"player_experience":1642496,"relics_obtained":[{"floor":7,"key":"conspire:TopHat"},{"floor":13,"key":"InkBottle"},{"floor":23,"key":"Guardian:DefensiveModeMoreBlock"},{"floor":26,"key":"Nunchaku"}],"event_choices":[{"damage_healed":0,"gold_gain":0,"player_choice":"Invest 4","damage_taken":0,"max_hp_gain":0,"max_hp_loss":0,"event_name":"conspire:Investor","floor":10,"gold_loss":0}],"is_beta":false,"boss_relics":[{"not_picked":["hubris:Backtick","hubris:RunicObelisk"],"picked":"Pandora\u0027s Box"}],"items_purged_floors":[],"is_endless":false,"potions_floor_spawned":[2,4,11,20,22,23,26],"killed_by":"Gensokyo:Swordslinger","ascension_level":3}}