{"host":"uoq8e77duj6rs50g","time":1612396784,"event":{"mods":["BaseMod","Better Altar","Better Match","Better Note","Better Sensory Stone","Better Skull","Better Third Choice","BetterRewards","Block Reminder","ChefMod","Curses Come First","Hermit","Hubris","Ironclad Rager","Minty Spire (QoL Compilation)","Relic Stats","Replay The Spire","Shade Mod","StSLib","The Blue Laboratory","The Cursed","The Dragon Tamer","The Exalted","The Judge","The Marked","The Runesmith","The Servant 0.9.4","TheSwordswoman","Uncapped","WarShipGirlsR/????R mod"],"gold_per_floor":[110,110,110,122,139,259,288,308,335,350,381,381,366,392,392,489,489,601,631,631,631,122,122,133,133,133,133,133,133,163,163,163],"floor_reached":31,"language":"ENG","playtime":2057,"items_purged":[],"score":383,"play_id":"f848ebc3-49ae-4766-83a9-382ce89f840b","local_time":"20210203185944","is_ascension_mode":true,"campfire_choices":[{"data":"Demon Form","floor":12.0,"key":"SMITH"},{"floor":15.0,"key":"REST"},{"floor":23.0,"key":"REST"},{"floor":25.0,"key":"REST"}],"circlet_count":1,"master_deck":["Bash","Body Slam","Trip","Headbutt","Demon Form+1","Flex","Fire Breathing","ReplayTheSpireMod:LeadingStrike","Sword Boomerang","Thunderclap","Heavy Blade","Double Tap","Defy Death","Intimidate","Brutality","Fiend Fire","Blood for Blood","Brutality","Corruption","Cleave","Armaments+1","Shrug It Off","Languid","ReplayTheSpireMod:Private Reserves","Defy Death"],"relics":["Burning Blood","hubris:Icosahedron","ReplayTheSpireMod:Lightbulb","Runesmith:AutoHammer","Circlet","ReplayTheSpireMod:TigerMarble","Pandora\u0027s Box","Red Mask","Ring of Misfortune","Ring of Fury","ReplayTheSpireMod:Spearhead","Bromod:ArcaneTrickery","Prayer Wheel","hubris:BottledHeart","Smiling Mask","Dream Catcher"],"acts_visited":["Exordium","TheCity"],"potions_floor_usage":[30,30,30],"damage_taken":[{"damage":0.0,"enemies":"Small Slimes","floor":1.0,"turns":3.0},{"damage":8.0,"enemies":"Jaw Worm","floor":4.0,"turns":5.0},{"damage":3.0,"enemies":"2 Louse","floor":5.0,"turns":4.0},{"damage":13.0,"enemies":"Exordium Wildlife","floor":6.0,"turns":4.0},{"damage":13.0,"enemies":"Replay:BlueRogue","floor":7.0,"turns":5.0},{"damage":17.0,"enemies":"2 Fungi Beasts","floor":8.0,"turns":3.0},{"damage":12.0,"enemies":"Looter","floor":10.0,"turns":3.0},{"damage":0.0,"enemies":"Lagavulin","floor":11.0,"turns":4.0},{"damage":6.0,"enemies":"Exordium Thugs","floor":13.0,"turns":2.0},{"damage":39.0,"enemies":"3 Sentries","floor":14.0,"turns":6.0},{"damage":44.0,"enemies":"The Guardian","floor":16.0,"turns":9.0},{"damage":35.0,"enemies":"3 Byrds","floor":18.0,"turns":5.0},{"damage":40.0,"enemies":"Masked Bandits","floor":19.0,"turns":4.0},{"damage":5.0,"enemies":"Chosen","floor":24.0,"turns":2.0},{"damage":0,"enemies":"Book of Stabbing","floor":30,"turns":4},{"damage":6,"enemies":"Centurion and Healer","floor":31,"turns":4}],"seed_played":"-181870196101661919","potions_obtained":[{"floor":4.0,"key":"SmokeBomb"},{"floor":5.0,"key":"ElixirPotion"},{"floor":10.0,"key":"blueLaboratory:PolymorphPotion"},{"floor":11.0,"key":"blueLaboratory:HorrorPotion"},{"floor":14.0,"key":"SteroidPotion"},{"floor":19.0,"key":"Doom Potion"},{"floor":24.0,"key":"HeartOfIron"},{"floor":30,"key":"PowerPotion"}],"is_trial":false,"path_per_floor":["M","?","?","M","M","M","E","M","T","M","E","R","M","E","R","B",null,"M","?","?","?","$","R","M","R","T","?","$","T","E","M"],"character_chosen":"IRONCLAD","items_purchased":["ReplayTheSpireMod:Spearhead","Bromod:ArcaneTrickery","ReplayTheSpireMod:Private Reserves"],"campfire_rested":3,"item_purchase_floors":[22,22,22],"current_hp_per_floor":[80,80,80,78,80,73,66,55,55,49,55,55,60,27,51,28,80,51,17,17,17,17,41,42,66,66,1,1,1,1,0,0],"gold":163,"neow_bonus":"REMOVE_CARD","is_daily":false,"chose_seed":false,"campfire_upgraded":1,"win_rate":0.0,"timestamp":1612396784,"path_taken":["M","?","?","M","M","M","E","M","T","M","E","R","M","E","R","BOSS","M","?","?","?","?","R","M","R","T","?","$","?","E","M"],"items_purchased_type":["Relic","Relic","Card"],"build_version":"2020-12-22","purchased_purges":0,"victory":false,"max_hp_per_floor":[80,80,80,80,80,80,80,80,80,80,80,80,80,80,80,80,80,80,80,80,80,80,80,80,80,80,1,1,1,1,1,1],"relic_stats":{"Dream Catcher":0,"counters":[16,67],"Pandora\u0027s Box":["Defy Death","Intimidate","Brutality","Fiend Fire","Blood for Blood","Brutality","Corruption","Cleave"],"Prayer Wheel":0,"Smiling Mask":0,"obtain_stats":[{"Dead Branch":11,"Circlet":0,"Smiling Mask":29,"Burning Blood":0,"BranchBurnRelic":12,"ReplayTheSpireMod:Spearhead":22,"Dream Catcher":30,"hubris:Icosahedron":2,"Bromod:ArcaneTrickery":22,"hubris:BottledHeart":27,"Ring of Misfortune":21,"Pandora\u0027s Box":17,"Ring of Fury":21,"Prayer Wheel":26,"ReplayTheSpireMod:TigerMarble":14,"Red Mask":19,"Runesmith:AutoHammer":9,"ReplayTheSpireMod:Lightbulb":7},{"Dead Branch":8,"Circlet":0,"Smiling Mask":14,"Burning Blood":0,"BranchBurnRelic":8,"ReplayTheSpireMod:Spearhead":13,"Dream Catcher":15,"hubris:Icosahedron":1,"Bromod:ArcaneTrickery":13,"hubris:BottledHeart":14,"Ring of Misfortune":13,"Pandora\u0027s Box":11,"Ring of Fury":13,"Prayer Wheel":14,"ReplayTheSpireMod:TigerMarble":10,"Red Mask":13,"Runesmith:AutoHammer":6,"ReplayTheSpireMod:Lightbulb":5},{"Dead Branch":31,"Circlet":0,"Smiling Mask":59,"Burning Blood":0,"BranchBurnRelic":31,"ReplayTheSpireMod:Spearhead":57,"Dream Catcher":63,"hubris:Icosahedron":3,"Bromod:ArcaneTrickery":57,"hubris:BottledHeart":59,"Ring of Misfortune":57,"Pandora\u0027s Box":48,"Ring of Fury":57,"Prayer Wheel":59,"ReplayTheSpireMod:TigerMarble":39,"Red Mask":57,"Runesmith:AutoHammer":24,"ReplayTheSpireMod:Lightbulb":21}],"Burning Blood":77},"card_choices":[{"not_picked":["Cleave","Wild Strike"],"picked":"Body Slam","floor":1.0},{"not_picked":["Purity","Flash of Steel"],"picked":"Trip","floor":3.0},{"not_picked":["Twin Strike","Clash"],"picked":"Headbutt","floor":4.0},{"not_picked":["Uppercut","Wild Strike"],"picked":"Demon Form","floor":5.0},{"not_picked":["Pommel Strike","Life Link"],"picked":"Flex","floor":6.0},{"not_picked":["Warcry","Sword Boomerang"],"picked":"Fire Breathing","floor":7.0},{"not_picked":["Rampage","Shrug It Off"],"picked":"ReplayTheSpireMod:LeadingStrike","floor":8.0},{"not_picked":["Ghostly Armor","Havoc"],"picked":"Sword Boomerang","floor":10.0},{"not_picked":["Hemokinesis","Dark Embrace"],"picked":"Thunderclap","floor":11.0},{"not_picked":["Headbutt","ReplayTheSpireMod:Strike From Hell"],"picked":"Heavy Blade","floor":14.0},{"not_picked":["Demonic Infusion","Barricade"],"picked":"Double Tap","floor":16.0},{"not_picked":["Wild Strike","Havoc"],"picked":"Armaments+1","floor":18.0},{"not_picked":["Warcry","Heavy Blade"],"picked":"Shrug It Off","floor":19.0},{"not_picked":["Headbutt","Havoc","Sever Soul"],"picked":"SKIP","floor":24.0},{"not_picked":["Havoc","Bloodletting"],"picked":"Defy Death","floor":30}],"player_experience":437435,"relics_obtained":[{"floor":7.0,"key":"ReplayTheSpireMod:Lightbulb"},{"floor":9.0,"key":"Runesmith:AutoHammer"},{"floor":11.0,"key":"Dead Branch"},{"floor":14.0,"key":"ReplayTheSpireMod:TigerMarble"},{"floor":19.0,"key":"Red Mask"},{"floor":21.0,"key":"Ring of Misfortune"},{"floor":21.0,"key":"Ring of Fury"},{"floor":26.0,"key":"Prayer Wheel"},{"floor":29.0,"key":"Smiling Mask"},{"floor":30,"key":"Dream Catcher"}],"event_choices":[{"damage_healed":0.0,"max_hp_gain":0.0,"max_hp_loss":0.0,"gold_gain":1.0,"event_name":"betterStone:BetterStone","player_choice":"1","floor":3.0,"gold_loss":0.0,"damage_taken":0.0},{"damage_healed":0.0,"max_hp_gain":0.0,"max_hp_loss":0.0,"gold_gain":0.0,"event_name":"Masked Bandits","player_choice":"Fought Bandits","floor":19.0,"gold_loss":0.0,"damage_taken":0.0}],"is_beta":false,"boss_relics":[{"not_picked":["Honey Jar","Runic Cube"],"picked":"Pandora\u0027s Box"}],"items_purged_floors":[],"is_endless":false,"potions_floor_spawned":[4,5,10,11,13,14,19,24,30],"killed_by":"Centurion and Healer","ascension_level":2}}