{"host":"btk6hapgokl8j5e3","time":1612381270,"event":{"mods":["Act Like it!","BaseMod","BetterRewards","Colored Powertips","Friendly Minions","GifTheSpireLib","Gremlin Mod","Jorbs\u0027s Wanderer Trilogy","Minty Spire (QoL Compilation)","Prisma Mod","StSLib","The Necromancer"],"gold_per_floor":[111,111,111,36,51,51,90,90,90,56,56,71,95,115,115,245,245,245,145,145,0,0,0],"floor_reached":22,"language":"ENG","playtime":715,"items_purged":["Defend_W","Strike_W"],"score":209,"play_id":"49b1989b-8112-446d-8ea6-0583fdff7b43","local_time":"20210203204110","is_ascension_mode":false,"campfire_choices":[{"data":"Summon_Undead_Army","floor":6,"key":"SMITH"},{"data":"Vampiric_Strike","floor":11,"key":"SMITH"},{"data":"Summon_Lich","floor":15,"key":"SMITH"}],"circlet_count":0,"master_deck":["Strike_W","Strike_W","Strike_W","Defend_W","Defend_W","Defend_W","Negative_Energy_Arrows","Bone_Wall","Acid_Javelin","Summon_Undead_Army+1","Vampiric_Strike+1","Summon_Lich+1","Death_Knell","Skeleton_Dragon","Blood_Curse+1"],"relics":["Vampire_Amulet","NeowsBlessing","Golden Idol","Blue Candle","Omamori","Ectoplasm"],"acts_visited":["Exordium","TheCity"],"potions_floor_usage":[16],"damage_taken":[{"damage":0,"enemies":"Small Slimes","floor":1,"turns":1},{"damage":0,"enemies":"Jaw Worm","floor":5,"turns":1},{"damage":0,"enemies":"3 Sentries","floor":7,"turns":1},{"damage":1,"enemies":"Cultist","floor":12,"turns":3},{"damage":0,"enemies":"2 Fungi Beasts","floor":13,"turns":2},{"damage":7,"enemies":"3 Louse","floor":14,"turns":3},{"damage":31,"enemies":"Hexaghost","floor":16,"turns":6},{"damage":5,"enemies":"3 Byrds","floor":18,"turns":3},{"damage":0,"enemies":"Spheric Guardian","floor":22,"turns":3}],"seed_played":"-2594094638585167634","potions_obtained":[{"floor":12,"key":"GamblersBrew"},{"floor":13,"key":"SteroidPotion"},{"floor":14,"key":"SkillPotion"}],"is_trial":false,"path_per_floor":["M","?","?","$","M","R","E","$","T","$","R","M","M","M","R","B",null,"M","$","?","?","M"],"character_chosen":"NECROMANCER","items_purchased":["Summon_Lich"],"campfire_rested":0,"item_purchase_floors":[10],"current_hp_per_floor":[75,57,62,62,64,64,70,70,70,70,70,74,80,80,80,55,80,80,80,65,65,67,67],"gold":0,"neow_bonus":"THREE_ENEMY_KILL","is_daily":false,"chose_seed":false,"campfire_upgraded":3,"win_rate":0.0,"timestamp":1612381270,"path_taken":["M","?","?","$","M","R","E","?","T","$","R","M","M","M","R","BOSS","M","?","?","?","M"],"items_purchased_type":["Card"],"build_version":"2020-12-22","purchased_purges":2,"victory":false,"max_hp_per_floor":[75,75,80,80,80,80,80,80,80,80,80,80,80,80,80,80,80,80,80,85,85,85,85],"card_choices":[{"not_picked":["Bone_Shift","Bone_Spikes"],"picked":"Acid_Javelin","floor":1},{"not_picked":["Negative_Energy_Javelin","Blood_for_Blood"],"picked":"Summon_Undead_Army","floor":5},{"not_picked":["Scare","Blood_Whip"],"picked":"Vampiric_Strike","floor":7},{"not_picked":["Negative_Energy_Shield","Skeleton_Dragon"],"picked":"Death_Knell","floor":12},{"not_picked":["Death_Knell","Consume_Illness","Scare"],"picked":"SKIP","floor":13},{"not_picked":["Chill_Blood","Blood_Whip","Bone_Bullets"],"picked":"SKIP","floor":14},{"not_picked":["Detonate_Bones","Blood_Magic"],"picked":"Skeleton_Dragon","floor":16},{"not_picked":["Negative_Energy_Sphere","Bone_Shift+1"],"picked":"Blood_Curse+1","floor":18},{"not_picked":["Thousand_Bone_Knives","Blood_Is_Power","Life_Drain"],"picked":"SKIP","floor":22}],"player_experience":215675,"relics_obtained":[{"floor":7,"key":"Blue Candle"},{"floor":9,"key":"Omamori"}],"event_choices":[{"damage_healed":0,"gold_gain":0,"player_choice":"Take Damage","damage_taken":18,"relics_obtained":["Golden Idol"],"max_hp_gain":0,"max_hp_loss":0,"event_name":"Golden Idol","floor":2,"gold_loss":0},{"damage_healed":0,"gold_gain":0,"player_choice":"Donut","damage_taken":0,"max_hp_gain":5,"max_hp_loss":0,"event_name":"Big Fish","floor":3,"gold_loss":0},{"damage_healed":0,"gold_gain":0,"player_choice":"Shed Blood","damage_taken":20,"max_hp_gain":5,"max_hp_loss":0,"event_name":"Forgotten Altar","floor":20,"gold_loss":0},{"damage_healed":0,"gold_gain":0,"player_choice":"Paid Fearfully","damage_taken":0,"max_hp_gain":0,"max_hp_loss":0,"event_name":"Masked Bandits","floor":21,"gold_loss":145}],"is_beta":false,"boss_relics":[{"not_picked":["Runic Dome","Fusion Hammer"],"picked":"Ectoplasm"}],"items_purged_floors":[4,19],"is_endless":false,"potions_floor_spawned":[12,13,14],"killed_by":"Spheric Guardian","ascension_level":0}}