{"host":"kk6i5v7sjcm8i50x","time":1612329330,"event":{"mods":["BaseMod","Bestiary","Colored Map","Minty Spire (QoL Compilation)","StSLib","The Saiyan"],"gold_per_floor":[89,101,113,63,63,98,98,273,273,33,48,48,48,58,58,156,156,168,168,186,200,48,74,84,84,84,102,130,130,130],"floor_reached":29,"language":"ENG","playtime":1952,"items_purged":["Doubt"],"score":315,"play_id":"1df839f1-dec4-4ed2-9395-7b931049486b","local_time":"20210203001530","is_ascension_mode":false,"campfire_choices":[{"data":"Saiyan:DragonFist","floor":7,"key":"SMITH"},{"data":"Saiyan:Furor","floor":13,"key":"SMITH"},{"data":"Saiyan:SuperSaiyanThree","floor":15,"key":"SMITH"}],"circlet_count":0,"master_deck":["Saiyan:EnergyBlast","Saiyan:KaioKen","Saiyan:RuthlessBlow","Saiyan:Planning","Saiyan:DragonFist+1","Saiyan:MeteorDash","Saiyan:Furor+1","Saiyan:BackAttack","Saiyan:KameHameHa","Saiyan:SuperSaiyanThree+1","Saiyan:ConcussiveBlow","Saiyan:Expend","Saiyan:Flurry","Saiyan:Medicine","Saiyan:MajinSeal","Saiyan:PowerUp","Saiyan:SaiyanHubris","Saiyan:Quickening","Saiyan:Expend","Saiyan:LastResort","Saiyan:PlotArmor","Saiyan:FingerParry+1","Saiyan:Kienzan"],"relics":["SaiyanSoul","SaiyanHeart","NeowsBlessing","Toy Ornithopter","Pantograph","Lee\u0027s Waffle","Pandora\u0027s Box","Blood Vial","Ornamental Fan","Girya"],"acts_visited":["Exordium","TheCity"],"potions_floor_usage":[16,16,24,24,24,28],"damage_taken":[{"damage":0,"enemies":"Small Slimes","floor":1,"turns":1},{"damage":0,"enemies":"Jaw Worm","floor":2,"turns":1},{"damage":0,"enemies":"Cultist","floor":3,"turns":1},{"damage":22,"enemies":"3 Sentries","floor":6,"turns":6},{"damage":7,"enemies":"Blue Slaver","floor":11,"turns":2},{"damage":0,"enemies":"3 Louse","floor":14,"turns":2},{"damage":57,"enemies":"The Guardian","floor":16,"turns":6},{"damage":34,"enemies":"Shell Parasite","floor":18,"turns":4},{"damage":0,"enemies":"Spheric Guardian","floor":20,"turns":2},{"damage":38,"enemies":"Shelled Parasite and Fungi","floor":21,"turns":7},{"damage":22,"enemies":"Gremlin Leader","floor":23,"turns":5},{"damage":16,"enemies":"Snake Plant","floor":24,"turns":5},{"damage":40,"enemies":"Snecko","floor":27,"turns":6},{"damage":37,"enemies":"Slavers","floor":28,"turns":5},{"damage":31,"enemies":"Shelled Parasite and Fungi","floor":29,"turns":4}],"seed_played":"-7764191654138488286","potions_obtained":[{"floor":2,"key":"Strength Potion"},{"floor":11,"key":"Strength Potion"},{"floor":14,"key":"Dexterity Potion"},{"floor":16,"key":"LiquidMemories"},{"floor":18,"key":"EssenceOfSteel"},{"floor":23,"key":"Swift Potion"},{"floor":24,"key":"FearPotion"},{"floor":27,"key":"SteroidPotion"}],"is_trial":false,"path_per_floor":["M","M","M","?","$","E","R","?","T","$","M","$","R","M","R","B",null,"M","?","M","M","$","E","M","?","T","M","E","M"],"character_chosen":"SAIYAJIN","items_purchased":["Saiyan:Furor","Saiyan:BackAttack","Lee\u0027s Waffle","Saiyan:Expend"],"campfire_rested":0,"item_purchase_floors":[10,10,10,22],"current_hp_per_floor":[60,60,60,60,60,38,38,38,38,67,61,61,61,61,61,12,69,38,61,62,28,28,10,17,86,86,46,22,0,0],"gold":130,"neow_bonus":"THREE_ENEMY_KILL","is_daily":false,"chose_seed":false,"campfire_upgraded":3,"win_rate":0.0,"timestamp":1612329330,"path_taken":["M","M","M","?","$","E","R","?","T","?","?","$","R","M","R","BOSS","M","?","M","M","$","E","M","?","T","M","E","?"],"items_purchased_type":["Card","Card","Relic","Card"],"build_version":"2020-12-22","purchased_purges":1,"victory":false,"max_hp_per_floor":[60,60,60,60,60,60,60,60,60,67,68,68,68,68,68,69,69,70,70,71,72,72,73,76,86,86,86,89,90,90],"card_choices":[{"not_picked":["Saiyan:BigBangAttack","Saiyan:CCCapsule"],"picked":"Saiyan:Planning","floor":1},{"not_picked":["Saiyan:Endure","Saiyan:FingerParry"],"picked":"Saiyan:DragonFist","floor":2},{"not_picked":["Saiyan:Planning","Saiyan:TurtleShell"],"picked":"Saiyan:MeteorDash","floor":3},{"not_picked":["Saiyan:DrainingStrike","Saiyan:Quickening","Saiyan:Fly"],"picked":"SKIP","floor":6},{"not_picked":["Saiyan:Medicine","Saiyan:DragonFist"],"picked":"Saiyan:KameHameHa","floor":11},{"not_picked":["Saiyan:ReverberatingForce","Saiyan:TurtleShell"],"picked":"Saiyan:SuperSaiyanThree","floor":14},{"not_picked":["Saiyan:PlotArmor","Saiyan:Flurry","Saiyan:Afterimage+1"],"picked":"SKIP","floor":18},{"not_picked":["Saiyan:Scouter","Saiyan:KameHameHa+1"],"picked":"Saiyan:SaiyanHubris","floor":20},{"not_picked":["Saiyan:KiExplosion","Saiyan:MeteorDash"],"picked":"Saiyan:Quickening","floor":21},{"not_picked":["Saiyan:Makankosappo","Saiyan:HyperTimeChamber"],"picked":"Saiyan:LastResort","floor":23},{"not_picked":["Saiyan:RemoveWeights","Saiyan:BigBangAttack"],"picked":"Saiyan:PlotArmor","floor":24},{"not_picked":["Saiyan:MeteorDash","Saiyan:Scouter"],"picked":"Saiyan:FingerParry+1","floor":27},{"not_picked":["Saiyan:PlotArmor","Saiyan:Furor"],"picked":"Saiyan:Kienzan","floor":28}],"player_experience":147823,"relics_obtained":[{"floor":6,"key":"Toy Ornithopter"},{"floor":9,"key":"Pantograph"},{"floor":23,"key":"Blood Vial"},{"floor":26,"key":"Ornamental Fan"},{"floor":28,"key":"Girya"}],"event_choices":[{"cards_removed":["Saiyan:SAIYA_Defend"],"damage_healed":0,"gold_gain":0,"player_choice":"Card Removal","damage_taken":0,"max_hp_gain":0,"max_hp_loss":0,"event_name":"The Cleric","floor":4,"gold_loss":50},{"damage_healed":0,"gold_gain":175,"player_choice":"AGREE","damage_taken":0,"max_hp_gain":0,"max_hp_loss":0,"event_name":"Liars Game","floor":8,"gold_loss":0,"cards_obtained":["Doubt"]},{"damage_healed":23,"gold_gain":0,"player_choice":"Heal","damage_taken":0,"max_hp_gain":0,"max_hp_loss":0,"event_name":"The Library","floor":19,"gold_loss":0},{"cards_removed":["Saiyan:HyperTimeChamber"],"damage_healed":59,"gold_gain":0,"player_choice":"Offered Rare","damage_taken":0,"max_hp_gain":10,"max_hp_loss":0,"event_name":"Bonfire Elementals","floor":25,"gold_loss":0}],"is_beta":false,"boss_relics":[{"not_picked":["Philosopher\u0027s Stone","Sozu"],"picked":"Pandora\u0027s Box"}],"items_purged_floors":[22],"is_endless":false,"potions_floor_spawned":[2,11,14,16,18,23,24,27],"killed_by":"Shelled Parasite and Fungi","ascension_level":0}}