{"host":"1qhzi8r9ejho5yph","time":1612347322,"event":{"mods":["AchievementEnabler","BaseMod","Colored Map","Colored Powertips","Highlight Path","Minty Spire (QoL Compilation)","Permanent Neow","Quick Restart","Random Character Button","StSLib","SuperFastMode"],"gold_per_floor":[110,127,139,64,82,82,93,109,109,109,129,59,59,32,32,137,137,147,97,113,113,113,144,154,186,186,202,202,214,214,233,233,330,330,348,359,369,380,380,413,413,431,431,451,215,235,235,110,110,110],"floor_reached":51,"language":"ENG","playtime":1550,"items_purged":["Defend_R","Clash","Clash"],"score":740,"play_id":"fd122464-612b-461a-b1c7-5979270532d1","local_time":"20210203181522","is_ascension_mode":false,"campfire_choices":[{"data":"True Grit","floor":6,"key":"SMITH"},{"data":"Bash","floor":10,"key":"SMITH"},{"data":"Dropkick","floor":13,"key":"SMITH"},{"data":"Perfected Strike","floor":15,"key":"SMITH"},{"floor":28,"key":"REST"},{"floor":30,"key":"REST"},{"data":"Perfected Strike","floor":32,"key":"SMITH"},{"floor":41,"key":"REST"},{"floor":47,"key":"REST"},{"data":"Enlightenment","floor":49,"key":"SMITH"}],"circlet_count":0,"master_deck":["Strike_R+1","Strike_R+1","Strike_R+1","Strike_R+1","Strike_R+1","Defend_R+1","Defend_R+1","Bash+1","True Grit+1","Whirlwind","Dropkick+1","Perfected Strike+1","Berserk+1","Anger","Perfected Strike+1","Dropkick+1","Perfected Strike+1","Twin Strike+1","Twin Strike","Battle Trance","Sever Soul","Power Through","Feed","Sword Boomerang+1","Flame Barrier","Shrug It Off+1","Warcry+1","Enlightenment+1","Twin Strike+1"],"relics":["Burning Blood","Dream Catcher","Runic Pyramid","Mango","Centennial Puzzle","Shuriken","Busted Crown","Paper Frog","Regal Pillow"],"acts_visited":["Exordium","TheCity","TheBeyond"],"potions_floor_usage":[25,33,33,40,40,50,50,50],"damage_taken":[{"damage":6,"enemies":"2 Louse","floor":1,"turns":2},{"damage":6,"enemies":"Cultist","floor":2,"turns":3},{"damage":6,"enemies":"Jaw Worm","floor":3,"turns":2},{"damage":0,"enemies":"3 Louse","floor":5,"turns":3},{"damage":3,"enemies":"Gremlin Gang","floor":7,"turns":6},{"damage":0,"enemies":"Lots of Slimes","floor":8,"turns":1},{"damage":0,"enemies":"2 Fungi Beasts","floor":11,"turns":3},{"damage":61,"enemies":"The Guardian","floor":16,"turns":7},{"damage":6,"enemies":"Spheric Guardian","floor":18,"turns":3},{"damage":31,"enemies":"Shell Parasite","floor":20,"turns":4},{"damage":21,"enemies":"Gremlin Leader","floor":23,"turns":5},{"damage":21,"enemies":"Snake Plant","floor":24,"turns":2},{"damage":36,"enemies":"Book of Stabbing","floor":25,"turns":4},{"damage":20,"enemies":"Centurion and Healer","floor":27,"turns":4},{"damage":1,"enemies":"Cultist and Chosen","floor":29,"turns":4},{"damage":4,"enemies":"Chosen and Byrds","floor":31,"turns":5},{"damage":67,"enemies":"Collector","floor":33,"turns":9},{"damage":26,"enemies":"3 Darklings","floor":35,"turns":5},{"damage":21,"enemies":"3 Shapes","floor":36,"turns":4},{"damage":0,"enemies":"Transient","floor":37,"turns":5},{"damage":22,"enemies":"3 Darklings","floor":38,"turns":3},{"damage":5,"enemies":"Giant Head","floor":40,"turns":5},{"damage":15,"enemies":"4 Shapes","floor":42,"turns":4},{"damage":28,"enemies":"Spire Growth","floor":44,"turns":4},{"damage":0,"enemies":"Sphere and 2 Shapes","floor":46,"turns":4},{"damage":97,"enemies":"Donu and Deca","floor":50,"turns":10}],"seed_played":"-4939503864815665603","potions_obtained":[{"floor":1,"key":"Explosive Potion"},{"floor":2,"key":"Weak Potion"},{"floor":5,"key":"AttackPotion"},{"floor":20,"key":"BlessingOfTheForge"},{"floor":24,"key":"BloodPotion"},{"floor":35,"key":"SpeedPotion"},{"floor":36,"key":"AttackPotion"},{"floor":37,"key":"Block Potion"},{"floor":42,"key":"LiquidMemories"},{"floor":44,"key":"Dexterity Potion"}],"is_trial":false,"path_per_floor":["M","M","M","$","M","R","M","M","T","R","M","$","R","$","R","B",null,"M","?","M","?","?","E","M","E","T","M","R","M","R","M","R","B",null,"M","M","M","M","?","E","R","M","T","M","$","M","R","$","R","B",null],"character_chosen":"IRONCLAD","items_purchased":["Dropkick","Perfected Strike","Enlightenment","PowerPotion"],"campfire_rested":4,"item_purchase_floors":[12,14,45,45],"current_hp_per_floor":[80,80,80,80,80,80,80,80,80,80,80,80,80,80,80,25,80,80,80,55,55,55,54,39,27,27,13,41,46,74,76,76,15,94,74,62,68,52,52,53,82,76,76,54,54,63,103,103,103,15],"gold":110,"neow_bonus":"REMOVE_CARD","is_daily":false,"chose_seed":false,"campfire_upgraded":6,"win_rate":0.0,"timestamp":1612347322,"path_taken":["M","M","M","$","M","R","M","M","T","R","M","$","R","$","R","BOSS","M","?","?","?","?","E","M","E","T","M","R","M","R","?","R","BOSS","M","?","?","?","?","E","R","M","T","M","$","M","R","$","R","BOSS"],"items_purchased_type":["Card","Card","Card","Potion"],"build_version":"2020-12-22","purchased_purges":3,"victory":true,"max_hp_per_floor":[80,80,80,80,80,80,80,80,80,80,80,80,80,80,80,80,80,80,80,80,80,80,94,94,94,94,94,94,94,94,94,94,94,94,94,97,97,97,97,97,97,100,100,100,100,103,103,103,103,106],"card_choices":[{"not_picked":["Rampage","Anger","Second Wind"],"picked":"SKIP","floor":1},{"not_picked":["Cleave","Fire Breathing"],"picked":"Clash","floor":2},{"not_picked":["Disarm","Heavy Blade"],"picked":"True Grit","floor":3},{"not_picked":["Dual Wield","Cleave","Body Slam"],"picked":"SKIP","floor":5},{"not_picked":["Cleave","Anger"],"picked":"Whirlwind","floor":7},{"not_picked":["Second Wind","Shrug It Off","Metallicize"],"picked":"SKIP","floor":8},{"not_picked":["Shockwave","Inflame"],"picked":"Clash","floor":11},{"not_picked":["Bludgeon","Double Tap"],"picked":"Berserk","floor":16},{"not_picked":["Twin Strike","Heavy Blade"],"picked":"Anger","floor":18},{"not_picked":["Clash","Fire Breathing"],"picked":"Perfected Strike+1","floor":20},{"not_picked":["Pommel Strike","Dark Embrace"],"picked":"Dropkick+1","floor":23},{"not_picked":["Flame Barrier","Warcry","Carnage+1"],"picked":"SKIP","floor":24},{"not_picked":["Anger","Headbutt"],"picked":"Perfected Strike","floor":25},{"not_picked":["Body Slam+1","Warcry"],"picked":"Twin Strike+1","floor":27},{"not_picked":["Searing Blow+1","Shrug It Off"],"picked":"Twin Strike","floor":28},{"not_picked":["Ghostly Armor","Wild Strike+1"],"picked":"Battle Trance","floor":29},{"not_picked":["Searing Blow","Spot Weakness+1"],"picked":"Sever Soul","floor":30},{"not_picked":["Sever Soul","Bludgeon"],"picked":"Power Through","floor":31},{"not_picked":["Impervious","Demon Form"],"picked":"Feed","floor":33},{"not_picked":["Warcry"],"picked":"SKIP","floor":35},{"not_picked":["Cleave"],"picked":"SKIP","floor":36},{"not_picked":[],"picked":"Sword Boomerang+1","floor":37},{"not_picked":["Burning Pact"],"picked":"SKIP","floor":38},{"not_picked":[],"picked":"Flame Barrier","floor":40},{"not_picked":[],"picked":"Shrug It Off+1","floor":41},{"not_picked":["Clash+1"],"picked":"SKIP","floor":42},{"not_picked":[],"picked":"Warcry+1","floor":44},{"not_picked":[],"picked":"Twin Strike+1","floor":46}],"player_experience":353712,"relics_obtained":[{"floor":9,"key":"Dream Catcher"},{"floor":23,"key":"Mango"},{"floor":25,"key":"Centennial Puzzle"},{"floor":26,"key":"Shuriken"},{"floor":40,"key":"Paper Frog"},{"floor":43,"key":"Regal Pillow"}],"event_choices":[{"damage_healed":0,"gold_gain":0,"player_choice":"Bet on Owner","damage_taken":0,"max_hp_gain":0,"max_hp_loss":0,"event_name":"The Joust","floor":19,"gold_loss":50},{"damage_healed":0,"gold_gain":0,"player_choice":"Simplicity","damage_taken":0,"max_hp_gain":0,"max_hp_loss":0,"event_name":"Back to Basics","floor":21,"gold_loss":0,"cards_upgraded":["Strike_R","Strike_R","Strike_R","Strike_R","Strike_R","Defend_R","Defend_R"]},{"damage_healed":0,"gold_gain":0,"player_choice":"Forge","damage_taken":0,"max_hp_gain":0,"max_hp_loss":0,"event_name":"Accursed Blacksmith","floor":22,"gold_loss":0,"cards_upgraded":["Berserk"]},{"damage_healed":0,"gold_gain":0,"player_choice":"Ignored","damage_taken":0,"max_hp_gain":0,"max_hp_loss":0,"event_name":"Tomb of Lord Red Mask","floor":39,"gold_loss":0}],"is_beta":false,"boss_relics":[{"not_picked":["Runic Cube","Calling Bell"],"picked":"Runic Pyramid"},{"not_picked":["Fusion Hammer","Pandora\u0027s Box"],"picked":"Busted Crown"}],"items_purged_floors":[4,45,48],"is_endless":false,"potions_floor_spawned":[1,2,5,8,20,23,24,29,35,36,37,42,44],"ascension_level":0}}