{"host":"uc8wz0q199a7d901","time":1612338984,"event":{"mods":["2.2 Compatiblity","BaseMod","Colored Map","DeckTracker","Highlight Path","Minty Spire (QoL Compilation)","Permanent Neow","Quick Restart","SuperFastMode"],"gold_per_floor":[113,129,129,145,59,59,75,118,142,142,161,161,3,23,23,117,117,95,95,95,106,106,106,135,153,153,178,194,194,10,44,44,115,115,135,152,162,162,162],"floor_reached":38,"language":"KOR","playtime":1266,"items_purged":["Defend_B","Strike_B"],"score":972,"play_id":"8b4a87b6-f991-4fd8-b862-9c800855f938","local_time":"20210203165624","is_ascension_mode":true,"campfire_choices":[{"data":"Defragment","floor":6.0,"key":"SMITH"},{"floor":10.0,"key":"REST"},{"floor":15.0,"key":"REST"},{"floor":23.0,"key":"REST"},{"floor":29.0,"key":"REST"},{"data":"Rainbow","floor":32.0,"key":"SMITH"}],"circlet_count":0,"master_deck":["AscendersBane","Strike_B","Strike_B","Defend_B","Defend_B","Defend_B","Zap","Dualcast","Electrodynamics","Defragment+1","Ball Lightning","Conserve Battery","Loop","Defragment","Lockon","Seek+1","Conserve Battery","Glacier","Chill","Seek","Coolheaded","Self Repair","Doom and Gloom+1","Rainbow+1","Force Field","Defragment","Chill","Consume","Loop+1"],"relics":["Cracked Core","Bloody Idol","Boot","Regal Pillow","Philosopher\u0027s Stone","Smiling Mask","Pocketwatch","Blue Candle","Ginger","Sozu"],"acts_visited":["Exordium","TheCity","TheBeyond"],"potions_floor_usage":[37],"damage_taken":[{"damage":7.0,"enemies":"Small Slimes","floor":1.0,"turns":3.0},{"damage":11.0,"enemies":"Jaw Worm","floor":2.0,"turns":4.0},{"damage":1.0,"enemies":"Cultist","floor":4.0,"turns":3.0},{"damage":9.0,"enemies":"3 Louse","floor":7.0,"turns":2.0},{"damage":30.0,"enemies":"Lagavulin","floor":8.0,"turns":6.0},{"damage":19.0,"enemies":"Large Slime","floor":11.0,"turns":4.0},{"damage":0.0,"enemies":"Lots of Slimes","floor":14.0,"turns":2.0},{"damage":18.0,"enemies":"The Guardian","floor":16.0,"turns":9.0},{"damage":6.0,"enemies":"2 Thieves","floor":18.0,"turns":4.0},{"damage":8.0,"enemies":"Chosen","floor":21.0,"turns":4.0},{"damage":30.0,"enemies":"Book of Stabbing","floor":24.0,"turns":6.0},{"damage":1.0,"enemies":"Centurion and Healer","floor":25.0,"turns":8.0},{"damage":14.0,"enemies":"Slavers","floor":27.0,"turns":5.0},{"damage":16.0,"enemies":"Snake Plant","floor":28.0,"turns":3.0},{"damage":0.0,"enemies":"Gremlin Leader","floor":31.0,"turns":5.0},{"damage":3,"enemies":"Collector","floor":33,"turns":5},{"damage":0,"enemies":"3 Darklings","floor":35,"turns":4},{"damage":15,"enemies":"Orb Walker","floor":36,"turns":4},{"damage":65,"enemies":"Spire Growth","floor":37,"turns":7},{"damage":21,"enemies":"3 Darklings","floor":38,"turns":2}],"seed_played":"-4102724901714878701","potions_obtained":[{"floor":2.0,"key":"PowerPotion"},{"floor":4.0,"key":"ColorlessPotion"},{"floor":14.0,"key":"SkillPotion"},{"floor":16.0,"key":"Regen Potion"},{"floor":24.0,"key":"LiquidMemories"},{"floor":25.0,"key":"Fire Potion"},{"floor":33,"key":"LiquidBronze"}],"is_trial":false,"path_per_floor":["M","M","?","M","$","R","M","E","T","R","M","?","$","M","R","B",null,"M","?","?","M","?","R","E","M","T","E","M","R","$","E","R","B",null,"M","M","M","M"],"character_chosen":"DEFECT","items_purchased":["Loop","Glacier","Defragment","Fire Potion"],"campfire_rested":4,"item_purchase_floors":[5,13,30,30],"current_hp_per_floor":[57,46,46,45,45,45,36,6,6,40,21,21,21,21,55,37,57,51,51,51,48,48,64,39,50,50,48,37,64,64,64,64,64,64,64,54,16,0,0],"gold":162,"neow_bonus":"ONE_RANDOM_RARE_CARD","is_daily":false,"chose_seed":false,"campfire_upgraded":2,"win_rate":0.0,"timestamp":1612338984,"path_taken":["M","M","?","M","$","R","M","E","T","R","M","?","$","M","R","BOSS","M","?","?","M","?","R","E","M","T","E","M","R","$","E","R","BOSS","M","M","?","M"],"items_purchased_type":["Card","Card","Card","Potion"],"build_version":"2020-12-22","purchased_purges":2,"victory":false,"max_hp_per_floor":[71,71,64,64,64,64,64,64,64,64,64,64,64,64,64,64,64,64,64,64,64,64,64,64,64,64,64,64,64,64,64,64,64,64,64,64,64,64,64],"card_choices":[{"not_picked":["Sweeping Beam","Auto Shields"],"picked":"Defragment","floor":1.0},{"not_picked":["Storm","Redo"],"picked":"Ball Lightning","floor":2.0},{"not_picked":["Capacitor","White Noise"],"picked":"Conserve Battery","floor":4.0},{"not_picked":["Leap","Rebound"],"picked":"Defragment","floor":7.0},{"not_picked":["Sweeping Beam","Storm"],"picked":"Lockon","floor":8.0},{"not_picked":["Leap","Compile Driver"],"picked":"Seek","floor":11.0},{"not_picked":["Hello World","Barrage"],"picked":"Chill","floor":14.0},{"not_picked":["Reboot","All For One"],"picked":"Seek","floor":16.0},{"not_picked":["Heatsinks","Hologram","Sweeping Beam"],"picked":"SKIP","floor":18.0},{"not_picked":["Go for the Eyes","Barrage"],"picked":"Coolheaded","floor":21.0},{"not_picked":["Blizzard+1","Genetic Algorithm"],"picked":"Self Repair","floor":24.0},{"not_picked":["Sweeping Beam","Leap"],"picked":"Doom and Gloom+1","floor":25.0},{"not_picked":["Leap","Hologram"],"picked":"Rainbow","floor":27.0},{"not_picked":["Coolheaded","Beam Cell"],"picked":"Force Field","floor":28.0},{"not_picked":["Conserve Battery","Compile Driver"],"picked":"Chill","floor":31.0},{"not_picked":["Static Discharge+1","Conserve Battery"],"picked":"Consume","floor":35},{"not_picked":["Blizzard","Conserve Battery"],"picked":"Loop+1","floor":36},{"not_picked":["Reprogram","Go for the Eyes+1","Lockon"],"picked":"SKIP","floor":37}],"player_experience":719556,"relics_obtained":[{"floor":8.0,"key":"Boot"},{"floor":9.0,"key":"Regal Pillow"},{"floor":24.0,"key":"Smiling Mask"},{"floor":26.0,"key":"Pocketwatch"},{"floor":27.0,"key":"Blue Candle"},{"floor":31.0,"key":"Ginger"}],"event_choices":[{"damage_healed":0.0,"max_hp_gain":0.0,"max_hp_loss":7.0,"gold_gain":0.0,"event_name":"Golden Idol","player_choice":"Lose Max HP","floor":3.0,"gold_loss":0.0,"damage_taken":0.0,"relics_obtained":["Golden Idol"]},{"damage_healed":0.0,"max_hp_gain":0.0,"max_hp_loss":0.0,"gold_gain":0.0,"cards_transformed":["Strike_B"],"event_name":"Transmorgrifier","player_choice":"Transformed","floor":12.0,"gold_loss":0.0,"damage_taken":0.0,"cards_obtained":["Conserve Battery"]},{"damage_healed":0.0,"max_hp_gain":0.0,"max_hp_loss":0.0,"gold_gain":0.0,"event_name":"Forgotten Altar","player_choice":"Gave Idol","floor":19.0,"relics_lost":["Golden Idol"],"gold_loss":0.0,"damage_taken":0.0,"relics_obtained":["Bloody Idol"]},{"damage_healed":0.0,"max_hp_gain":0.0,"max_hp_loss":0.0,"gold_gain":0.0,"event_name":"Cursed Tome","player_choice":"Ignored","floor":20.0,"gold_loss":0.0,"damage_taken":0.0},{"damage_healed":0.0,"max_hp_gain":0.0,"max_hp_loss":0.0,"gold_gain":0.0,"event_name":"Accursed Blacksmith","player_choice":"Forge","floor":22.0,"gold_loss":0.0,"damage_taken":0.0,"cards_upgraded":["Seek"]}],"is_beta":false,"boss_relics":[{"not_picked":["Snecko Eye","FrozenCore"],"picked":"Philosopher\u0027s Stone"},{"not_picked":["Tiny House","Runic Pyramid"],"picked":"Sozu"}],"items_purged_floors":[13,30],"is_endless":false,"potions_floor_spawned":[2,4,14,16,24,25,33,36,37],"killed_by":"3 Darklings","ascension_level":20}}