{"host":"g","time":1612322260,"event":{"mods":["BaseMod","Bestiary","Block Reminder","Colored Powertips","Curses Come First","Highlight Path","Minty Spire (QoL Compilation)","Quick Restart","Relic Filter Mod","Relic Stats","StSLib","The Dragon Tamer","The Marked","everything is the same but u backflip on backflip"],"gold_per_floor":[117,134,134,144,154,184,66,66,89,89,89,143,168,199,199,292,292,267,282,282,207,207,207,221,221,244,244,288,64,64,85,85,183,183,203,203,223,146,164,164,195,195,195,195,229,253,292,317,317,317,317],"floor_reached":52,"language":"ENG","playtime":4529,"items_purged":["Strike_G","Strike_G"],"score":2036,"play_id":"64d80884-97e3-490b-96d7-d4e84aa40e9a","local_time":"20210202201740","is_ascension_mode":true,"campfire_choices":[{"data":"Footwork","floor":8.0,"key":"SMITH"},{"data":"Dash","floor":10.0,"key":"SMITH"},{"data":"Leg Sweep","floor":15.0,"key":"SMITH"},{"data":"Burst","floor":23.0,"key":"SMITH"},{"data":"Calculated Gamble","floor":25.0,"key":"SMITH"},{"data":"Blur","floor":27.0,"key":"SMITH"},{"data":"Crippling Poison","floor":32.0,"key":"SMITH"},{"data":"Noxious Fumes","floor":40.0,"key":"SMITH"},{"data":"Footwork","floor":42.0,"key":"SMITH"},{"floor":49,"key":"RECALL"}],"circlet_count":0,"master_deck":["AscendersBane","Defend_G","Defend_G","Defend_G","Survivor","Calculated Gamble+1","Blade Dance","Burst+1","Dash+1","Masterful Stab","Blur+1","Footwork+1","Leg Sweep+1","Calculated Gamble","Unload","Acrobatics","Underhanded Strike","Bouncing Flask","Dash","Crippling Poison+1","Predator","Crippling Poison","Bullet Time","Footwork+1","Leg Sweep","Reflex+1","Noxious Fumes+1","Dash+1","Eviscerate","Noxious Fumes+1","Tactician+1","Outmaneuver"],"relics":["Ring of the Snake","PreservedInsect","Boot","Golden Idol","Snake Skull","Happy Flower","Snecko Eye","Strawberry","Lantern","Runic Pyramid","Blue Candle","Bronze Scales","StoneCalendar"],"acts_visited":["TheCity","TheBeyond"],"potions_floor_usage":[51,51],"damage_taken":[{"damage":3.0,"enemies":"Jaw Worm","floor":1.0,"turns":5.0},{"damage":3.0,"enemies":"Small Slimes","floor":2.0,"turns":6.0},{"damage":4.0,"enemies":"2 Louse","floor":4.0,"turns":3.0},{"damage":0.0,"enemies":"Blue Slaver","floor":5.0,"turns":4.0},{"damage":5.0,"enemies":"Lagavulin","floor":6.0,"turns":4.0},{"damage":0.0,"enemies":"Gremlin Gang","floor":13.0,"turns":3.0},{"damage":0.0,"enemies":"Gremlin Nob","floor":14.0,"turns":2.0},{"damage":19.0,"enemies":"The Guardian","floor":16.0,"turns":20.0},{"damage":2.0,"enemies":"2 Thieves","floor":18.0,"turns":4.0},{"damage":4.0,"enemies":"Spheric Guardian","floor":19.0,"turns":5.0},{"damage":8.0,"enemies":"Snecko","floor":24.0,"turns":7.0},{"damage":38.0,"enemies":"Slavers","floor":28.0,"turns":9.0},{"damage":0.0,"enemies":"Cultist and Chosen","floor":31.0,"turns":6.0},{"damage":12.0,"enemies":"Collector","floor":33.0,"turns":10.0},{"damage":0.0,"enemies":"3 Darklings","floor":35.0,"turns":4.0},{"damage":0.0,"enemies":"3 Shapes","floor":37.0,"turns":3.0},{"damage":0.0,"enemies":"Sphere and 2 Shapes","floor":39.0,"turns":4.0},{"damage":0.0,"enemies":"Nemesis","floor":41.0,"turns":5.0},{"damage":0.0,"enemies":"Reptomancer","floor":45.0,"turns":4.0},{"damage":12.0,"enemies":"Spire Growth","floor":46.0,"turns":4.0},{"damage":0,"enemies":"Giant Head","floor":47,"turns":6},{"damage":0,"enemies":"3 Darklings","floor":48,"turns":5},{"damage":11,"enemies":"Awakened One","floor":50,"turns":12},{"damage":12,"enemies":"Donu and Deca","floor":51,"turns":9}],"seed_played":"-5695717217220139611","potions_obtained":[{"floor":2.0,"key":"SteroidPotion"},{"floor":4.0,"key":"Fire Potion"},{"floor":6.0,"key":"GhostInAJar"},{"floor":13.0,"key":"Energy Potion"},{"floor":19.0,"key":"Regen Potion"},{"floor":31.0,"key":"LiquidMemories"},{"floor":35.0,"key":"SneckoOil"},{"floor":41.0,"key":"GhostInAJar"}],"is_trial":false,"path_per_floor":["M","M","?","M","M","E","$","R","T","R","?","T","M","E","R","B",null,"M","M","?","?","?","R","M","R","T","R","E","$","?","M","R","B",null,"M","?","M","$","M","R","E","R","T","?","E","M","E","M","R","B","B",null],"character_chosen":"THE_SILENT","items_purchased":["Footwork","Dash","Crippling Poison","Noxious Fumes"],"campfire_rested":0,"item_purchase_floors":[7,29,29,38],"current_hp_per_floor":[56,53,53,49,49,44,44,44,44,44,23,23,23,23,23,4,46,44,40,40,40,40,40,47,47,54,54,16,16,16,16,16,4,51,51,51,51,51,51,51,51,51,51,51,51,39,39,39,39,28,16],"gold":317,"neow_bonus":"REMOVE_TWO","is_daily":false,"chose_seed":false,"campfire_upgraded":9,"win_rate":0.0,"timestamp":1612322260,"path_taken":["M","M","?","M","M","E","$","R","T","R","?","?","M","E","R","BOSS","M","M","?","?","?","R","M","R","T","R","E","$","?","?","R","BOSS","M","?","?","$","M","R","E","R","T","?","E","M","E","M","R","BOSS","BOSS"],"items_purchased_type":["Card","Card","Card","Card"],"build_version":"2020-12-18","purchased_purges":2,"victory":true,"max_hp_per_floor":[60,60,60,60,60,60,60,60,60,60,60,60,60,60,60,60,60,60,60,60,60,60,60,60,60,67,67,67,67,67,67,67,67,67,67,67,67,67,67,67,67,67,67,67,67,67,67,67,67,67,67],"relic_stats":{"Happy Flower":[39],"counters":[24,144],"Golden Idol":159,"Blue Candle":[0],"Bronze Scales":[114],"Snecko Eye":[190,223,241,192],"StoneCalendar":[98],"PreservedInsect":303,"Snake Skull":[155],"Boot":[153],"obtain_stats":[{"Lantern":28,"Happy Flower":14,"Golden Idol":11,"Blue Candle":41,"StoneCalendar":47,"PreservedInsect":6,"Snake Skull":12,"Boot":9,"Strawberry":26,"Bronze Scales":45,"Snecko Eye":17,"Ring of the Snake":0,"Runic Pyramid":34},{"Lantern":12,"Happy Flower":7,"Golden Idol":5,"Blue Candle":18,"StoneCalendar":21,"PreservedInsect":5,"Snake Skull":5,"Boot":5,"Strawberry":11,"Bronze Scales":19,"Snecko Eye":8,"Ring of the Snake":0,"Runic Pyramid":14},{"Lantern":72,"Happy Flower":27,"Golden Idol":22,"Blue Candle":104,"StoneCalendar":118,"PreservedInsect":22,"Snake Skull":22,"Boot":22,"Strawberry":63,"Bronze Scales":108,"Snecko Eye":47,"Ring of the Snake":0,"Runic Pyramid":88}],"Ring of the Snake":[48]},"card_choices":[{"not_picked":["Cloak And Dagger","Dagger Throw"],"picked":"Calculated Gamble","floor":1.0},{"not_picked":["Heel Hook","Underhanded Strike"],"picked":"Blade Dance","floor":2.0},{"not_picked":["Masterful Stab","Cloak And Dagger"],"picked":"Dash","floor":4.0},{"not_picked":["Flechettes","Prepared"],"picked":"Masterful Stab","floor":5.0},{"not_picked":["Dagger Spray","Predator"],"picked":"Blur","floor":6.0},{"not_picked":["Dagger Spray","PiercingWail"],"picked":"Leg Sweep","floor":13.0},{"not_picked":["Concentrate","Underhanded Strike"],"picked":"Calculated Gamble","floor":14.0},{"not_picked":["Grand Finale","Doppelganger"],"picked":"Unload","floor":16.0},{"not_picked":["Expertise","Dagger Throw"],"picked":"Acrobatics","floor":18.0},{"not_picked":["Sucker Punch","Quick Slash","Dagger Throw"],"picked":"SKIP","floor":19.0},{"not_picked":["Slice+1","Sucker Punch"],"picked":"Underhanded Strike","floor":24.0},{"not_picked":["Leg Sweep","Dash"],"picked":"Bouncing Flask","floor":28.0},{"not_picked":["Flying Knee","Quick Slash"],"picked":"Crippling Poison","floor":31.0},{"not_picked":["A Thousand Cuts","After Image"],"picked":"Bullet Time","floor":33.0},{"not_picked":["Slice+1","Backstab"],"picked":"Footwork","floor":35.0},{"not_picked":["Masterful Stab","Dash"],"picked":"Reflex+1","floor":37.0},{"not_picked":["Dodge and Roll","Terror+1"],"picked":"Dash+1","floor":39.0},{"not_picked":["Slice+1","Flying Knee"],"picked":"Eviscerate","floor":41.0},{"not_picked":["Masterful Stab+1","Backstab"],"picked":"Noxious Fumes+1","floor":45.0},{"not_picked":["Concentrate+1","Blade Dance"],"picked":"Tactician+1","floor":46},{"not_picked":["Concentrate+1","Distraction+1"],"picked":"Outmaneuver","floor":47},{"not_picked":["Outmaneuver","Adrenaline","Blade Dance"],"picked":"SKIP","floor":48}],"player_experience":3918000,"relics_obtained":[{"floor":6.0,"key":"PreservedInsect"},{"floor":9.0,"key":"Boot"},{"floor":12.0,"key":"Snake Skull"},{"floor":14.0,"key":"Happy Flower"},{"floor":26.0,"key":"Strawberry"},{"floor":28.0,"key":"Lantern"},{"floor":41.0,"key":"Blue Candle"},{"floor":45.0,"key":"Bronze Scales"},{"floor":47,"key":"StoneCalendar"}],"event_choices":[{"damage_healed":0.0,"max_hp_gain":0.0,"max_hp_loss":0.0,"gold_gain":0.0,"cards_transformed":["Strike_G"],"event_name":"Living Wall","player_choice":"Change","floor":3.0,"gold_loss":0.0,"damage_taken":0.0,"cards_obtained":["Burst"]},{"damage_healed":0.0,"max_hp_gain":0.0,"max_hp_loss":0.0,"gold_gain":0.0,"event_name":"Golden Idol","player_choice":"Take Damage","floor":11.0,"gold_loss":0.0,"damage_taken":21.0,"relics_obtained":["Golden Idol"]},{"damage_healed":0.0,"max_hp_gain":0.0,"max_hp_loss":0.0,"gold_gain":0.0,"event_name":"Ghosts","player_choice":"Ignored","floor":20.0,"gold_loss":0.0,"damage_taken":0.0},{"cards_removed":["Strike_G"],"damage_healed":0.0,"max_hp_gain":0.0,"max_hp_loss":0.0,"gold_gain":0.0,"event_name":"Beggar","player_choice":"Gave Gold","floor":21.0,"gold_loss":75.0,"damage_taken":0.0},{"damage_healed":0.0,"max_hp_gain":0.0,"max_hp_loss":0.0,"gold_gain":0.0,"event_name":"Vampires","player_choice":"Ignored","floor":22.0,"gold_loss":0.0,"damage_taken":0.0},{"damage_healed":0.0,"max_hp_gain":0.0,"max_hp_loss":0.0,"gold_gain":0.0,"cards_transformed":["Defend_G"],"event_name":"Transmorgrifier","player_choice":"Transformed","floor":30.0,"gold_loss":0.0,"damage_taken":0.0,"cards_obtained":["Predator"]},{"damage_healed":0.0,"max_hp_gain":0.0,"max_hp_loss":0.0,"gold_gain":0.0,"event_name":"Match and Keep!","player_choice":"1 cards matched","floor":36.0,"gold_loss":0.0,"damage_taken":0.0,"cards_obtained":["Leg Sweep"]},{"cards_removed":["Neutralize"],"damage_healed":0.0,"max_hp_gain":0.0,"max_hp_loss":0.0,"gold_gain":0.0,"event_name":"Falling","player_choice":"Removed Attack","floor":44.0,"gold_loss":0.0,"damage_taken":0.0}],"is_beta":true,"boss_relics":[{"not_picked":["Philosopher\u0027s Stone","Cursed Key"],"picked":"Snecko Eye"},{"not_picked":["Astrolabe","Velvet Choker"],"picked":"Runic Pyramid"}],"items_purged_floors":[7,29],"is_endless":false,"potions_floor_spawned":[2,4,6,13,19,31,35,41,46,48],"ascension_level":20}}