{"host":"ibckqdmmf9y74ymf","time":1612378858,"event":{"mods":["2.2 Compatiblity","BaseMod","Colored Map","Curses Come First","Highlight Path","Minty Spire (QoL Compilation)","Quick Restart","Rare Cards Sparkle","Relic Stats","StSLib"],"gold_per_floor":[119,138,153,163,179,179,214,214,214,214,214],"floor_reached":10,"language":"ENG","playtime":708,"items_purged":[],"score":140,"play_id":"e52d38c2-8e78-4b51-b548-27c13cb9eefd","local_time":"20210203200058","is_ascension_mode":true,"campfire_choices":[{"data":"FlurryOfBlows","floor":6,"key":"SMITH"},{"floor":8,"key":"REST"}],"circlet_count":0,"master_deck":["AscendersBane","Strike_P","Strike_P","Strike_P","Strike_P","Defend_P","Defend_P","Defend_P","Defend_P","Eruption","Vigilance","CutThroughFate","CutThroughFate","FlyingSleeves","Consecrate","FlurryOfBlows+1","BowlingBash"],"relics":["PureWater","NeowsBlessing","Shovel","Question Card"],"acts_visited":["Exordium"],"potions_floor_usage":[7],"damage_taken":[{"damage":0,"enemies":"Cultist","floor":1,"turns":1},{"damage":0,"enemies":"2 Louse","floor":2,"turns":1},{"damage":0,"enemies":"Jaw Worm","floor":3,"turns":1},{"damage":7,"enemies":"2 Fungi Beasts","floor":4,"turns":4},{"damage":14,"enemies":"Exordium Wildlife","floor":5,"turns":3},{"damage":15,"enemies":"Lagavulin","floor":7,"turns":5},{"damage":28,"enemies":"Gremlin Nob","floor":10,"turns":4}],"seed_played":"-6891105720928442414","potions_obtained":[{"floor":2,"key":"BottledMiracle"},{"floor":5,"key":"StancePotion"}],"is_trial":false,"path_per_floor":["M","M","M","M","M","R","E","R","T","E"],"character_chosen":"WATCHER","items_purchased":[],"campfire_rested":1,"item_purchase_floors":[],"current_hp_per_floor":[61,61,61,54,40,40,25,45,45,17,17],"gold":214,"neow_bonus":"THREE_ENEMY_KILL","is_daily":false,"chose_seed":false,"campfire_upgraded":1,"win_rate":0.0,"timestamp":1612378858,"path_taken":["M","M","M","M","?","R","E","R","T","E"],"items_purchased_type":[],"build_version":"2020-12-22","purchased_purges":0,"victory":false,"max_hp_per_floor":[68,68,68,68,68,68,68,68,68,68,68],"relic_stats":{"Shovel":0,"counters":[7,19],"Question Card":0,"obtain_stats":[{"Shovel":7,"NeowsBlessing":0,"PureWater":0,"Question Card":9},{"Shovel":6,"NeowsBlessing":0,"PureWater":0,"Question Card":6},{"Shovel":15,"NeowsBlessing":0,"PureWater":0,"Question Card":15}]},"card_choices":[{"not_picked":["Weave","FollowUp"],"picked":"CutThroughFate","floor":1},{"not_picked":["Protect","Crescendo"],"picked":"CutThroughFate","floor":2},{"not_picked":["Prostrate","Wireheading"],"picked":"FlyingSleeves","floor":3},{"not_picked":["CutThroughFate","Protect"],"picked":"Consecrate","floor":4},{"not_picked":["ClearTheMind","Evaluate"],"picked":"FlurryOfBlows","floor":5},{"not_picked":["Evaluate","Crescendo"],"picked":"BowlingBash","floor":7}],"player_experience":677132,"relics_obtained":[{"floor":7,"key":"Shovel"},{"floor":9,"key":"Question Card"}],"event_choices":[],"is_beta":false,"boss_relics":[],"items_purged_floors":[],"is_endless":false,"potions_floor_spawned":[2,5],"killed_by":"Gremlin Nob","ascension_level":20}}