{"host":"dlskvfecb6rtl9z1","time":1612388763,"event":{"mods":["2.2 Compatiblity","AchievementEnabler","Aspiration","BaseMod","Better Third Choice","Colored Map","Colored Powertips","Duelist Mod","Hermit","Hubris","Infinite Spire","KinomotoSakuraMod(????)","Koishi","Marisa????????","Minty Spire (QoL Compilation)","Remilia??????","Replay The Spire","Shop Mod","StSLib","Td1madao Mod","The Administrix","The Bug Knight","The Construct","The Cursed","The Disciple","The Hierophant","The Jungle","The Mystic","The Necromancer","The Runesmith","The Senshi","The Servant 0.9.4"],"gold_per_floor":[216,229,229,229,229,270,270,270,270,11,44,63,84,104,104,229,229,254,274,199,199,199,242,242,269,269,312,334,334,98,13,13,139,139,154,154,0,0,0,0,0,42,42,112,112,128,128,77,77,77],"floor_reached":51,"language":"ENG","playtime":2894,"items_purged":["Defend_R"],"score":1148,"play_id":"d962dcfc-f18c-4d0c-beab-fc5f0726dc64","local_time":"20210203234603","is_ascension_mode":true,"campfire_choices":[{"data":"ReplayTheSpireMod:LeadingStrike","floor":7,"key":"SMITH"},{"data":"Fire Breathing","floor":15,"key":"SMITH"},{"data":"Heavy Blade","floor":24,"key":"SMITH"},{"data":"Shrug It Off","floor":32,"key":"SMITH"},{"data":"Limit Break","floor":40,"key":"SMITH"},{"data":"Limit Break","floor":45,"key":"SMITH"},{"data":"Limit Break","floor":47,"key":"SMITH"},{"data":"Feel No Pain","floor":49,"key":"SMITH"}],"circlet_count":0,"master_deck":["Strike_R","Strike_R","Strike_R","Strike_R","Strike_R","Defend_R","Defend_R","Bash","ReplayTheSpireMod:LeadingStrike+1","Shrug It Off+1","Fire Breathing+1","Shrug It Off+1","Heavy Blade+1","Flash of Steel","theDuelist:PsiCurse","Limit Break+1","Feel No Pain+1","Limit Break+1","Limit Break+1","Pummel+1","Evolve+1"],"relics":["Burning Blood","hubris:Towel","AntiCross","Golden Idol","Toy Ornithopter","Singing Bowl","hubris:PeanutButter","theSenshi:FeatherClipsRelic","Replay:Fungal Core","CeramicFish","Tiny Chest","aspiration:Stabinomicon","Brimstone","Runesmith:AutoHammer","construct:WeddingRing","hubris:TenFootPole","Red Mask","infinitespire:Satchel","HornCleat","ReplayTheSpireMod:Shallot"],"acts_visited":["Exordium","TheCity","TheBeyond"],"potions_floor_usage":[16,23,42,50,50],"damage_taken":[{"damage":13,"enemies":"2 Louse","floor":1,"turns":4},{"damage":1,"enemies":"Cultist","floor":2,"turns":3},{"damage":23,"enemies":"Lagavulin","floor":6,"turns":4},{"damage":9,"enemies":"3 Sentries","floor":11,"turns":6},{"damage":4,"enemies":"Jaw Worm","floor":12,"turns":2},{"damage":0,"enemies":"3 Louse","floor":13,"turns":2},{"damage":5,"enemies":"Lots of Slimes","floor":14,"turns":4},{"damage":32,"enemies":"Hexaghost","floor":16,"turns":6},{"damage":0,"enemies":"Spheric Guardian","floor":18,"turns":3},{"damage":5,"enemies":"2 Thieves","floor":19,"turns":2},{"damage":0,"enemies":"theDuelist:KaibaA2","floor":23,"turns":5},{"damage":27,"enemies":"Book of Stabbing","floor":27,"turns":5},{"damage":1,"enemies":"Centurion and Healer","floor":28,"turns":3},{"damage":5,"enemies":"Collector","floor":33,"turns":3},{"damage":0,"enemies":"3 Darklings","floor":35,"turns":3},{"damage":0,"enemies":"Nemesis","floor":42,"turns":3},{"damage":0,"enemies":"Orb Walker","floor":46,"turns":3},{"damage":7,"enemies":"Time Eater","floor":50,"turns":4}],"seed_played":"-4533024382991458302","potions_obtained":[{"floor":11,"key":"BlessingOfTheForge"},{"floor":13,"key":"Swift Potion"},{"floor":18,"key":"BlessingOfTheForge"},{"floor":28,"key":"FairyPotion"},{"floor":35,"key":"Milkshake"},{"floor":42,"key":"Dexterity Potion"}],"is_trial":false,"path_per_floor":["M","M","?","T","?","E","R","?","T","$","E","M","M","M","R","B",null,"M","M","$","?","?","E","R","?","T","E","M","?","$","?","R","B",null,"M","T","?","?","$","R","$","E","T","T","R","M","R","$","R","B",null],"character_chosen":"IRONCLAD","items_purchased":["hubris:PeanutButter","Brimstone","Limit Break","Evolve+1"],"campfire_rested":0,"item_purchase_floors":[10,30,30,48],"current_hp_per_floor":[65,70,70,70,50,33,33,33,33,33,32,40,54,63,63,50,79,88,90,90,90,90,92,92,92,92,79,90,90,90,90,90,96,96,98,98,98,98,98,98,98,98,98,98,98,100,100,100,100,100],"gold":77,"neow_bonus":"HUNDRED_GOLD","is_daily":false,"chose_seed":false,"campfire_upgraded":8,"win_rate":0.0,"timestamp":1612388763,"path_taken":["M","M","?","?","?","E","R","?","T","$","E","M","?","M","R","BOSS","M","M","$","?","?","E","R","?","T","E","?","?","$","?","R","BOSS","M","?","?","?","?","R","$","E","T","?","R","M","R","?","R","BOSS"],"items_purchased_type":["Relic","Relic","Card","Card"],"build_version":"2020-12-22","purchased_purges":1,"victory":true,"max_hp_per_floor":[80,80,80,80,80,80,80,80,80,80,82,82,84,86,86,88,88,88,90,90,90,90,92,92,92,92,94,94,94,94,94,94,96,96,98,98,98,98,98,98,98,98,98,98,98,100,100,100,100,100],"card_choices":[{"not_picked":["Replay:Undeath\u0027s Touch","Thunderclap"],"picked":"ReplayTheSpireMod:LeadingStrike","floor":1},{"not_picked":["Twin Strike","Warcry","Clash"],"picked":"SKIP","floor":2},{"not_picked":["hubris:CleavingFinish","Exhume"],"picked":"Shrug It Off","floor":6},{"not_picked":["Body Slam","Exhume","Inflame"],"picked":"Singing Bowl","floor":11},{"not_picked":["Second Wind","Warcry"],"picked":"Fire Breathing","floor":12},{"not_picked":["Shockwave","True Grit","Flame Barrier"],"picked":"Singing Bowl","floor":13},{"not_picked":["Headbutt","Anger","Flex"],"picked":"Singing Bowl","floor":14},{"not_picked":["Impervious","Fiend Fire","Berserk"],"picked":"Singing Bowl","floor":16},{"not_picked":["Flame Barrier","Sword Boomerang+1"],"picked":"Shrug It Off+1","floor":18},{"not_picked":["Armaments+1","ReplayTheSpireMod:LeadingStrike+1","Run Through"],"picked":"Singing Bowl","floor":19},{"not_picked":["Headbutt+1","Wild Strike","Feed"],"picked":"Singing Bowl","floor":23},{"not_picked":["Demon Form","Iron Wave+1","Headbutt"],"picked":"Singing Bowl","floor":27},{"not_picked":["Pommel Strike","Body Slam"],"picked":"Feel No Pain","floor":28},{"not_picked":["Offering","Exhume","Fiend Fire"],"picked":"Singing Bowl","floor":33},{"not_picked":["Perfected Strike+1","ReplayTheSpireMod:Strike From Hell","Spot Weakness"],"picked":"Singing Bowl","floor":35},{"not_picked":["Hemogenesis","infinitespire:OneForAll"],"picked":"Pummel+1","floor":42},{"not_picked":["Flame Barrier","Perfected Strike","Dark Embrace+1"],"picked":"Singing Bowl","floor":46}],"player_experience":146026,"relics_obtained":[{"floor":4,"key":"AntiCross"},{"floor":6,"key":"Toy Ornithopter"},{"floor":9,"key":"Singing Bowl"},{"floor":11,"key":"theSenshi:FeatherClipsRelic"},{"floor":23,"key":"CeramicFish"},{"floor":26,"key":"Tiny Chest"},{"floor":27,"key":"aspiration:Stabinomicon"},{"floor":36,"key":"hubris:TenFootPole"},{"floor":42,"key":"infinitespire:Satchel"},{"floor":43,"key":"HornCleat"},{"floor":44,"key":"ReplayTheSpireMod:Shallot"}],"event_choices":[{"damage_healed":0,"gold_gain":0,"player_choice":"Take Damage","damage_taken":20,"relics_obtained":["Golden Idol"],"max_hp_gain":0,"max_hp_loss":0,"event_name":"Golden Idol","floor":5,"gold_loss":0},{"cards_removed":["Defend_R"],"damage_healed":0,"gold_gain":0,"player_choice":"Purged","damage_taken":0,"max_hp_gain":0,"max_hp_loss":0,"event_name":"Purifier","floor":8,"gold_loss":0},{"damage_healed":0,"gold_gain":0,"player_choice":"Read","damage_taken":0,"max_hp_gain":0,"max_hp_loss":0,"event_name":"The Library","floor":21,"gold_loss":0,"cards_obtained":["Heavy Blade"]},{"damage_healed":0,"gold_gain":0,"player_choice":"3 cards matched","damage_taken":0,"max_hp_gain":0,"max_hp_loss":0,"event_name":"Match and Keep!","floor":25,"gold_loss":0,"cards_obtained":["Flash of Steel","theDuelist:PsiCurse","Limit Break"]},{"damage_healed":0,"gold_gain":0,"player_choice":"3 cards matched","damage_taken":0,"max_hp_gain":0,"max_hp_loss":0,"event_name":"Match and Keep!","floor":25,"gold_loss":0,"cards_obtained":["Flash of Steel","theDuelist:PsiCurse","Limit Break"]},{"damage_healed":0,"gold_gain":0,"player_choice":"Obtained Relic","damage_taken":0,"relics_obtained":["Runesmith:AutoHammer"],"max_hp_gain":0,"max_hp_loss":0,"event_name":"Addict","floor":31,"gold_loss":85},{"damage_healed":0,"gold_gain":0,"player_choice":"Paid","damage_taken":0,"relics_obtained":["Red Mask"],"max_hp_gain":0,"max_hp_loss":0,"event_name":"Tomb of Lord Red Mask","floor":37,"gold_loss":154}],"is_beta":false,"boss_relics":[{"not_picked":["SlaversCollar","Electric Blood"],"picked":"Replay:Fungal Core"},{"not_picked":["Tiny House","Replay:Ancient Bell"],"picked":"construct:WeddingRing"}],"items_purged_floors":[20],"is_endless":false,"potions_floor_spawned":[11,13,18,28,35,42],"ascension_level":9}}