{"host":"3jpwrwmmgyabjceh","time":1612361591,"event":{"mods":["AchievementEnabler","BaseMod","Colored Map","Colored Powertips","Highlight Path","Minty Spire (QoL Compilation)","Quick Restart","Relic Stats","StSLib","SuperFastMode"],"gold_per_floor":[111,3,16,34,34,34,62,62,87,125,137,163,193,220,232,342,354,377,404,426,452,464,476,501,546,640,679,710,756,779,802,814,926,938,970,1001,416,428,428,428,455,126,199,232,232,243,243,275,275,275,275,275,22,57,57],"floor_reached":56,"language":"ENG","playtime":2341,"items_purged":["Strike_G","Strike_G","Strike_G"],"score":1822,"play_id":"8420f88d-77fc-4a97-8600-3e57e4ad7403","local_time":"20210203171311","is_ascension_mode":true,"campfire_choices":[{"data":"Poisoned Stab","floor":6.0,"key":"SMITH"},{"floor":11,"key":"REST"},{"data":"Footwork","floor":15,"key":"SMITH"},{"floor":23,"key":"REST"},{"floor":32,"key":"REST"},{"data":"Envenom","floor":40,"key":"SMITH"},{"data":"Blade Dance","floor":45,"key":"SMITH"},{"data":"Wraith Form v2","floor":47,"key":"SMITH"},{"floor":49,"key":"RECALL"},{"data":"Wraith Form v2","floor":52,"key":"SMITH"}],"circlet_count":0,"master_deck":["Strike_G","Defend_G","Defend_G","Defend_G","Defend_G","Defend_G","Survivor","Neutralize","Finisher","Noxious Fumes","Crippling Poison","Poisoned Stab+1","Backflip","Neutralize","Quick Slash","Noxious Fumes","Footwork+1","Backflip","Wraith Form v2+1","Deflect","Backflip+1","Crippling Poison+1","Backstab","Ghostly","Ghostly","Ghostly","Ghostly","Ghostly","PiercingWail","Blade Dance+1","Die Die Die","Cloak And Dagger+1","Dagger Throw+1","Envenom+1","Prepared+1","Deflect+1","Footwork","Bandage Up+1","Expertise+1","Backflip+1","After Image","Prepared+1","Wraith Form v2+1","Deflect+1","Backflip+1","PiercingWail+1","Terror+1"],"relics":["Ring of the Snake","NeowsBlessing","Regal Pillow","MawBank","Blue Candle","Philosopher\u0027s Stone","Lantern","Kunai","Tiny Chest","Vajra","Busted Crown","Toxic Egg 2","Smiling Mask","DollysMirror","Bronze Scales","Paper Crane","HandDrill","Boot"],"acts_visited":["Exordium","TheCity","TheBeyond","TheEnding"],"potions_floor_usage":[38,55,55],"damage_taken":[{"damage":0.0,"enemies":"Cultist","floor":1.0,"turns":1.0},{"damage":0.0,"enemies":"2 Louse","floor":3.0,"turns":2.0},{"damage":0.0,"enemies":"Small Slimes","floor":4.0,"turns":1.0},{"damage":10.0,"enemies":"Lagavulin","floor":7.0,"turns":5.0},{"damage":25,"enemies":"3 Sentries","floor":10,"turns":7},{"damage":11,"enemies":"Gremlin Gang","floor":12,"turns":3},{"damage":0,"enemies":"Looter","floor":13,"turns":3},{"damage":16,"enemies":"Exordium Wildlife","floor":14,"turns":5},{"damage":1,"enemies":"The Guardian","floor":16,"turns":10},{"damage":14,"enemies":"Chosen","floor":18,"turns":6},{"damage":2,"enemies":"Spheric Guardian","floor":19,"turns":5},{"damage":23,"enemies":"Cultist and Chosen","floor":20,"turns":8},{"damage":13,"enemies":"Sentry and Sphere","floor":21,"turns":5},{"damage":3,"enemies":"Centurion and Healer","floor":24,"turns":8},{"damage":2,"enemies":"Slavers","floor":25,"turns":7},{"damage":2,"enemies":"Chosen and Byrds","floor":28,"turns":8},{"damage":0,"enemies":"Gremlin Leader","floor":29,"turns":9},{"damage":3,"enemies":"Snake Plant","floor":30,"turns":6},{"damage":10,"enemies":"3 Cultists","floor":31,"turns":5},{"damage":9,"enemies":"Champ","floor":33,"turns":13},{"damage":0,"enemies":"3 Darklings","floor":35,"turns":4},{"damage":1,"enemies":"Orb Walker","floor":36,"turns":4},{"damage":12,"enemies":"Spire Growth","floor":38,"turns":7},{"damage":10,"enemies":"Nemesis","floor":41,"turns":9},{"damage":1,"enemies":"Reptomancer","floor":44,"turns":7},{"damage":2,"enemies":"Sphere and 2 Shapes","floor":46,"turns":6},{"damage":0,"enemies":"Nemesis","floor":48,"turns":11},{"damage":38,"enemies":"Time Eater","floor":50,"turns":15},{"damage":4,"enemies":"Shield and Spear","floor":54,"turns":17},{"damage":37,"enemies":"The Heart","floor":55,"turns":12}],"seed_played":"5330852623946322388","potions_obtained":[{"floor":1.0,"key":"ColorlessPotion"},{"floor":3.0,"key":"Block Potion"},{"floor":4.0,"key":"SmokeBomb"},{"floor":12,"key":"DuplicationPotion"},{"floor":19,"key":"AttackPotion"},{"floor":35,"key":"Fruit Juice"},{"floor":38,"key":"Explosive Potion"}],"is_trial":false,"path_per_floor":["M","$","M","M","?","R","E","?","T","E","R","M","M","M","R","B",null,"M","M","M","M","?","R","M","E","T","T","M","E","M","M","R","B",null,"M","M","$","M","?","R","E","$","T","E","R","M","R","E","R","B",null,"R","$","E","B",null],"character_chosen":"THE_SILENT","items_purchased":["Noxious Fumes","Footwork","Toxic Egg 2","Bandage Up+1","Expertise+1","After Image","Prepared+1","DollysMirror","PiercingWail+1","HandDrill"],"campfire_rested":3,"item_purchase_floors":[2,37,37,37,37,42,42,42,53,53],"current_hp_per_floor":[63,63,63,63,56,56,46,46,46,21,57,46,46,30,30,29,60,46,44,21,8,8,33,30,28,28,28,26,26,23,13,35,26,33,33,32,32,30,30,30,26,26,26,31,31,35,35,40,40,8,32,32,32,34,3],"gold":57,"neow_bonus":"THREE_ENEMY_KILL","is_daily":false,"chose_seed":false,"campfire_upgraded":6,"win_rate":0.0,"timestamp":1612361591,"path_taken":["M","$","?","M","?","R","E","?","T","E","R","?","M","M","R","BOSS","M","?","?","M","?","R","M","E","T","?","?","E","M","M","R","BOSS","M","M","$","M","?","R","E","$","T","E","R","M","R","E","R","BOSS","R","$","E","BOSS"],"items_purchased_type":["Card","Card","Relic","Card","Card","Card","Card","Relic","Card","Relic"],"build_version":"2020-12-22","purchased_purges":3,"victory":true,"max_hp_per_floor":[70,70,70,70,70,70,70,70,70,70,70,70,70,70,70,70,70,70,70,70,70,35,35,35,35,35,35,35,35,35,35,35,35,35,35,35,35,40,40,40,40,40,40,40,40,40,40,40,40,40,40,40,40,40,40],"relic_stats":{"Regal Pillow":42,"counters":[30,209],"Blue Candle":[0],"MawBank":336,"Smiling Mask":75,"Boot":[1],"Busted Crown":16,"Bronze Scales":[368],"Tiny Chest":0,"HandDrill":[4],"Kunai":[65],"obtain_stats":[{"Regal Pillow":7,"Lantern":25,"NeowsBlessing":0,"Blue Candle":10,"Vajra":29,"Paper Crane":48,"MawBank":9,"Smiling Mask":41,"Boot":54,"Busted Crown":34,"DollysMirror":42,"Bronze Scales":44,"Philosopher\u0027s Stone":17,"Tiny Chest":27,"HandDrill":53,"Kunai":26,"Toxic Egg 2":37,"Ring of the Snake":0},{"Regal Pillow":4,"Lantern":15,"NeowsBlessing":0,"Blue Candle":5,"Vajra":17,"Paper Crane":27,"MawBank":4,"Smiling Mask":24,"Boot":29,"Busted Crown":20,"DollysMirror":24,"Bronze Scales":25,"Philosopher\u0027s Stone":9,"Tiny Chest":15,"HandDrill":28,"Kunai":15,"Toxic Egg 2":22,"Ring of the Snake":0},{"Regal Pillow":9,"Lantern":76,"NeowsBlessing":0,"Blue Candle":16,"Vajra":93,"Paper Crane":165,"MawBank":9,"Smiling Mask":141,"Boot":197,"Busted Crown":117,"DollysMirror":141,"Bronze Scales":148,"Philosopher\u0027s Stone":37,"Tiny Chest":76,"HandDrill":180,"Kunai":76,"Toxic Egg 2":125,"Ring of the Snake":0}],"Ring of the Snake":[60]},"card_choices":[{"not_picked":["Concentrate","Underhanded Strike"],"picked":"Finisher","floor":1.0},{"not_picked":["Prepared","Slice"],"picked":"Crippling Poison","floor":3.0},{"not_picked":["Prepared","Envenom"],"picked":"Poisoned Stab","floor":4.0},{"not_picked":["Deflect","PiercingWail"],"picked":"Backflip","floor":7.0},{"not_picked":["Reflex","Outmaneuver"],"picked":"Quick Slash","floor":10},{"not_picked":["Crippling Poison","Heel Hook"],"picked":"Noxious Fumes","floor":12},{"not_picked":["Setup","Slice"],"picked":"Footwork","floor":13},{"not_picked":["Slice","Heel Hook"],"picked":"Backflip","floor":14},{"not_picked":["Doppelganger","A Thousand Cuts"],"picked":"Wraith Form v2","floor":16},{"not_picked":["Underhanded Strike","Cloak And Dagger"],"picked":"Deflect","floor":18},{"not_picked":["Dagger Spray+1","Setup+1"],"picked":"Backflip+1","floor":19},{"not_picked":["Acrobatics","Slice"],"picked":"Crippling Poison+1","floor":20},{"not_picked":["Expertise","Dodge and Roll"],"picked":"Backstab","floor":21},{"not_picked":["Infinite Blades+1","Outmaneuver","Dash"],"picked":"SKIP","floor":24},{"not_picked":["Sucker Punch","Setup"],"picked":"PiercingWail","floor":25},{"not_picked":["Riddle With Holes+1","Flechettes"],"picked":"Blade Dance","floor":28},{"not_picked":["Bane+1","Reflex"],"picked":"Die Die Die","floor":29},{"not_picked":["Outmaneuver","Bouncing Flask"],"picked":"Cloak And Dagger+1","floor":30},{"not_picked":["Slice","Dodge and Roll"],"picked":"Dagger Throw+1","floor":31},{"not_picked":["Phantasmal Killer","Doppelganger"],"picked":"Envenom","floor":33},{"not_picked":[],"picked":"Prepared+1","floor":35},{"not_picked":[],"picked":"Deflect+1","floor":36},{"not_picked":["Eviscerate"],"picked":"SKIP","floor":38},{"not_picked":["Eviscerate"],"picked":"SKIP","floor":38},{"not_picked":[],"picked":"Backflip+1","floor":41},{"not_picked":[],"picked":"Deflect+1","floor":44},{"not_picked":[],"picked":"Backflip+1","floor":46},{"not_picked":["Underhanded Strike"],"picked":"SKIP","floor":48},{"not_picked":[],"picked":"Terror+1","floor":54}],"player_experience":324210,"relics_obtained":[{"floor":7.0,"key":"Regal Pillow"},{"floor":9,"key":"MawBank"},{"floor":10,"key":"Blue Candle"},{"floor":25,"key":"Lantern"},{"floor":26,"key":"Kunai"},{"floor":27,"key":"Tiny Chest"},{"floor":29,"key":"Vajra"},{"floor":41,"key":"Smiling Mask"},{"floor":44,"key":"Bronze Scales"},{"floor":48,"key":"Paper Crane"},{"floor":54,"key":"Boot"}],"event_choices":[{"cards_removed":["Strike_G"],"damage_healed":0.0,"max_hp_gain":0.0,"max_hp_loss":0.0,"gold_gain":0.0,"event_name":"Golden Wing","player_choice":"Card Removal","floor":5.0,"gold_loss":0.0,"damage_taken":7.0},{"damage_healed":0,"gold_gain":0,"player_choice":"1 cards matched","damage_taken":0,"max_hp_gain":0,"max_hp_loss":0,"event_name":"Match and Keep!","floor":8,"gold_loss":0,"cards_obtained":["Neutralize"]},{"damage_healed":0,"gold_gain":0,"player_choice":"Became a Ghost","damage_taken":0,"max_hp_gain":0,"max_hp_loss":35,"event_name":"Ghosts","floor":22,"gold_loss":0,"cards_obtained":["Ghostly","Ghostly","Ghostly","Ghostly","Ghostly"]},{"damage_healed":0,"gold_gain":0,"player_choice":"Ignored","damage_taken":0,"max_hp_gain":0,"max_hp_loss":0,"event_name":"SecretPortal","floor":39,"gold_loss":0}],"is_beta":false,"boss_relics":[{"not_picked":["WristBlade","Empty Cage"],"picked":"Philosopher\u0027s Stone"},{"not_picked":["Astrolabe","Coffee Dripper"],"picked":"Busted Crown"}],"items_purged_floors":[2,37,53],"is_endless":false,"potions_floor_spawned":[1,3,4,12,19,28,30,35,38,46],"ascension_level":8}}