{"host":"x5w9zppki4gdwvc7","time":1612374624,"event":{"mods":["AchievementEnabler","BaseMod","DeckTracker","Minty Spire (QoL Compilation)","Relic Sorter","SuperFastMode"],"gold_per_floor":[113,113,133,143,16,16,47,47,47,75,25,25,25,25,25,127,127,137,137,149,166,12,12,12,22,22,22,22,22,35,35,35],"floor_reached":31,"language":"ENG","playtime":1270,"items_purged":["Defend_R"],"score":313,"play_id":"4a11250a-ae0a-423a-83c3-5199b8200882","local_time":"20210203185024","is_ascension_mode":true,"campfire_choices":[{"data":"Shrug It Off","floor":6,"key":"SMITH"},{"data":"Headbutt","floor":8,"key":"SMITH"},{"data":"Sentinel","floor":13,"key":"SMITH"},{"floor":15,"key":"REST"},{"data":"Bash","floor":23,"key":"SMITH"},{"floor":28,"key":"REST"}],"circlet_count":0,"master_deck":["Strike_R","Strike_R","Strike_R","Defend_R+1","Defend_R+1","Defend_R","Bash+1","Shrug It Off+1","Sentinel+1","Headbutt+1","Anger","Impervious","Dropkick","Anger"],"relics":["Burning Blood","NeowsBlessing","Pear","Bag of Preparation","Bird Faced Urn","Busted Crown","Oddly Smooth Stone","Charon\u0027s Ashes","TungstenRod"],"acts_visited":["Exordium","TheCity"],"potions_floor_usage":[7,21,24],"damage_taken":[{"damage":0,"enemies":"Small Slimes","floor":1,"turns":1},{"damage":0,"enemies":"Cultist","floor":3,"turns":1},{"damage":0,"enemies":"2 Louse","floor":4,"turns":1},{"damage":40,"enemies":"3 Sentries","floor":7,"turns":20},{"damage":32,"enemies":"Gremlin Nob","floor":10,"turns":4},{"damage":49,"enemies":"Hexaghost","floor":16,"turns":12},{"damage":0,"enemies":"Chosen","floor":18,"turns":5},{"damage":4,"enemies":"Shell Parasite","floor":20,"turns":4},{"damage":13,"enemies":"3 Cultists","floor":21,"turns":6},{"damage":50,"enemies":"Slavers","floor":24,"turns":4},{"damage":26,"enemies":"Shelled Parasite and Fungi","floor":25,"turns":6},{"damage":8,"enemies":"Centurion and Healer","floor":30,"turns":5},{"damage":47,"enemies":"Gremlin Leader","floor":31,"turns":4}],"seed_played":"-8249173972137565056","potions_obtained":[{"floor":3,"key":"Explosive Potion"},{"floor":4,"key":"Regen Potion"},{"floor":10,"key":"SmokeBomb"}],"is_trial":false,"path_per_floor":["M","?","M","M","$","R","E","R","T","E","?","?","R","$","R","B",null,"M","?","M","M","$","R","E","M","T","T","R","$","M","E"],"character_chosen":"IRONCLAD","items_purchased":["Headbutt","Oddly Smooth Stone"],"campfire_rested":2,"item_purchase_floors":[5,22],"current_hp_per_floor":[80,80,80,80,80,80,70,70,70,44,44,26,26,26,53,10,90,90,90,90,83,83,83,39,19,19,19,46,46,44,0,0],"gold":35,"neow_bonus":"THREE_ENEMY_KILL","is_daily":false,"chose_seed":false,"campfire_upgraded":4,"win_rate":0.0,"timestamp":1612374624,"path_taken":["M","?","M","M","?","R","E","R","T","E","?","?","R","?","R","BOSS","M","?","M","M","$","R","E","M","T","?","R","?","M","E"],"items_purchased_type":["Card","Relic"],"build_version":"2020-12-22","purchased_purges":1,"victory":false,"max_hp_per_floor":[80,80,80,80,80,80,90,90,90,90,90,90,90,90,90,90,90,90,90,90,90,90,90,90,90,90,90,90,90,90,90,90],"card_choices":[{"not_picked":["Sentinel","Feel No Pain"],"picked":"Shrug It Off","floor":1},{"not_picked":["Reckless Charge","Clothesline"],"picked":"Sentinel","floor":3},{"not_picked":["Power Through","Carnage","Armaments"],"picked":"SKIP","floor":4},{"not_picked":["Feel No Pain","Warcry","Sword Boomerang"],"picked":"SKIP","floor":7},{"not_picked":["Feel No Pain","Reckless Charge"],"picked":"Anger","floor":10},{"not_picked":["Corruption","Fiend Fire"],"picked":"Impervious","floor":16},{"not_picked":[],"picked":"Dropkick","floor":18},{"not_picked":["Heavy Blade"],"picked":"SKIP","floor":20},{"not_picked":["Battle Trance+1"],"picked":"SKIP","floor":21},{"not_picked":[],"picked":"Anger","floor":25},{"not_picked":["Rampage"],"picked":"SKIP","floor":30}],"player_experience":405613,"relics_obtained":[{"floor":7,"key":"Pear"},{"floor":9,"key":"Bag of Preparation"},{"floor":10,"key":"Bird Faced Urn"},{"floor":26,"key":"Charon\u0027s Ashes"},{"floor":27,"key":"TungstenRod"}],"event_choices":[{"cards_removed":["Strike_R"],"damage_healed":0,"gold_gain":0,"player_choice":"Purged","damage_taken":0,"max_hp_gain":0,"max_hp_loss":0,"event_name":"Purifier","floor":2,"gold_loss":0},{"cards_removed":["Strike_R"],"damage_healed":0,"gold_gain":0,"player_choice":"Card Removal","damage_taken":0,"max_hp_gain":0,"max_hp_loss":0,"event_name":"The Cleric","floor":11,"gold_loss":50},{"damage_healed":0,"gold_gain":0,"player_choice":"Entered Light","damage_taken":18,"max_hp_gain":0,"max_hp_loss":0,"event_name":"Shining Light","floor":12,"gold_loss":0,"cards_upgraded":["Defend_R","Defend_R"]},{"damage_healed":0,"gold_gain":0,"player_choice":"Ignored","damage_taken":0,"max_hp_gain":0,"max_hp_loss":0,"event_name":"Ghosts","floor":19,"gold_loss":0}],"is_beta":false,"boss_relics":[{"not_picked":["Pandora\u0027s Box","SlaversCollar"],"picked":"Busted Crown"}],"items_purged_floors":[5],"is_endless":false,"potions_floor_spawned":[3,4,10,24],"killed_by":"Gremlin Leader","ascension_level":4}}