{"host":"zsnmfqgcm92hlreo","time":1612319143,"event":{"mods":["AchievementEnabler","Act Like it!","BaseMod","Bestiary","Block Reminder","Colored Map","Colored Powertips","Hermit","Jorbs\u0027s Wanderer Trilogy","Minty Spire (QoL Compilation)","Permanent Neow","Quick Restart","Relic Stats","StSLib","Weighted Paths"],"gold_per_floor":[134,169,184,219,254,284,284,12,37,52,382,162,162,177,177,277,277,292,7,22,37,52,82,82,122,147,417,441,441,490,529,529,638,638,662,711,220,50,74,104,104,128,128,128,158,167,167,191,191,191],"floor_reached":51,"language":"ENG","playtime":2201,"items_purged":["Strike_B","Strike_B","Defend_B"],"score":838,"play_id":"be749a2b-0b3d-4e41-8861-911ea4385db0","local_time":"20210202202543","daily_mods":["Allstar","Purple Cards","Lethality"],"is_ascension_mode":false,"campfire_choices":[{"floor":15.0,"key":"REST"},{"floor":24.0,"key":"REST"},{"floor":29.0,"key":"REST"},{"floor":32.0,"key":"REST"},{"floor":41.0,"key":"REST"},{"floor":47.0,"key":"REST"},{"floor":49.0,"key":"REST"}],"circlet_count":0,"master_deck":["Strike_B+1","Strike_B+1","Defend_B","Defend_B","Defend_B","Zap","Dualcast","Bandage Up","Apotheosis+1","Secret Weapon","Secret Technique","Cold Snap","JustLucky","Beam Cell","BowlingBash","Capacitor","Go for the Eyes","CutThroughFate+1","SpiritShield","Barrage+1","FearNoEvil+1","Wireheading","Weave+1","Ragnarok+1","Leap+1","Sweeping Beam+1","Conclude+1","Beam Cell+1","Prostrate","Prostrate","All For One+1","Consecrate+1","CutThroughFate+1","Coolheaded","Beam Cell+1","JustLucky+1","CutThroughFate+1","LikeWater+1","Seek","Coolheaded+1","Evaluate+1","All For One+1","Consecrate+1","Prostrate+1","JustLucky+1","Panacea","Doom and Gloom+1"],"relics":["Cracked Core","Ornamental Fan","Molten Egg 2","Omamori","Old Coin","Nuclear Battery","Orrery","Boot","CeramicFish","Strawberry","Fusion Hammer","Kunai","DollysMirror","HornCleat","Bag of Preparation","InkBottle"],"acts_visited":["Exordium","TheCity","TheBeyond"],"potions_floor_usage":[50,50,50],"damage_taken":[{"damage":0.0,"enemies":"Cultist","floor":1.0,"turns":2.0},{"damage":0.0,"enemies":"2 Louse","floor":2.0,"turns":1.0},{"damage":5.0,"enemies":"Jaw Worm","floor":3.0,"turns":2.0},{"damage":1.0,"enemies":"Large Slime","floor":4.0,"turns":2.0},{"damage":0.0,"enemies":"Red Slaver","floor":5.0,"turns":1.0},{"damage":9.0,"enemies":"Gremlin Nob","floor":6.0,"turns":3.0},{"damage":14.0,"enemies":"Lots of Slimes","floor":10.0,"turns":2.0},{"damage":13.0,"enemies":"3 Sentries","floor":11.0,"turns":3.0},{"damage":13.0,"enemies":"Exordium Thugs","floor":14.0,"turns":4.0},{"damage":23.0,"enemies":"The Guardian","floor":16.0,"turns":7.0},{"damage":0.0,"enemies":"Spheric Guardian","floor":18.0,"turns":2.0},{"damage":9.0,"enemies":"2 Thieves","floor":20.0,"turns":2.0},{"damage":5.0,"enemies":"Sentry and Sphere","floor":21.0,"turns":3.0},{"damage":8.0,"enemies":"Cultist and Chosen","floor":22.0,"turns":4.0},{"damage":22.0,"enemies":"Book of Stabbing","floor":23.0,"turns":3.0},{"damage":16.0,"enemies":"Chosen and Byrds","floor":25.0,"turns":2.0},{"damage":0.0,"enemies":"Sentry and Sphere","floor":28.0,"turns":2.0},{"damage":0.0,"enemies":"Centurion and Healer","floor":30.0,"turns":5.0},{"damage":27.0,"enemies":"Gremlin Leader","floor":31.0,"turns":3.0},{"damage":19.0,"enemies":"Champ","floor":33.0,"turns":6.0},{"damage":27.0,"enemies":"3 Darklings","floor":35.0,"turns":4.0},{"damage":0.0,"enemies":"3 Shapes","floor":36.0,"turns":2.0},{"damage":2.0,"enemies":"Transient","floor":39.0,"turns":5.0},{"damage":39.0,"enemies":"Nemesis","floor":40.0,"turns":3.0},{"damage":14.0,"enemies":"Spire Growth","floor":42.0,"turns":2.0},{"damage":0.0,"enemies":"Reptomancer","floor":45.0,"turns":3.0},{"damage":0.0,"enemies":"4 Shapes","floor":48.0,"turns":3.0},{"damage":54,"enemies":"Time Eater","floor":50,"turns":7}],"seed_played":"4031875728642390749","potions_obtained":[{"floor":2.0,"key":"SkillPotion"},{"floor":4.0,"key":"BlessingOfTheForge"},{"floor":11.0,"key":"LiquidMemories"},{"floor":14.0,"key":"BlessingOfTheForge"},{"floor":20.0,"key":"LiquidBronze"},{"floor":21.0,"key":"GamblersBrew"},{"floor":22.0,"key":"Weak Potion"},{"floor":28.0,"key":"LiquidBronze"},{"floor":35.0,"key":"EssenceOfDarkness"},{"floor":42.0,"key":"SpeedPotion"}],"is_trial":false,"path_per_floor":["M","M","M","M","M","E","?","$","T","M","E","$","?","M","R","B",null,"M","$","M","M","M","E","R","M","T","?","M","R","M","E","R","B",null,"M","M","$","$","M","E","R","M","T","?","E","?","R","M","R","B",null],"character_chosen":"DEFECT","items_purchased":["Molten Egg 2","CutThroughFate+1","FearNoEvil+1","Wireheading","Orrery","All For One+1","Kunai","DollysMirror","Consecrate+1"],"campfire_rested":7,"item_purchase_floors":[8,8,12,12,19,19,37,37,38],"current_hp_per_floor":[75,75,70,69,69,60,45,45,45,35,22,22,22,9,31,14,75,75,75,66,67,59,41,63,53,53,26,26,48,52,32,56,41,82,55,55,55,55,53,18,42,28,28,28,28,28,52,52,76,28],"gold":191,"neow_bonus":"","is_daily":true,"chose_seed":false,"campfire_upgraded":0,"win_rate":0.0,"timestamp":1612319143,"path_taken":["M","M","?","M","M","E","?","?","T","M","E","$","?","M","R","BOSS","M","$","M","M","M","E","R","M","T","?","M","R","M","E","R","BOSS","M","M","?","$","M","E","R","?","T","?","E","?","R","M","R","BOSS"],"items_purchased_type":["Relic","Card","Card","Card","Relic","Card","Relic","Relic","Card"],"build_version":"2020-12-22","purchased_purges":3,"victory":true,"max_hp_per_floor":[75,75,75,75,75,75,75,75,75,75,75,75,75,75,75,75,75,75,75,75,75,75,75,75,75,75,75,75,75,75,82,82,82,82,82,82,82,82,82,82,82,82,82,82,82,82,82,82,82,82],"relic_stats":{"counters":[28,88],"Ornamental Fan":[232],"CeramicFish":108,"Bag of Preparation":[6],"Kunai":[24],"Boot":[23],"obtain_stats":[{"CeramicFish":26,"Omamori":9,"Bag of Preparation":43,"Boot":23,"Old Coin":11,"Nuclear Battery":17,"HornCleat":40,"Ornamental Fan":6,"DollysMirror":37,"Strawberry":31,"Orrery":19,"Molten Egg 2":8,"Fusion Hammer":34,"Kunai":37,"Cracked Core":0,"InkBottle":45},{"CeramicFish":16,"Omamori":6,"Bag of Preparation":25,"Boot":15,"Old Coin":8,"Nuclear Battery":10,"HornCleat":24,"Ornamental Fan":6,"DollysMirror":22,"Strawberry":19,"Orrery":11,"Molten Egg 2":6,"Fusion Hammer":20,"Kunai":22,"Cracked Core":0,"InkBottle":26},{"CeramicFish":43,"Omamori":11,"Bag of Preparation":75,"Boot":41,"Old Coin":16,"Nuclear Battery":27,"HornCleat":73,"Ornamental Fan":11,"DollysMirror":65,"Strawberry":53,"Orrery":29,"Molten Egg 2":11,"Fusion Hammer":59,"Kunai":65,"Cracked Core":0,"InkBottle":78}],"InkBottle":[6]},"card_choices":[{"not_picked":["Barrage","Ball Lightning"],"picked":"Cold Snap","floor":1.0},{"not_picked":["Rebound","Collect"],"picked":"JustLucky","floor":2.0},{"not_picked":["Rip and Tear","Ball Lightning"],"picked":"Beam Cell","floor":3.0},{"not_picked":["FlurryOfBlows","BootSequence"],"picked":"BowlingBash","floor":4.0},{"not_picked":["Sanctity","Force Field"],"picked":"Capacitor","floor":5.0},{"not_picked":["Turbo","Compile Driver"],"picked":"Go for the Eyes","floor":6.0},{"not_picked":["FlurryOfBlows+1","ThirdEye"],"picked":"SpiritShield","floor":10.0},{"not_picked":["Self Repair","EmptyFist+1"],"picked":"Barrage+1","floor":11.0},{"not_picked":["Chaos","Redo"],"picked":"Weave+1","floor":14.0},{"not_picked":["Alpha","Echo Form"],"picked":"Ragnarok+1","floor":16.0},{"not_picked":["ThirdEye","Streamline+1"],"picked":"Leap+1","floor":18.0},{"not_picked":["Aggregate+1","ThirdEye"],"picked":"Sweeping Beam+1","floor":19.0},{"not_picked":["Protect+1","Worship"],"picked":"Conclude+1","floor":19.0},{"not_picked":["Consecrate+1","Leap"],"picked":"Beam Cell+1","floor":19.0},{"not_picked":["Conserve Battery","White Noise"],"picked":"Prostrate","floor":19.0},{"not_picked":["Hologram","Tempest"],"picked":"Prostrate","floor":19.0},{"not_picked":["Wireheading","Protect"],"picked":"Consecrate+1","floor":20.0},{"not_picked":["PathToVictory","Wallop+1"],"picked":"CutThroughFate+1","floor":21.0},{"not_picked":["ConjureBlade","Ball Lightning+1"],"picked":"Coolheaded","floor":22.0},{"not_picked":["FlyingSleeves+1","Steam+1","Sanctity"],"picked":"SKIP","floor":23.0},{"not_picked":["Turbo","Aggregate"],"picked":"Beam Cell+1","floor":25.0},{"not_picked":["Cold Snap+1","BootSequence+1"],"picked":"JustLucky+1","floor":28.0},{"not_picked":["Chill","Leap"],"picked":"CutThroughFate+1","floor":30.0},{"not_picked":["Steam+1","Hologram"],"picked":"LikeWater+1","floor":31.0},{"not_picked":["Thunder Strike+1","DevaForm"],"picked":"Seek","floor":33.0},{"not_picked":["Stack+1","Protect+1"],"picked":"Coolheaded+1","floor":35.0},{"not_picked":["CarveReality+1","BowlingBash+1"],"picked":"Evaluate+1","floor":36.0},{"not_picked":["Conserve Battery","Barrage+1"],"picked":"Prostrate+1","floor":39.0},{"not_picked":["Evaluate","Tempest","Halt"],"picked":"SKIP","floor":40.0},{"not_picked":["Stack","BowlingBash+1"],"picked":"JustLucky+1","floor":42.0},{"not_picked":["Force Field+1","Halt","Steam"],"picked":"SKIP","floor":45.0},{"not_picked":["PanicButton","Purity"],"picked":"Panacea","floor":46.0},{"not_picked":["Blizzard+1","FlurryOfBlows+1"],"picked":"Doom and Gloom+1","floor":48.0}],"player_experience":993032,"relics_obtained":[{"floor":6.0,"key":"Ornamental Fan"},{"floor":9.0,"key":"Omamori"},{"floor":11.0,"key":"Old Coin"},{"floor":23.0,"key":"Boot"},{"floor":26.0,"key":"CeramicFish"},{"floor":31.0,"key":"Strawberry"},{"floor":40.0,"key":"HornCleat"},{"floor":43.0,"key":"Bag of Preparation"},{"floor":45.0,"key":"InkBottle"}],"event_choices":[{"damage_healed":0.0,"max_hp_gain":0.0,"max_hp_loss":0.0,"gold_gain":0.0,"event_name":"Shining Light","player_choice":"Entered Light","floor":7.0,"gold_loss":0.0,"damage_taken":15.0,"cards_upgraded":["Strike_B","Strike_B"]},{"damage_healed":0.0,"max_hp_gain":0.0,"max_hp_loss":0.0,"gold_gain":0.0,"event_name":"Upgrade Shrine","player_choice":"Upgraded","floor":13.0,"gold_loss":0.0,"damage_taken":0.0,"cards_upgraded":["Apotheosis"]},{"damage_healed":0.0,"max_hp_gain":0.0,"max_hp_loss":0.0,"gold_gain":270.0,"event_name":"Knowing Skull","player_choice":"GOLD GOLD GOLD ","floor":27.0,"potions_obtained":[],"gold_loss":0.0,"damage_taken":27.0,"cards_obtained":[]},{"cards_removed":["HandOfGreed"],"damage_healed":0.0,"max_hp_gain":0.0,"max_hp_loss":0.0,"gold_gain":0.0,"event_name":"Falling","player_choice":"Removed Attack","floor":44.0,"gold_loss":0.0,"damage_taken":0.0},{"damage_healed":0.0,"max_hp_gain":0.0,"max_hp_loss":0.0,"gold_gain":0.0,"event_name":"SensoryStone","player_choice":"Memory 1","floor":46.0,"gold_loss":0.0,"damage_taken":0.0}],"is_beta":false,"boss_relics":[{"not_picked":["Busted Crown","Snecko Eye"],"picked":"Nuclear Battery"},{"not_picked":["SacredBark","Runic Pyramid"],"picked":"Fusion Hammer"}],"items_purged_floors":[12,37,38],"is_endless":false,"potions_floor_spawned":[2,4,11,14,20,21,22,28,35,42,45],"ascension_level":0}}