{"host":"f0gpob8hq9vgebej","time":1612354318,"event":{"mods":["AchievementEnabler","BaseMod","Minty Spire (QoL Compilation)","Quick Restart","SuperFastMode"],"gold_per_floor":[113,113,38,113,138,168,168,195,195,214,244,256,286,306,306,385,385,402,352,352],"floor_reached":19,"language":"KOR","playtime":501,"items_purged":["Strike_R"],"score":453,"play_id":"0f7fabe5-04f0-4dd4-9889-900d810ed867","local_time":"20210203211158","is_ascension_mode":true,"campfire_choices":[{"data":"Blood for Blood","floor":7,"key":"SMITH"},{"data":"Inflame","floor":15,"key":"SMITH"}],"circlet_count":0,"master_deck":["AscendersBane","Strike_R","Strike_R","Defend_R","Defend_R","Defend_R","Defend_R","Bash","Whirlwind","Blood for Blood+1","Power Through","True Grit","Hemokinesis","Inflame+1","Spot Weakness","Shrug It Off"],"relics":["Burning Blood","NeowsBlessing","Regal Pillow","Darkstone Periapt","StrikeDummy","Ornamental Fan","Meat on the Bone","Smiling Mask","SacredBark"],"acts_visited":["Exordium","TheCity"],"potions_floor_usage":[11,11,16],"damage_taken":[{"damage":0,"enemies":"Small Slimes","floor":1,"turns":1},{"damage":0,"enemies":"Lagavulin","floor":6,"turns":1},{"damage":0,"enemies":"3 Sentries","floor":8,"turns":2},{"damage":0,"enemies":"2 Louse","floor":10,"turns":1},{"damage":9,"enemies":"Lagavulin","floor":11,"turns":6},{"damage":2,"enemies":"Jaw Worm","floor":12,"turns":3},{"damage":26,"enemies":"Gremlin Nob","floor":13,"turns":4},{"damage":5,"enemies":"Blue Slaver","floor":14,"turns":4},{"damage":29,"enemies":"Hexaghost","floor":16,"turns":7},{"damage":45,"enemies":"Spheric Guardian","floor":18,"turns":6}],"seed_played":"-4962417123627798954","potions_obtained":[{"floor":1,"key":"Block Potion"},{"floor":8,"key":"Energy Potion"},{"floor":14,"key":"ColorlessPotion"},{"floor":18,"key":"Explosive Potion"}],"is_trial":false,"path_per_floor":["M","?","?","?","T","E","R","E","T","M","E","M","E","M","R","B",null,"M","$"],"character_chosen":"IRONCLAD","items_purchased":[],"campfire_rested":0,"item_purchase_floors":[],"current_hp_per_floor":[74,74,74,63,63,69,69,75,75,75,72,75,55,56,56,45,68,41,41,41],"gold":352,"neow_bonus":"THREE_ENEMY_KILL","is_daily":false,"chose_seed":false,"campfire_upgraded":2,"win_rate":0.0,"timestamp":1612354318,"path_taken":["M","?","?","?","?","E","R","E","T","M","E","M","E","M","R","BOSS","M","$"],"items_purchased_type":[],"build_version":"2020-12-22","purchased_purges":1,"victory":false,"max_hp_per_floor":[75,75,75,75,75,75,75,75,75,75,75,75,75,75,75,75,75,75,75,75],"card_choices":[{"not_picked":["Ghostly Armor","Flex"],"picked":"Whirlwind","floor":1},{"not_picked":["Cleave","Searing Blow"],"picked":"Blood for Blood","floor":6},{"not_picked":["Bludgeon","Combust"],"picked":"Power Through","floor":8},{"not_picked":["Infernal Blade","Iron Wave","Perfected Strike"],"picked":"SKIP","floor":10},{"not_picked":["Infernal Blade","Iron Wave","Perfected Strike"],"picked":"SKIP","floor":10},{"not_picked":["Pummel","Pommel Strike"],"picked":"True Grit","floor":11},{"not_picked":["True Grit","Whirlwind"],"picked":"Hemokinesis","floor":12},{"not_picked":["Carnage","Intimidate"],"picked":"Inflame","floor":13},{"not_picked":["Heavy Blade","Rage"],"picked":"Spot Weakness","floor":14},{"not_picked":["Clothesline","Fire Breathing"],"picked":"Shrug It Off","floor":18}],"player_experience":373250,"relics_obtained":[{"floor":5,"key":"Regal Pillow"},{"floor":6,"key":"Darkstone Periapt"},{"floor":8,"key":"StrikeDummy"},{"floor":9,"key":"Ornamental Fan"},{"floor":11,"key":"Meat on the Bone"},{"floor":13,"key":"Smiling Mask"}],"event_choices":[{"cards_removed":["Strike_R"],"damage_healed":0,"gold_gain":0,"player_choice":"Forget","damage_taken":0,"max_hp_gain":0,"max_hp_loss":0,"event_name":"Living Wall","floor":2,"gold_loss":0},{"cards_removed":["Strike_R"],"damage_healed":0,"gold_gain":0,"player_choice":"Card Removal","damage_taken":0,"max_hp_gain":0,"max_hp_loss":0,"event_name":"The Cleric","floor":3,"gold_loss":75},{"damage_healed":0,"gold_gain":75,"player_choice":"Gather Gold","damage_taken":11,"max_hp_gain":0,"max_hp_loss":0,"event_name":"World of Goop","floor":4,"gold_loss":0}],"is_beta":false,"boss_relics":[{"not_picked":["Snecko Eye","Coffee Dripper"],"picked":"SacredBark"}],"items_purged_floors":[19],"is_endless":false,"potions_floor_spawned":[1,8,10,14,18],"ascension_level":17}}