{"host":"qmnyg5dk1o6rw6mz","time":1612347965,"event":{"mods":["2.2 Compatiblity","AchievementEnabler","Act Like it!","Aspiration","Astrologer","BaseMod","Beaked The Cultist","Better Altar","Better Match","Better Note","Better Sensory Stone","Better Skull","Better Third Choice","Better Vampires","Block Reminder","CapriCore","Challenge The Spire","ChefMod","Colored Map","Colored Powertips","Conspire","Defuse TimeMaze Blight","Disable Question Mark Monsters","Displayed Cursed Tome","Downfall","Energized Spire","Gensokyo","GifTheSpireLib","Hermit","Highlight Path","Hubris","Infinite Spire","Jedi Mod","Marisa¡]Ãú«B¡@Å]²z¨F¡^","Marked Mod","Minty Spire (QoL Compilation)","Monster B Gone","Pale of the Ancients","Permanent Neow","Quick Restart","Reimu¡]³Õ???¡^","Relic Filter","Reliquary","Replay The Spire","StSLib","Synergy Search","The Construct","The Cursed","The Dragon Tamer","The Gatherer","The Hayseed","The Poker Player","The Runesmith","The Showman","Unceasing Turn Reminder","Wide Potions","thorton"],"gold_per_floor":[113,125,136,136,61,61,61,61,87,104,153,153,176,176,194,211,211,313,313,327,327,327,327],"floor_reached":22,"language":"ENG","playtime":8576,"items_purged":["Strike_B","Strike_B"],"score":202,"play_id":"9c42829c-5643-4fdf-89fd-bd0f034cc7c1","local_time":"20210203182605","is_ascension_mode":true,"campfire_choices":[{"floor":8,"key":"REST"},{"data":"Mirror Shield","floor":12,"key":"SMITH"},{"data":"Mirror Shield","floor":14,"key":"SMITH"},{"data":"Strike_B","floor":17,"key":"PURGE"}],"circlet_count":0,"master_deck":["Strike_B","Defend_B","Defend_B","Defend_B","Defend_B","Zap","Dualcast","Mirror Shield+1","Barrage","Storm","Mirror Shield+1","infinitespire:DeathsTouch","BootSequence","Cold Snap+1","Compile Driver+1","Core Surge+1","Slimebound:CheckThePlaybook"],"relics":["TheSimpletonMod:HotPotato","MiniHakkero","infinitespire:Chaos","Molten Egg 2","Vajra","Odd Mushroom","Black Star"],"acts_visited":["Exordium","TheCity"],"potions_floor_usage":[18,18],"damage_taken":[{"damage":0,"enemies":"Cultist","floor":1,"turns":4},{"damage":2,"enemies":"Jaw Worm","floor":2,"turns":3},{"damage":4,"enemies":"Small Slimes","floor":3,"turns":3},{"damage":3,"enemies":"Gremlin Nob","floor":9,"turns":5},{"damage":6,"enemies":"2 Fungi Beasts","floor":10,"turns":4},{"damage":0,"enemies":"The Mushroom Lair","floor":13,"turns":4},{"damage":4,"enemies":"Blue Slaver","floor":15,"turns":3},{"damage":0,"enemies":"3 Louse","floor":16,"turns":3},{"damage":5,"enemies":"Fading Forest","floor":18,"turns":11},{"damage":2,"enemies":"Spheric Guardian","floor":20,"turns":4},{"damage":54,"enemies":"3 Byrds","floor":22,"turns":3}],"seed_played":"4115496320307142830","potions_obtained":[{"floor":9,"key":"BlessingOfTheForge"},{"floor":10,"key":"Explosive Potion"},{"floor":13,"key":"jedi:StrikingPotion"}],"is_trial":false,"path_per_floor":["M","M","M","$","$","PTL","PTL","R","E","M","T","R","?","R","M","M","R_BF","B",null,"M","?","M"],"character_chosen":"DEFECT","items_purchased":["hubris:KleinBottle","infinitespire:Chaos"],"campfire_rested":1,"item_purchase_floors":[4,4],"current_hp_per_floor":[54,52,48,14,14,14,14,36,33,27,27,27,27,27,23,23,23,38,75,73,68,14,14],"gold":327,"neow_bonus":"THREE_RARE_CARDS","is_daily":false,"chose_seed":false,"campfire_upgraded":2,"win_rate":0.0,"timestamp":1612347965,"path_taken":["M","?","M","?","$","PTL","PTL","R","E","M","T","R","?","R","M","?","R_BF","BOSS","M","?","M"],"items_purchased_type":["Relic","Relic"],"build_version":"2020-12-22","purchased_purges":2,"victory":false,"max_hp_per_floor":[75,75,75,75,75,75,75,75,75,75,75,75,75,75,75,75,75,75,75,75,68,68,68],"card_choices":[{"not_picked":["hubris:Prefetch","Buffer"],"picked":"Mirror Shield","floor":0},{"not_picked":["jedi:BurstFrost","hubris:Ukulele"],"picked":"Barrage","floor":1},{"not_picked":["ReplayTheSpireMod:System Scan","BasicCrystalCard"],"picked":"Storm","floor":2},{"not_picked":["Streamline","Panic Button"],"picked":"Mirror Shield","floor":3},{"not_picked":["infinitespire:Execution","infinitespire:FutureSight"],"picked":"infinitespire:DeathsTouch","floor":4},{"not_picked":["Aggregate","ReplayGash+1"],"picked":"BootSequence","floor":9},{"not_picked":["Rebound+1","Steam"],"picked":"Cold Snap+1","floor":10},{"not_picked":["Stack","jedi:BurstFrost","Consume"],"picked":"SKIP","floor":15},{"not_picked":["BasicCrystalCard","Steam Power"],"picked":"Compile Driver+1","floor":16},{"not_picked":["Meteor Strike+1","hubris:Prefetch"],"picked":"Core Surge+1","floor":18},{"not_picked":["Streamline+1","Coolheaded","Darkness"],"picked":"SKIP","floor":20}],"player_experience":217969,"relics_obtained":[{"floor":9,"key":"Molten Egg 2"},{"floor":11,"key":"Vajra"},{"floor":13,"key":"Odd Mushroom"}],"event_choices":[{"damage_healed":0,"gold_gain":0,"player_choice":"Fought Mushrooms","damage_taken":0,"max_hp_gain":0,"max_hp_loss":0,"event_name":"Mushrooms","floor":13,"gold_loss":0}],"is_beta":false,"boss_relics":[{"not_picked":["energizedSpire:StickyHand","reliquary:Ember"],"picked":"Black Star"}],"items_purged_floors":[4,5],"is_endless":false,"potions_floor_spawned":[9,10,13,16],"killed_by":"3 Byrds","ascension_level":2}}