{"host":"52lujqhsyicpcskq","time":1612370386,"event":{"mods":["BaseMod","Colored Map","Minty Spire (QoL Compilation)","Permanent Neow","StSLib","SuperFastMode","everything is the same but u backflip on backflip"],"gold_per_floor":[110,124,140,150,110,140,140,174,174,201,201,201,201,214,214,214,214],"floor_reached":16,"language":"KOR","playtime":392,"items_purged":[],"score":218,"play_id":"fc9dabfa-11fe-4284-8d5c-552b93c4dd77","local_time":"20210204013946","is_ascension_mode":true,"campfire_choices":[{"data":"Body Slam","floor":7,"key":"SMITH"},{"data":"Offering","floor":11,"key":"SMITH"},{"data":"Cleave","floor":15,"key":"SMITH"}],"circlet_count":0,"master_deck":["AscendersBane","Strike_R","Strike_R","Strike_R","Strike_R","Defend_R","Defend_R","Defend_R","Defend_R","Bash","Offering+1","Headbutt","Cleave+1","Flex","Carnage","Feel No Pain","Body Slam+1","Clothesline","Infernal Blade+1","Dark Embrace"],"relics":["Burning Blood","Pen Nib","Toxic Egg 2","Sundial","The Courier"],"acts_visited":["Exordium"],"potions_floor_usage":[6,10,16],"damage_taken":[{"damage":8,"enemies":"Jaw Worm","floor":1,"turns":4},{"damage":7,"enemies":"2 Louse","floor":2,"turns":4},{"damage":0,"enemies":"Cultist","floor":3,"turns":3},{"damage":6,"enemies":"Large Slime","floor":4,"turns":5},{"damage":6,"enemies":"Gremlin Nob","floor":6,"turns":2},{"damage":21,"enemies":"3 Sentries","floor":8,"turns":4},{"damage":25,"enemies":"Lagavulin","floor":10,"turns":5},{"damage":10,"enemies":"2 Fungi Beasts","floor":14,"turns":3},{"damage":40,"enemies":"Slime Boss","floor":16,"turns":5}],"seed_played":"-718650757865503159","potions_obtained":[{"floor":1,"key":"DistilledChaos"},{"floor":4,"key":"AttackPotion"},{"floor":14,"key":"SneckoOil"}],"is_trial":false,"path_per_floor":["M","M","M","M","$","E","R","E","T","E","R","?","?","M","R","B"],"character_chosen":"IRONCLAD","items_purchased":["Feel No Pain"],"campfire_rested":0,"item_purchase_floors":[5],"current_hp_per_floor":[70,69,75,75,75,75,75,60,60,41,41,41,41,37,37,0,0],"gold":214,"neow_bonus":"TRANSFORM_CARD","is_daily":false,"chose_seed":false,"campfire_upgraded":3,"win_rate":0.0,"timestamp":1612370386,"path_taken":["M","M","M","M","$","E","R","E","T","E","R","?","?","M","R","BOSS"],"items_purchased_type":["Card"],"build_version":"2020-12-22","purchased_purges":0,"victory":false,"max_hp_per_floor":[80,80,80,80,80,80,80,80,80,80,80,80,80,80,80,80,80],"card_choices":[{"not_picked":["Searing Blow","Warcry"],"picked":"Headbutt","floor":1},{"not_picked":["Infernal Blade","Thunderclap"],"picked":"Cleave","floor":2},{"not_picked":["Carnage","Power Through"],"picked":"Flex","floor":3},{"not_picked":["Cleave","Flex"],"picked":"Carnage","floor":4},{"not_picked":["Flex","Havoc"],"picked":"Body Slam","floor":6},{"not_picked":["Cleave","Berserk"],"picked":"Clothesline","floor":8},{"not_picked":["Ghostly Armor+1","Rupture"],"picked":"Infernal Blade+1","floor":10},{"not_picked":["Anger","Thunderclap"],"picked":"Dark Embrace","floor":14}],"player_experience":747871,"relics_obtained":[{"floor":6,"key":"Pen Nib"},{"floor":8,"key":"Toxic Egg 2"},{"floor":9,"key":"Sundial"},{"floor":10,"key":"The Courier"}],"event_choices":[{"damage_healed":0,"gold_gain":0,"player_choice":"Ignored","damage_taken":0,"max_hp_gain":0,"max_hp_loss":0,"event_name":"Liars Game","floor":12,"gold_loss":0},{"damage_healed":0,"gold_gain":0,"player_choice":"Bought 0 Potions","damage_taken":0,"max_hp_gain":0,"max_hp_loss":0,"event_name":"The Woman in Blue","floor":13,"gold_loss":0}],"is_beta":false,"boss_relics":[],"items_purged_floors":[],"is_endless":false,"potions_floor_spawned":[1,4,14],"killed_by":"Slime Boss","ascension_level":10}}