{"host":"jhywql2x2v3ppvhm","time":1612370731,"event":{"mods":["BaseMod","Colored Map","Colored Powertips","Downfall","Googly Eyes","Hermit","Marisa????????","Minty Spire (QoL Compilation)","Rare Cards Sparkle","Shop Mod","Slay the Relics Exporter","StSLib","The Animator","The Bug Knight","The Cursed","The Disciple","The Necromancer","The Runesmith","The Servant 0.9.4","slay the spire mod where everything is the same but ironclad has a cowboy hat"],"gold_per_floor":[118,20,20,36,50,50,80,80,105,121,131,131,164,164,164,265,315,334,344,43,43,56,81,95,95,95,95,110,64,64,64,64,168,168,184,459,60,73,73,73,92,115,138,158,158,172,183,194,194,194,194,194,69,103,103,103],"floor_reached":55,"language":"ENG","playtime":3128,"items_purged":["Strike_R","Regret","Parasite"],"score":674,"play_id":"bc234117-7ce3-45b2-8580-ce52407d4f1c","local_time":"20210203114531","is_ascension_mode":false,"campfire_choices":[{"data":"Juggernaut","floor":6,"key":"SMITH"},{"data":"Flame Barrier","floor":8,"key":"SMITH"},{"data":"Shrug It Off","floor":12,"key":"SMITH"},{"floor":15,"key":"REST"},{"floor":25,"key":"RECALL"},{"data":"Body Slam","floor":27,"key":"SMITH"},{"floor":32,"key":"REST"},{"data":"Shrug It Off","floor":40,"key":"SMITH"},{"data":"Juggernaut","floor":45,"key":"SMITH"},{"data":"Armaments","floor":49,"key":"SMITH"},{"data":"Good Instincts","floor":52,"key":"SMITH"}],"circlet_count":0,"master_deck":["Strike_R","Strike_R","Strike_R","Strike_R","Defend_R","Defend_R","Defend_R","Defend_R","Juggernaut+1","Shrug It Off+1","Flame Barrier+1","Shrug It Off+1","Juggernaut+1","Shrug It Off","Good Instincts+1","Body Slam+1","Entrench+1","Armaments+1","Juggernaut+1","Body Slam","Iron Wave+1"],"relics":["Black Blood","Boot","Incense Burner","Tiny House","Blood Vial","TungstenRod","Gremlin Horn","Happy Flower","Lee\u0027s Waffle","Orichalcum","Pen Nib","Oddly Smooth Stone"],"acts_visited":["Exordium","TheCity","TheBeyond","TheEnding"],"potions_floor_usage":[7,10,13,16,22,47,47,50],"damage_taken":[{"damage":7,"enemies":"Small Slimes","floor":1,"turns":4},{"damage":0,"enemies":"Cultist","floor":4,"turns":4},{"damage":3,"enemies":"Jaw Worm","floor":5,"turns":4},{"damage":32,"enemies":"3 Sentries","floor":7,"turns":10},{"damage":5,"enemies":"Looter","floor":10,"turns":4},{"damage":30,"enemies":"Gremlin Gang","floor":11,"turns":7},{"damage":20,"enemies":"Lagavulin","floor":13,"turns":9},{"damage":29,"enemies":"Hexaghost","floor":16,"turns":11},{"damage":15,"enemies":"3 Byrds","floor":18,"turns":4},{"damage":9,"enemies":"2 Thieves","floor":19,"turns":5},{"damage":12,"enemies":"Snake Plant","floor":22,"turns":5},{"damage":23,"enemies":"Book of Stabbing","floor":23,"turns":7},{"damage":14,"enemies":"3 Cultists","floor":24,"turns":6},{"damage":15,"enemies":"Sentry and Sphere","floor":28,"turns":7},{"damage":15,"enemies":"Champ","floor":33,"turns":10},{"damage":33,"enemies":"3 Shapes","floor":35,"turns":11},{"damage":18,"enemies":"Orb Walker","floor":38,"turns":4},{"damage":22,"enemies":"Writhing Mass","floor":41,"turns":7},{"damage":25,"enemies":"Sphere and 2 Shapes","floor":44,"turns":4},{"damage":2,"enemies":"3 Darklings","floor":46,"turns":6},{"damage":7,"enemies":"4 Shapes","floor":47,"turns":6},{"damage":4,"enemies":"Sphere and 2 Shapes","floor":48,"turns":7},{"damage":58,"enemies":"Time Eater","floor":50,"turns":13},{"damage":72,"enemies":"Shield and Spear","floor":54,"turns":10},{"damage":38,"enemies":"The Heart","floor":55,"turns":5}],"seed_played":"3213045606731318446","potions_obtained":[{"floor":1,"key":"Explosive Potion"},{"floor":3,"key":"DuplicationPotion"},{"floor":3,"key":"LiquidBronze"},{"floor":10,"key":"BloodPotion"},{"floor":17,"key":"BlessingOfTheForge"},{"floor":24,"key":"BlessingOfTheForge"},{"floor":28,"key":"SteroidPotion"},{"floor":33,"key":"Strength Potion"},{"floor":38,"key":"Explosive Potion"},{"floor":47,"key":"Swift Potion"},{"floor":48,"key":"BlessingOfTheForge"},{"floor":54,"key":"sneckomod:MuddlingPotion"}],"is_trial":false,"path_per_floor":["M","$","?","M","M","R","E","R","T","M","M","R","E","?","R","B",null,"M","M","$","?","M","E","M","R","T","R","M","$","$","?","R","B",null,"M","?","$","M","$","R","M","T","T","M","R","M","M","M","R","B",null,"R","$","E","B"],"character_chosen":"IRONCLAD","items_purchased":["Shrug It Off","Flame Barrier","Blood Vial","Good Instincts","Armaments","Happy Flower","Lee\u0027s Waffle"],"campfire_rested":2,"item_purchase_floors":[2,2,20,20,29,37,37],"current_hp_per_floor":[79,79,79,80,80,80,54,54,54,55,31,31,33,33,57,34,85,76,73,73,73,69,54,48,48,48,48,41,41,41,41,66,59,85,64,64,92,86,86,86,78,78,78,67,67,79,86,92,92,46,92,92,89,29,0,0],"gold":103,"neow_bonus":"ONE_RANDOM_RARE_CARD","is_daily":false,"chose_seed":false,"campfire_upgraded":8,"win_rate":0.0,"timestamp":1612370731,"path_taken":["M","$","?","M","M","R","E","R","T","M","?","R","E","?","R","BOSS","M","M","$","?","M","E","?","R","T","R","M","?","$","?","R","BOSS","M","?","$","M","?","R","M","?","T","M","R","?","M","M","R","BOSS","R","$","E","BOSS"],"items_purchased_type":["Card","Card","Relic","Card","Card","Relic","Relic"],"build_version":"2020-12-22","purchased_purges":3,"victory":false,"max_hp_per_floor":[80,80,80,80,80,80,80,80,80,80,80,80,80,80,80,80,85,85,85,85,85,85,85,85,85,85,85,85,85,85,85,85,85,85,85,85,92,92,92,92,92,92,92,92,92,92,92,92,92,92,92,92,89,89,89,89],"card_choices":[{"not_picked":["Rupture","Dual Wield","Clothesline"],"picked":"SKIP","floor":1},{"not_picked":["Evolve","Pummel","Twin Strike"],"picked":"SKIP","floor":4},{"not_picked":["Uppercut","Infernal Blade","Warcry"],"picked":"SKIP","floor":5},{"not_picked":["True Grit","Infernal Blade"],"picked":"Shrug It Off","floor":7},{"not_picked":["Blood for Blood","Clash","Burning Pact"],"picked":"SKIP","floor":10},{"not_picked":["Flex","Heavy Blade","Havoc"],"picked":"SKIP","floor":11},{"not_picked":["Fire Breathing","Flex","Thunderclap"],"picked":"SKIP","floor":13},{"not_picked":["Bludgeon","Reaper"],"picked":"Juggernaut","floor":16},{"not_picked":["Twin Strike","Infernal Blade","Fire Breathing"],"picked":"SKIP","floor":18},{"not_picked":["Feel No Pain","Blood for Blood"],"picked":"Shrug It Off","floor":19},{"not_picked":["Bludgeon","Twin Strike","Flame Barrier"],"picked":"SKIP","floor":22},{"not_picked":["Flex","Pommel Strike","Perfected Strike+1"],"picked":"SKIP","floor":23},{"not_picked":["Wild Strike","Clothesline+1"],"picked":"Body Slam","floor":24},{"not_picked":["Hemokinesis+1","Perfected Strike"],"picked":"Entrench+1","floor":28},{"not_picked":["Berserk","Demon Form"],"picked":"Juggernaut","floor":33},{"not_picked":["Twin Strike","Clothesline","Flame Barrier"],"picked":"SKIP","floor":35},{"not_picked":["Warcry","Armaments","Twin Strike"],"picked":"SKIP","floor":38},{"not_picked":["Twin Strike+1","Perfected Strike"],"picked":"Body Slam","floor":41},{"not_picked":["Iron Wave+1","Headbutt+1","Sword Boomerang+1"],"picked":"SKIP","floor":44},{"not_picked":["Anger","Pommel Strike"],"picked":"Iron Wave+1","floor":46},{"not_picked":["Flex","Whirlwind","Thunderclap"],"picked":"SKIP","floor":47},{"not_picked":["Corruption","Clash+1","Intimidate"],"picked":"SKIP","floor":48},{"not_picked":["Blood for Blood+1","Entrench","Heavy Blade"],"picked":"SKIP","floor":54}],"player_experience":213882,"relics_obtained":[{"floor":7,"key":"Boot"},{"floor":13,"key":"Incense Burner"},{"floor":23,"key":"TungstenRod"},{"floor":26,"key":"Gremlin Horn"},{"floor":42,"key":"Orichalcum"},{"floor":43,"key":"Pen Nib"},{"floor":54,"key":"Oddly Smooth Stone"}],"event_choices":[{"damage_healed":0,"gold_gain":0,"player_choice":"Got Potions","damage_taken":0,"max_hp_gain":0,"max_hp_loss":0,"event_name":"Lab","floor":3,"gold_loss":0},{"damage_healed":0,"gold_gain":0,"player_choice":"Ignored","damage_taken":0,"max_hp_gain":0,"max_hp_loss":0,"event_name":"Shining Light","floor":14,"gold_loss":0},{"cards_removed":["Bash"],"damage_healed":0,"gold_gain":0,"player_choice":"Purged","damage_taken":0,"max_hp_gain":0,"max_hp_loss":0,"event_name":"Purifier","floor":21,"gold_loss":0},{"damage_healed":0,"gold_gain":0,"player_choice":"Ignored","damage_taken":0,"max_hp_gain":0,"max_hp_loss":0,"event_name":"Ghosts","floor":31,"gold_loss":0},{"damage_healed":0,"gold_gain":275,"player_choice":"Desecrate","damage_taken":0,"max_hp_gain":0,"max_hp_loss":0,"event_name":"Golden Shrine","floor":36,"gold_loss":0,"cards_obtained":["Regret"]}],"is_beta":false,"boss_relics":[{"not_picked":["bronze:MakeshiftBattery","Busted Crown"],"picked":"Tiny House"},{"not_picked":["Astrolabe","Runic Cube"],"picked":"Black Blood"}],"items_purged_floors":[20,37,53],"is_endless":false,"potions_floor_spawned":[1,5,10,24,28,33,38,41,47,48,54],"killed_by":"The Heart","ascension_level":0}}