{"host":"xp5rvh2jwe2ejyfm","time":1612358976,"event":{"mods":["Aspiration","BaseMod","BetterRewards","Colored Powertips","Conspire","Downfall","GifTheSpireLib","Gremlin Mod","Hermit","Hubris","Jorbs\u0027s Wanderer Trilogy","Minty Spire (QoL Compilation)","Replay The Spire","Robot Space Explorer","StSLib","The Bug Knight","The Clintock","The Construct","The Cursed","The Disciple","The Forsaken","The Hierophant","The Necromancer","The Runesmith","The Servant 0.9.4","The Witch"],"gold_per_floor":[115,129,141,158,169,198,213,213,294,294,307,326,360,82,82,82,82],"floor_reached":16,"language":"ENG","playtime":811,"items_purged":[],"score":116,"play_id":"3e92b00f-7700-41b9-9a81-5c4172d6b2f2","local_time":"20210203082936","is_ascension_mode":false,"campfire_choices":[{"floor":8,"key":"REST"},{"floor":10,"key":"REST"},{"floor":15,"key":"REST"}],"circlet_count":0,"master_deck":["HollowMod:NailStrikeStart","HollowMod:NailStrikeStart","HollowMod:NailStrikeStart","HollowMod:NailStrikeStart","HollowMod:QuickDashStart","HollowMod:QuickDashStart","HollowMod:QuickDashStart","HollowMod:QuickDashStart","HollowMod:FocusHealStart","HollowMod:PogoStrike","HollowMod:SharpenedNail","HollowMod:SharpenedShadows","HollowMod:SoulSplash","HollowMod:QuirrelsAssistance","HollowMod:CycloneSlash","HollowMod:AwokenDreamNail","HollowMod:MantisMark","HollowMod:HowlingWraiths","HollowMod:SiblingsShadow","HollowMod:GrimmsGift","HollowMod:SoulEater","HollowMod:WraithStrike","HollowMod:WraithStrike","HollowMod:VengefulSpirit"],"relics":["HollowMod:VesselMask","hubris:TenFootPole","Darkstone Periapt","Blood Vial","Membership Card"],"acts_visited":["Exordium"],"potions_floor_usage":[6,11,16,16],"damage_taken":[{"damage":0,"enemies":"Cultist","floor":1,"turns":3},{"damage":6,"enemies":"Jaw Worm","floor":2,"turns":2},{"damage":5,"enemies":"2 Louse","floor":3,"turns":3},{"damage":14,"enemies":"2 Fungi Beasts","floor":4,"turns":3},{"damage":5,"enemies":"3 Louse","floor":5,"turns":2},{"damage":37,"enemies":"3 Sentries","floor":6,"turns":7},{"damage":9,"enemies":"Looter","floor":7,"turns":4},{"damage":9,"enemies":"2 Fungi Beasts","floor":11,"turns":2},{"damage":14,"enemies":"Blue Slaver","floor":12,"turns":4},{"damage":29,"enemies":"HollowMod:MossKnight","floor":13,"turns":6},{"damage":43,"enemies":"Fading Forest","floor":16,"turns":7}],"seed_played":"-8745600636864455535","potions_obtained":[{"floor":3,"key":"Weak Potion"},{"floor":6,"key":"champ:CounterPotion"},{"floor":7,"key":"Explosive Potion"},{"floor":11,"key":"ColorlessPotion"},{"floor":13,"key":"LiquidBronze"}],"is_trial":false,"path_per_floor":["M","M","M","M","M","E","M","R","T","R","M","M","E","$","R","B"],"character_chosen":"THE_BUGKNIGHT","items_purchased":["HollowMod:SoulEater","Membership Card","HollowMod:WraithStrike","HollowMod:VengefulSpirit"],"campfire_rested":3,"item_purchase_floors":[14,14,14,14],"current_hp_per_floor":[75,69,64,50,45,14,5,27,27,49,40,32,3,3,25,0,0],"gold":82,"neow_bonus":"RANDOM_COMMON_RELIC","is_daily":false,"chose_seed":false,"campfire_upgraded":0,"win_rate":0.0,"timestamp":1612358976,"path_taken":["M","M","M","?","M","E","M","R","T","R","M","M","E","$","R","BOSS"],"items_purchased_type":["Card","Relic","Card","Card"],"build_version":"2020-12-22","purchased_purges":0,"victory":false,"max_hp_per_floor":[75,75,75,75,75,75,75,75,75,75,75,75,75,75,75,75,75],"card_choices":[{"not_picked":["HollowMod:CornifersMapStart","HollowMod:DesolateDive"],"picked":"HollowMod:SharpenedNail","floor":1},{"not_picked":["HollowMod:NewJinnsSoul","HollowMod:MawleksShell"],"picked":"HollowMod:SharpenedShadows","floor":2},{"not_picked":["HollowMod:VengefulSpirit","HollowMod:NewJinnsSoul"],"picked":"HollowMod:SoulSplash","floor":3},{"not_picked":["HollowMod:SiblingsSouls","HollowMod:HowlingWraiths"],"picked":"HollowMod:QuirrelsAssistance","floor":4},{"not_picked":["HollowMod:SoulStrike","HollowMod:SoulSplash"],"picked":"HollowMod:CycloneSlash","floor":5},{"not_picked":["HollowMod:PerfectDash","HollowMod:SoulVessel"],"picked":"HollowMod:AwokenDreamNail","floor":6},{"not_picked":["HollowMod:FallenFury","HollowMod:SiblingsShadow"],"picked":"HollowMod:MantisMark","floor":7},{"not_picked":["HollowMod:ChannelNail","HollowMod:GreatSlash"],"picked":"HollowMod:HowlingWraiths","floor":11},{"not_picked":["HollowMod:InfectedCysts","HollowMod:DashSlash"],"picked":"HollowMod:SiblingsShadow","floor":12},{"not_picked":["HollowMod:RecoilStrike","HollowMod:SharpenedNail"],"picked":"HollowMod:GrimmsGift","floor":13}],"player_experience":392202,"relics_obtained":[{"floor":6,"key":"Darkstone Periapt"},{"floor":13,"key":"Blood Vial"}],"event_choices":[],"is_beta":false,"boss_relics":[],"items_purged_floors":[],"is_endless":false,"potions_floor_spawned":[3,6,7,11,13],"killed_by":"Fading Forest","ascension_level":0}}