{"host":"jumrmhf584hajrnz","time":1612348339,"event":{"mods":["BaseMod","Duelist Mod","GifTheSpireLib","Minty Spire (QoL Compilation)","Quick Restart","StSLib"],"gold_per_floor":[138,44,44,60,77,77,108,108,108,108,183,95,114,146,146,221,221,236,236,251,264,264,264,264],"floor_reached":23,"language":"ENG","playtime":1074,"items_purged":[],"score":548,"play_id":"7560754a-c0c4-4d8a-b460-0d00bdccf4f3","local_time":"20210203113219","is_ascension_mode":true,"campfire_choices":[{"floor":6,"key":"RECALL"},{"data":"theDuelist:Gigaplant","floor":8,"key":"SMITH"},{"floor":15,"key":"REST"}],"circlet_count":0,"master_deck":["theDuelist:AngelTrumpeter+1","AscendersBane","theDuelist:CactusBouncer","theDuelist:CastleWalls","theDuelist:CastleWalls","theDuelist:DarkworldThorns","theDuelist:Inmato","theDuelist:JerryBeansMan","theDuelist:JerryBeansMan","theDuelist:Sparks","theDuelist:Sparks","theDuelist:SuperSolarNutrient","theDuelist:WorldTree+1","theDuelist:CactusBouncer","theDuelist:Gigaplant+1","theDuelist:VioletCrystal","theDuelist:SilverApples","theDuelist:VioletCrystal","theDuelist:BloomingDarkestRose","theDuelist:PredaplantChimerafflesia","theDuelist:Firegrass","theDuelist:Gigaplant+1","theDuelist:Gigaplant+1","theDuelist:SeedCannon+1"],"relics":["theDuelist:MillenniumPuzzle","theDuelist:CardPoolRelic","theDuelist:CardPoolBasicRelic","theDuelist:BoosterPackPoolRelic","theDuelist:CardPoolAddRelic","theDuelist:CardPoolMinusRelic","theDuelist:CardPoolSaveRelic","theDuelist:CardPoolOptionsRelic","NeowsBlessing","theDuelist:WhiteBowlRelic","HornCleat","Happy Flower","Sozu","theDuelist:MillenniumPrayerbook"],"acts_visited":["Exordium","TheCity"],"potions_floor_usage":[14,14],"damage_taken":[{"damage":0,"enemies":"Cultist","floor":1,"turns":1},{"damage":0,"enemies":"Small Slimes","floor":4,"turns":2},{"damage":0,"enemies":"Jaw Worm","floor":5,"turns":1},{"damage":0,"enemies":"Lagavulin","floor":7,"turns":6},{"damage":3,"enemies":"3 Louse","floor":13,"turns":3},{"damage":18,"enemies":"Gremlin Nob","floor":14,"turns":4},{"damage":0,"enemies":"The Guardian","floor":16,"turns":6},{"damage":21,"enemies":"Shell Parasite","floor":18,"turns":4},{"damage":1,"enemies":"3 Byrds","floor":20,"turns":3},{"damage":28,"enemies":"Cultist and Chosen","floor":21,"turns":4},{"damage":15,"enemies":"Gremlin Leader","floor":23,"turns":4}],"seed_played":"2154755425292000077","potions_obtained":[{"floor":1,"key":"theDuelist:BurningPotion"},{"floor":7,"key":"Strength Potion"}],"is_trial":false,"path_per_floor":["M","$","?","M","M","R","E","R","T","?","?","$","M","E","R","B",null,"M","?","M","M","T","E"],"character_chosen":"THE_DUELIST","items_purchased":["theDuelist:WorldTree","theDuelist:CactusBouncer","theDuelist:VioletCrystal"],"campfire_rested":1,"item_purchase_floors":[2,2,12],"current_hp_per_floor":[63,63,55,55,55,55,55,55,55,34,23,23,20,2,23,23,58,37,37,36,8,8,0,0],"gold":264,"neow_bonus":"THREE_ENEMY_KILL","is_daily":false,"chose_seed":false,"campfire_upgraded":1,"win_rate":0.0,"timestamp":1612348339,"path_taken":["M","?","?","M","?","R","E","R","T","?","?","$","M","E","R","BOSS","M","?","?","M","?","E"],"items_purchased_type":["Card","Card","Card"],"build_version":"2020-12-22","purchased_purges":0,"victory":false,"max_hp_per_floor":[70,70,70,70,70,70,70,70,70,70,70,70,70,70,70,70,70,70,70,70,70,70,70,70],"card_choices":[{"not_picked":["theDuelist:BotanicalLion","theDuelist:Inmato","theDuelist:WhiteRoseDragon","theDuelist:RoseWitch"],"picked":"theDuelist:SuperSolarNutrient","floor":1},{"not_picked":["theDuelist:SeedCannon","theDuelist:KamionTimelord","theDuelist:BlossomBombardment","theDuelist:BlackRoseMoonlight"],"picked":"theDuelist:Gigaplant","floor":4},{"not_picked":["theDuelist:WorldTree","theDuelist:BloomingDarkestRose","theDuelist:SplendidRose"],"picked":"theDuelist:VioletCrystal","floor":5},{"not_picked":["theDuelist:BotanicalLion","theDuelist:JerryBeansMan","theDuelist:WormApocalypse","theDuelist:FrozenRose"],"picked":"theDuelist:SilverApples","floor":7},{"not_picked":["theDuelist:LightningRodLord","theDuelist:DummyGolem","theDuelist:EvilswarmHeliotrope","theDuelist:JamBreeding","theDuelist:PurplePainOni"],"picked":"SKIP","floor":13},{"not_picked":["theDuelist:WorldTree","theDuelist:VioletCrystal","theDuelist:SplendidRose"],"picked":"theDuelist:BloomingDarkestRose","floor":14},{"not_picked":["theDuelist:PlantFoodChain","theDuelist:KamionTimelord","theDuelist:RoseArcher","theDuelist:BlackRoseMoonlight"],"picked":"theDuelist:PredaplantChimerafflesia","floor":16},{"not_picked":["theDuelist:BotanicalLion","theDuelist:JerryBeansMan","theDuelist:Spore","theDuelist:BotanicalGirl"],"picked":"theDuelist:Firegrass","floor":18},{"not_picked":["theDuelist:RainbowKuriboh","theDuelist:Jinzo","theDuelist:RoseWitch","theDuelist:Firegrass"],"picked":"theDuelist:Gigaplant+1","floor":20},{"not_picked":["theDuelist:WorldTree+1","theDuelist:VioletCrystal+1","theDuelist:SplendidRose+1","theDuelist:BloomingDarkestRose+1"],"picked":"theDuelist:SeedCannon+1","floor":21}],"player_experience":1688090,"relics_obtained":[{"floor":7,"key":"HornCleat"},{"floor":14,"key":"Happy Flower"},{"floor":22,"key":"theDuelist:MillenniumPrayerbook"}],"event_choices":[{"damage_healed":0,"gold_gain":0,"player_choice":"Dig - random Duelist relic","duelist":true,"damage_taken":0,"max_hp_gain":0,"max_hp_loss":0,"event_name":"Aknamkanon\u0027s Tomb","floor":3,"gold_loss":0},{"damage_healed":0,"gold_gain":0,"player_choice":"Entered Light","damage_taken":21,"max_hp_gain":0,"max_hp_loss":0,"event_name":"Shining Light","floor":10,"gold_loss":0,"cards_upgraded":["theDuelist:WorldTree","theDuelist:AngelTrumpeter"]},{"damage_healed":0,"gold_gain":75,"player_choice":"Gather Gold","damage_taken":11,"max_hp_gain":0,"max_hp_loss":0,"event_name":"World of Goop","floor":11,"gold_loss":0},{"damage_healed":0,"gold_gain":0,"player_choice":"Copied","damage_taken":0,"max_hp_gain":0,"max_hp_loss":0,"event_name":"Duplicator","floor":19,"gold_loss":0,"cards_obtained":["theDuelist:Gigaplant"]}],"is_beta":false,"boss_relics":[{"not_picked":["Calling Bell","SlaversCollar"],"picked":"Sozu"}],"items_purged_floors":[],"is_endless":false,"potions_floor_spawned":[1,7,18],"killed_by":"Gremlin Leader","ascension_level":20}}