{"host":"vex7walpoxzv48nx","time":1612364521,"event":{"mods":["AchievementEnabler","BaseMod","Bestiary","Highlight Path","Minty Spire (QoL Compilation)","Permanent Neow","Quick Restart","Relic Stats","UnlockEverythingMod"],"gold_per_floor":[159,33,33,72,37,37,112,112],"floor_reached":7,"language":"ENG","playtime":442,"items_purged":["Strike_R"],"score":98,"play_id":"ed313b2b-69f1-4342-9142-2a476bae2ec5","local_time":"20210203160201","daily_mods":["Chimera","Green Cards","Midas"],"is_ascension_mode":true,"campfire_choices":[{"floor":6.0,"key":"REST"}],"circlet_count":0,"master_deck":["AscendersBane","Bash","Survivor","Zap","Eruption","Strike_G","Strike_B","Defend_R+1","Defend_G","Defend_P","Coolheaded","Streamline+1"],"relics":["Cracked Core","Bird Faced Urn"],"acts_visited":["Exordium"],"potions_floor_usage":[],"damage_taken":[{"damage":4.0,"enemies":"Jaw Worm","floor":1.0,"turns":2.0},{"damage":0.0,"enemies":"Cultist","floor":4.0,"turns":3.0},{"damage":28.0,"enemies":"Gremlin Nob","floor":7.0,"turns":4.0}],"seed_played":"5841781667459291257","potions_obtained":[{"floor":4.0,"key":"EssenceOfSteel"}],"is_trial":true,"path_per_floor":["M","$","?","M","?","R","E"],"character_chosen":"DEFECT","items_purchased":["Streamline"],"campfire_rested":1,"item_purchase_floors":[2],"current_hp_per_floor":[60,60,39,39,56,71,43,43],"gold":112,"neow_bonus":"","is_daily":false,"chose_seed":false,"campfire_upgraded":0,"win_rate":0.0,"timestamp":1612364521,"path_taken":["M","$","?","M","?","R","E"],"items_purchased_type":["Card"],"build_version":"2020-12-22","purchased_purges":1,"victory":false,"max_hp_per_floor":[71,71,71,71,71,71,71,71],"relic_stats":{"counters":[3,9],"Bird Faced Urn":[0],"obtain_stats":[{"Bird Faced Urn":7,"Cracked Core":0},{"Bird Faced Urn":3,"Cracked Core":0},{"Bird Faced Urn":9,"Cracked Core":0}]},"card_choices":[{"not_picked":["Deflect","Stack"],"picked":"Coolheaded","floor":1.0},{"not_picked":["Undo","Redo","Infinite Blades"],"picked":"SKIP","floor":4.0}],"player_experience":256940,"relics_obtained":[{"floor":7,"key":"Bird Faced Urn"}],"event_choices":[{"damage_healed":0.0,"max_hp_gain":0.0,"max_hp_loss":0.0,"gold_gain":0.0,"event_name":"Shining Light","player_choice":"Entered Light","floor":3.0,"gold_loss":0.0,"damage_taken":21.0,"cards_upgraded":["Defend_R","Streamline"]},{"damage_healed":17.0,"max_hp_gain":0.0,"max_hp_loss":0.0,"gold_gain":0.0,"event_name":"The Cleric","player_choice":"Healed","floor":5.0,"gold_loss":35.0,"damage_taken":0.0}],"is_beta":false,"boss_relics":[],"items_purged_floors":[2],"is_endless":false,"potions_floor_spawned":[4],"killed_by":"Gremlin Nob","ascension_level":20}}