{"host":"p0hktren06injwdf","time":1612389746,"event":{"mods":["AchievementEnabler","BaseMod","Colored Map","DeckTracker","Minty Spire (QoL Compilation)","Permanent Neow","StSLib","SuperFastMode"],"gold_per_floor":[112,112,262,262,273,300,300,333,333,333,368,111,81,81,81,159,159,169,185,202,48,98,98,130,150,150,150,170,170,170,188,188,262,262,279,293,293,312,65,76,110,125,172,203,203,77,77,92,92,92,92,92,92,8,8,8],"floor_reached":55,"language":"KOR","playtime":1601,"items_purged":["Doubt","Defend_B"],"score":1901,"play_id":"0cfc019d-dbf7-445e-a1c5-a0ca634784d2","local_time":"20210204070226","is_ascension_mode":true,"campfire_choices":[{"data":"Ball Lightning","floor":7,"key":"SMITH"},{"data":"Electrodynamics","floor":10,"key":"SMITH"},{"data":"Cold Snap","floor":15,"key":"SMITH"},{"data":"Defragment","floor":23,"key":"SMITH"},{"data":"Consume","floor":27,"key":"SMITH"},{"data":"Coolheaded","floor":29,"key":"SMITH"},{"data":"Capacitor","floor":32,"key":"SMITH"},{"floor":45,"key":"RECALL"},{"floor":49,"key":"REST"},{"data":"Seek","floor":53,"key":"SMITH"}],"circlet_count":0,"master_deck":["AscendersBane","Defend_B","Defend_B","Defend_B+1","Zap+1","Dualcast","Ball Lightning+1","Cold Snap+1","Chill+1","Electrodynamics+1","Reboot","Capacitor+1","BootSequence","Core Surge","Hello World+1","Double Energy+1","Hyperbeam+1","Coolheaded+1","White Noise","Force Field","Self Repair","Defragment+1","Glacier","Consume+1","Conserve Battery","Hologram","Seek+1","Storm+1","Biased Cognition","White Noise","Coolheaded","Buffer","Decay","Heatsinks","Biased Cognition","PanicButton","Stack"],"relics":["Cracked Core","NeowsBlessing","Question Card","War Paint","Meat on the Bone","The Courier","Happy Flower","Astrolabe","Centennial Puzzle","Oddly Smooth Stone","Cursed Key","OrangePellets","Shuriken","Thread and Needle","DollysMirror"],"acts_visited":["Exordium","TheCity","TheBeyond","TheEnding"],"potions_floor_usage":[16,24,24,51,51,55],"damage_taken":[{"damage":0,"enemies":"2 Louse","floor":1,"turns":1},{"damage":0,"enemies":"Cultist","floor":5,"turns":1},{"damage":0,"enemies":"Lagavulin","floor":6,"turns":1},{"damage":17,"enemies":"3 Sentries","floor":8,"turns":8},{"damage":25,"enemies":"Gremlin Nob","floor":11,"turns":4},{"damage":8,"enemies":"Slime Boss","floor":16,"turns":7},{"damage":7,"enemies":"3 Byrds","floor":18,"turns":3},{"damage":16,"enemies":"Chosen","floor":19,"turns":4},{"damage":0,"enemies":"Centurion and Healer","floor":20,"turns":4},{"damage":13,"enemies":"Book of Stabbing","floor":24,"turns":7},{"damage":0,"enemies":"3 Cultists","floor":25,"turns":4},{"damage":17,"enemies":"Cultist and Chosen","floor":28,"turns":4},{"damage":11,"enemies":"Centurion and Healer","floor":31,"turns":4},{"damage":5,"enemies":"Champ","floor":33,"turns":11},{"damage":4,"enemies":"3 Darklings","floor":35,"turns":4},{"damage":6,"enemies":"Orb Walker","floor":36,"turns":3},{"damage":14,"enemies":"3 Darklings","floor":38,"turns":4},{"damage":9,"enemies":"Maw","floor":40,"turns":6},{"damage":14,"enemies":"Giant Head","floor":41,"turns":11},{"damage":26,"enemies":"Writhing Mass","floor":42,"turns":5},{"damage":3,"enemies":"Nemesis","floor":44,"turns":9},{"damage":0,"enemies":"4 Shapes","floor":48,"turns":4},{"damage":29,"enemies":"Donu and Deca","floor":50,"turns":9},{"damage":18,"enemies":"Awakened One","floor":51,"turns":10},{"damage":69,"enemies":"Shield and Spear","floor":55,"turns":3}],"seed_played":"2945672810432402154","potions_obtained":[{"floor":8,"key":"SpeedPotion"},{"floor":16,"key":"PowerPotion"},{"floor":20,"key":"Weak Potion"},{"floor":25,"key":"AttackPotion"},{"floor":33,"key":"GamblersBrew"},{"floor":41,"key":"FocusPotion"}],"is_trial":false,"path_per_floor":["M","?","?","?","M","E","R","E","T","R","E","$","$","?","R","B",null,"M","M","M","$","?","R","E","M","T","R","M","R","?","M","R","B",null,"M","M","?","M","$","M","E","M","T","E","R","$","?","M","R","B","B",null,"R","$","E"],"character_chosen":"DEFECT","items_purchased":["Happy Flower","Capacitor","BootSequence","Self Repair","Defragment","Glacier","White Noise","OrangePellets","DollysMirror","Stack","Fire Potion"],"campfire_rested":1,"item_purchase_floors":[12,12,13,21,21,21,39,39,46,54,54],"current_hp_per_floor":[64,64,64,64,64,64,64,47,47,47,34,34,34,34,34,38,63,56,40,40,40,40,40,46,53,53,53,36,36,36,44,44,46,65,68,62,62,48,48,46,51,44,44,48,48,48,48,48,69,47,48,65,65,65,0,0],"gold":8,"neow_bonus":"THREE_ENEMY_KILL","is_daily":false,"chose_seed":false,"campfire_upgraded":8,"win_rate":0.0,"timestamp":1612389746,"path_taken":["M","?","?","?","?","E","R","E","T","R","E","?","$","?","R","BOSS","M","?","M","$","?","R","E","M","T","R","M","R","?","M","R","BOSS","M","M","?","M","$","M","E","M","T","E","R","$","?","M","R","BOSS","BOSS","R","$","E"],"items_purchased_type":["Relic","Card","Card","Card","Card","Card","Card","Relic","Relic","Card","Potion"],"build_version":"2020-12-22","purchased_purges":2,"victory":false,"max_hp_per_floor":[71,71,71,71,71,71,71,71,71,71,71,71,71,71,71,71,71,71,71,71,71,71,71,71,71,71,71,71,71,71,71,71,71,71,71,71,71,71,71,71,71,71,71,71,71,71,71,71,71,71,71,71,71,71,71,71],"card_choices":[{"not_picked":["Hologram","Stack"],"picked":"Ball Lightning","floor":1},{"not_picked":["Barrage","Sweeping Beam"],"picked":"Cold Snap","floor":5},{"not_picked":["Rebound","Barrage"],"picked":"Chill","floor":6},{"not_picked":["Coolheaded","Beam Cell","Barrage"],"picked":"Electrodynamics","floor":8},{"not_picked":["Ball Lightning","Melter","Double Energy"],"picked":"Reboot","floor":11},{"not_picked":["Meteor Strike","Buffer","Amplify"],"picked":"Core Surge","floor":16},{"not_picked":["Gash","Streamline","Turbo"],"picked":"Coolheaded","floor":18},{"not_picked":["Barrage","Scrape","Heatsinks"],"picked":"White Noise","floor":19},{"not_picked":["Sweeping Beam","Stack","Multi-Cast"],"picked":"Force Field","floor":20},{"not_picked":["Reprogram","White Noise","Ball Lightning+1"],"picked":"Consume","floor":24},{"not_picked":["Steam","Tempest","Streamline"],"picked":"Conserve Battery","floor":25},{"not_picked":["Compile Driver","Skim","Barrage","Streamline"],"picked":"SKIP","floor":28},{"not_picked":["Go for the Eyes","Conserve Battery","Cold Snap"],"picked":"Hologram","floor":31},{"not_picked":["Fission","Core Surge","Hyperbeam"],"picked":"Seek","floor":33},{"not_picked":["Barrage+1","Rebound","Redo"],"picked":"Storm+1","floor":35},{"not_picked":["Hello World+1","Compile Driver","Turbo","FTL"],"picked":"SKIP","floor":36},{"not_picked":["Redo","Sunder","Ball Lightning"],"picked":"Biased Cognition","floor":38},{"not_picked":["Streamline+1","Leap+1","Cold Snap"],"picked":"Coolheaded","floor":40},{"not_picked":["Lockon","Streamline","Go for the Eyes+1"],"picked":"Buffer","floor":41},{"not_picked":["Tempest","Gash","Redo","Hologram"],"picked":"SKIP","floor":42},{"not_picked":["All For One","Steam","Redo"],"picked":"Heatsinks","floor":44},{"not_picked":["Metamorphosis","Transmutation","Good Instincts"],"picked":"PanicButton","floor":47},{"not_picked":["Melter","Coolheaded","Ball Lightning","Reprogram"],"picked":"SKIP","floor":48}],"player_experience":999080,"relics_obtained":[{"floor":6,"key":"Question Card"},{"floor":8,"key":"War Paint"},{"floor":9,"key":"Meat on the Bone"},{"floor":11,"key":"The Courier"},{"floor":24,"key":"Centennial Puzzle"},{"floor":26,"key":"Oddly Smooth Stone"},{"floor":41,"key":"Shuriken"},{"floor":44,"key":"Thread and Needle"}],"event_choices":[{"damage_healed":0,"gold_gain":0,"player_choice":"Ignored","damage_taken":0,"max_hp_gain":0,"max_hp_loss":0,"event_name":"Shining Light","floor":2,"gold_loss":0},{"damage_healed":0,"gold_gain":150,"player_choice":"AGREE","damage_taken":0,"max_hp_gain":0,"max_hp_loss":0,"event_name":"Liars Game","floor":3,"gold_loss":0,"cards_obtained":["Doubt"]},{"damage_healed":0,"gold_gain":0,"player_choice":"Forge","damage_taken":0,"max_hp_gain":0,"max_hp_loss":0,"event_name":"Accursed Blacksmith","floor":4,"gold_loss":0,"cards_upgraded":["Zap"]},{"damage_healed":0,"gold_gain":0,"player_choice":"0 cards matched","damage_taken":0,"max_hp_gain":0,"max_hp_loss":0,"event_name":"Match and Keep!","floor":14,"gold_loss":0,"cards_obtained":[]},{"damage_healed":0,"gold_gain":50,"player_choice":"Stole From Cult","damage_taken":0,"max_hp_gain":0,"max_hp_loss":0,"event_name":"Nest","floor":22,"gold_loss":0},{"damage_healed":0,"gold_gain":0,"player_choice":"Ignored","damage_taken":0,"max_hp_gain":0,"max_hp_loss":0,"event_name":"Vampires","floor":30,"gold_loss":0},{"cards_removed":["Strike_B"],"damage_healed":0,"gold_gain":0,"player_choice":"Removed Attack","damage_taken":0,"max_hp_gain":0,"max_hp_loss":0,"event_name":"Falling","floor":37,"gold_loss":0},{"damage_healed":0,"gold_gain":0,"player_choice":"Memory 1","damage_taken":0,"max_hp_gain":0,"max_hp_loss":0,"event_name":"SensoryStone","floor":47,"gold_loss":0}],"is_beta":false,"boss_relics":[{"not_picked":["Tiny House","Black Star"],"picked":"Astrolabe"},{"not_picked":["SacredBark","Coffee Dripper"],"picked":"Cursed Key"}],"items_purged_floors":[12,39],"is_endless":false,"potions_floor_spawned":[8,16,20,25,33,40,41,44,48],"killed_by":"Shield and Spear","ascension_level":20}}