{"host":"gobyjzz6xbwq9f9i","time":1612337885,"event":{"mods":["AchievementEnabler","BaseMod","Bestiary","Colored Map","Minty Spire (QoL Compilation)","Relic Stats"],"gold_per_floor":[117,129,148,98,98,98,114,143,143,156,156,166,182,208,208,311,311,331,319,55,72,91,126,126,138,138,151,71,114,114,137,137,241,241,268,27,27,56,83,120,120,161,220,220,234,3,37,37,37,37],"floor_reached":51,"language":"ENG","playtime":4037,"items_purged":["Strike_G","Doubt"],"score":1324,"play_id":"93999997-6144-41a5-8379-984b11bfa04c","local_time":"20210202233805","is_ascension_mode":true,"campfire_choices":[{"data":"Endless Agony","floor":6,"key":"SMITH"},{"data":"Noxious Fumes","floor":11,"key":"SMITH"},{"data":"Backflip","floor":15,"key":"SMITH"},{"data":"Wraith Form v2","floor":24,"key":"SMITH"},{"data":"Footwork","floor":32,"key":"SMITH"},{"data":"Wraith Form v2","floor":44,"key":"SMITH"},{"data":"Acrobatics","floor":49,"key":"SMITH"}],"circlet_count":0,"master_deck":["AscendersBane","Strike_G","Strike_G","Defend_G","Defend_G+1","Defend_G","Defend_G","Defend_G+1","Survivor","Masterful Stab+1","Slice","Endless Agony+1","Acrobatics","Terror","Noxious Fumes+1","PiercingWail","Backflip+1","Blur","PiercingWail","Wraith Form v2+1","Acrobatics+1","Sucker Punch+1","Concentrate","Reflex+1","Bouncing Flask+1","Calculated Gamble+1","Outmaneuver+1","Footwork","Footwork+1","Cloak And Dagger+1","Adrenaline+1","Backflip+1","Skewer+1","Backflip+1","Well Laid Plans+1","Wraith Form v2+1","Deadly Poison+1","Acrobatics+1"],"relics":["Ring of the Snake","War Paint","Potion Belt","Eternal Feather","Cursed Key","TwistedFunnel","Toxic Egg 2","CeramicFish","Philosopher\u0027s Stone","Shuriken","Anchor","Gambling Chip","Art of War","Letter Opener"],"acts_visited":["Exordium","TheCity","TheBeyond"],"potions_floor_usage":[8,14,23,29,33,33,33,40,40],"damage_taken":[{"damage":0,"enemies":"2 Louse","floor":1,"turns":2},{"damage":0,"enemies":"Jaw Worm","floor":2,"turns":3},{"damage":0,"enemies":"Cultist","floor":3,"turns":4},{"damage":0,"enemies":"Looter","floor":7,"turns":3},{"damage":2,"enemies":"Lagavulin","floor":8,"turns":6},{"damage":1,"enemies":"Blue Slaver","floor":10,"turns":2},{"damage":2,"enemies":"Exordium Thugs","floor":12,"turns":4},{"damage":0,"enemies":"Large Slime","floor":13,"turns":4},{"damage":8,"enemies":"Gremlin Nob","floor":14,"turns":3},{"damage":0,"enemies":"The Guardian","floor":16,"turns":10},{"damage":0,"enemies":"Spheric Guardian","floor":18,"turns":6},{"damage":2,"enemies":"2 Thieves","floor":19,"turns":4},{"damage":13,"enemies":"Chosen and Byrds","floor":21,"turns":8},{"damage":5,"enemies":"Shelled Parasite and Fungi","floor":22,"turns":5},{"damage":11,"enemies":"Slavers","floor":23,"turns":7},{"damage":0,"enemies":"Snake Plant","floor":25,"turns":4},{"damage":0,"enemies":"Centurion and Healer","floor":27,"turns":7},{"damage":17,"enemies":"Book of Stabbing","floor":29,"turns":5},{"damage":6,"enemies":"Shelled Parasite and Fungi","floor":31,"turns":5},{"damage":17,"enemies":"Champ","floor":33,"turns":12},{"damage":2,"enemies":"3 Shapes","floor":35,"turns":7},{"damage":0,"enemies":"Orb Walker","floor":38,"turns":3},{"damage":5,"enemies":"3 Darklings","floor":39,"turns":7},{"damage":0,"enemies":"Reptomancer","floor":40,"turns":6},{"damage":0,"enemies":"Giant Head","floor":42,"turns":7},{"damage":0,"enemies":"Maw","floor":45,"turns":7},{"damage":0,"enemies":"Nemesis","floor":47,"turns":5},{"damage":22,"enemies":"Awakened One","floor":50,"turns":17}],"seed_played":"-2944629761976333486","potions_obtained":[{"floor":1,"key":"LiquidMemories"},{"floor":2,"key":"Block Potion"},{"floor":7,"key":"Ancient Potion"},{"floor":12,"key":"Strength Potion"},{"floor":13,"key":"Block Potion"},{"floor":18,"key":"SteroidPotion"},{"floor":23,"key":"LiquidBronze"},{"floor":29,"key":"Poison Potion"},{"floor":31,"key":"Explosive Potion"},{"floor":33,"key":"Block Potion"},{"floor":35,"key":"AttackPotion"},{"floor":45,"key":"GamblersBrew"}],"is_trial":false,"path_per_floor":["M","M","M","?","?","R","M","E","T","M","R","M","M","E","R","B",null,"M","M","$","M","M","E","R","M","T","M","$","E","?","M","R","B",null,"M","$","?","M","M","E","?","E","T","R","M","$","E","T","R","B",null],"character_chosen":"THE_SILENT","items_purchased":["TwistedFunnel","Concentrate","Footwork","Shuriken","Deadly Poison+1","Acrobatics+1","Energy Potion"],"campfire_rested":0,"item_purchase_floors":[20,20,28,36,46,46,46],"current_hp_per_floor":[63,63,63,63,63,63,63,61,61,60,60,58,58,50,62,62,68,68,66,66,53,48,37,52,52,52,52,52,35,35,29,47,30,60,58,58,58,58,53,53,53,53,53,70,70,70,70,70,70,48],"gold":37,"neow_bonus":"TRANSFORM_CARD","is_daily":false,"chose_seed":false,"campfire_upgraded":7,"win_rate":0.0,"timestamp":1612337885,"path_taken":["M","M","M","?","?","R","M","E","T","M","R","M","M","E","R","BOSS","M","M","$","M","M","E","R","M","T","M","?","E","?","M","R","BOSS","M","$","?","M","M","E","?","E","T","R","M","$","E","?","R","BOSS"],"items_purchased_type":["Relic","Card","Card","Relic","Card","Card","Potion"],"build_version":"2020-12-22","purchased_purges":2,"victory":true,"max_hp_per_floor":[70,70,70,70,70,70,70,70,70,70,70,70,70,70,70,70,70,70,70,70,70,70,70,70,70,70,70,70,70,70,70,70,70,70,70,70,70,70,70,70,70,70,70,70,70,70,70,70,70,70],"relic_stats":{"counters":[28,163],"Shuriken":[23],"CeramicFish":99,"Gambling Chip":[16],"Eternal Feather":62,"Art of War":[11],"Letter Opener":[135],"War Paint":["Defend_G","Defend_G"],"Cursed Key":1,"obtain_stats":[{"Potion Belt":9,"TwistedFunnel":20,"CeramicFish":29,"Eternal Feather":14,"Letter Opener":47,"War Paint":8,"Cursed Key":17,"Anchor":40,"Shuriken":36,"Gambling Chip":42,"Philosopher\u0027s Stone":34,"Art of War":43,"Toxic Egg 2":23,"Ring of the Snake":0},{"Potion Belt":5,"TwistedFunnel":12,"CeramicFish":18,"Eternal Feather":9,"Letter Opener":27,"War Paint":5,"Cursed Key":10,"Anchor":24,"Shuriken":21,"Gambling Chip":25,"Philosopher\u0027s Stone":20,"Art of War":25,"Toxic Egg 2":15,"Ring of the Snake":0},{"Potion Belt":18,"TwistedFunnel":51,"CeramicFish":87,"Eternal Feather":31,"Letter Opener":146,"War Paint":18,"Cursed Key":41,"Anchor":127,"Shuriken":111,"Gambling Chip":134,"Philosopher\u0027s Stone":104,"Art of War":134,"Toxic Egg 2":71,"Ring of the Snake":0}],"Ring of the Snake":[56]},"card_choices":[{"not_picked":["Escape Plan","Accuracy"],"picked":"Slice","floor":1},{"not_picked":["Calculated Gamble","Prepared"],"picked":"Endless Agony","floor":2},{"not_picked":["Flechettes","Outmaneuver"],"picked":"Acrobatics","floor":3},{"not_picked":["Dodge and Roll","Flechettes"],"picked":"Terror","floor":7},{"not_picked":["Infinite Blades","Cloak And Dagger"],"picked":"Noxious Fumes","floor":8},{"not_picked":["Poisoned Stab","Eviscerate"],"picked":"PiercingWail","floor":10},{"not_picked":["Phantasmal Killer","Prepared"],"picked":"Backflip","floor":12},{"not_picked":["Dodge and Roll","Infinite Blades"],"picked":"Blur","floor":13},{"not_picked":["Prepared","Flying Knee"],"picked":"PiercingWail","floor":14},{"not_picked":["Envenom","Venomology"],"picked":"Wraith Form v2","floor":16},{"not_picked":["Outmaneuver","Quick Slash"],"picked":"Acrobatics","floor":18},{"not_picked":["Infinite Blades","Choke"],"picked":"Sucker Punch+1","floor":19},{"not_picked":["Crippling Poison","Concentrate"],"picked":"Reflex+1","floor":21},{"not_picked":["Quick Slash","Slice+1","Outmaneuver"],"picked":"SKIP","floor":22},{"not_picked":["A Thousand Cuts","Bane"],"picked":"Bouncing Flask+1","floor":23},{"not_picked":["Dagger Spray","Deadly Poison+1"],"picked":"Calculated Gamble+1","floor":25},{"not_picked":["Slice+1","Flying Knee+1"],"picked":"Outmaneuver+1","floor":27},{"not_picked":["Calculated Gamble+1","Leg Sweep+1"],"picked":"Footwork","floor":29},{"not_picked":["Poisoned Stab","Flying Knee"],"picked":"Cloak And Dagger+1","floor":31},{"not_picked":["After Image","Venomology+1"],"picked":"Adrenaline+1","floor":33},{"not_picked":["Poisoned Stab","Dagger Spray+1"],"picked":"Backflip+1","floor":35},{"not_picked":["Bane","Backstab+1"],"picked":"Skewer+1","floor":38},{"not_picked":["Dagger Throw","Flying Knee+1"],"picked":"Backflip+1","floor":39},{"not_picked":["Dagger Spray+1","After Image"],"picked":"Well Laid Plans+1","floor":40},{"not_picked":["Grand Finale","Dodge and Roll+1"],"picked":"Wraith Form v2","floor":42},{"not_picked":["Predator","Dagger Spray+1","Riddle With Holes+1"],"picked":"SKIP","floor":45},{"not_picked":["Deadly Poison+1","Slice+1","Flying Knee+1"],"picked":"SKIP","floor":47}],"player_experience":1272761,"relics_obtained":[{"floor":8,"key":"War Paint"},{"floor":9,"key":"Potion Belt"},{"floor":14,"key":"Eternal Feather"},{"floor":23,"key":"Toxic Egg 2"},{"floor":29,"key":"CeramicFish"},{"floor":40,"key":"Anchor"},{"floor":42,"key":"Gambling Chip"},{"floor":43,"key":"Art of War"},{"floor":47,"key":"Letter Opener"}],"event_choices":[{"cards_removed":["Strike_G"],"damage_healed":0,"gold_gain":0,"player_choice":"Card Removal","damage_taken":0,"max_hp_gain":0,"max_hp_loss":0,"event_name":"The Cleric","floor":4,"gold_loss":50},{"damage_healed":0,"gold_gain":0,"player_choice":"Upgraded","damage_taken":0,"max_hp_gain":0,"max_hp_loss":0,"event_name":"Upgrade Shrine","floor":5,"gold_loss":0,"cards_upgraded":["Masterful Stab"]},{"damage_healed":0,"gold_gain":0,"player_choice":"Ignored","damage_taken":0,"max_hp_gain":0,"max_hp_loss":0,"event_name":"Ghosts","floor":30,"gold_loss":0},{"cards_removed":["Neutralize"],"damage_healed":0,"gold_gain":0,"player_choice":"Removed Attack","damage_taken":0,"max_hp_gain":0,"max_hp_loss":0,"event_name":"Falling","floor":37,"gold_loss":0},{"damage_healed":0,"gold_gain":0,"player_choice":"Ignored","damage_taken":0,"max_hp_gain":0,"max_hp_loss":0,"event_name":"Tomb of Lord Red Mask","floor":41,"gold_loss":0}],"is_beta":false,"boss_relics":[{"not_picked":["Calling Bell","SacredBark"],"picked":"Cursed Key"},{"not_picked":["Tiny House","Ring of the Serpent"],"picked":"Philosopher\u0027s Stone"}],"items_purged_floors":[20,46],"is_endless":false,"potions_floor_spawned":[1,2,7,12,13,18,23,29,31,33,35,45],"ascension_level":10}}