{"host":"rf8f5793azs0jd9i","time":1612340947,"event":{"mods":["AchievementEnabler","Aspiration","BaseMod","Colored Powertips","Hubris","Infinite Spire","Minty Spire (QoL Compilation)","Replay The Spire","StSLib"],"gold_per_floor":[111,127,227,4245,4255,4255,4289,4289,4289,4289,4289,4318,4338,4338,4338,4439,4439,4450,4460,4460,4460,4474,4505,4505,4515,4596,4596,4596,4031,4061,4061,4061,4161,4161,4179,4193,4193,4193,4193,4228,3407,3421,3448,3466,2525,2587,2719,2734,2734,2734,2734],"floor_reached":50,"language":"ENG","playtime":2118,"items_purged":["Strike_R","Strike_R","Decay","Armaments+1","Defend_R"],"score":733,"play_id":"aca4aef4-9acd-4609-9b03-8c959e21aa2d","local_time":"20210203022907","is_ascension_mode":true,"campfire_choices":[{"data":"Whirlwind","floor":6,"key":"SMITH"},{"data":"Apotheosis","floor":8,"key":"SMITH"},{"data":"Flex","floor":11,"key":"SMITH"},{"data":"Flex","floor":15,"key":"SMITH"},{"data":"Double Tap","floor":24,"key":"SMITH"},{"data":"Inflame","floor":27,"key":"SMITH"},{"data":"infinitespire:FutureSight","floor":49,"key":"SMITH"}],"circlet_count":0,"master_deck":["Defend_R","Defend_R","Bash+1","Flex+1","Apotheosis+1","Flex+1","Whirlwind+1","Double Tap+1","Inflame+1","Iron Wave+1","Exhume","Pommel Strike","ReplayTheSpireMod:Limb From Limb+1","Burning Pact+1","infinitespire:FutureSight+1","ReplayTheSpireMod:LeadingStrike","Shrug It Off+1","Chrysalis+1","Rebound+1","Pommel Strike+1","Offering+1","Master of Strategy+1"],"relics":["Burning Blood","NeowsBlessing","hubris:Metronome","Frozen Eye","Gambling Chip","infinitespire:WardingShard","hubris:SlimyHat","Replay:Grab Bag","Sozu","hubris:VirtuousBlindfold","aspiration:RitualDagger","hubris:Potato","Mummified Hand","Mango","Toy Ornithopter","Centennial Puzzle","Ring of Searing","aspiration:PoetsPen_weak","Replay:Drink Me","Orrery","Toxic Egg 2","OrangePellets","aspiration:SeaSaltIceCream","aspiration:Nostalgia","Iron Core","Orichalcum","TheAbacus","PreservedInsect","infinitespire:Lucky Rock","Golden Egg","hubris:MobiusCoin"],"acts_visited":["Exordium","TheCity","TheBeyond"],"potions_floor_usage":[23,33,33],"damage_taken":[{"damage":0,"enemies":"Small Slimes","floor":1,"turns":1},{"damage":0,"enemies":"Cultist","floor":2,"turns":1},{"damage":0,"enemies":"2 Louse","floor":5,"turns":1},{"damage":28,"enemies":"Lagavulin","floor":7,"turns":5},{"damage":16,"enemies":"Gremlin Nob","floor":12,"turns":4},{"damage":0,"enemies":"Large Slime","floor":13,"turns":3},{"damage":31,"enemies":"Slime Boss","floor":16,"turns":8},{"damage":20,"enemies":"Spheric Guardian","floor":18,"turns":3},{"damage":37,"enemies":"Shell Parasite","floor":19,"turns":3},{"damage":23,"enemies":"Snake Plant","floor":22,"turns":2},{"damage":85,"enemies":"Slavers","floor":23,"turns":6},{"damage":38,"enemies":"Shelled Parasite and Fungi","floor":25,"turns":4},{"damage":14,"enemies":"Gremlin Leader","floor":30,"turns":5},{"damage":25,"enemies":"hubris:MusketHawk","floor":33,"turns":4},{"damage":16,"enemies":"Orb Walker","floor":35,"turns":2},{"damage":3,"enemies":"3 Shapes","floor":36,"turns":2},{"damage":51,"enemies":"Nemesis","floor":40,"turns":5},{"damage":11,"enemies":"Sphere and 2 Shapes","floor":42,"turns":3},{"damage":0,"enemies":"Jaw Worm Horde","floor":44,"turns":1},{"damage":0,"enemies":"R_Hoarder","floor":47,"turns":2},{"damage":0,"enemies":"Writhing Mass","floor":48,"turns":1},{"damage":138,"enemies":"LordOfAnnihilation","floor":50,"turns":7}],"seed_played":"865439973806386625","potions_obtained":[{"floor":1,"key":"SkillPotion"}],"is_trial":false,"path_per_floor":["M","M","?","$","M","R","E","R","T","?","R","E","M","?","R","B",null,"M","M","?","?","M","E","R","M","T","R","?","$","E","?","R","B",null,"M","M","AVR","?","?","E","$","M","T","M","$","?","E","M","R","B"],"character_chosen":"IRONCLAD","items_purchased":["hubris:Metronome","Frozen Eye","Armaments+1","Energy Potion","Energy Potion","Apotheosis","Flex","Mango","Toy Ornithopter","OrangePellets","aspiration:SeaSaltIceCream","ReplayTheSpireMod:LeadingStrike","Shrug It Off+1","Chrysalis+1","TheAbacus","PreservedInsect","infinitespire:Lucky Rock","Offering+1","Master of Strategy+1"],"campfire_rested":0,"item_purchase_floors":[4,4,4,4,4,4,4,29,29,41,41,41,41,41,45,45,45,45,45],"current_hp_per_floor":[80,80,80,80,80,80,58,58,58,58,58,48,54,62,62,37,80,66,35,35,35,18,40,40,21,21,21,6,20,34,34,63,93,99,91,99,75,75,75,45,45,48,48,66,66,66,75,75,75,0,0],"gold":2734,"neow_bonus":"THREE_ENEMY_KILL","is_daily":false,"chose_seed":false,"campfire_upgraded":7,"win_rate":0.0,"timestamp":1612340947,"path_taken":["M","M","?","?","M","R","E","R","T","?","R","E","M","?","R","BOSS","M","M","?","?","?","E","R","M","T","R","?","$","E","?","R","BOSS","M","M","AVR","?","?","E","$","M","T","M","$","?","E","M","R","BOSS"],"items_purchased_type":["Relic","Relic","Card","Potion","Potion","Card","Card","Relic","Relic","Relic","Relic","Card","Card","Card","Relic","Relic","Relic","Card","Card"],"build_version":"2020-12-22","purchased_purges":5,"victory":false,"max_hp_per_floor":[80,80,80,80,80,80,80,80,80,80,80,80,80,80,80,80,80,80,80,80,80,80,80,80,80,80,80,85,99,99,99,99,99,99,99,99,75,75,75,75,75,75,75,75,75,75,75,75,75,75,75],"card_choices":[{"not_picked":["Disarm","Intimidate","Massacre"],"picked":"SKIP","floor":1},{"not_picked":["Iron Wave","Headbutt"],"picked":"Flex","floor":2},{"not_picked":["ReplayTheSpireMod:Strike From Hell","Twin Strike"],"picked":"Whirlwind","floor":5},{"not_picked":["Ghostly Armor","ReplayTheSpireMod:Corrosion Curse","Impervious"],"picked":"SKIP","floor":7},{"not_picked":["Body Slam","Warcry","Clash"],"picked":"SKIP","floor":12},{"not_picked":["Hemokinesis","Sword Boomerang","Perfected Strike"],"picked":"SKIP","floor":13},{"not_picked":["Fiend Fire","Exhume"],"picked":"Double Tap","floor":16},{"not_picked":["Perfected Strike","Dropkick","Twin Strike"],"picked":"SKIP","floor":18},{"not_picked":["Dark Embrace","Sword Boomerang","Uppercut"],"picked":"SKIP","floor":19},{"not_picked":["Clothesline","Defy Death"],"picked":"Inflame","floor":22},{"not_picked":["ReplayTheSpireMod:Corrosion Curse","Rupture"],"picked":"Iron Wave+1","floor":23},{"not_picked":["Replay:Undeath\u0027s Touch","Bludgeon","Pommel Strike"],"picked":"SKIP","floor":25},{"not_picked":["Rampage","Second Wind","Uppercut"],"picked":"SKIP","floor":30},{"not_picked":["hubris:StunningStrike","Hemogenesis"],"picked":"Exhume","floor":33},{"not_picked":["Second Wind","ReplayTheSpireMod:Strike From Hell"],"picked":"Pommel Strike","floor":35},{"not_picked":["ReplayTheSpireMod:LeadingStrike","Thunderclap","Body Slam+1"],"picked":"SKIP","floor":36},{"not_picked":["True Grit+1","Replay:Undeath\u0027s Touch"],"picked":"ReplayTheSpireMod:Limb From Limb+1","floor":37},{"not_picked":["Seeing Red+1","Iron Wave+1"],"picked":"Burning Pact+1","floor":37},{"not_picked":["Ghostly Armor+1","Sword Boomerang+1","Spot Weakness+1"],"picked":"SKIP","floor":40},{"not_picked":["Havoc+1","Run Through"],"picked":"Rebound+1","floor":42},{"not_picked":["Entrench+1","Iron Wave"],"picked":"Pommel Strike+1","floor":44},{"not_picked":["WeaponsOverheat+1","Dark Embrace","Bludgeon"],"picked":"SKIP","floor":47},{"not_picked":["WeaponsOverheat+1","Dark Embrace","Bludgeon"],"picked":"SKIP","floor":47},{"not_picked":["Clash","Beam Cell","Rebound"],"picked":"SKIP","floor":48}],"player_experience":11096,"relics_obtained":[{"floor":7,"key":"Gambling Chip"},{"floor":9,"key":"infinitespire:WardingShard"},{"floor":12,"key":"hubris:SlimyHat"},{"floor":23,"key":"hubris:Potato"},{"floor":26,"key":"Mummified Hand"},{"floor":30,"key":"Centennial Puzzle"},{"floor":31,"key":"Ring of Searing"},{"floor":40,"key":"Toxic Egg 2"},{"floor":43,"key":"Orichalcum"},{"floor":46,"key":"Golden Egg"},{"floor":47,"key":"hubris:MobiusCoin"}],"event_choices":[{"damage_healed":0,"gold_gain":100,"player_choice":"Pray","damage_taken":0,"max_hp_gain":0,"max_hp_loss":0,"event_name":"Golden Shrine","floor":3,"gold_loss":0},{"damage_healed":0,"gold_gain":0,"player_choice":"Cursed","damage_taken":0,"max_hp_gain":0,"max_hp_loss":0,"event_name":"Wheel of Change","floor":21,"gold_loss":0,"cards_obtained":["Decay"]},{"damage_healed":0,"gold_gain":0,"player_choice":"Shed Blood","damage_taken":20,"max_hp_gain":5,"max_hp_loss":0,"event_name":"Forgotten Altar","floor":28,"gold_loss":0},{"cards_removed":["Defend_R"],"damage_healed":0,"gold_gain":0,"player_choice":"Removed Skill","damage_taken":0,"max_hp_gain":0,"max_hp_loss":0,"event_name":"Falling","floor":38,"gold_loss":0},{"damage_healed":0,"gold_gain":0,"player_choice":"Ignored","damage_taken":0,"max_hp_gain":0,"max_hp_loss":0,"event_name":"Tomb of Lord Red Mask","floor":39,"gold_loss":0}],"is_beta":false,"boss_relics":[{"not_picked":["Black Blood","hubris:RunicObelisk"],"picked":"Replay:Grab Bag"},{"not_picked":["hubris:GrandSneckoEye","Velvet Choker"],"picked":"Sozu"},{"not_picked":["Fusion Hammer","Electric Blood"],"picked":"hubris:VirtuousBlindfold"},{"not_picked":["Snecko Eye","Kintsugi"],"picked":"aspiration:RitualDagger"},{"not_picked":["hubris:ScarierMask","aspiration:RunicSpoon"],"picked":"aspiration:PoetsPen_weak"}],"items_purged_floors":[4,29,37,41,45],"is_endless":false,"potions_floor_spawned":[1,7,19,22,25,36,42,47],"killed_by":"LordOfAnnihilation","ascension_level":2}}