{"host":"kbv0awskzx6xbc6p","time":1612394548,"event":{"mods":["Act Like it!","BaseMod","Colored Map","Downfall","Minty Spire (QoL Compilation)","StSLib"],"gold_per_floor":[0,19,37,22,35,35,35,65,100,12,112,181,231,258,276,381,381,281,295,345,495,645,645,668,697,697,729,194,210,110,127,147,147,147,147],"floor_reached":33,"language":"ENG","playtime":2798,"items_purged":["Parasite"],"score":293,"play_id":"b4e0d10d-ca8e-4e08-aea5-3777f1ffd0cf","local_time":"20210203152228","is_ascension_mode":false,"campfire_choices":[{"data":"champ:Execute","floor":1,"key":"SMITH"},{"data":"champ:StanceDance","floor":18,"key":"SMITH"},{"data":"champ:Improvising","floor":23,"key":"SMITH"},{"floor":26,"key":"RECALL"},{"floor":30,"key":"REST"}],"circlet_count":0,"master_deck":["champ:Strike","champ:Strike","champ:Strike+1","champ:Defend","champ:Defend+1","champ:Defend","champ:Defend+1","champ:Execute+1","champ:Taunt","champ:SkillfulDodge","champ:GladiatorStyle+1","champ:ShieldThrow","champ:DefensiveStyle","champ:DefensiveShout","champ:FlashCut","champ:DefensiveStyle","champ:SetATrap","champ:TripleStrike","champ:Backstep","champ:StanceDance+1","champ:Parry","champ:Improvising+1","champ:FlashCut","champ:ShieldSlam+1","champ:Duel","champ:EnGarde","champ:FalseCounter","champ:Lariat","champ:BringItOn"],"relics":["champ:ChampionCrown","Ice Cream","Shuriken","Odd Mushroom","Toy Ornithopter","downfall:CloakOfManyFaces","CultistMask","FaceOfCleric","NlothsMask","GremlinMask","SsserpentHead","Oddly Smooth Stone","Question Card","SacredBark","downfall:HeartBlessingGreen","MutagenicStrength","WingedGreaves","War Paint","Potion Belt","Bronze Scales","downfall:HeartBlessingRed"],"acts_visited":["Exordium","TheCity"],"potions_floor_usage":[12,16,33],"damage_taken":[{"damage":10,"enemies":"2 Louse","floor":2,"turns":3},{"damage":12,"enemies":"Jaw Worm","floor":3,"turns":4},{"damage":10,"enemies":"downfall:FleeingMerchant","floor":4,"turns":4},{"damage":10,"enemies":"Cultist","floor":5,"turns":3},{"damage":32,"enemies":"The Mushroom Lair","floor":8,"turns":5},{"damage":26,"enemies":"Lagavulin","floor":9,"turns":6},{"damage":15,"enemies":"downfall:FleeingMerchant","floor":10,"turns":4},{"damage":27,"enemies":"downfall:FaceTrader","floor":11,"turns":10},{"damage":7,"enemies":"3 Louse","floor":12,"turns":2},{"damage":27,"enemies":"Gremlin Nob","floor":14,"turns":4},{"damage":2,"enemies":"2 Fungi Beasts","floor":15,"turns":2},{"damage":25,"enemies":"IC_STATUS_ARCHETYPE","floor":16,"turns":10},{"damage":15,"enemies":"Shell Parasite","floor":19,"turns":5},{"damage":29,"enemies":"downfall:Augmenter","floor":21,"turns":8},{"damage":18,"enemies":"Book of Stabbing","floor":25,"turns":5},{"damage":20,"enemies":"Gremlin Leader","floor":27,"turns":7},{"damage":20,"enemies":"downfall:FleeingMerchant","floor":28,"turns":4},{"damage":10,"enemies":"Centurion and Healer","floor":29,"turns":8},{"damage":0,"enemies":"Chosen and Byrds","floor":31,"turns":3},{"damage":4,"enemies":"Shelled Parasite and Fungi","floor":32,"turns":4},{"damage":56,"enemies":"DF_ARCHETYPE_CLAW","floor":33,"turns":5}],"seed_played":"-4421216687057471274","potions_obtained":[{"floor":2,"key":"Energy Potion"},{"floor":8,"key":"SpeedPotion"},{"floor":12,"key":"Energy Potion"},{"floor":14,"key":"FearPotion"},{"floor":16,"key":"FearPotion"},{"floor":20,"key":"CultistPotion"},{"floor":31,"key":"champ:UltimateStancePotion"}],"is_trial":false,"path_per_floor":["R","M","M","$","M","?","T","?","E","$","?","M","?","E","M","B",null,"R","M","?","?","?","R","T","E","R","E","$","M","R","M","M","B"],"character_chosen":"THE_CHAMP","items_purchased":["champ:SetATrap","Potion Belt","Bronze Scales","champ:FalseCounter","champ:TechniquePotion"],"campfire_rested":1,"item_purchase_floors":[10,28,28,28,28],"current_hp_per_floor":[90,90,88,88,88,88,88,66,60,50,43,42,42,16,15,16,94,94,80,80,52,52,52,52,45,45,36,17,8,37,38,35,0,0,0],"gold":147,"neow_bonus":"ONE_RARE_RELIC","is_daily":false,"chose_seed":false,"campfire_upgraded":3,"win_rate":0.0,"timestamp":1612394548,"path_taken":["R","M","M","$","M","?","T","?","E","?","?","?","?","E","M","BOSS","R","M","?","?","?","R","T","E","R","E","$","M","R","M","M","BOSS"],"items_purchased_type":["Card","Relic","Relic","Card","Potion"],"build_version":"2020-12-22","purchased_purges":1,"victory":false,"max_hp_per_floor":[90,90,90,90,90,90,90,90,90,90,90,91,91,92,93,94,94,94,95,95,96,96,96,96,97,97,98,96,97,97,98,99,99,99,99],"card_choices":[{"not_picked":["champ:GutPunch","champ:CrownThrow"],"picked":"champ:SkillfulDodge","floor":2},{"not_picked":["champ:ArenaPreparation","champ:FanOfKnives"],"picked":"champ:GladiatorStyle","floor":3},{"not_picked":["champ:Haymaker","champ:GutPunch"],"picked":"champ:ShieldThrow","floor":4},{"not_picked":["champ:Haymaker","champ:DefensiveShout"],"picked":"champ:DefensiveStyle","floor":5},{"not_picked":["champ:Shatter","champ:TornadoPunch"],"picked":"champ:DefensiveShout","floor":8},{"not_picked":["champ:SkillfulDodge","champ:CrownThrow"],"picked":"champ:FlashCut","floor":9},{"not_picked":["champ:Endure","champ:SkillfulDodge"],"picked":"champ:DefensiveStyle","floor":10},{"not_picked":["champ:SetATrap","champ:RisingSlash"],"picked":"champ:TripleStrike","floor":11},{"not_picked":["champ:SetATrap","champ:Encircle"],"picked":"champ:Backstep","floor":12},{"not_picked":["champ:CrownThrow","champ:Haymaker"],"picked":"champ:StanceDance","floor":14},{"not_picked":["champ:BerserkersShout","champ:FaceSlap","champ:FanOfKnives"],"picked":"champ:Parry","floor":15},{"not_picked":["champ:DancingMaster","champ:HeavySlash","champ:Devastate"],"picked":"champ:Improvising","floor":16},{"not_picked":["champ:DefensiveStyle","champ:Backstep","champ:FanOfKnives","champ:Haymaker"],"picked":"SKIP","floor":19},{"not_picked":["champ:CrownThrow","champ:PerfectedStrike+1","champ:GladiatorStyle"],"picked":"champ:FlashCut","floor":21},{"not_picked":["champ:EndlessRage","champ:GladiatorStyle+1","champ:CrookedStrike"],"picked":"champ:Duel","floor":25},{"not_picked":["champ:Backstep","champ:DeathBlow+1","champ:Shatter+1","champ:LastStand"],"picked":"SKIP","floor":27},{"not_picked":["champ:DefensiveShout","champ:Backstep","champ:FanOfKnives"],"picked":"champ:EnGarde","floor":28},{"not_picked":["champ:FancyFootwork+1","champ:Haymaker","champ:GutPunch"],"picked":"champ:Lariat","floor":29},{"not_picked":["champ:BerserkersShout","champ:EnragedBash","champ:ShieldWall","champ:Shatter"],"picked":"SKIP","floor":31},{"not_picked":["champ:PerfectedStrike","champ:GladiatorForm","champ:Backstep+1"],"picked":"champ:BringItOn","floor":32}],"player_experience":422806,"relics_obtained":[{"floor":7,"key":"Shuriken"},{"floor":8,"key":"Odd Mushroom"},{"floor":9,"key":"Toy Ornithopter"},{"floor":11,"key":"downfall:CloakOfManyFaces"},{"floor":14,"key":"Question Card"},{"floor":21,"key":"MutagenicStrength"},{"floor":25,"key":"WingedGreaves"},{"floor":27,"key":"War Paint"}],"event_choices":[{"damage_healed":0,"gold_gain":0,"player_choice":"Fought Mushrooms","damage_taken":0,"max_hp_gain":0,"max_hp_loss":0,"event_name":"Mushrooms","floor":8,"gold_loss":0}],"is_beta":false,"boss_relics":[{"not_picked":["Velvet Choker","champ:ChampionCrownUpgraded"],"picked":"SacredBark"}],"items_purged_floors":[28],"is_endless":false,"potions_floor_spawned":[2,8,12,14,15,16,25,31,32],"killed_by":"DF_ARCHETYPE_CLAW","ascension_level":0}}