{"host":"frvsqvcs3hhpssre","time":1612361610,"event":{"mods":["Act Like it!","Ascension Reborn","BaseMod","Better-Laid Plans","Challenge The Spire","Colored Powertips","Disable Question Mark Monsters","Friendly Minions","Highlight Path","HololiveMod","Minty Spire (QoL Compilation)","MostiFishMod","Permanent Neow","Quick Restart","Relic Filter Mod","Relic Stats","StSLib","noobMod","óô»ðÖ¸ÄÏ"],"gold_per_floor":[705,705,740,771,801,801,559,559,589,636,686,698,457,100,136,171,217,253],"floor_reached":19,"language":"ZHS","playtime":764,"items_purged":["Hololive_Strike","Hololive_Defend"],"score":645,"play_id":"1d1b9b15-629c-4c70-b732-850a34bdcb08","local_time":"20210203221330","daily_mods":["challengethespire:Bronze Difficulty","challengethespire:Elite Rush","Uncertain Future"],"is_ascension_mode":false,"campfire_choices":[{"data":"Hololive_CallHoushouMarine","floor":2,"key":"SMITH"},{"data":"Hololive_CallDoris","floor":8,"key":"SMITH"}],"circlet_count":0,"master_deck":["Hololive_Strike+1","Hololive_Defend","Hololive_ILoveYou+1","Hololive_CallHoushouMarine+1","Hololive_CallRosalyn","Hololive_CallMurasakiShion","Hololive_CallAkaiHaato","Hololive_CallNakiriAyame","Hololive_CallArtia","Hololive_Yoholoon+1","Hololive_StrengthChampion","Hololive_CallDoris+1","Hololive_CallAmaneKanata+1","Hololive_Thief+1","Hololive_CallInugamiKorone+1","Hololive_CallMinatoAqua+1","Hololive_CallUsadaPekora+1","Hololive_CallOmaruPolka+1","Hololive_CallCivia+1","Hololive_CallShishiroBotan+1","Hololive_CallSpadeEcho+1","Hololive_CallYogiri+1","Hololive_DurableLive","Hololive_CallOkamiMio+1","Hololive_CallManoAloe+1"],"relics":["Hololive_TheStar","Black Star","Sling","PreservedInsect","ice","DaveBox","OneHitWonderSystem","BionicSphere","The Courier","Frozen Egg 2","Bag of Preparation","Omamori","Pear","ChiXiaoBlade","Blue Candle","MawBank","CeramicFish","White Beast Statue","Meat on the Bone","Happy Flower","HereWithMe","War Paint","Hololive_FriedShrimpLion","Oddly Smooth Stone","Potion Belt","Whetstone","Regal Pillow","Ornamental Fan","Bottled Tornado","MealTicket","Bag of Marbles","Mercury Hourglass","TungstenRod"],"acts_visited":["Exordium"],"potions_floor_usage":[10,16],"damage_taken":[{"damage":0,"enemies":"3 Sentries","floor":3,"turns":4},{"damage":0,"enemies":"Gremlin Nob","floor":4,"turns":3},{"damage":0,"enemies":"Lagavulin","floor":5,"turns":3},{"damage":0,"enemies":"Gremlin Leader","floor":9,"turns":3},{"damage":0,"enemies":"Book of Stabbing","floor":10,"turns":3},{"damage":0,"enemies":"Slavers","floor":11,"turns":3},{"damage":0,"enemies":"Giant Head","floor":15,"turns":4},{"damage":0,"enemies":"Reptomancer","floor":16,"turns":3},{"damage":0,"enemies":"Nemesis","floor":17,"turns":3},{"damage":0,"enemies":"Shield and Spear","floor":18,"turns":3}],"seed_played":"-8544332955635907794","potions_obtained":[{"floor":4,"key":"Dexterity Potion"},{"floor":9,"key":"DistilledChaos"},{"floor":10,"key":"AttackPotion"},{"floor":15,"key":"Energy Potion"},{"floor":16,"key":"Swift Potion"},{"floor":17,"key":"Regen Potion"}],"is_trial":true,"path_per_floor":["$","R","E","E","E","T","$","R","E","E","E","T","$","$","E","E","E","E",null],"character_chosen":"Hololive_HololiveCharacter","items_purchased":["Hololive_CallArtia","Hololive_Yoholoon","BlessingOfTheForge","Hololive_StrengthChampion","Hololive_CallInugamiKorone+1","Hololive_CallMinatoAqua+1","Hololive_CallUsadaPekora+1","Hololive_CallOmaruPolka+1","Hololive_CallYogiri+1","War Paint","Hololive_FriedShrimpLion","Oddly Smooth Stone","Potion Belt"],"campfire_rested":0,"item_purchase_floors":[1,1,1,1,7,7,7,7,13,13,14,14,14],"current_hp_per_floor":[1,1,1,1,11,1,1,1,1,1,1,1,1,1,1,1,1,1],"gold":253,"neow_bonus":"","is_daily":false,"chose_seed":false,"campfire_upgraded":2,"win_rate":0.0,"timestamp":1612361610,"path_taken":["$","R","E","E","E","T","$","R","E","E","E","T","$","$","E","E","E","E"],"items_purchased_type":["Card","Card","Potion","Card","Card","Card","Card","Card","Card","Relic","Relic","Relic","Relic"],"build_version":"2020-12-22","purchased_purges":2,"victory":true,"max_hp_per_floor":[1,1,1,1,11,1,1,1,1,1,1,1,1,1,1,1,1,1],"relic_stats":{"Regal Pillow":0,"Happy Flower":[4],"counters":[10,32],"Blue Candle":[0],"CeramicFish":54,"PreservedInsect":506,"Bag of Preparation":[16],"Whetstone":["Hololive_Yoholoon","Hololive_Strike"],"War Paint":["Hololive_ILoveYou","Hololive_Thief"],"MawBank":48,"Mercury Hourglass":[0],"Ornamental Fan":[4],"MealTicket":0,"Black Star":10,"obtain_stats":[{"Regal Pillow":15,"DaveBox":0,"CeramicFish":10,"ice":0,"Bag of Preparation":4,"Whetstone":15,"Bottled Tornado":16,"Sling":0,"HereWithMe":12,"MealTicket":17,"OneHitWonderSystem":0,"Potion Belt":14,"Pear":5,"Happy Flower":11,"Blue Candle":9,"Oddly Smooth Stone":14,"PreservedInsect":0,"The Courier":3,"Omamori":5,"Frozen Egg 2":4,"War Paint":13,"MawBank":9,"White Beast Statue":10,"Mercury Hourglass":18,"Ornamental Fan":16,"BionicSphere":3,"Hololive_TheStar":0,"ChiXiaoBlade":6,"Hololive_FriedShrimpLion":14,"Black Star":0,"Bag of Marbles":17,"TungstenRod":18,"Meat on the Bone":11},{"Regal Pillow":7,"DaveBox":0,"CeramicFish":5,"ice":0,"Bag of Preparation":2,"Whetstone":7,"Bottled Tornado":8,"Sling":0,"HereWithMe":6,"MealTicket":9,"OneHitWonderSystem":0,"Potion Belt":6,"Pear":3,"Happy Flower":6,"Blue Candle":4,"Oddly Smooth Stone":6,"PreservedInsect":0,"The Courier":1,"Omamori":3,"Frozen Egg 2":2,"War Paint":6,"MawBank":4,"White Beast Statue":5,"Mercury Hourglass":10,"Ornamental Fan":8,"BionicSphere":1,"Hololive_TheStar":0,"ChiXiaoBlade":3,"Hololive_FriedShrimpLion":6,"Black Star":0,"Bag of Marbles":9,"TungstenRod":10,"Meat on the Bone":6},{"Regal Pillow":23,"DaveBox":0,"CeramicFish":16,"ice":0,"Bag of Preparation":7,"Whetstone":23,"Bottled Tornado":26,"Sling":0,"HereWithMe":19,"MealTicket":29,"OneHitWonderSystem":0,"Potion Belt":19,"Pear":10,"Happy Flower":19,"Blue Candle":13,"Oddly Smooth Stone":19,"PreservedInsect":0,"The Courier":4,"Omamori":10,"Frozen Egg 2":7,"War Paint":19,"MawBank":13,"White Beast Statue":16,"Mercury Hourglass":32,"Ornamental Fan":26,"BionicSphere":4,"Hololive_TheStar":0,"ChiXiaoBlade":10,"Hololive_FriedShrimpLion":19,"Black Star":0,"Bag of Marbles":29,"TungstenRod":32,"Meat on the Bone":19}],"TungstenRod":0,"Meat on the Bone":0},"card_choices":[],"player_experience":129376,"relics_obtained":[{"floor":3,"key":"BionicSphere"},{"floor":3,"key":"The Courier"},{"floor":4,"key":"Frozen Egg 2"},{"floor":4,"key":"Bag of Preparation"},{"floor":5,"key":"Omamori"},{"floor":5,"key":"Pear"},{"floor":9,"key":"Blue Candle"},{"floor":9,"key":"MawBank"},{"floor":10,"key":"CeramicFish"},{"floor":10,"key":"White Beast Statue"},{"floor":11,"key":"Meat on the Bone"},{"floor":11,"key":"Happy Flower"},{"floor":15,"key":"Whetstone"},{"floor":15,"key":"Regal Pillow"},{"floor":16,"key":"Ornamental Fan"},{"floor":16,"key":"Bottled Tornado"},{"floor":17,"key":"MealTicket"},{"floor":17,"key":"Bag of Marbles"},{"floor":18,"key":"Mercury Hourglass"},{"floor":18,"key":"TungstenRod"}],"event_choices":[],"is_beta":false,"boss_relics":[{"not_picked":["Empty Cage","TimeKeys"],"picked":"ChiXiaoBlade"},{"not_picked":["EE1DDrone","Runic Pyramid"],"picked":"HereWithMe"}],"items_purged_floors":[1,13],"is_endless":false,"potions_floor_spawned":[4,9,10,11,15,16,17,18],"ascension_level":0}}