{"host":"tm3ghj8mno6gwywm","time":1612356309,"event":{"mods":["2.2 Compatiblity","AchievementEnabler","Bard","BaseMod","Beaked The Cultist","Better Third Choice","Colored Map","Colored Powertips","Conspire","Downfall","Glutton Mod","GungeonMod","Halation","Hermit","Hubris","Infinite Spire","Jorbs\u0027s Wanderer Trilogy","Mad Scientist","Marisa????????","Marked Mod","Mimic Mod","Minty Spire (QoL Compilation)","Potionbrewer","Quick Restart","Replay The Spire","Shade Mod","Shop Mod","Somnambulant","Spicy Shops","StSLib","SuperFastMode","The Bug Knight","The Construct","The Cursed","The Disciple","The Hierophant","The IronCluck","The Judge","The Jungle","The Necromancer","The Runesmith","The Servant 0.9.4","egg"],"gold_per_floor":[414,378,388,408,36,67,80,80,132,160,160,160,190,190,190,312,412,427,427,441,112,112,146,146,146,146,181,105,123,144,162,162,411,411,434,434,334,345,359,387,399,430,468,500,512,556,580,610,622,694,706,718,420,451,511],"floor_reached":56,"language":"ENG","playtime":1632,"items_purged":["Regret"],"score":1767,"play_id":"06903659-8826-4d8f-aae0-6e3adbf785e1","local_time":"20210203074509","is_ascension_mode":false,"campfire_choices":[{"floor":12,"key":"REST"},{"floor":15,"key":"RECALL"},{"data":"Zap","floor":24,"key":"SMITH"},{"data":"Dualcast","floor":32,"key":"SMITH"},{"data":"Defend_B","floor":41,"key":"SMITH"},{"data":"Defend_B","floor":41,"key":"SMITH"},{"data":"Defend_B","floor":49,"key":"SMITH"},{"data":"Defend_B","floor":49,"key":"SMITH"},{"data":"Strike_B","floor":52,"key":"SMITH"},{"data":"Strike_B","floor":52,"key":"SMITH"}],"circlet_count":0,"master_deck":["Strike_B+1","Strike_B+1","Strike_B+1","Strike_B+1","Defend_B+1","Defend_B+1","Defend_B+1","Defend_B+1","Zap+1","Dualcast+1","White Noise+1","Static Discharge+1","Cold Snap+1","Coolheaded+1","FIFO Queue+1","White Noise+1","Static Discharge+1","Meteor Strike+1","White Noise+1","Reboot+1","Fission+1","conspire:Banana+1","infinitespire:NeuralNetwork+1","Time Bomb+1","Blizzard+1","Consume+1","Electrodynamics+1","Defragment+1","ReplayTheSpireMod:System Scan+1","hubris:DuctTapeCard","hubris:Ukulele+1","Mirror Shield+1"],"relics":["Cracked Core","Old Coin","WingedGreaves","Lizard Tail","Mummified Hand","Black Star","Molten Egg 2","Toxic Egg 2","Frozen Egg 2","Quantum Egg","Membership Card","NeowsBlessing","hubris:MobiusCoin","White Beast Statue","Bronze Scales","conspire:TreasureMap","Replay:Antivirus Software","Replay:Rubber Ducky","ReplayFunnel","halation:IllGainedPizza","Centennial Puzzle","Bag of Preparation","Replay:Baseball","potionbrewer:Keyblade","Strawberry","PreservedInsect","HollowMod:QueensCombRelic","Turnip","Replay:Mystery Machine","Singing Bowl","Potion Belt","DemoMod:GreenGuonStone","hubris:TenFootPole","Sling","Nuclear Battery","DemoMod:GlassGuonStoneRelic","hubris:Metronome","Whetstone","Replay:Arrowhead","MawBank","conspire:DeflatedDodgeball","Nunchaku","hubris:RGBLights","Symbiotic Virus","hubris:DuctTape","HandDrill","Quantum Egg","Boot"],"acts_visited":["Exordium","TheCity","TheBeyond","TheEnding"],"potions_floor_usage":[16,16,55,55,55],"damage_taken":[{"damage":0,"enemies":"conspire:RoseBush","floor":1,"turns":1},{"damage":0,"enemies":"2 Louse","floor":3,"turns":1},{"damage":0,"enemies":"Cultist","floor":4,"turns":1},{"damage":10,"enemies":"3 Sentries","floor":6,"turns":4},{"damage":22,"enemies":"Exordium Thugs","floor":7,"turns":3},{"damage":0,"enemies":"Lagavulin","floor":10,"turns":5},{"damage":0,"enemies":"HollowMod:MossKnight","floor":13,"turns":5},{"damage":0,"enemies":"The Guardian","floor":16,"turns":18},{"damage":0,"enemies":"Spheric Guardian","floor":18,"turns":3},{"damage":0,"enemies":"Chosen","floor":20,"turns":4},{"damage":0,"enemies":"conspire:Head Lice","floor":23,"turns":2},{"damage":0,"enemies":"Book of Stabbing","floor":27,"turns":1},{"damage":0,"enemies":"3 Cultists","floor":29,"turns":1},{"damage":4,"enemies":"Snake Plant","floor":30,"turns":2},{"damage":4,"enemies":"Shelled Parasite and Fungi","floor":31,"turns":2},{"damage":0,"enemies":"Automaton","floor":33,"turns":3},{"damage":5,"enemies":"3 Shapes","floor":35,"turns":2},{"damage":0,"enemies":"Orb Walker","floor":38,"turns":1},{"damage":0,"enemies":"Jaw Worm Horde","floor":39,"turns":1},{"damage":0,"enemies":"R_Hoarder","floor":40,"turns":2},{"damage":0,"enemies":"Spire Growth","floor":42,"turns":1},{"damage":0,"enemies":"3 Darklings","floor":44,"turns":2},{"damage":0,"enemies":"HollowMod:StalkingDevout","floor":46,"turns":2},{"damage":0,"enemies":"Sphere and 2 Shapes","floor":47,"turns":1},{"damage":0,"enemies":"4 Shapes","floor":48,"turns":2},{"damage":0,"enemies":"infinitespire:MassOfShapes","floor":50,"turns":5},{"damage":0,"enemies":"Shield and Spear","floor":54,"turns":1},{"damage":3,"enemies":"The Heart","floor":55,"turns":4}],"seed_played":"4484484768641634596","potions_obtained":[{"floor":1,"key":"Languid Potion"},{"floor":6,"key":"construct:ShiftPotion"},{"floor":7,"key":"FocusPotion"},{"floor":16,"key":"sneckomod:MuddlingPotion"},{"floor":18,"key":"Weak Potion"},{"floor":20,"key":"potionbrewer:CleansingPotion"},{"floor":27,"key":"Swift Potion"},{"floor":29,"key":"AttackPotion"},{"floor":30,"key":"EssenceOfSteel"},{"floor":31,"key":"bronze:BurnAndBuffPotion"}],"is_trial":false,"path_per_floor":["M","$","M","M","$","E","M","?","T","E","?","R","E","?","R","B",null,"M","?","M","$","AVR","E","R","T","T","E","$","M","M","M","R","B",null,"M","?","$","M","M","E","R","M","T","M","?","E","M","M","R","B",null,"R","$","E","B",null],"character_chosen":"DEFECT","items_purchased":["Static Discharge+1","FIFO Queue+1","hubris:MobiusCoin","White Beast Statue","Bronze Scales","conspire:TreasureMap","potionbrewer:Keyblade","Heatsinks+1","Strawberry","PreservedInsect","conspire:Banana+1","Sling","Defragment+1","Whetstone","Symbiotic Virus","hubris:DuctTape","HandDrill","hubris:Ukulele+1"],"campfire_rested":1,"item_purchase_floors":[2,5,5,5,5,5,21,21,21,21,21,28,37,37,53,53,53,53],"current_hp_per_floor":[75,75,75,75,75,65,43,43,43,43,43,65,65,65,65,65,75,75,75,75,82,54,56,56,56,56,58,58,62,60,62,62,68,68,67,67,67,73,78,82,82,86,86,90,89,94,98,100,100,102,102,102,102,104,103],"gold":511,"neow_bonus":"THREE_ENEMY_KILL","is_daily":false,"chose_seed":false,"campfire_upgraded":8,"win_rate":0.0,"timestamp":1612356309,"path_taken":["M","$","M","M","$","E","M","?","T","E","?","R","E","?","R","BOSS","M","?","?","$","AVR","E","R","?","T","E","$","M","M","M","R","BOSS","M","?","$","M","?","E","R","M","T","M","?","E","M","M","R","BOSS","R","$","E","BOSS"],"items_purchased_type":["Card","Card","Relic","Relic","Relic","Relic","Relic","Card","Relic","Relic","Card","Relic","Card","Relic","Relic","Relic","Relic","Card"],"build_version":"2020-12-22","purchased_purges":1,"victory":true,"max_hp_per_floor":[75,75,75,75,75,75,75,75,75,75,75,75,75,75,75,75,75,75,75,75,82,54,56,56,56,56,58,58,62,64,66,66,68,68,72,72,72,74,78,82,82,86,86,90,90,94,98,100,100,102,102,102,102,104,106],"card_choices":[{"not_picked":["conspire:Rain+1","Hologram+1"],"picked":"White Noise+1","floor":1},{"not_picked":["Steam+1","Streamline+1"],"picked":"Cold Snap+1","floor":3},{"not_picked":["Sweeping Beam+1","Tempest+1"],"picked":"Coolheaded+1","floor":4},{"not_picked":["Go for the Eyes+1","ReplayTheSpireMod:Reroute Power+1"],"picked":"White Noise+1","floor":6},{"not_picked":["Barrage+1","Rebound+1"],"picked":"Static Discharge+1","floor":7},{"not_picked":["Streamline+1","Ball Lightning+1"],"picked":"White Noise+1","floor":10},{"not_picked":["hubris:Prefetch+1","Leap+1","Crystallizer+1"],"picked":"SKIP","floor":13},{"not_picked":["All For One+1","Multi-Cast+1"],"picked":"Reboot+1","floor":16},{"not_picked":["Leap+1","Rebound+1","Gash+1"],"picked":"SKIP","floor":18},{"not_picked":["Redo+1","Heatsinks+1"],"picked":"Fission+1","floor":20},{"not_picked":["Conserve Battery+1","Panic Button+1"],"picked":"Storm+1","floor":23},{"not_picked":["Panic Button+1","Coolheaded+1"],"picked":"Time Bomb+1","floor":27},{"not_picked":["Compile Driver+1","Static Discharge+1","Ball Lightning+1"],"picked":"Singing Bowl","floor":29},{"not_picked":["Gash+1","Panic Button+1"],"picked":"Blizzard+1","floor":30},{"not_picked":["Capacitor+1","Turbo+1"],"picked":"Consume+1","floor":31},{"not_picked":["Hyperbeam+1","hubris:SpecializedCircuitry+1"],"picked":"Electrodynamics+1","floor":33},{"not_picked":["Chill+1","Stack+1","Leap+1"],"picked":"Singing Bowl","floor":35},{"not_picked":["Ball Lightning+1","Coolheaded+1","ReplaySolidLightProjector+1"],"picked":"Singing Bowl","floor":38},{"not_picked":["Hello World+1","Redo+1","Darkness+1"],"picked":"Singing Bowl","floor":39},{"not_picked":["ReplayGash+1","Leap+1","Turbo+1"],"picked":"Singing Bowl","floor":40},{"not_picked":["Go for the Eyes+1","Streamline+1","Recycle+1"],"picked":"Singing Bowl","floor":42},{"not_picked":["Stack+1","ReplayTheSpireMod:Repulse+1","Reboot+1"],"picked":"Singing Bowl","floor":44},{"not_picked":["Turbo+1","Cold Snap+1","ReplayGash+1"],"picked":"Singing Bowl","floor":46},{"not_picked":["Stack+1","Ball Lightning+1","Darkness+1"],"picked":"Singing Bowl","floor":47},{"not_picked":["Compile Driver+1","Lockon+1"],"picked":"ReplayTheSpireMod:System Scan+1","floor":48},{"not_picked":["Panic Button+1","Rebound+1"],"picked":"Mirror Shield+1","floor":54}],"player_experience":859901,"relics_obtained":[{"floor":6,"key":"Replay:Antivirus Software"},{"floor":6,"key":"Replay:Rubber Ducky"},{"floor":10,"key":"ReplayFunnel"},{"floor":10,"key":"halation:IllGainedPizza"},{"floor":13,"key":"Centennial Puzzle"},{"floor":13,"key":"Bag of Preparation"},{"floor":23,"key":"Turnip"},{"floor":23,"key":"Replay:Mystery Machine"},{"floor":25,"key":"Singing Bowl"},{"floor":26,"key":"Potion Belt"},{"floor":27,"key":"DemoMod:GreenGuonStone"},{"floor":27,"key":"hubris:TenFootPole"},{"floor":36,"key":"hubris:Metronome"},{"floor":40,"key":"Replay:Arrowhead"},{"floor":40,"key":"MawBank"},{"floor":43,"key":"conspire:DeflatedDodgeball"},{"floor":46,"key":"Nunchaku"},{"floor":46,"key":"hubris:RGBLights"},{"floor":54,"key":"Quantum Egg"},{"floor":54,"key":"Boot"}],"event_choices":[{"damage_healed":0,"gold_gain":0,"player_choice":"Disagree","damage_taken":0,"max_hp_gain":0,"max_hp_loss":0,"event_name":"conspire:LoneGhost","floor":14,"gold_loss":0},{"damage_healed":0,"gold_gain":0,"player_choice":"Gave Potion","damage_taken":0,"relics_obtained":["Replay:Baseball"],"max_hp_gain":0,"max_hp_loss":0,"event_name":"WeMeetAgain","floor":19,"gold_loss":0},{"damage_healed":0,"gold_gain":0,"player_choice":"Relic","damage_taken":0,"max_hp_gain":0,"max_hp_loss":0,"event_name":"Wheel of Change","floor":36,"gold_loss":0},{"damage_healed":0,"gold_gain":0,"player_choice":"Punched","damage_taken":3,"max_hp_gain":0,"max_hp_loss":0,"event_name":"Designer","floor":45,"gold_loss":0}],"is_beta":false,"boss_relics":[{"not_picked":["ChewingGum","halation:Risk","hubris:BlackHole"]},{"not_picked":["Empty Cage","Kintsugi"],"picked":"Nuclear Battery"}],"items_purged_floors":[37],"is_endless":false,"potions_floor_spawned":[1,6,7,10,13,16,18,20,23,27,29,30,31,33,35,38,39,40,42,44,46,47,48,54],"ascension_level":0}}