{"host":"i9o3eksapkmftcbs","time":1612334579,"event":{"mods":["2.2 Compatiblity","AchievementEnabler","Act Like it!","Arknights","Bard","BaseMod","BetterRewards","Colored Map","Colored Powertips","Conspire","Duelist Mod","Halation","Hubris","Infinite Spire","Lobotomy","Minty Spire (QoL Compilation)","Rare Cards Sparkle","Reliquary","Robot Space Explorer","StSLib","The Blackbeard","The Clintock","The Dragon Tamer","The Mystic","Transform Curses"],"gold_per_floor":[112,123,123,198,210,210,238,238,238,6,29,29,29,64,64,169,169,186,200,200,200,217,217,233,233],"floor_reached":24,"language":"ENG","playtime":1313,"items_purged":[],"score":242,"play_id":"3a7a5e33-b41c-4ce9-80b1-28e812cca6be","local_time":"20210203004259","is_ascension_mode":true,"campfire_choices":[{"floor":6.0,"key":"RECALL"},{"floor":8.0,"key":"REST"},{"floor":13,"key":"REST"},{"floor":15,"key":"REST"},{"data":"hubris:Rewind","floor":23,"key":"SMITH"}],"circlet_count":0,"master_deck":["Eruption","Vigilance","Wireheading+1","Conclude","FlyingSleeves","ReachHeaven","conspire:Banana+1","LessonLearned","Vault","DeusExMachina+1","Vengeance","FollowUp","Sanctity","Halt","CrushJoints","Ragnarok","ClearTheMind","DeusExMachina","EmptyFist","FearNoEvil","hubris:Rewind+1","infinitespire:UltimateForm","Prostrate+1"],"relics":["Melange","halation:BottledHappiness","ats:Omniscience","Mummified Hand","theDuelist:CardPoolBasicRelic","DTMod:TheChair","hubris:RGBLights","halation:IllGainedPizza","theDuelist:ElectricKey","infinitespire:Chaos","SlaversCollar"],"acts_visited":["Exordium","TheCity"],"potions_floor_usage":[16,19,22,24,24],"damage_taken":[{"damage":0.0,"enemies":"Cultist","floor":1.0,"turns":3.0},{"damage":6.0,"enemies":"Small Slimes","floor":2.0,"turns":2.0},{"damage":0.0,"enemies":"2 Louse","floor":5.0,"turns":1.0},{"damage":42.0,"enemies":"Lagavulin","floor":7.0,"turns":5.0},{"damage":14,"enemies":"Gremlin Nob","floor":14,"turns":3},{"damage":32,"enemies":"Slime Boss","floor":16,"turns":5},{"damage":5,"enemies":"Spheric Guardian","floor":18,"turns":3},{"damage":0,"enemies":"Shell Parasite","floor":19,"turns":1},{"damage":0,"enemies":"Centurion and Healer","floor":22,"turns":5},{"damage":74,"enemies":"Book of Stabbing","floor":24,"turns":6}],"seed_played":"-5406901448098976427","potions_obtained":[{"floor":7.0,"key":"Weak Potion"},{"floor":14,"key":"DuplicationPotion"},{"floor":16,"key":"Weak Potion"},{"floor":18,"key":"BlessingOfTheForge"},{"floor":19,"key":"Block Potion"}],"is_trial":false,"path_per_floor":["M","M","?","?","M","R","E","R","T","$","T","$","R","E","R","B",null,"M","M","T","AVR","M","R","E"],"character_chosen":"WATCHER","items_purchased":["conspire:Banana","LessonLearned"],"campfire_rested":3,"item_purchase_floors":[10,10],"current_hp_per_floor":[65,59,62,56,56,56,14,34,34,34,34,34,54,41,61,41,71,67,69,69,69,69,69,0,0],"gold":233,"neow_bonus":"ONE_RARE_RELIC","is_daily":false,"chose_seed":false,"campfire_upgraded":1,"win_rate":0.0,"timestamp":1612334579,"path_taken":["M","M","?","?","?","R","E","R","T","?","?","?","R","E","R","BOSS","M","M","?","AVR","M","R","E"],"items_purchased_type":["Card","Card"],"build_version":"2020-12-22","purchased_purges":0,"victory":false,"max_hp_per_floor":[65,65,68,68,68,68,68,68,68,68,68,68,68,69,69,71,71,72,74,74,74,74,74,75,75],"card_choices":[{"not_picked":["LikeWater","Consecrate"],"picked":"Wireheading","floor":1.0},{"not_picked":["SashWhip","ClearTheMind"],"picked":"Conclude","floor":2.0},{"not_picked":["SashWhip","Protect"],"picked":"FlyingSleeves","floor":5.0},{"not_picked":["ClearTheMind","SignatureMove"],"picked":"ReachHeaven","floor":7.0},{"not_picked":["Crescendo","Sanctity"],"picked":"Vault","floor":14},{"not_picked":["Wish","Blasphemy"],"picked":"DeusExMachina","floor":16},{"not_picked":["WheelKick","SashWhip"],"picked":"EmptyFist","floor":18},{"not_picked":["ThirdEye","Halt"],"picked":"FearNoEvil","floor":19},{"not_picked":["ClearTheMind","CarveReality+1"],"picked":"Prostrate+1","floor":22}],"player_experience":386182,"relics_obtained":[{"floor":7.0,"key":"Orichalcum"},{"floor":9.0,"key":"Shuriken"},{"floor":11,"key":"reliquary:Buckler"},{"floor":14,"key":"halation:AfternoonTea"},{"floor":20,"key":"Ornamental Fan"}],"event_choices":[{"damage_healed":0.0,"max_hp_gain":0.0,"max_hp_loss":0.0,"gold_gain":75.0,"event_name":"FaceTrader","player_choice":"Touch","floor":4.0,"gold_loss":0.0,"damage_taken":6.0}],"is_beta":false,"boss_relics":[{"not_picked":["halation:Prosthetics","reliquary:Craggleroot"],"picked":"Pandora\u0027s Box"}],"items_purged_floors":[],"is_endless":false,"potions_floor_spawned":[7,14,16,18,19],"killed_by":"Book of Stabbing","ascension_level":4}}