{"host":"6q94iy5iz6612v89","time":1612320638,"event":{"mods":["2.2 Compatiblity","AchievementEnabler","BaseMod","Colored Map","DeckTracker","Keyboard Shortcuts","Minty Spire (QoL Compilation)","Permanent Neow","StSLib","SuperFastMode"],"gold_per_floor":[111,126,126,51,62,62,93,93,93,4,15,15,28,61,61,61,61],"floor_reached":16,"language":"KOR","playtime":339,"items_purged":["Strike_P"],"score":245,"play_id":"842811b3-11c4-49ec-8be8-66c3d508e93e","local_time":"20210203115038","is_ascension_mode":true,"campfire_choices":[{"data":"Eruption","floor":6,"key":"SMITH"},{"data":"WheelKick","floor":12,"key":"SMITH"},{"data":"PathToVictory","floor":15,"key":"SMITH"}],"circlet_count":0,"master_deck":["AscendersBane","Strike_P","Strike_P","Strike_P","Defend_P","Defend_P","Defend_P","Defend_P","Eruption+1","Vigilance","FollowUp","PathToVictory+1","WheelKick+1","Sanctity","Study","Perseverance"],"relics":["PureWater","Mango","Pear","Ginger","HornCleat","Pen Nib"],"acts_visited":["Exordium"],"potions_floor_usage":[14,16],"damage_taken":[{"damage":1,"enemies":"Small Slimes","floor":1,"turns":6},{"damage":4,"enemies":"Jaw Worm","floor":2,"turns":3},{"damage":0,"enemies":"Cultist","floor":5,"turns":2},{"damage":41,"enemies":"3 Sentries","floor":7,"turns":11},{"damage":0,"enemies":"2 Fungi Beasts","floor":11,"turns":3},{"damage":0,"enemies":"Large Slime","floor":13,"turns":2},{"damage":6,"enemies":"Lagavulin","floor":14,"turns":5},{"damage":15,"enemies":"Hexaghost","floor":16,"turns":4}],"seed_played":"7695287423986854965","potions_obtained":[{"floor":2,"key":"SpeedPotion"},{"floor":5,"key":"FearPotion"},{"floor":11,"key":"Block Potion"},{"floor":14,"key":"Swift Potion"}],"is_trial":false,"path_per_floor":["M","M","?","$","M","R","E","?","T","$","M","R","M","E","R","B"],"character_chosen":"WATCHER","items_purchased":["Study"],"campfire_rested":0,"item_purchase_floors":[10],"current_hp_per_floor":[74,70,54,54,54,54,13,18,18,18,18,18,18,12,12,0,0],"gold":61,"neow_bonus":"ONE_RARE_RELIC","is_daily":false,"chose_seed":false,"campfire_upgraded":3,"win_rate":0.0,"timestamp":1612320638,"path_taken":["M","M","?","$","M","R","E","?","T","?","?","R","M","E","R","BOSS"],"items_purchased_type":["Card"],"build_version":"2020-12-22","purchased_purges":1,"victory":false,"max_hp_per_floor":[76,76,86,86,86,86,86,91,91,91,91,91,91,91,91,91,91],"card_choices":[{"not_picked":["Fasting2","CrushJoints"],"picked":"FollowUp","floor":1},{"not_picked":["Consecrate","ThirdEye"],"picked":"PathToVictory","floor":2},{"not_picked":["ForeignInfluence","Collect"],"picked":"WheelKick","floor":5},{"not_picked":["FollowUp","EmptyMind"],"picked":"Sanctity","floor":7},{"not_picked":["Protect","Swivel","ClearTheMind"],"picked":"SKIP","floor":11},{"not_picked":["Study","DeceiveReality","BowlingBash"],"picked":"SKIP","floor":13},{"not_picked":["Study","DeceiveReality","BowlingBash"],"picked":"SKIP","floor":13},{"not_picked":["CarveReality","EmptyFist"],"picked":"Perseverance","floor":14}],"player_experience":1457067,"relics_obtained":[{"floor":7,"key":"Ginger"},{"floor":9,"key":"HornCleat"},{"floor":14,"key":"Pen Nib"}],"event_choices":[{"damage_healed":0,"gold_gain":0,"player_choice":"Success","damage_taken":26,"relics_obtained":["Pear"],"max_hp_gain":0,"max_hp_loss":0,"event_name":"Scrap Ooze","floor":3,"gold_loss":0},{"damage_healed":0,"gold_gain":0,"player_choice":"Donut","damage_taken":0,"max_hp_gain":5,"max_hp_loss":0,"event_name":"Big Fish","floor":8,"gold_loss":0}],"is_beta":false,"boss_relics":[],"items_purged_floors":[4],"is_endless":false,"potions_floor_spawned":[2,5,11,13,14],"killed_by":"Hexaghost","ascension_level":20}}