{"host":"clf2hd4adhiiw0zf","time":1612328556,"event":{"mods":["AchievementEnabler","BaseMod","Beaked The Cultist","Bestiary","Dark Map","Downfall","Gremlin Mod","Hermit","Jorbs\u0027s Wanderer Trilogy","Marisa????????","Minty Spire (QoL Compilation)","Shop Mod","StSLib","The Cursed","The Servant 0.9.4","Wide Potions"],"gold_per_floor":[99,114,114,214,227,256,282,282,182,217,217,229,229,679,696,793,793,793,809,809,809,820,838,838,838,838,838],"floor_reached":25,"language":"ENG","playtime":1050,"items_purged":[],"score":257,"play_id":"05a14e39-3aee-4d2e-9c51-15bf47495737","local_time":"20210202220236","is_ascension_mode":true,"campfire_choices":[{"floor":1,"key":"RECALL"},{"data":"bronze:SpaghettiCode","floor":9,"key":"SMITH"},{"floor":13,"key":"REST"},{"data":"bronze:Spike","floor":18,"key":"SMITH"}],"circlet_count":0,"master_deck":["bronze:Strike","bronze:Strike","bronze:Strike","bronze:Strike","bronze:Defend","bronze:Defend","bronze:Defend","bronze:Defend","bronze:Replicate","bronze:Goto","bronze:Fortify+1","bronze:Spike+1","bronze:DazingPulse","bronze:Explode","bronze:Frontload","bronze:Turbo","bronze:SpaghettiCode+1","bronze:ChildClass+1","bronze:ClassDefault","downfall:Icky","downfall:Icky","downfall:Icky","bronze:Overheat","bronze:ThunderWave","bronze:Frontload+1","bronze:FineTuning+1","bronze:ClassDefault","bronze:Philosophize+1"],"relics":["bronze:BronzeCore","Akabeko","Smiling Mask","PreservedInsect","Toxic Egg 2","downfall:HeartBlessingRed","Slimebound:StickyStick","Black Star"],"acts_visited":["Exordium","TheCity"],"potions_floor_usage":[3,6,16,25],"damage_taken":[{"damage":5,"enemies":"Small Slimes","floor":2,"turns":3},{"damage":42,"enemies":"Small Slimes","floor":3,"turns":7},{"damage":12,"enemies":"Jaw Worm","floor":5,"turns":3},{"damage":1,"enemies":"Gremlin Nob","floor":6,"turns":4},{"damage":0,"enemies":"3 Sentries","floor":10,"turns":4},{"damage":0,"enemies":"2 Louse","floor":12,"turns":2},{"damage":5,"enemies":"Exordium Wildlife","floor":15,"turns":2},{"damage":23,"enemies":"DF_ARCHETYPE_STREAMLINE","floor":16,"turns":9},{"damage":0,"enemies":"Spheric Guardian","floor":19,"turns":3},{"damage":55,"enemies":"Shell Parasite","floor":22,"turns":6},{"damage":1,"enemies":"Cultist and Chosen","floor":23,"turns":8},{"damage":14,"enemies":"Book of Stabbing","floor":25,"turns":3}],"seed_played":"1399632483306917072","potions_obtained":[{"floor":2,"key":"Explosive Potion"},{"floor":3,"key":"AttackPotion"},{"floor":10,"key":"Slimebound:ThreeZeroPotion"},{"floor":22,"key":"PowerPotion"}],"is_trial":false,"path_per_floor":["R","M","?","?","M","E","T","?","R","E","?","M","R","?","M","B",null,"R","M","?","?","M","M","T","E"],"character_chosen":"THE_AUTOMATON","items_purchased":[],"campfire_rested":1,"item_purchase_floors":[],"current_hp_per_floor":[70,65,23,23,11,10,10,10,10,10,10,10,31,31,26,3,70,70,70,70,70,15,14,14,0,0,0],"gold":838,"neow_bonus":"RANDOM_COMMON_RELIC","is_daily":false,"chose_seed":false,"campfire_upgraded":2,"win_rate":0.0,"timestamp":1612328556,"path_taken":["R","M","?","?","M","E","T","?","R","E","?","?","R","?","M","BOSS","R","M","?","?","?","M","T","E"],"items_purchased_type":[],"build_version":"2020-12-22","purchased_purges":0,"victory":false,"max_hp_per_floor":[70,70,70,70,70,70,70,70,70,70,70,70,70,70,70,70,70,70,70,70,70,70,70,70,70,70,70],"card_choices":[{"not_picked":["bronze:Separator","bronze:ItsAFeature"],"picked":"bronze:Fortify","floor":2},{"not_picked":[],"picked":"bronze:Spike","floor":3},{"not_picked":[],"picked":"bronze:DazingPulse","floor":3},{"not_picked":[],"picked":"bronze:Explode","floor":3},{"not_picked":["bronze:DelayedGuard","bronze:BuggyMess"],"picked":"bronze:Frontload","floor":3},{"not_picked":["bronze:Shield","bronze:BronzeOrb"],"picked":"bronze:Turbo","floor":5},{"not_picked":["bronze:NullPointer","bronze:DelayedGuard"],"picked":"bronze:SpaghettiCode","floor":6},{"not_picked":["bronze:Philosophize+1","bronze:BitShift+1"],"picked":"bronze:ChildClass+1","floor":10},{"not_picked":["bronze:CutThrough","bronze:Safeguard+1"],"picked":"bronze:ClassDefault","floor":12},{"not_picked":["bronze:Constructor+1","bronze:Separator"],"picked":"bronze:Overheat","floor":15},{"not_picked":["bronze:BurnOut","bronze:RecursiveStrike"],"picked":"bronze:ThunderWave","floor":16},{"not_picked":["bronze:WhirlingStrike","bronze:Branch"],"picked":"bronze:Frontload+1","floor":19},{"not_picked":["bronze:Invalidate+1","bronze:OilSpill"],"picked":"bronze:ClassDefault","floor":22},{"not_picked":["bronze:MaxOutput","bronze:BugBarrage"],"picked":"bronze:Philosophize+1","floor":23}],"player_experience":181825,"relics_obtained":[{"floor":6,"key":"Smiling Mask"},{"floor":7,"key":"PreservedInsect"},{"floor":10,"key":"Slimebound:StickyStick"}],"event_choices":[{"damage_healed":0,"gold_gain":0,"player_choice":"Grow","damage_taken":0,"max_hp_gain":0,"max_hp_loss":0,"event_name":"Living Wall","floor":11,"gold_loss":0,"cards_upgraded":["bronze:Fortify"]},{"damage_healed":0,"gold_gain":0,"player_choice":"Ignored","damage_taken":0,"max_hp_gain":0,"max_hp_loss":0,"event_name":"Vampires","floor":20,"gold_loss":0}],"is_beta":false,"boss_relics":[{"not_picked":["bronze:MakeshiftBattery","Philosopher\u0027s Stone"],"picked":"Black Star"}],"items_purged_floors":[],"is_endless":false,"potions_floor_spawned":[2,3,10,22],"killed_by":"Book of Stabbing","ascension_level":2}}