{"host":"sygfylmorsvdndbx","time":1612323011,"event":{"mods":["AchievementEnabler","BaseMod","Highlight Path","Minty Spire (QoL Compilation)","Permanent Neow","Quick Restart","Relic Stats"],"gold_per_floor":[117,133,153,167,342,342,373,11,11,21,31,31,58,70,70,172,172,189,114,114,114],"floor_reached":20,"language":"ENG","playtime":1305,"items_purged":["Doubt"],"score":270,"play_id":"ee7be997-491c-4ac3-804a-a3e43caea263","local_time":"20210202223011","is_ascension_mode":true,"campfire_choices":[{"data":"Bash","floor":6,"key":"SMITH"},{"floor":12,"key":"REST"},{"data":"Barricade","floor":15,"key":"SMITH"}],"circlet_count":0,"master_deck":["Strike_R","Strike_R","Strike_R","Defend_R","Defend_R","Defend_R","Bash+1","Barricade+1","Clothesline","Evolve","Headbutt","Flame Barrier","Metallicize","Corruption","Shrug It Off","Entrench","Reckless Charge+1","Cleave+1","Body Slam+1","Entrench","Impervious","Dark Embrace"],"relics":["Burning Blood","Darkstone Periapt","Molten Egg 2","Sundial","Mark of Pain"],"acts_visited":["Exordium","TheCity"],"potions_floor_usage":[7,13,16,16,20],"damage_taken":[{"damage":0,"enemies":"Small Slimes","floor":1,"turns":3},{"damage":3,"enemies":"Jaw Worm","floor":2,"turns":5},{"damage":6,"enemies":"2 Louse","floor":3,"turns":3},{"damage":0,"enemies":"2 Fungi Beasts","floor":4,"turns":4},{"damage":27,"enemies":"Lagavulin","floor":7,"turns":11},{"damage":10,"enemies":"3 Louse","floor":10,"turns":6},{"damage":19,"enemies":"Exordium Wildlife","floor":11,"turns":5},{"damage":8,"enemies":"Gremlin Nob","floor":13,"turns":3},{"damage":0,"enemies":"Red Slaver","floor":14,"turns":2},{"damage":17,"enemies":"The Guardian","floor":16,"turns":11},{"damage":30,"enemies":"2 Thieves","floor":18,"turns":4},{"damage":28,"enemies":"Masked Bandits","floor":20,"turns":3}],"seed_played":"-2025981444939284814","potions_obtained":[{"floor":1,"key":"Explosive Potion"},{"floor":4,"key":"Fire Potion"},{"floor":10,"key":"FearPotion"},{"floor":11,"key":"FearPotion"},{"floor":14,"key":"FearPotion"},{"floor":18,"key":"SpeedPotion"}],"is_trial":false,"path_per_floor":["M","M","M","M","?","R","E","$","T","M","M","R","E","M","R","B",null,"M","?","?"],"character_chosen":"IRONCLAD","items_purchased":["Corruption","Shrug It Off","Entrench"],"campfire_rested":1,"item_purchase_floors":[8,8,8],"current_hp_per_floor":[57,60,60,66,66,66,45,45,45,41,28,52,50,56,56,45,71,47,47,19,19],"gold":114,"neow_bonus":"TRANSFORM_TWO_CARDS","is_daily":false,"chose_seed":false,"campfire_upgraded":2,"win_rate":0.0,"timestamp":1612323011,"path_taken":["M","M","M","M","?","R","E","$","T","M","M","R","E","M","R","BOSS","M","?","?"],"items_purchased_type":["Card","Card","Card"],"build_version":"2020-12-22","purchased_purges":1,"victory":false,"max_hp_per_floor":[80,80,80,80,80,80,80,80,80,80,80,80,80,80,80,80,80,80,80,80,80],"relic_stats":{"Darkstone Periapt":0,"counters":[12,60],"Sundial":[2],"obtain_stats":[{"Darkstone Periapt":7,"Sundial":13,"Molten Egg 2":9,"Mark of Pain":17,"Burning Blood":0},{"Darkstone Periapt":5,"Sundial":8,"Molten Egg 2":5,"Mark of Pain":10,"Burning Blood":0},{"Darkstone Periapt":26,"Sundial":40,"Molten Egg 2":26,"Mark of Pain":53,"Burning Blood":0}],"Burning Blood":66},"card_choices":[{"not_picked":["Havoc","Searing Blow"],"picked":"Evolve","floor":1},{"not_picked":["Battle Trance","Burning Pact"],"picked":"Headbutt","floor":2},{"not_picked":["Inflame","Clash"],"picked":"Flame Barrier","floor":3},{"not_picked":["Clothesline","Headbutt"],"picked":"Metallicize","floor":4},{"not_picked":["Searing Blow","Flex","Sword Boomerang"],"picked":"SKIP","floor":7},{"not_picked":["Perfected Strike+1","Sever Soul+1"],"picked":"Reckless Charge+1","floor":10},{"not_picked":["Spot Weakness","Flex"],"picked":"Cleave+1","floor":11},{"not_picked":["Demon Form","Clash+1"],"picked":"Body Slam+1","floor":13},{"not_picked":["Pummel+1","Reckless Charge+1"],"picked":"Entrench","floor":14},{"not_picked":["Berserk","Offering"],"picked":"Impervious","floor":16},{"not_picked":["Fire Breathing+1","Sword Boomerang+1"],"picked":"Dark Embrace","floor":18}],"player_experience":406348,"relics_obtained":[{"floor":7,"key":"Darkstone Periapt"},{"floor":9,"key":"Molten Egg 2"},{"floor":13,"key":"Sundial"}],"event_choices":[{"damage_healed":0,"gold_gain":175,"player_choice":"AGREE","damage_taken":0,"max_hp_gain":0,"max_hp_loss":0,"event_name":"Liars Game","floor":5,"gold_loss":0,"cards_obtained":["Doubt"]},{"cards_removed":["Strike_R"],"damage_healed":0,"gold_gain":0,"player_choice":"Gave Gold","damage_taken":0,"max_hp_gain":0,"max_hp_loss":0,"event_name":"Beggar","floor":19,"gold_loss":75},{"damage_healed":0,"gold_gain":0,"player_choice":"Fought Bandits","damage_taken":0,"max_hp_gain":0,"max_hp_loss":0,"event_name":"Masked Bandits","floor":20,"gold_loss":0}],"is_beta":false,"boss_relics":[{"not_picked":["Velvet Choker","Runic Cube"],"picked":"Mark of Pain"}],"items_purged_floors":[8],"is_endless":false,"potions_floor_spawned":[1,4,10,11,14,18],"killed_by":"Masked Bandits","ascension_level":9}}