{"host":"37ccm3d17clopct7","time":1612377026,"event":{"mods":["BaseMod","Lobotomy","Minty Spire (QoL Compilation)","StSLib","The Bug Knight","The Cursed","The Hierophant","The Jungle","The Runesmith"],"gold_per_floor":[118,118,118,118,141,141,161,161,161,203,232,3,42,66,66,66,66],"floor_reached":16,"language":"KOR","playtime":631,"items_purged":["hierophant:Strike_Hierophant"],"score":100,"play_id":"78b0e228-286a-4722-8130-41203a31bcda","local_time":"20210204033026","is_ascension_mode":false,"campfire_choices":[{"data":"hierophant:ChurchCoffers","floor":6,"key":"SMITH"},{"floor":8,"key":"REST"},{"floor":15,"key":"REST"}],"circlet_count":0,"master_deck":["hierophant:Strike_Hierophant","hierophant:Strike_Hierophant","hierophant:Strike_Hierophant","hierophant:Punish","hierophant:Defend_Hierophant","hierophant:Defend_Hierophant","hierophant:Defend_Hierophant","hierophant:ChurchCoffers+1","hierophant:MorningPrayer","hierophant:Exaltation","hierophant:Doubloon","hierophant:CoinFling","hierophant:FlamingChariot","hierophant:Endure","hierophant:Determination+1"],"relics":["Black Star","Golden Idol","Pear","Frozen Egg 2","HollowMod:LifeEnderRelic","ClockworkSouvenir","Odd Mushroom"],"acts_visited":["Exordium"],"potions_floor_usage":[10,10,16,16],"damage_taken":[{"damage":6,"enemies":"Small Slimes","floor":1,"turns":4},{"damage":1,"enemies":"2 Louse","floor":5,"turns":2},{"damage":5,"enemies":"Jaw Worm","floor":7,"turns":4},{"damage":11,"enemies":"Gremlin Nob","floor":10,"turns":4},{"damage":20,"enemies":"Exordium Wildlife","floor":11,"turns":6},{"damage":9,"enemies":"The Mushroom Lair","floor":13,"turns":3},{"damage":5,"enemies":"Gremlin Gang","floor":14,"turns":3},{"damage":50,"enemies":"Slime Boss","floor":16,"turns":6}],"seed_played":"4967152117845097513","potions_obtained":[{"floor":5,"key":"Block Potion"},{"floor":7,"key":"LiquidMemories"},{"floor":13,"key":"ColorlessPotion"},{"floor":14,"key":"ColorlessPotion"}],"is_trial":false,"path_per_floor":["M","?","?","?","M","R","M","R","T","E","M","$","?","M","R","B"],"character_chosen":"HIEROPHANT","items_purchased":["ClockworkSouvenir"],"campfire_rested":2,"item_purchase_floors":[12],"current_hp_per_floor":[69,51,44,44,43,43,38,60,70,59,39,39,30,25,50,0,0],"gold":66,"neow_bonus":"BOSS_RELIC","is_daily":false,"chose_seed":false,"campfire_upgraded":1,"win_rate":0.0,"timestamp":1612377026,"path_taken":["M","?","?","?","M","R","M","R","T","E","M","$","?","M","R","BOSS"],"items_purchased_type":["Relic"],"build_version":"2020-12-22","purchased_purges":1,"victory":false,"max_hp_per_floor":[75,75,75,75,75,75,75,75,85,85,85,85,85,85,85,85,85],"card_choices":[{"not_picked":["hierophant:Endure","hierophant:DisplayOfPower"],"picked":"hierophant:MorningPrayer","floor":1},{"not_picked":["hierophant:Prophecy","hierophant:DisplayOfPower"],"picked":"hierophant:Exaltation","floor":5},{"not_picked":["hierophant:DisplayOfPower","hierophant:Encroach"],"picked":"hierophant:CoinFling","floor":7},{"not_picked":["hierophant:PassingBell","hierophant:RustyCrate","hierophant:SealAway"],"picked":"SKIP","floor":10},{"not_picked":["hierophant:WrathOfGod","hierophant:Remorse"],"picked":"hierophant:FlamingChariot","floor":11},{"not_picked":["hierophant:ConvertCurrency","hierophant:Embezzle"],"picked":"hierophant:Endure","floor":13},{"not_picked":["hierophant:Zeal","hierophant:Shelter"],"picked":"hierophant:Determination+1","floor":14}],"player_experience":113332,"relics_obtained":[{"floor":9,"key":"Pear"},{"floor":10,"key":"Frozen Egg 2"},{"floor":10,"key":"HollowMod:LifeEnderRelic"},{"floor":13,"key":"Odd Mushroom"}],"event_choices":[{"damage_healed":0,"gold_gain":0,"player_choice":"Take Damage","damage_taken":18,"relics_obtained":["Golden Idol"],"max_hp_gain":0,"max_hp_loss":0,"event_name":"Golden Idol","floor":2,"gold_loss":0},{"cards_removed":["hierophant:Defend_Hierophant"],"damage_healed":0,"gold_gain":0,"player_choice":"Card Removal","damage_taken":7,"max_hp_gain":0,"max_hp_loss":0,"event_name":"Golden Wing","floor":3,"gold_loss":0},{"damage_healed":0,"gold_gain":0,"player_choice":"Ignored","damage_taken":0,"max_hp_gain":0,"max_hp_loss":0,"event_name":"Shining Light","floor":4,"gold_loss":0},{"damage_healed":0,"gold_gain":0,"player_choice":"Fought Mushrooms","damage_taken":0,"max_hp_gain":0,"max_hp_loss":0,"event_name":"Mushrooms","floor":13,"gold_loss":0}],"is_beta":false,"boss_relics":[],"items_purged_floors":[12],"is_endless":false,"potions_floor_spawned":[5,7,13,14],"killed_by":"Slime Boss","ascension_level":0}}