{"host":"k85tjwrh7mjrrc9a","time":1612369990,"event":{"mods":["AchievementEnabler","BaseMod","Colored Powertips","Highlight Path","Minty Spire (QoL Compilation)","Rare Cards Sparkle","StSLib"],"gold_per_floor":[119,134,201,201,276,307,327,327,327,343,106,106,106,118,118,195,195,205,205,120,130,147,147,167,167,167,193,193,211,211,211,211,211,211],"floor_reached":33,"language":"ENG","playtime":1353,"items_purged":[],"score":504,"play_id":"c47e84b2-2e26-46a6-b7ff-557285e28c38","local_time":"20210203113310","is_ascension_mode":true,"campfire_choices":[{"floor":8.0,"key":"REST"},{"data":"Infernal Blade","floor":13.0,"key":"SMITH"},{"data":"Battle Trance","floor":15.0,"key":"SMITH"},{"floor":23.0,"key":"REST"},{"floor":25.0,"key":"REST"},{"floor":32,"key":"REST"}],"circlet_count":0,"master_deck":["AscendersBane","Strike_R+1","Strike_R+1","Strike_R+1","Strike_R+1","Strike_R+1","Defend_R+1","Defend_R+1","Defend_R+1","Defend_R+1","Bash","Pommel Strike","Carnage","Flex","Infernal Blade+1","Cleave","Disarm","Battle Trance+1","Offering+1","Armaments","Evolve+1","Pommel Strike","Wild Strike","Demon Form+1"],"relics":["Burning Blood","Akabeko","Frozen Egg 2","Darkstone Periapt","Lee\u0027s Waffle","Black Star","Toy Ornithopter","Bag of Marbles","War Paint","White Beast Statue","MutagenicStrength"],"acts_visited":["Exordium","TheCity"],"potions_floor_usage":[27,33],"damage_taken":[{"damage":10.0,"enemies":"Small Slimes","floor":1.0,"turns":3.0},{"damage":2.0,"enemies":"2 Louse","floor":2.0,"turns":2.0},{"damage":40.0,"enemies":"3 Sentries","floor":6.0,"turns":8.0},{"damage":4.0,"enemies":"Jaw Worm","floor":7.0,"turns":3.0},{"damage":11.0,"enemies":"Blue Slaver","floor":10.0,"turns":3.0},{"damage":6.0,"enemies":"Looter","floor":14.0,"turns":2.0},{"damage":68.0,"enemies":"The Guardian","floor":16.0,"turns":11.0},{"damage":28.0,"enemies":"Spheric Guardian","floor":18.0,"turns":4.0},{"damage":37.0,"enemies":"2 Thieves","floor":21.0,"turns":5.0},{"damage":21.0,"enemies":"3 Cultists","floor":22.0,"turns":4.0},{"damage":24.0,"enemies":"Snake Plant","floor":24.0,"turns":4.0},{"damage":18,"enemies":"Gremlin Leader","floor":27,"turns":4},{"damage":40,"enemies":"Centurion and Healer","floor":29,"turns":8},{"damage":112,"enemies":"Automaton","floor":33,"turns":6}],"seed_played":"-5769304749263056604","potions_obtained":[{"floor":0.0,"key":"Weak Potion"},{"floor":0.0,"key":"Explosive Potion"},{"floor":6.0,"key":"GamblersBrew"},{"floor":21.0,"key":"Regen Potion"},{"floor":29,"key":"BloodPotion"}],"is_trial":false,"path_per_floor":["M","M","?","?","?","E","M","R","T","M","$","?","R","M","R","B",null,"M","?","?","M","M","R","M","R","T","E","$","M","?","?","R","B"],"character_chosen":"IRONCLAD","items_purchased":["Lee\u0027s Waffle","Disarm"],"campfire_rested":4,"item_purchase_floors":[11,11],"current_hp_per_floor":[64,68,68,63,52,18,20,42,42,37,82,82,82,82,82,20,67,45,45,45,19,9,33,15,39,39,44,44,10,10,10,34,0,0],"gold":211,"neow_bonus":"THREE_SMALL_POTIONS","is_daily":false,"chose_seed":false,"campfire_upgraded":2,"win_rate":0.0,"timestamp":1612369990,"path_taken":["M","M","?","?","?","E","M","R","T","?","$","?","R","M","R","BOSS","M","?","?","M","M","R","M","R","T","E","$","M","?","?","R","BOSS"],"items_purchased_type":["Relic","Card"],"build_version":"2020-12-22","purchased_purges":0,"victory":false,"max_hp_per_floor":[75,75,75,75,75,75,75,75,75,75,82,82,82,82,82,82,82,82,82,82,82,82,82,82,82,82,82,82,82,82,82,82,82,82],"card_choices":[{"not_picked":["Clothesline","Burning Pact"],"picked":"Pommel Strike","floor":1.0},{"not_picked":["Sentinel","Clash"],"picked":"Carnage","floor":2.0},{"not_picked":["Exhume","Dark Embrace+1"],"picked":"Flex","floor":6.0},{"not_picked":["Sword Boomerang","Entrench"],"picked":"Infernal Blade","floor":7.0},{"not_picked":["Perfected Strike","Thunderclap"],"picked":"Cleave","floor":10.0},{"not_picked":["Carnage","Flex"],"picked":"Battle Trance","floor":14.0},{"not_picked":["Juggernaut+1","Exhume"],"picked":"Offering","floor":16.0},{"not_picked":["Clothesline+1","True Grit+1"],"picked":"Armaments","floor":18.0},{"not_picked":["Pummel","Sword Boomerang"],"picked":"Evolve+1","floor":21.0},{"not_picked":["Dual Wield","Perfected Strike"],"picked":"Pommel Strike","floor":22.0},{"not_picked":["Blood for Blood","Cleave"],"picked":"Wild Strike","floor":24.0},{"not_picked":["Seeing Red","Pommel Strike","Cleave+1"],"picked":"SKIP","floor":27},{"not_picked":["Whirlwind","Clothesline"],"picked":"Demon Form+1","floor":29}],"player_experience":248409,"relics_obtained":[{"floor":6.0,"key":"Frozen Egg 2"},{"floor":9.0,"key":"Darkstone Periapt"},{"floor":26.0,"key":"Bag of Marbles"},{"floor":27,"key":"War Paint"},{"floor":27,"key":"White Beast Statue"}],"event_choices":[{"damage_healed":0.0,"max_hp_gain":0.0,"max_hp_loss":0.0,"gold_gain":67.0,"event_name":"Golden Wing","player_choice":"Gained Gold","floor":3.0,"gold_loss":0.0,"damage_taken":0.0},{"damage_healed":0.0,"max_hp_gain":0.0,"max_hp_loss":0.0,"gold_gain":0.0,"event_name":"Scrap Ooze","player_choice":"Success","floor":4.0,"gold_loss":0.0,"damage_taken":5.0,"relics_obtained":["Akabeko"]},{"damage_healed":0.0,"max_hp_gain":0.0,"max_hp_loss":0.0,"gold_gain":75.0,"event_name":"World of Goop","player_choice":"Gather Gold","floor":5.0,"gold_loss":0.0,"damage_taken":11.0},{"damage_healed":0.0,"max_hp_gain":0.0,"max_hp_loss":0.0,"gold_gain":0.0,"event_name":"Liars Game","player_choice":"Ignored","floor":12.0,"gold_loss":0.0,"damage_taken":0.0},{"damage_healed":0.0,"max_hp_gain":0.0,"max_hp_loss":0.0,"gold_gain":0.0,"event_name":"Beggar","player_choice":"Ignored","floor":19.0,"gold_loss":0.0,"damage_taken":0.0},{"damage_healed":0.0,"max_hp_gain":0.0,"max_hp_loss":0.0,"gold_gain":0.0,"event_name":"Addict","player_choice":"Obtained Relic","floor":20.0,"gold_loss":85.0,"damage_taken":0.0,"relics_obtained":["Toy Ornithopter"]},{"damage_healed":0,"gold_gain":0,"player_choice":"Simplicity","damage_taken":0,"max_hp_gain":0,"max_hp_loss":0,"event_name":"Back to Basics","floor":30,"gold_loss":0,"cards_upgraded":["Strike_R","Strike_R","Strike_R","Strike_R","Strike_R","Defend_R","Defend_R","Defend_R"]},{"damage_healed":0,"gold_gain":0,"player_choice":"Inject Mutagens","damage_taken":0,"relics_obtained":["MutagenicStrength"],"max_hp_gain":0,"max_hp_loss":0,"event_name":"Drug Dealer","floor":31,"gold_loss":0}],"is_beta":false,"boss_relics":[{"not_picked":["Runic Dome","Snecko Eye"],"picked":"Black Star"}],"items_purged_floors":[],"is_endless":false,"potions_floor_spawned":[6,10,14,16,18,21,29],"killed_by":"Automaton","ascension_level":18}}