{"host":"a5406dzxsi185pm5","time":1612317489,"event":{"mods":["AchievementEnabler","BaseMod","Bestiary","Colored Map","Colored Powertips","Keyboard Shortcuts","Minty Spire (QoL Compilation)"],"gold_per_floor":[118,16,16,31,31,62,77,77,126,170,170,209,5,46,46,167,230,210,210,230,230,250,294,294,294],"floor_reached":24,"language":"ENG","playtime":2325,"items_purged":["Injury"],"score":242,"play_id":"75fa075a-1baf-4561-9bcc-98aea8154e1d","local_time":"20210202205809","is_ascension_mode":false,"campfire_choices":[{"floor":11.0,"key":"REST"},{"floor":15.0,"key":"REST"}],"circlet_count":0,"master_deck":["Strike_G+1","Strike_G","Strike_G","Strike_G","Defend_G","Defend_G","Defend_G","Defend_G","Defend_G","Survivor","Neutralize","Backflip+1","Infinite Blades","Dagger Spray","Deflect","Choke+1","Poisoned Stab","Bane","Backflip","Riddle With Holes","Deadly Poison","Envenom","Catalyst","Slice+1","Tools of the Trade","Cloak And Dagger+1","Accuracy+1","Flying Knee"],"relics":["Ring of the Snake","NeowsBlessing","Golden Idol","Smiling Mask","Omamori","Tiny Chest","Ancient Tea Set","Snake Skull","Boot","Tiny House","Happy Flower"],"acts_visited":["Exordium","TheCity"],"potions_floor_usage":[23,23,24],"damage_taken":[{"damage":0.0,"enemies":"Cultist","floor":1.0,"turns":1.0},{"damage":0.0,"enemies":"Small Slimes","floor":4.0,"turns":1.0},{"damage":9.0,"enemies":"3 Sentries","floor":6.0,"turns":2.0},{"damage":2.0,"enemies":"2 Louse","floor":7.0,"turns":2.0},{"damage":27.0,"enemies":"Gremlin Nob","floor":10.0,"turns":5.0},{"damage":13.0,"enemies":"3 Sentries","floor":12.0,"turns":7.0},{"damage":14.0,"enemies":"Lagavulin","floor":14.0,"turns":7.0},{"damage":2.0,"enemies":"Hexaghost","floor":16.0,"turns":8.0},{"damage":12.0,"enemies":"2 Thieves","floor":18.0,"turns":5.0},{"damage":9.0,"enemies":"3 Byrds","floor":20.0,"turns":5.0},{"damage":30,"enemies":"Snake Plant","floor":22,"turns":5},{"damage":21,"enemies":"Slavers","floor":23,"turns":5},{"damage":6,"enemies":"Centurion and Healer","floor":24,"turns":3}],"seed_played":"6985918795795751042","potions_obtained":[{"floor":1.0,"key":"EssenceOfSteel"},{"floor":4.0,"key":"Dexterity Potion"},{"floor":12.0,"key":"SkillPotion"},{"floor":14.0,"key":"LiquidMemories"},{"floor":17.0,"key":"Weak Potion"},{"floor":23,"key":"PowerPotion"}],"is_trial":false,"path_per_floor":["M","$","?","M","?","E","M","?","T","E","R","E","$","E","R","B",null,"M","?","M","?","M","E","M"],"character_chosen":"THE_SILENT","items_purchased":["Infinite Blades","Dagger Spray","Snake Skull"],"campfire_rested":2,"item_purchase_floors":[2,2,13],"current_hp_per_floor":[70,70,70,70,70,61,59,45,45,18,39,26,26,12,33,31,75,63,63,54,54,24,3,0,0],"gold":294,"neow_bonus":"THREE_ENEMY_KILL","is_daily":false,"chose_seed":false,"campfire_upgraded":0,"win_rate":0.0,"timestamp":1612317489,"path_taken":["M","?","?","M","?","E","M","?","T","E","R","E","?","E","R","BOSS","M","?","M","?","M","E","M"],"items_purchased_type":["Card","Card","Relic"],"build_version":"2020-12-22","purchased_purges":1,"victory":false,"max_hp_per_floor":[70,70,70,70,70,70,70,70,70,70,70,70,70,70,70,70,75,75,75,75,75,75,75,75,75],"card_choices":[{"not_picked":["Acrobatics","Quick Slash"],"picked":"Backflip","floor":1.0},{"not_picked":["Eviscerate","Dagger Spray"],"picked":"Deflect","floor":4.0},{"not_picked":["Reflex","Tactician"],"picked":"Poisoned Stab","floor":6.0},{"not_picked":["Quick Slash","Outmaneuver"],"picked":"Bane","floor":7.0},{"not_picked":["Dagger Spray","Expertise"],"picked":"Backflip","floor":10.0},{"not_picked":["Quick Slash","Bane"],"picked":"Riddle With Holes","floor":12.0},{"not_picked":["Dagger Throw","PiercingWail"],"picked":"Deadly Poison","floor":14.0},{"not_picked":["Malaise","Venomology"],"picked":"Envenom","floor":16.0},{"not_picked":["Dagger Spray","Infinite Blades"],"picked":"Catalyst","floor":17.0},{"not_picked":["Deflect","Dagger Spray"],"picked":"Slice+1","floor":18.0},{"not_picked":["Outmaneuver","All Out Attack"],"picked":"Cloak And Dagger+1","floor":20},{"not_picked":["Infinite Blades+1","PiercingWail"],"picked":"Accuracy+1","floor":22},{"not_picked":["Cloak And Dagger","Choke"],"picked":"Flying Knee","floor":23}],"player_experience":92405,"relics_obtained":[{"floor":6.0,"key":"Smiling Mask"},{"floor":9.0,"key":"Omamori"},{"floor":10.0,"key":"Tiny Chest"},{"floor":12.0,"key":"Ancient Tea Set"},{"floor":14.0,"key":"Boot"},{"floor":23,"key":"Happy Flower"}],"event_choices":[{"damage_healed":0.0,"max_hp_gain":0.0,"max_hp_loss":0.0,"gold_gain":0.0,"event_name":"Golden Idol","player_choice":"Take Wound","floor":3.0,"gold_loss":0.0,"damage_taken":0.0,"relics_obtained":["Golden Idol"],"cards_obtained":["Injury"]},{"damage_healed":0.0,"max_hp_gain":0.0,"max_hp_loss":0.0,"gold_gain":0.0,"cards_transformed":["Strike_G"],"event_name":"Living Wall","player_choice":"Change","floor":5.0,"gold_loss":0.0,"damage_taken":0.0,"cards_obtained":["Choke"]},{"damage_healed":0.0,"max_hp_gain":0.0,"max_hp_loss":0.0,"gold_gain":0.0,"event_name":"Shining Light","player_choice":"Entered Light","floor":8.0,"gold_loss":0.0,"damage_taken":14.0,"cards_upgraded":["Backflip","Choke"]},{"damage_healed":0.0,"max_hp_gain":0.0,"max_hp_loss":0.0,"gold_gain":0.0,"event_name":"The Library","player_choice":"Read","floor":19.0,"gold_loss":0.0,"damage_taken":0.0,"cards_obtained":["Tools of the Trade"]},{"damage_healed":0,"gold_gain":0,"player_choice":"Ignored","damage_taken":0,"max_hp_gain":0,"max_hp_loss":0,"event_name":"Ghosts","floor":21,"gold_loss":0}],"is_beta":false,"boss_relics":[{"not_picked":["Ectoplasm","SacredBark"],"picked":"Tiny House"}],"items_purged_floors":[13],"is_endless":false,"potions_floor_spawned":[1,4,12,14,23],"killed_by":"Centurion and Healer","ascension_level":0}}