{"host":"xp5rvh2jwe2ejyfm","time":1612361696,"event":{"mods":["Aspiration","BaseMod","BetterRewards","Colored Powertips","Conspire","Downfall","GifTheSpireLib","Gremlin Mod","Hermit","Hubris","Jorbs\u0027s Wanderer Trilogy","Minty Spire (QoL Compilation)","Replay The Spire","Robot Space Explorer","Shade Mod","Somnambulant","StSLib","The Bug Knight","The Clintock","The Construct","The Cursed","The Disciple","The Forsaken","The Hayseed","The Hierophant","The Marked","The Necromancer","The Runesmith","The Servant 0.9.4","The Witch","thorton"],"gold_per_floor":[112,124,138,150,150,150,150],"floor_reached":6,"language":"ENG","playtime":326,"items_purged":[],"score":38,"play_id":"525bac81-bd26-477c-8259-bed0267e73ab","local_time":"20210203091456","is_ascension_mode":false,"campfire_choices":[],"circlet_count":0,"master_deck":["somnambulantmod: SomnambulantStrike","somnambulantmod: SomnambulantStrike","somnambulantmod: SomnambulantStrike","somnambulantmod: SomnambulantStrike","somnambulantmod: SomnambulantStrike","somnambulantmod: Defend_Somnambulant","somnambulantmod: Defend_Somnambulant","somnambulantmod: Defend_Somnambulant","somnambulantmod: Defend_Somnambulant","somnambulantmod: Defend_Somnambulant","somnambulantmod: QuickNap","somnambulantmod: PrimingPunch","somnambulantmod: ImpenetrableMind","somnambulantmod: HorrificThought","somnambulantmod: Harden","somnambulantmod: Overshare"],"relics":["somnambulantmod: DreamJournal","NeowsBlessing"],"acts_visited":["Exordium"],"potions_floor_usage":[6],"damage_taken":[{"damage":0,"enemies":"2 Louse","floor":1,"turns":1},{"damage":0,"enemies":"Cultist","floor":2,"turns":1},{"damage":0,"enemies":"conspire:RoseBush","floor":3,"turns":1},{"damage":60,"enemies":"Gremlin Gang","floor":4,"turns":12},{"damage":13,"enemies":"Lagavulin","floor":6,"turns":2}],"seed_played":"4827704366836457106","potions_obtained":[{"floor":3,"key":"Toxic Potion"}],"is_trial":false,"path_per_floor":["M","M","M","M","?","E"],"character_chosen":"THE_SOMNAMBULANT","items_purchased":[],"campfire_rested":0,"item_purchase_floors":[],"current_hp_per_floor":[70,70,70,10,10,0,0],"gold":150,"neow_bonus":"THREE_ENEMY_KILL","is_daily":false,"chose_seed":false,"campfire_upgraded":0,"win_rate":0.0,"timestamp":1612361696,"path_taken":["M","M","M","M","?","E"],"items_purchased_type":[],"build_version":"2020-12-22","purchased_purges":0,"victory":false,"max_hp_per_floor":[70,70,70,70,70,70,70],"card_choices":[{"not_picked":["somnambulantmod: Unmake","somnambulantmod: PillowFort"],"picked":"somnambulantmod: ImpenetrableMind","floor":1},{"not_picked":["somnambulantmod: Bruise","somnambulantmod: HeadSmack"],"picked":"somnambulantmod: HorrificThought","floor":2},{"not_picked":["somnambulantmod: Cower","somnambulantmod: TrepanningBlow"],"picked":"somnambulantmod: Harden","floor":3},{"not_picked":["somnambulantmod: TrepanningBlow","somnambulantmod: Wake"],"picked":"somnambulantmod: Overshare","floor":4}],"player_experience":394764,"relics_obtained":[],"event_choices":[{"damage_healed":0,"gold_gain":0,"player_choice":"Ignored","damage_taken":0,"max_hp_gain":0,"max_hp_loss":0,"event_name":"Purifier","floor":5,"gold_loss":0}],"is_beta":false,"boss_relics":[],"items_purged_floors":[],"is_endless":false,"potions_floor_spawned":[3],"killed_by":"Lagavulin","ascension_level":0}}