{"host":"1q02rw1wpi0nrsss","time":1612390352,"event":{"mods":["AchievementEnabler","BaseMod","Better Note","Custom Start","Dark Map","DeckTracker","Disable Question Mark Monsters","Hermit","Minty Spire (QoL Compilation)","Permanent Neow","Quick Restart","Rare Cards Sparkle","Relic Stats","StSLib","??????REMEMod"],"gold_per_floor":[109,109,23,23,36,36,50,50,50,63,82,113,124,199,199,298,298,316,316,334,347,84,84,113,113,166,178,178,189,206,224,224,328,328,345,255,265,277,89,89,38,38,38,38,53,53,53,69,69,69,69,69,11,36,36,36],"floor_reached":55,"language":"ENG","playtime":1889,"items_purged":["Strike_R"],"score":641,"play_id":"44cfed6b-538b-4bc1-a3d6-0e9fb818343d","local_time":"20210203141232","is_ascension_mode":false,"campfire_choices":[{"data":"Blind","floor":6,"key":"SMITH"},{"data":"Whirlwind","floor":8,"key":"SMITH"},{"data":"ConjureBlade","floor":15,"key":"SMITH"},{"data":"REME_MawOfCthun","floor":23,"key":"SMITH"},{"data":"Flame Barrier","floor":25,"key":"SMITH"},{"data":"Shrug It Off","floor":28,"key":"SMITH"},{"floor":32,"key":"REST"},{"data":"Offering","floor":40,"key":"SMITH"},{"data":"REME_BodyOfCthun","floor":42,"key":"SMITH"},{"data":"Bash","floor":44,"key":"SMITH"},{"data":"Reaper","floor":47,"key":"SMITH"},{"floor":49,"key":"RECALL"},{"data":"Defend_R","floor":52,"key":"SMITH"}],"circlet_count":0,"master_deck":["Strike_R","Strike_R","Strike_R","Defend_R+1","Defend_R+1","Defend_R","Defend_R+1","Bash+1","Thunderclap+1","Blind+1","Whirlwind+1","Shrug It Off+1","ConjureBlade+1","Flame Barrier+1","Reaper+1","Spot Weakness+1","REME_MawOfCthun+1","Offering+1","REME_BodyOfCthun+1"],"relics":["Burning Blood","REME_ComplimentaryCards","Darkstone Periapt","Potion Belt","Philosopher\u0027s Stone","War Paint","Centennial Puzzle","Velvet Choker","The Courier","HornCleat"],"acts_visited":["Exordium","TheCity","TheBeyond","TheEnding"],"potions_floor_usage":[5,11,11,16,20,24,27,29,30,33,38,38,48,50,50,54],"damage_taken":[{"damage":2,"enemies":"Small Slimes","floor":1,"turns":4},{"damage":0,"enemies":"2 Louse","floor":5,"turns":2},{"damage":6,"enemies":"Cultist","floor":7,"turns":4},{"damage":12,"enemies":"Blue Slaver","floor":10,"turns":3},{"damage":0,"enemies":"Looter","floor":11,"turns":1},{"damage":27,"enemies":"3 Sentries","floor":12,"turns":7},{"damage":9,"enemies":"Exordium Wildlife","floor":13,"turns":3},{"damage":22,"enemies":"The Guardian","floor":16,"turns":11},{"damage":0,"enemies":"3 Byrds","floor":18,"turns":4},{"damage":8,"enemies":"2 Thieves","floor":20,"turns":3},{"damage":27,"enemies":"Snake Plant","floor":21,"turns":4},{"damage":35,"enemies":"Slavers","floor":24,"turns":4},{"damage":26,"enemies":"Centurion and Healer","floor":27,"turns":5},{"damage":5,"enemies":"Cultist and Chosen","floor":29,"turns":6},{"damage":36,"enemies":"Shelled Parasite and Fungi","floor":30,"turns":7},{"damage":13,"enemies":"Snake Plant","floor":31,"turns":4},{"damage":48,"enemies":"Champ","floor":33,"turns":13},{"damage":6,"enemies":"3 Shapes","floor":35,"turns":4},{"damage":25,"enemies":"Orb Walker","floor":37,"turns":5},{"damage":11,"enemies":"Writhing Mass","floor":38,"turns":5},{"damage":9,"enemies":"3 Darklings","floor":45,"turns":3},{"damage":0,"enemies":"Jaw Worm Horde","floor":48,"turns":1},{"damage":74,"enemies":"Donu and Deca","floor":50,"turns":8},{"damage":46,"enemies":"Shield and Spear","floor":54,"turns":8},{"damage":76,"enemies":"The Heart","floor":55,"turns":6}],"seed_played":"4951168106887808359","potions_obtained":[{"floor":1,"key":"ElixirPotion"},{"floor":4,"key":"Fruit Juice"},{"floor":4,"key":"GamblersBrew"},{"floor":5,"key":"Energy Potion"},{"floor":7,"key":"SteroidPotion"},{"floor":13,"key":"Strength Potion"},{"floor":16,"key":"SneckoOil"},{"floor":20,"key":"BloodPotion"},{"floor":27,"key":"Ancient Potion"},{"floor":29,"key":"Regen Potion"},{"floor":30,"key":"LiquidBronze"},{"floor":33,"key":"AttackPotion"},{"floor":35,"key":"SpeedPotion"},{"floor":45,"key":"AttackPotion"},{"floor":48,"key":"Explosive Potion"},{"floor":54,"key":"Explosive Potion"}],"is_trial":false,"path_per_floor":["M","?","$","?","M","R","M","R","T","M","M","E","M","?","R","B",null,"M","?","M","M","$","R","E","R","T","M","R","M","M","M","R","B",null,"M","?","M","M","$","R","$","R","T","R","M","T","R","M","R","B",null,"R","$","E","B"],"character_chosen":"IRONCLAD","items_purchased":["Blind","REME_MawOfCthun","REME_BodyOfCthun","PowerPotion","DuplicationPotion"],"campfire_rested":1,"item_purchase_floors":[3,22,39,41,53],"current_hp_per_floor":[88,88,88,88,93,93,93,93,93,87,93,72,69,58,58,42,93,93,93,91,70,70,70,59,59,59,46,46,61,50,50,77,41,93,93,93,83,78,78,78,78,78,78,78,75,75,75,81,81,13,93,93,93,71,0,0],"gold":36,"neow_bonus":"TEN_PERCENT_HP_BONUS","is_daily":false,"chose_seed":false,"campfire_upgraded":11,"win_rate":0.0,"timestamp":1612390352,"path_taken":["M","?","$","?","M","R","M","R","T","?","M","E","M","?","R","BOSS","M","?","?","M","$","R","E","R","T","M","R","M","M","M","R","BOSS","M","?","?","M","$","R","?","R","T","R","M","?","R","M","R","BOSS","R","$","E","BOSS"],"items_purchased_type":["Card","Card","Card","Potion","Potion"],"build_version":"2020-12-22","purchased_purges":1,"victory":false,"max_hp_per_floor":[88,88,88,88,93,93,93,93,93,93,93,93,93,93,93,93,93,93,93,93,93,93,93,93,93,93,93,93,93,93,93,93,93,93,93,93,93,93,93,93,93,93,93,93,93,93,93,93,93,93,93,93,93,93,93,93],"relic_stats":{"Darkstone Periapt":0,"Centennial Puzzle":[36],"counters":[25,125],"War Paint":["Defend_R","Defend_R"],"obtain_stats":[{"Darkstone Periapt":9,"Potion Belt":12,"Centennial Puzzle":26,"HornCleat":54,"Velvet Choker":34,"Philosopher\u0027s Stone":17,"The Courier":43,"War Paint":24,"Burning Blood":0,"REME_ComplimentaryCards":0},{"Darkstone Periapt":3,"Potion Belt":6,"Centennial Puzzle":12,"HornCleat":24,"Velvet Choker":17,"Philosopher\u0027s Stone":8,"The Courier":20,"War Paint":12,"Burning Blood":0,"REME_ComplimentaryCards":0},{"Darkstone Periapt":10,"Potion Belt":21,"Centennial Puzzle":50,"HornCleat":119,"Velvet Choker":85,"Philosopher\u0027s Stone":35,"The Courier":99,"War Paint":50,"Burning Blood":0,"REME_ComplimentaryCards":0}],"Burning Blood":128},"card_choices":[{"not_picked":["Shockwave","Second Wind"],"picked":"Thunderclap","floor":1},{"not_picked":["Carnage","Body Slam","Dropkick"],"picked":"SKIP","floor":5},{"not_picked":["Pummel","Clothesline"],"picked":"Whirlwind","floor":7},{"not_picked":["REME_SingleHolding","Warcry"],"picked":"Shrug It Off","floor":10},{"not_picked":["Twin Strike","Flex","Armaments"],"picked":"SKIP","floor":11},{"not_picked":["Cleave","Reckless Charge","Exhume"],"picked":"SKIP","floor":12},{"not_picked":["Perfected Strike","Flex"],"picked":"Flame Barrier","floor":13},{"not_picked":["Fiend Fire","Exhume"],"picked":"Reaper","floor":16},{"not_picked":["Shrug It Off","Intimidate"],"picked":"Spot Weakness","floor":18},{"not_picked":["Wild Strike","Thunderclap+1","Iron Wave"],"picked":"SKIP","floor":20},{"not_picked":["True Grit","Pommel Strike","Whirlwind"],"picked":"SKIP","floor":21},{"not_picked":["Rampage","Anger","Twin Strike+1"],"picked":"SKIP","floor":24},{"not_picked":["Wild Strike+1","Searing Blow+1","Carnage+1"],"picked":"SKIP","floor":27},{"not_picked":["Berserk","Whirlwind","Perfected Strike"],"picked":"SKIP","floor":29},{"not_picked":["Fire Breathing","Perfected Strike","Armaments"],"picked":"SKIP","floor":30},{"not_picked":["Evolve","Flex","Wild Strike+1"],"picked":"SKIP","floor":31},{"not_picked":["Bludgeon","REME_Fury"],"picked":"Offering","floor":33},{"not_picked":["Anger","Searing Blow+1","Sever Soul+1"],"picked":"SKIP","floor":35},{"not_picked":["Anger","Searing Blow+1","Sever Soul+1"],"picked":"SKIP","floor":35},{"not_picked":["Dark Embrace+1","Rupture","Flex"],"picked":"SKIP","floor":37},{"not_picked":["Body Slam+1","Rupture+1","Flame Barrier"],"picked":"SKIP","floor":38},{"not_picked":["Disarm","REME_SingleHolding+1","Anger+1"],"picked":"SKIP","floor":45},{"not_picked":["Perfected Strike","Combust+1","Heavy Blade+1"],"picked":"SKIP","floor":48},{"not_picked":["Twin Strike+1","Dropkick+1","Armaments+1"],"picked":"SKIP","floor":54}],"player_experience":73024,"relics_obtained":[{"floor":9,"key":"Darkstone Periapt"},{"floor":12,"key":"Potion Belt"},{"floor":24,"key":"War Paint"},{"floor":26,"key":"Centennial Puzzle"},{"floor":43,"key":"The Courier"},{"floor":54,"key":"HornCleat"}],"event_choices":[{"damage_healed":0,"gold_gain":0,"player_choice":"Grow","damage_taken":0,"max_hp_gain":0,"max_hp_loss":0,"event_name":"Living Wall","floor":2,"gold_loss":0,"cards_upgraded":["Thunderclap"]},{"damage_healed":0,"gold_gain":0,"player_choice":"Got Potions","damage_taken":0,"max_hp_gain":0,"max_hp_loss":0,"event_name":"Lab","floor":4,"gold_loss":0},{"damage_healed":0,"gold_gain":75,"player_choice":"Gather Gold","damage_taken":11,"max_hp_gain":0,"max_hp_loss":0,"event_name":"World of Goop","floor":14,"gold_loss":0},{"cards_removed":["ConjureBlade"],"damage_healed":0,"gold_gain":0,"player_choice":"Give","damage_taken":0,"max_hp_gain":0,"max_hp_loss":0,"event_name":"betterNote:BetterNote","floor":19,"gold_loss":0,"cards_obtained":["Envenom"]},{"cards_removed":["Strike_R"],"damage_healed":0,"gold_gain":0,"player_choice":"Upgrade and Remove","damage_taken":0,"max_hp_gain":0,"max_hp_loss":0,"event_name":"Designer","floor":36,"gold_loss":90,"cards_upgraded":["Spot Weakness"]}],"is_beta":false,"boss_relics":[{"not_picked":["Pandora\u0027s Box","Runic Cube"],"picked":"Philosopher\u0027s Stone"},{"not_picked":["REME_DuelDisc","Runic Pyramid"],"picked":"Velvet Choker"}],"items_purged_floors":[22],"is_endless":false,"potions_floor_spawned":[1,5,7,13,16,20,27,29,30,33,35,45,48,54],"killed_by":"The Heart","ascension_level":0}}