{"host":"kiehjq3lc4w5t4uc","time":1612358946,"event":{"mods":["AchievementEnabler","BaseMod","BetterRewards","Colored Map","Colored Powertips","DeckTracker","Good Game Mod","Minty Spire (QoL Compilation)","Quick Restart","Rare Cards Sparkle","Relic Stats","Shop Mod","Spicy Shops","StSLib","SuperFastMode"],"gold_per_floor":[22,36,54,67,86,118,118,147,147,172,172,185,210,233,233,328,328,347,347,87,98,108,136,136,168,241,271,79,79,91,91,91,189,189,207,207,1,1,1,31,56,56,83,83,114,114,146,159,159,159],"floor_reached":51,"language":"KOR","playtime":4310,"items_purged":["HandOfGreed","Strike_R","Strike_R","Defend_R","Bash+1"],"score":1678,"play_id":"0b62fa4d-cbd4-49fa-8fed-efcecd236de8","local_time":"20210203222906","is_ascension_mode":true,"campfire_choices":[{"floor":7.0,"key":"DIG"},{"floor":11.0,"key":"DIG"},{"data":"Strike_R","floor":15.0,"key":"PURGE"},{"data":"Apotheosis","floor":29.0,"key":"SMITH"},{"data":"Strike_R","floor":32,"key":"PURGE"},{"data":"Carnage+1","floor":42,"key":"PURGE"},{"floor":46,"key":"DIG"},{"floor":49,"key":"DIG"}],"circlet_count":0,"master_deck":["Strike_R+1","Defend_R","Defend_R","Defend_R","Pommel Strike+1","Warcry+1","Shrug It Off","Body Slam+1","Warcry","Thunderclap+1","Inflame","Battle Trance","Exhume","Feed+1","Ghostly Armor","Apotheosis+1","Entrench","Ghostly Armor","Entrench+1","Body Slam+1","Inflame","Impervious","Impervious","Entrench","Entrench+1"],"relics":["Burning Blood","REME:ComplimentaryCards","Membership Card","Peace Pipe","Bag of Marbles","Gambling Chip","Molten Egg 2","Shovel","Calipers","Mercury Hourglass","Bronze Scales","Blood Vial","Orichalcum","The Courier","Whetstone","Pear","Odd Mushroom","SlaversCollar","Ginger","Juzu Bracelet","Mummified Hand","Omamori","Toolbox","Oddly Smooth Stone","Fusion Hammer","Pen Nib","Sling","Bird Faced Urn","Magic Flower","Happy Flower","Art of War","Anchor","Pocketwatch","Potion Belt","PreservedInsect"],"acts_visited":["Exordium","TheCity","TheBeyond"],"potions_floor_usage":[50],"damage_taken":[{"damage":3.0,"enemies":"Jaw Worm","floor":1.0,"turns":4.0},{"damage":0.0,"enemies":"Small Slimes","floor":2.0,"turns":3.0},{"damage":0.0,"enemies":"Cultist","floor":3.0,"turns":2.0},{"damage":8.0,"enemies":"Exordium Thugs","floor":4.0,"turns":5.0},{"damage":7.0,"enemies":"3 Louse","floor":5.0,"turns":2.0},{"damage":40.0,"enemies":"Lagavulin","floor":6.0,"turns":7.0},{"damage":16.0,"enemies":"Gremlin Nob","floor":8.0,"turns":2.0},{"damage":7.0,"enemies":"Lagavulin","floor":10.0,"turns":3.0},{"damage":0.0,"enemies":"Blue Slaver","floor":12.0,"turns":1.0},{"damage":6.0,"enemies":"3 Sentries","floor":13.0,"turns":3.0},{"damage":9.0,"enemies":"The Mushroom Lair","floor":14.0,"turns":3.0},{"damage":19.0,"enemies":"The Guardian","floor":16.0,"turns":8.0},{"damage":0.0,"enemies":"Spheric Guardian","floor":18.0,"turns":3.0},{"damage":13.0,"enemies":"Shell Parasite","floor":21.0,"turns":6.0},{"damage":19.0,"enemies":"Snake Plant","floor":22.0,"turns":4.0},{"damage":21.0,"enemies":"Slavers","floor":23.0,"turns":5.0},{"damage":5.0,"enemies":"Book of Stabbing","floor":25.0,"turns":4.0},{"damage":3.0,"enemies":"Slavers","floor":27.0,"turns":3.0},{"damage":0,"enemies":"Centurion and Healer","floor":30,"turns":9},{"damage":0,"enemies":"Champ","floor":33,"turns":7},{"damage":4,"enemies":"3 Shapes","floor":35,"turns":2},{"damage":0,"enemies":"Giant Head","floor":40,"turns":4},{"damage":0,"enemies":"Reptomancer","floor":45,"turns":3},{"damage":0,"enemies":"Nemesis","floor":47,"turns":1},{"damage":0,"enemies":"3 Darklings","floor":48,"turns":4},{"damage":0,"enemies":"Time Eater","floor":50,"turns":3}],"seed_played":"1060726548791766824","potions_obtained":[{"floor":2.0,"key":"SteroidPotion"},{"floor":4.0,"key":"Ancient Potion"},{"floor":5.0,"key":"EssenceOfSteel"},{"floor":10.0,"key":"PowerPotion"},{"floor":14.0,"key":"Block Potion"},{"floor":23.0,"key":"ElixirPotion"},{"floor":25.0,"key":"AttackPotion"},{"floor":48,"key":"Block Potion"}],"is_trial":false,"path_per_floor":["M","M","M","M","M","E","R","E","T","E","R","M","E","?","R","B",null,"M","?","$","M","M","E","?","E","T","E","$","R","M","?","R","B",null,"M","?","$","?","$","E","T","R","T","?","E","R","E","M","R","B",null],"character_chosen":"IRONCLAD","items_purchased":["Membership Card","Peace Pipe","Bag of Marbles","Molten Egg 2","Calipers","Pommel Strike+1","Warcry","Apotheosis","Entrench","Inflame","Toolbox","Oddly Smooth Stone","Sling","Bird Faced Urn"],"campfire_rested":0,"item_purchase_floors":[0,0,0,0,0,0,0,20,20,28,28,28,37,39],"current_hp_per_floor":[75,80,80,78,77,43,43,33,33,34,34,42,54,53,53,42,78,86,86,86,81,70,61,61,64,64,73,73,73,81,81,81,89,96,98,98,98,98,98,98,98,98,98,98,98,98,98,98,98,98],"gold":159,"neow_bonus":"","is_daily":false,"chose_seed":false,"campfire_upgraded":1,"win_rate":0.0,"timestamp":1612358946,"path_taken":["M","M","M","M","M","E","R","E","T","E","R","M","E","?","R","BOSS","M","?","$","M","M","E","?","E","T","E","$","R","M","?","R","BOSS","M","?","$","?","$","E","?","R","T","?","E","R","E","M","R","BOSS"],"items_purchased_type":["Relic","Relic","Relic","Relic","Relic","Card","Card","Card","Card","Card","Relic","Relic","Relic","Relic"],"build_version":"2020-12-22","purchased_purges":5,"victory":true,"max_hp_per_floor":[80,80,80,80,80,80,80,80,80,80,80,80,90,90,90,90,90,90,90,90,90,90,94,94,94,94,98,98,98,98,98,98,98,98,98,98,98,98,98,98,98,98,98,98,98,98,98,98,98,98],"relic_stats":{"Happy Flower":[32],"counters":[114,432],"Magic Flower":[0],"Pen Nib":[25],"PreservedInsect":0,"Juzu Bracelet":1,"Whetstone":["Dramatic Entrance","Strike_R","Pommel Strike","RitualDagger","Pommel Strike","Strike_R","Bash","Strike_R"],"Ginger":[4],"Orichalcum":[24],"Burning Blood":524,"Mercury Hourglass":[299],"Peace Pipe":3,"Blood Vial":76,"Shovel":4,"Mummified Hand":[40],"Gambling Chip":[73],"Bronze Scales":[722],"Bird Faced Urn":[0],"Art of War":[24],"obtain_stats":[{"Whetstone":8,"Ginger":23,"Boot":5,"Sling":37,"Blood Vial":42,"Sundial":3,"MealTicket":13,"Fusion Hammer":34,"HandDrill":0,"Kunai":7,"Runic Cube":34,"Pear":13,"Blue Candle":9,"Eternal Feather":41,"Pen Nib":7,"SlaversCollar":17,"Bird Faced Urn":44,"MutagenicStrength":31,"StrikeDummy":20,"Unceasing Top":0,"Lantern":35,"Regal Pillow":26,"Torii":41,"Singing Bowl":0,"Magic Flower":40,"StoneCalendar":54,"Bag of Preparation":25,"Smiling Mask":23,"Burning Blood":0,"Matryoshka":31,"Shovel":0,"Toolbox":28,"Chemical X":0,"InkBottle":43,"Paper Frog":10,"Potion Belt":47,"Lee\u0027s Waffle":22,"Golden Idol":0,"The Courier":0,"PreservedInsect":49,"Omamori":38,"Frozen Egg 2":23,"MawBank":46,"Ornamental Fan":14,"Orrery":0,"Turnip":45,"Art of War":6,"Bottled Lightning":6,"Toy Ornithopter":18,"Ice Cream":0,"Calipers":0,"Gremlin Horn":36,"Vajra":24,"Sozu":17,"Lizard Tail":45,"Centennial Puzzle":46,"FaceOfCleric":3,"DollysMirror":47,"Strawberry":55,"Prayer Wheel":4,"Toxic Egg 2":9,"Girya":45,"Happy Flower":47,"Oddly Smooth Stone":30,"Letter Opener":10,"War Paint":29,"Question Card":45,"Du-Vu Doll":22,"Bottled Flame":27,"Shuriken":54,"Bronze Scales":55,"Molten Egg 2":25,"Black Star":0,"Meat on the Bone":30,"Pocketwatch":46,"Darkstone Periapt":44,"Juzu Bracelet":26,"ClockworkSouvenir":10,"Nunchaku":47,"Mummified Hand":39,"Pantograph":13,"Gambling Chip":0,"Tiny Chest":1,"Red Skull":23,"Orichalcum":54,"Odd Mushroom":14,"Medical Kit":45,"White Beast Statue":14,"Mercury Hourglass":12,"Peace Pipe":8,"Anchor":44,"CaptainsWheel":48,"REME:ComplimentaryCards":0,"Coffee Dripper":34,"Bag of Marbles":43,"Membership Card":0,"FossilizedHelix":6},{"Whetstone":7,"Ginger":104,"Boot":4,"Sling":109,"Blood Vial":24,"Sundial":2,"MealTicket":8,"Fusion Hammer":50,"HandDrill":32,"Kunai":6,"Runic Cube":79,"Pear":8,"Blue Candle":7,"Eternal Feather":24,"Pen Nib":6,"SlaversCollar":40,"Bird Faced Urn":24,"MutagenicStrength":49,"StrikeDummy":12,"Unceasing Top":32,"Lantern":21,"Regal Pillow":74,"Torii":24,"Singing Bowl":32,"Magic Flower":110,"StoneCalendar":60,"Bag of Preparation":15,"Smiling Mask":13,"Burning Blood":0,"Matryoshka":19,"Shovel":88,"Toolbox":106,"Chemical X":32,"InkBottle":24,"Paper Frog":8,"Potion Belt":112,"Lee\u0027s Waffle":72,"Golden Idol":0,"The Courier":0,"PreservedInsect":113,"Omamori":22,"Frozen Egg 2":45,"MawBank":26,"Ornamental Fan":9,"Orrery":32,"Turnip":84,"Art of War":65,"Bottled Lightning":5,"Toy Ornithopter":11,"Ice Cream":0,"Calipers":32,"Gremlin Horn":22,"Vajra":14,"Sozu":10,"Lizard Tail":25,"Centennial Puzzle":26,"FaceOfCleric":63,"DollysMirror":57,"Strawberry":31,"Prayer Wheel":3,"Toxic Egg 2":36,"Girya":56,"Happy Flower":27,"Oddly Smooth Stone":18,"Letter Opener":8,"War Paint":17,"Question Card":25,"Du-Vu Doll":12,"Bottled Flame":16,"Shuriken":30,"Bronze Scales":31,"Molten Egg 2":15,"Black Star":0,"Meat on the Bone":18,"Pocketwatch":111,"Darkstone Periapt":24,"Juzu Bracelet":47,"ClockworkSouvenir":36,"Nunchaku":27,"Mummified Hand":23,"Pantograph":8,"Gambling Chip":32,"Tiny Chest":1,"Red Skull":13,"Orichalcum":30,"Odd Mushroom":99,"Medical Kit":84,"White Beast Statue":9,"Mercury Hourglass":8,"Peace Pipe":7,"Anchor":24,"CaptainsWheel":28,"REME:ComplimentaryCards":0,"Coffee Dripper":20,"Bag of Marbles":24,"Membership Card":0,"FossilizedHelix":5},{"Whetstone":26,"Ginger":393,"Boot":10,"Sling":417,"Blood Vial":75,"Sundial":5,"MealTicket":30,"Fusion Hammer":158,"HandDrill":97,"Kunai":21,"Runic Cube":292,"Pear":30,"Blue Candle":26,"Eternal Feather":75,"Pen Nib":21,"SlaversCollar":119,"Bird Faced Urn":75,"MutagenicStrength":151,"StrikeDummy":45,"Unceasing Top":97,"Lantern":68,"Regal Pillow":261,"Torii":75,"Singing Bowl":97,"Magic Flower":421,"StoneCalendar":188,"Bag of Preparation":51,"Smiling Mask":47,"Burning Blood":0,"Matryoshka":62,"Shovel":333,"Toolbox":400,"Chemical X":97,"InkBottle":75,"Paper Frog":30,"Potion Belt":425,"Lee\u0027s Waffle":253,"Golden Idol":0,"The Courier":0,"PreservedInsect":429,"Omamori":69,"Frozen Egg 2":134,"MawBank":78,"Ornamental Fan":33,"Orrery":97,"Turnip":315,"Art of War":220,"Bottled Lightning":16,"Toy Ornithopter":41,"Ice Cream":0,"Calipers":97,"Gremlin Horn":69,"Vajra":49,"Sozu":39,"Lizard Tail":77,"Centennial Puzzle":78,"FaceOfCleric":200,"DollysMirror":179,"Strawberry":92,"Prayer Wheel":7,"Toxic Egg 2":105,"Girya":176,"Happy Flower":81,"Oddly Smooth Stone":60,"Letter Opener":30,"War Paint":56,"Question Card":77,"Du-Vu Doll":45,"Bottled Flame":53,"Shuriken":90,"Bronze Scales":92,"Molten Egg 2":51,"Black Star":0,"Meat on the Bone":60,"Pocketwatch":424,"Darkstone Periapt":75,"Juzu Bracelet":143,"ClockworkSouvenir":105,"Nunchaku":81,"Mummified Hand":71,"Pantograph":30,"Gambling Chip":97,"Tiny Chest":2,"Red Skull":47,"Orichalcum":90,"Odd Mushroom":367,"Medical Kit":315,"White Beast Statue":33,"Mercury Hourglass":30,"Peace Pipe":26,"Anchor":75,"CaptainsWheel":82,"REME:ComplimentaryCards":0,"Coffee Dripper":67,"Bag of Marbles":75,"Membership Card":0,"FossilizedHelix":16}],"Pocketwatch":[6]},"card_choices":[{"not_picked":["Twin Strike+1","Feel No Pain","Wild Strike+1"],"picked":"SKIP","floor":1.0},{"not_picked":["Twin Strike+1","Cleave+1","True Grit"],"picked":"SKIP","floor":2.0},{"not_picked":["Sword Boomerang+1","Juggernaut"],"picked":"Shrug It Off","floor":3.0},{"not_picked":["Power Through","Anger+1"],"picked":"Carnage+1","floor":4.0},{"not_picked":["Perfected Strike+1","Iron Wave+1","Shrug It Off"],"picked":"SKIP","floor":5.0},{"not_picked":["Seeing Red","Wild Strike+1"],"picked":"Body Slam+1","floor":6.0},{"not_picked":["Armaments","Sword Boomerang+1"],"picked":"Warcry","floor":8.0},{"not_picked":["Searing Blow+1","Dark Embrace"],"picked":"Thunderclap+1","floor":10.0},{"not_picked":["Heavy Blade+1","Flex"],"picked":"Inflame","floor":12.0},{"not_picked":["Dual Wield","Clothesline+1"],"picked":"Battle Trance","floor":13.0},{"not_picked":["Disarm","Hemokinesis+1"],"picked":"Exhume","floor":14.0},{"not_picked":["Immolate+1","Exhume"],"picked":"Feed+1","floor":16.0},{"not_picked":["Twin Strike+1","Combust+1"],"picked":"Ghostly Armor","floor":18.0},{"not_picked":["Seeing Red","Anger+1"],"picked":"Ghostly Armor","floor":21.0},{"not_picked":["Cleave+1","Pommel Strike+1","Power Through"],"picked":"SKIP","floor":22.0},{"not_picked":["Feel No Pain","Perfected Strike+1"],"picked":"Entrench+1","floor":23.0},{"not_picked":["Cleave+1","Twin Strike+1","Anger+1"],"picked":"SKIP","floor":25.0},{"not_picked":["Shockwave","Second Wind","Pommel Strike+1"],"picked":"SKIP","floor":27.0},{"not_picked":["Evolve+1","Body Slam+1","Twin Strike+1"],"picked":"SKIP","floor":30},{"not_picked":["Demon Form","Exhume"],"picked":"Impervious","floor":33},{"not_picked":["Dual Wield+1","Shrug It Off+1","Armaments"],"picked":"SKIP","floor":35},{"not_picked":["Shockwave+1","Warcry"],"picked":"Entrench","floor":40},{"not_picked":["Inflame","Immolate+1","Iron Wave+1"],"picked":"SKIP","floor":45},{"not_picked":["Clothesline+1","Hemokinesis+1"],"picked":"Entrench+1","floor":47},{"not_picked":["Shrug It Off","True Grit","Clothesline+1"],"picked":"SKIP","floor":48}],"player_experience":132896,"relics_obtained":[{"floor":6.0,"key":"Mercury Hourglass"},{"floor":7.0,"key":"Bronze Scales"},{"floor":8.0,"key":"Blood Vial"},{"floor":9.0,"key":"Orichalcum"},{"floor":10.0,"key":"The Courier"},{"floor":11.0,"key":"Whetstone"},{"floor":13.0,"key":"Pear"},{"floor":14.0,"key":"Odd Mushroom"},{"floor":23.0,"key":"Ginger"},{"floor":25.0,"key":"Juzu Bracelet"},{"floor":26.0,"key":"Mummified Hand"},{"floor":27.0,"key":"Omamori"},{"floor":40,"key":"Magic Flower"},{"floor":41,"key":"Happy Flower"},{"floor":43,"key":"Art of War"},{"floor":45,"key":"Anchor"},{"floor":46,"key":"Pocketwatch"},{"floor":47,"key":"Potion Belt"},{"floor":49,"key":"PreservedInsect"}],"event_choices":[{"damage_healed":0.0,"max_hp_gain":0.0,"max_hp_loss":0.0,"gold_gain":0.0,"event_name":"Mushrooms","player_choice":"Fought Mushrooms","floor":14.0,"gold_loss":0.0,"damage_taken":0.0},{"damage_healed":0.0,"max_hp_gain":0.0,"max_hp_loss":0.0,"gold_gain":0.0,"event_name":"Vampires","player_choice":"Ignored","floor":19.0,"gold_loss":0.0,"damage_taken":0.0},{"damage_healed":0,"gold_gain":0,"player_choice":"Ignored","damage_taken":0,"max_hp_gain":0,"max_hp_loss":0,"event_name":"Ghosts","floor":31,"gold_loss":0},{"damage_healed":0,"gold_gain":0,"player_choice":"Gave Potion","damage_taken":0,"relics_obtained":["Pen Nib"],"max_hp_gain":0,"max_hp_loss":0,"event_name":"WeMeetAgain","floor":36,"gold_loss":0},{"damage_healed":0,"gold_gain":0,"player_choice":"Copied","damage_taken":0,"max_hp_gain":0,"max_hp_loss":0,"event_name":"Duplicator","floor":38,"gold_loss":0,"cards_obtained":["Impervious"]},{"damage_healed":0,"gold_gain":0,"player_choice":"Upgraded","damage_taken":0,"max_hp_gain":0,"max_hp_loss":0,"event_name":"Upgrade Shrine","floor":44,"gold_loss":0,"cards_upgraded":["Warcry"]}],"is_beta":false,"boss_relics":[{"not_picked":["Empty Cage","Runic Cube"],"picked":"SlaversCollar"},{"not_picked":["Runic Pyramid","SacredBark"],"picked":"Fusion Hammer"}],"items_purged_floors":[0,0,28,37,37],"is_endless":false,"potions_floor_spawned":[2,4,5,10,14,23,25,30,45,48],"ascension_level":7}}