{"host":"exhp4inpfmbngj23","time":1612328790,"event":{"mods":["Abigail Mod","BaseMod","Beaked The Cultist","Downfall","Friendly Minions","Kiyohime????","Koishi","Minty Spire (QoL Compilation)","StSLib","The Alterego"],"gold_per_floor":[99,119,104,104,120,20,20,120,149,165,65,95,114,128,148,148,148,148],"floor_reached":16,"language":"ENG","playtime":1043,"items_purged":[],"score":127,"play_id":"32963e75-93e8-4ade-9955-38ee07351eb8","local_time":"20210202210630","is_ascension_mode":false,"campfire_choices":[{"floor":1,"key":"RECALL"},{"data":"Guardian:TwinSlam","floor":6,"key":"SMITH"},{"data":"Guardian:DonusPower","floor":11,"key":"SMITH"}],"circlet_count":0,"master_deck":["Guardian:Strike_Guardian","Guardian:Strike_Guardian","Guardian:Strike_Guardian+1","Guardian:Strike_Guardian","Guardian:Defend_Guardian","Guardian:Defend_Guardian","Guardian:Defend_Guardian","Guardian:Defend_Guardian+1","Guardian:CurlUp","Guardian:TwinSlam+1","Guardian:SentryBeam+1","downfall:Malfunctioning","Guardian:Planning","Guardian:DecasProtection","Guardian:DonusPower+1","Guardian:Gem_Lightblue","Guardian:PrismaticBeam","Guardian:Gem_Green","Guardian:Gem_Purple"],"relics":["Guardian:ModeShifter","downfall:HeartBlessingRed","Question Card","downfall:HeartBlessingBlue","Odd Mushroom"],"acts_visited":["Exordium"],"potions_floor_usage":[12,16],"damage_taken":[{"damage":5,"enemies":"Cultist","floor":2,"turns":4},{"damage":10,"enemies":"downfall:FleeingMerchant","floor":3,"turns":4},{"damage":5,"enemies":"2 Louse","floor":5,"turns":2},{"damage":14,"enemies":"3 Sentries","floor":9,"turns":9},{"damage":9,"enemies":"Small Slimes","floor":10,"turns":3},{"damage":8,"enemies":"The Mushroom Lair","floor":12,"turns":3},{"damage":7,"enemies":"Blue Slaver","floor":13,"turns":3},{"damage":10,"enemies":"3 Louse","floor":14,"turns":3},{"damage":20,"enemies":"Exordium Thugs","floor":15,"turns":4},{"damage":22,"enemies":"DF_ARCHETYPE_STREAMLINE","floor":16,"turns":3}],"seed_played":"1965295983318888526","potions_obtained":[{"floor":9,"key":"AttackPotion"},{"floor":10,"key":"sneckomod:MuddlingPotion"},{"floor":15,"key":"ColorlessPotion"}],"is_trial":false,"path_per_floor":["R","M","$","?","M","R","T","?","E","M","R","?","M","M","M","B"],"character_chosen":"GUARDIAN","items_purchased":[],"campfire_rested":0,"item_purchase_floors":[],"current_hp_per_floor":[88,83,73,73,68,68,68,68,54,45,55,47,40,30,10,0,0,0],"gold":148,"neow_bonus":"TEN_PERCENT_HP_BONUS","is_daily":false,"chose_seed":false,"campfire_upgraded":2,"win_rate":0.0,"timestamp":1612328790,"path_taken":["R","M","?","?","M","R","T","?","E","M","R","?","?","M","M","BOSS"],"items_purchased_type":[],"build_version":"2020-12-22","purchased_purges":0,"victory":false,"max_hp_per_floor":[88,88,88,88,88,88,88,88,88,88,98,98,98,98,98,98,98,98],"card_choices":[{"not_picked":["Guardian:TemporalStrike","Guardian:Gem_Green"],"picked":"Guardian:SentryBeam","floor":2},{"not_picked":["Guardian:Reroute","Guardian:Emergency"],"picked":"Guardian:Gem_Blue","floor":3},{"not_picked":["Guardian:RefractedBeam","Guardian:Gem_Yellow"],"picked":"Guardian:Planning","floor":5},{"not_picked":["Guardian:Gem_Green","Guardian:FloatingOrbs"],"picked":"Guardian:DecasProtection","floor":9},{"not_picked":["Guardian:Planning","Guardian:BronzeArmor","Guardian:WalkerClaw"],"picked":"Guardian:DonusPower","floor":10},{"not_picked":["Guardian:HyperBeam_Guardian","Guardian:Gem_Green","Guardian:WalkerClaw"],"picked":"Guardian:Gem_Lightblue","floor":12},{"not_picked":["Guardian:FloatingOrbs","Guardian:Gem_Cyan","Guardian:DonusPower"],"picked":"Guardian:PrismaticBeam","floor":13},{"not_picked":["Guardian:RollAttack","Guardian:StasisField","Guardian:PrimingBeam"],"picked":"Guardian:Gem_Green","floor":14},{"not_picked":["Guardian:Suspension","Guardian:CrystalBeam","Guardian:BronzeOrb"],"picked":"Guardian:Gem_Purple","floor":15}],"player_experience":2149790,"relics_obtained":[{"floor":9,"key":"Question Card"},{"floor":12,"key":"Odd Mushroom"}],"event_choices":[{"damage_healed":0,"gold_gain":0,"player_choice":"Fought Mushrooms","damage_taken":0,"max_hp_gain":0,"max_hp_loss":0,"event_name":"Mushrooms","floor":12,"gold_loss":0}],"is_beta":false,"boss_relics":[],"items_purged_floors":[],"is_endless":false,"potions_floor_spawned":[9,10,15],"killed_by":"DF_ARCHETYPE_STREAMLINE","ascension_level":0}}