{"host":"9l1knhxfturzliqa","time":1612351316,"event":{"mods":["BaseMod","Colored Map","Colored Powertips","DeckTracker","Highlight Path","Keyboard Shortcuts","Minty Spire (QoL Compilation)","Random Character Button"],"gold_per_floor":[364,12,29,29,39,71,71,82,156,156,156,185,7,26,26,145,145,158,173,173,189,209,248,248,163,163,163,38,79,99,137,137,258,258,274,293,311,311,330,330,374,53,53,67,67,80,113,138,138,138,138,138,66,99,99],"floor_reached":56,"language":"KOR","playtime":3446,"items_purged":["Writhe","Strike_P","Defend_P"],"score":2079,"play_id":"27ee8117-ceb8-4e1e-9f30-105bd0abf9e8","local_time":"20210203202156","is_ascension_mode":true,"campfire_choices":[{"data":"Eruption","floor":7.0,"key":"SMITH"},{"data":"Adaptation","floor":11.0,"key":"SMITH"},{"data":"TalkToTheHand","floor":15.0,"key":"SMITH"},{"data":"Scrawl","floor":24.0,"key":"SMITH"},{"data":"Ragnarok","floor":27.0,"key":"SMITH"},{"floor":32.0,"key":"RECALL"},{"data":"MentalFortress","floor":40.0,"key":"SMITH"},{"data":"Master of Strategy","floor":45.0,"key":"SMITH"},{"data":"Tantrum","floor":49.0,"key":"SMITH"},{"data":"CrushJoints","floor":52.0,"key":"SMITH"}],"circlet_count":0,"master_deck":["AscendersBane","Strike_P","Strike_P+1","Defend_P+1","Defend_P","Defend_P","Eruption+1","Vigilance","CrushJoints+1","Master of Strategy+1","Adaptation+1","BowlingBash","EmptyFist","FearNoEvil+1","TalkToTheHand+1","Scrawl+1","Ragnarok+1","DeusExMachina+1","MentalFortress+1","Fasting2+1","Tantrum+1"],"relics":["PureWater","Gambling Chip","Ancient Tea Set","Sundial","Golden Idol","Odd Mushroom","Black Star","StoneCalendar","Whetstone","Lizard Tail","Nunchaku","Letter Opener","Blood Vial","Strawberry","Damaru","VioletLotus","Dream Catcher","Bottled Tornado","Yang","War Paint","Kunai","Bag of Marbles","Lantern"],"acts_visited":["Exordium","TheCity","TheBeyond","TheEnding"],"potions_floor_usage":[55,55,55],"damage_taken":[{"damage":0.0,"enemies":"2 Louse","floor":1.0,"turns":2.0},{"damage":0.0,"enemies":"Small Slimes","floor":3.0,"turns":3.0},{"damage":0.0,"enemies":"Jaw Worm","floor":5.0,"turns":1.0},{"damage":0.0,"enemies":"3 Sentries","floor":6.0,"turns":2.0},{"damage":0.0,"enemies":"Blue Slaver","floor":8.0,"turns":1.0},{"damage":2.0,"enemies":"The Mushroom Lair","floor":12.0,"turns":2.0},{"damage":0.0,"enemies":"2 Fungi Beasts","floor":14.0,"turns":1.0},{"damage":6.0,"enemies":"Hexaghost","floor":16.0,"turns":9.0},{"damage":4.0,"enemies":"Chosen","floor":18.0,"turns":2.0},{"damage":9.0,"enemies":"3 Byrds","floor":19.0,"turns":4.0},{"damage":0.0,"enemies":"3 Cultists","floor":21.0,"turns":3.0},{"damage":7.0,"enemies":"Snake Plant","floor":22.0,"turns":2.0},{"damage":7.0,"enemies":"Slavers","floor":23.0,"turns":6.0},{"damage":0.0,"enemies":"Gremlin Leader","floor":29.0,"turns":3.0},{"damage":0.0,"enemies":"Snecko","floor":30.0,"turns":2.0},{"damage":0.0,"enemies":"Book of Stabbing","floor":31.0,"turns":3.0},{"damage":0.0,"enemies":"Champ","floor":33.0,"turns":3.0},{"damage":0.0,"enemies":"Orb Walker","floor":35.0,"turns":1.0},{"damage":0.0,"enemies":"3 Shapes","floor":36.0,"turns":1.0},{"damage":0.0,"enemies":"3 Darklings","floor":37.0,"turns":3.0},{"damage":8.0,"enemies":"Spire Growth","floor":39.0,"turns":3.0},{"damage":7.0,"enemies":"Reptomancer","floor":41.0,"turns":4.0},{"damage":0.0,"enemies":"Writhing Mass","floor":44.0,"turns":2.0},{"damage":0.0,"enemies":"4 Shapes","floor":46.0,"turns":2.0},{"damage":0.0,"enemies":"Nemesis","floor":47.0,"turns":3.0},{"damage":0.0,"enemies":"Spire Growth","floor":48.0,"turns":3.0},{"damage":9.0,"enemies":"Awakened One","floor":50.0,"turns":7.0},{"damage":0.0,"enemies":"Shield and Spear","floor":54.0,"turns":3.0},{"damage":105,"enemies":"The Heart","floor":55,"turns":7}],"seed_played":"6562849034902425795","potions_obtained":[{"floor":1.0,"key":"BlessingOfTheForge"},{"floor":5.0,"key":"Explosive Potion"},{"floor":8.0,"key":"Dexterity Potion"},{"floor":12.0,"key":"Explosive Potion"},{"floor":21.0,"key":"SpeedPotion"},{"floor":22.0,"key":"SkillPotion"},{"floor":30.0,"key":"LiquidBronze"},{"floor":31.0,"key":"SteroidPotion"},{"floor":35.0,"key":"AttackPotion"},{"floor":41.0,"key":"SkillPotion"},{"floor":47.0,"key":"SteroidPotion"},{"floor":54.0,"key":"AttackPotion"}],"is_trial":false,"path_per_floor":["M","$","M","?","M","E","R","M","T","?","R","?","$","M","R","B",null,"M","M","?","M","M","E","R","?","T","R","$","E","M","E","R","B",null,"M","M","M","?","M","R","E","$","T","M","R","M","E","M","R","B",null,"R","$","E","B",null],"character_chosen":"WATCHER","items_purchased":["Master of Strategy","Ambrosia","TalkToTheHand","Yang","Tantrum","DuplicationPotion"],"campfire_rested":0,"item_purchase_floors":[2,2,13,42,42,53],"current_hp_per_floor":[65,65,65,62,62,62,62,62,62,44,44,42,42,42,42,36,63,59,50,50,50,43,36,36,36,36,36,36,36,38,47,47,49,72,74,76,78,78,71,71,66,66,66,68,68,70,72,74,74,67,76,76,76,78,35],"gold":99,"neow_bonus":"TWO_FIFTY_GOLD","is_daily":false,"chose_seed":false,"campfire_upgraded":9,"win_rate":0.0,"timestamp":1612351316,"path_taken":["M","$","M","?","M","E","R","M","T","?","R","?","$","M","R","BOSS","M","M","?","M","M","E","R","?","T","R","$","E","M","E","R","BOSS","M","M","M","?","M","R","E","$","T","M","R","M","E","M","R","BOSS","R","$","E","BOSS"],"items_purchased_type":["Card","Potion","Card","Relic","Card","Potion"],"build_version":"2020-12-22","purchased_purges":3,"victory":true,"max_hp_per_floor":[72,72,72,72,72,72,72,72,72,72,72,72,72,72,72,72,72,72,72,72,72,72,72,72,72,72,72,72,72,72,79,79,79,79,79,79,79,79,79,79,79,79,79,79,79,79,79,79,79,79,79,79,79,79,79],"card_choices":[{"not_picked":["Halt","JustLucky"],"picked":"CrushJoints","floor":1.0},{"not_picked":["BowlingBash","CrushJoints"],"picked":"Adaptation","floor":3.0},{"not_picked":["SashWhip","CutThroughFate"],"picked":"BowlingBash","floor":5.0},{"not_picked":["PathToVictory","SandsOfTime"],"picked":"EmptyFist","floor":6.0},{"not_picked":["WaveOfTheHand","EmptyMind","Evaluate"],"picked":"SKIP","floor":8.0},{"not_picked":["Devotion","SashWhip"],"picked":"FearNoEvil","floor":12.0},{"not_picked":["Consecrate","BowlingBash","ReachHeaven"],"picked":"SKIP","floor":14.0},{"not_picked":["Judgement","Ragnarok"],"picked":"Scrawl","floor":16.0},{"not_picked":["DeceiveReality","Pray+1","PathToVictory"],"picked":"SKIP","floor":18.0},{"not_picked":["SashWhip","Worship","CutThroughFate+1"],"picked":"SKIP","floor":19.0},{"not_picked":["Evaluate+1","PathToVictory","WreathOfFlame"],"picked":"SKIP","floor":21.0},{"not_picked":["Adaptation","EmptyBody","Collect"],"picked":"SKIP","floor":22.0},{"not_picked":["PathToVictory+1","Brilliance"],"picked":"Ragnarok","floor":23.0},{"not_picked":["Swivel","JustLucky","CrushJoints+1"],"picked":"SKIP","floor":29.0},{"not_picked":["Vengeance","CrushJoints","FollowUp"],"picked":"SKIP","floor":30.0},{"not_picked":["Wallop+1","WaveOfTheHand","LikeWater"],"picked":"SKIP","floor":31.0},{"not_picked":["Wallop+1","WaveOfTheHand","LikeWater"],"picked":"SKIP","floor":31.0},{"not_picked":["Brilliance","Judgement"],"picked":"DeusExMachina","floor":33.0},{"not_picked":["Evaluate+1","PathToVictory+1","LikeWater"],"picked":"SKIP","floor":35.0},{"not_picked":["Evaluate","Indignation+1"],"picked":"MentalFortress","floor":36.0},{"not_picked":["CutThroughFate","Wallop+1"],"picked":"Fasting2+1","floor":37.0},{"not_picked":["Crescendo+1","ThirdEye+1","Protect"],"picked":"SKIP","floor":39.0},{"not_picked":["Wireheading+1","SashWhip+1","Vengeance+1"],"picked":"SKIP","floor":41.0},{"not_picked":["Wireheading+1","SashWhip+1","Vengeance+1"],"picked":"SKIP","floor":41.0},{"not_picked":["FollowUp","Adaptation","Study"],"picked":"SKIP","floor":44.0},{"not_picked":["ClearTheMind","SandsOfTime+1","Evaluate"],"picked":"SKIP","floor":46.0},{"not_picked":["WaveOfTheHand+1","SashWhip","DeceiveReality"],"picked":"SKIP","floor":47.0},{"not_picked":["ConjureBlade","EmptyFist","FearNoEvil"],"picked":"SKIP","floor":48.0},{"not_picked":["SashWhip+1","Consecrate","Weave"],"picked":"SKIP","floor":54.0}],"player_experience":597131,"relics_obtained":[{"floor":6.0,"key":"Ancient Tea Set"},{"floor":9.0,"key":"Sundial"},{"floor":12.0,"key":"Odd Mushroom"},{"floor":23.0,"key":"StoneCalendar"},{"floor":23.0,"key":"Whetstone"},{"floor":26.0,"key":"Nunchaku"},{"floor":29.0,"key":"Letter Opener"},{"floor":29.0,"key":"Blood Vial"},{"floor":31.0,"key":"Strawberry"},{"floor":31.0,"key":"Damaru"},{"floor":41.0,"key":"Dream Catcher"},{"floor":41.0,"key":"Bottled Tornado"},{"floor":47.0,"key":"War Paint"},{"floor":47.0,"key":"Kunai"},{"floor":54.0,"key":"Bag of Marbles"},{"floor":54.0,"key":"Lantern"}],"event_choices":[{"damage_healed":0.0,"max_hp_gain":0.0,"max_hp_loss":0.0,"gold_gain":0.0,"event_name":"Scrap Ooze","player_choice":"Success","floor":4.0,"gold_loss":0.0,"damage_taken":3.0,"relics_obtained":["Gambling Chip"]},{"damage_healed":0.0,"max_hp_gain":0.0,"max_hp_loss":0.0,"gold_gain":0.0,"event_name":"Golden Idol","player_choice":"Take Damage","floor":10.0,"gold_loss":0.0,"damage_taken":18.0,"relics_obtained":["Golden Idol"]},{"damage_healed":0.0,"max_hp_gain":0.0,"max_hp_loss":0.0,"gold_gain":0.0,"event_name":"Mushrooms","player_choice":"Fought Mushrooms","floor":12.0,"gold_loss":0.0,"damage_taken":0.0},{"cards_removed":["Strike_P"],"damage_healed":0.0,"max_hp_gain":0.0,"max_hp_loss":0.0,"gold_gain":0.0,"event_name":"Back to Basics","player_choice":"Elegance","floor":20.0,"gold_loss":0.0,"damage_taken":0.0},{"damage_healed":0.0,"max_hp_gain":0.0,"max_hp_loss":0.0,"gold_gain":0.0,"event_name":"Addict","player_choice":"Obtained Relic","floor":25.0,"gold_loss":85.0,"damage_taken":0.0,"relics_obtained":["Lizard Tail"]},{"damage_healed":0.0,"max_hp_gain":0.0,"max_hp_loss":0.0,"gold_gain":0.0,"event_name":"Tomb of Lord Red Mask","player_choice":"Ignored","floor":38.0,"gold_loss":0.0,"damage_taken":0.0}],"is_beta":false,"boss_relics":[{"not_picked":["Sozu","Fusion Hammer"],"picked":"Black Star"},{"not_picked":["Calling Bell","HolyWater"],"picked":"VioletLotus"}],"items_purged_floors":[2,13,28],"is_endless":false,"potions_floor_spawned":[1,5,8,12,21,22,30,31,35,41,47,54],"ascension_level":10}}