{"host":"sc0o2qwpf9j16a4i","time":1612364586,"event":{"mods":["AchievementEnabler","BaseMod","BetterRewards","Block Reminder","Colored Map","Colored Powertips","Custom Start","Highlight Path","Minty Spire (QoL Compilation)","Relic Stats"],"gold_per_floor":[112,168,186,196,214,249,249,249,273,303,303,321,336,336,336,438,438,448,448,498,498,35,68,82,101,124,124,149,149,166,166,166,264,264,281,281,299,299,9,9,9,9],"floor_reached":41,"language":"ENG","playtime":1143,"items_purged":[],"score":514,"play_id":"7d8c7827-1485-4b9a-895a-b23da4d898cc","local_time":"20210203170306","daily_mods":["Draft","ControlledChaos","Lethality"],"is_ascension_mode":false,"campfire_choices":[{"data":"Inflame","floor":8,"key":"SMITH"},{"data":"Shockwave","floor":11,"key":"SMITH"},{"data":"Havoc","floor":15,"key":"SMITH"},{"data":"Whirlwind","floor":32,"key":"SMITH"},{"data":"Discovery","floor":40,"key":"SMITH"}],"circlet_count":0,"master_deck":["Shockwave+1","Iron Wave","Flame Barrier+1","Iron Wave+1","Shrug It Off","Havoc+1","Inflame+1","Clothesline","Iron Wave","Headbutt","Anger","Ghostly Armor+1","Anger","Headbutt","Twin Strike","Shrug It Off","Ghostly Armor","Spot Weakness","Reaper","Sword Boomerang","Shrug It Off","Impervious+1","Entrench+1","Reaper","Exhume","Pommel Strike","Feel No Pain","Burning Pact","Heavy Blade","Thunderclap","Infernal Blade","Whirlwind+1","Pommel Strike","RitualDagger","Demon Form","Entrench+1","Flame Barrier+1","Reaper","Iron Wave+1","Entrench+1","Enlightenment","Dark Shackles","Discovery+1","Twin Strike"],"relics":["Burning Blood","Frozen Eye","Ancient Tea Set","Omamori","Lantern","Calling Bell","War Paint","Blue Candle","Peace Pipe","Pen Nib","Prayer Wheel","Magic Flower","Ginger","Smiling Mask","HornCleat","Black Star","Mummified Hand"],"acts_visited":["Exordium","TheCity","TheBeyond"],"potions_floor_usage":[16,23,33,33,33],"damage_taken":[{"damage":0,"enemies":"Cultist","floor":1,"turns":3},{"damage":0,"enemies":"Small Slimes","floor":3,"turns":2},{"damage":0,"enemies":"Jaw Worm","floor":4,"turns":3},{"damage":0,"enemies":"Blue Slaver","floor":5,"turns":2},{"damage":9,"enemies":"Gremlin Nob","floor":6,"turns":3},{"damage":8,"enemies":"Lagavulin","floor":10,"turns":5},{"damage":8,"enemies":"Exordium Thugs","floor":12,"turns":3},{"damage":0,"enemies":"2 Fungi Beasts","floor":13,"turns":2},{"damage":12,"enemies":"The Guardian","floor":16,"turns":8},{"damage":27,"enemies":"Spheric Guardian","floor":18,"turns":5},{"damage":0,"enemies":"Gremlin Leader","floor":23,"turns":4},{"damage":0,"enemies":"Shell Parasite","floor":24,"turns":5},{"damage":19,"enemies":"Centurion and Healer","floor":25,"turns":5},{"damage":15,"enemies":"Book of Stabbing","floor":28,"turns":8},{"damage":1,"enemies":"Cultist and Chosen","floor":30,"turns":3},{"damage":31,"enemies":"Automaton","floor":33,"turns":8},{"damage":10,"enemies":"3 Shapes","floor":35,"turns":4},{"damage":2,"enemies":"Orb Walker","floor":37,"turns":3},{"damage":94,"enemies":"Nemesis","floor":41,"turns":7}],"seed_played":"6072548831407983515","potions_obtained":[{"floor":3,"key":"Strength Potion"},{"floor":5,"key":"SteroidPotion"},{"floor":10,"key":"SmokeBomb"},{"floor":25,"key":"BloodPotion"},{"floor":28,"key":"LiquidMemories"},{"floor":30,"key":"DistilledChaos"}],"is_trial":true,"path_per_floor":["M","?","M","M","M","E","?","R","T","E","R","M","M","?","R","B",null,"M","?","T","?","$","E","M","M","T","?","E","?","M","?","R","B",null,"M","?","M","?","$","R","E"],"character_chosen":"IRONCLAD","items_purchased":["Magic Flower","Reaper","Mummified Hand","Twin Strike"],"campfire_rested":0,"item_purchase_floors":[22,22,39,39],"current_hp_per_floor":[80,80,80,80,80,77,82,82,82,80,80,83,85,68,68,62,85,71,71,71,71,71,85,85,85,85,85,79,79,85,79,79,75,85,84,84,85,75,75,75,0,0],"gold":9,"neow_bonus":"","is_daily":false,"chose_seed":false,"campfire_upgraded":5,"win_rate":0.0,"timestamp":1612364586,"path_taken":["M","?","M","M","M","E","?","R","T","E","R","M","M","?","R","BOSS","M","?","?","?","$","E","?","M","T","?","E","?","M","?","R","BOSS","M","?","?","?","?","R","E"],"items_purchased_type":["Relic","Card","Relic","Card"],"build_version":"2020-12-22","purchased_purges":0,"victory":false,"max_hp_per_floor":[80,80,80,80,80,80,85,85,85,85,85,85,85,85,85,85,85,85,85,85,85,85,85,85,85,85,85,85,85,85,85,85,85,85,85,85,85,85,85,85,85,85],"relic_stats":{"counters":[19,83],"Blue Candle":[0],"Magic Flower":[11],"Pen Nib":[7],"Ginger":[0],"War Paint":["Ghostly Armor","Impervious"],"Smiling Mask":0,"Burning Blood":66,"Peace Pipe":0,"Mummified Hand":[4],"Prayer Wheel":5,"Black Star":0,"obtain_stats":[{"Lantern":10,"Blue Candle":17,"Magic Flower":22,"Pen Nib":20,"Omamori":9,"Ginger":23,"War Paint":17,"Ancient Tea Set":6,"Smiling Mask":26,"Burning Blood":0,"Calling Bell":17,"Peace Pipe":17,"Frozen Eye":0,"HornCleat":28,"Mummified Hand":39,"Prayer Wheel":21,"Black Star":34},{"Lantern":6,"Blue Candle":9,"Magic Flower":10,"Pen Nib":10,"Omamori":5,"Ginger":11,"War Paint":9,"Ancient Tea Set":5,"Smiling Mask":13,"Burning Blood":0,"Calling Bell":9,"Peace Pipe":9,"Frozen Eye":0,"HornCleat":14,"Mummified Hand":18,"Prayer Wheel":10,"Black Star":16},{"Lantern":18,"Blue Candle":31,"Magic Flower":36,"Pen Nib":36,"Omamori":13,"Ginger":40,"War Paint":31,"Ancient Tea Set":13,"Smiling Mask":50,"Burning Blood":0,"Calling Bell":31,"Peace Pipe":31,"Frozen Eye":0,"HornCleat":58,"Mummified Hand":76,"Prayer Wheel":36,"Black Star":69}]},"card_choices":[{"not_picked":["Sword Boomerang","Bloodletting"],"picked":"Shockwave","floor":0},{"not_picked":["Sentinel","Headbutt"],"picked":"Iron Wave","floor":0},{"not_picked":["Clothesline","True Grit"],"picked":"Flame Barrier","floor":0},{"not_picked":["Warcry","Pummel"],"picked":"Iron Wave","floor":0},{"not_picked":["Fire Breathing","Pummel"],"picked":"Shrug It Off","floor":0},{"not_picked":["Heavy Blade","Blood for Blood"],"picked":"Havoc","floor":0},{"not_picked":["Metallicize","Wild Strike"],"picked":"Inflame","floor":0},{"not_picked":["True Grit","Sword Boomerang"],"picked":"Clothesline","floor":0},{"not_picked":["Clash","Twin Strike"],"picked":"Iron Wave","floor":0},{"not_picked":["Searing Blow","Anger"],"picked":"Headbutt","floor":0},{"not_picked":["Sword Boomerang","True Grit"],"picked":"Anger","floor":0},{"not_picked":["Body Slam","True Grit"],"picked":"Ghostly Armor","floor":0},{"not_picked":["Sever Soul","Searing Blow"],"picked":"Anger","floor":0},{"not_picked":["Cleave","Warcry"],"picked":"Headbutt","floor":0},{"not_picked":["Perfected Strike","Flex"],"picked":"Twin Strike","floor":0},{"not_picked":["Dark Embrace","Perfected Strike"],"picked":"Shrug It Off","floor":1},{"not_picked":["Cleave","Flex","Blood for Blood"],"picked":"SKIP","floor":3},{"not_picked":["Pummel","True Grit"],"picked":"Ghostly Armor","floor":4},{"not_picked":["Whirlwind","True Grit"],"picked":"Spot Weakness","floor":5},{"not_picked":["Rupture","Bloodletting","Warcry"],"picked":"SKIP","floor":6},{"not_picked":["Warcry","Perfected Strike"],"picked":"Reaper","floor":10},{"not_picked":["True Grit","Intimidate"],"picked":"Sword Boomerang","floor":12},{"not_picked":["Sever Soul","Anger"],"picked":"Shrug It Off","floor":13},{"not_picked":["Bludgeon","Offering"],"picked":"Impervious","floor":16},{"not_picked":["Havoc","Warcry"],"picked":"Entrench+1","floor":18},{"not_picked":["Armaments","Pummel+1"],"picked":"Exhume","floor":23},{"not_picked":["Headbutt","Flex"],"picked":"Pommel Strike","floor":24},{"not_picked":["Twin Strike","Body Slam+1"],"picked":"Feel No Pain","floor":24},{"not_picked":["Evolve","Cleave"],"picked":"Burning Pact","floor":25},{"not_picked":["Iron Wave","Second Wind"],"picked":"Heavy Blade","floor":25},{"not_picked":["Brutality","Twin Strike+1"],"picked":"Thunderclap","floor":28},{"not_picked":["Carnage","Clothesline"],"picked":"Whirlwind","floor":30},{"not_picked":["Wild Strike","True Grit"],"picked":"Pommel Strike","floor":30},{"not_picked":["Juggernaut","Berserk"],"picked":"Demon Form","floor":33},{"not_picked":["Rampage+1","Twin Strike+1"],"picked":"Entrench+1","floor":35},{"not_picked":["Armaments+1","True Grit"],"picked":"Flame Barrier+1","floor":35},{"not_picked":["Hemokinesis","Twin Strike+1"],"picked":"Iron Wave+1","floor":37},{"not_picked":["Dark Embrace","Iron Wave+1"],"picked":"Entrench+1","floor":37},{"not_picked":["Impatience","Mind Blast"],"picked":"Enlightenment","floor":38},{"not_picked":["Panache","Swift Strike"],"picked":"Dark Shackles","floor":38},{"not_picked":["Bandage Up","Thinking Ahead"],"picked":"Discovery","floor":38}],"player_experience":1156780,"relics_obtained":[{"floor":6,"key":"Ancient Tea Set"},{"floor":9,"key":"Omamori"},{"floor":10,"key":"Lantern"},{"floor":17,"key":"War Paint"},{"floor":17,"key":"Blue Candle"},{"floor":17,"key":"Peace Pipe"},{"floor":20,"key":"Pen Nib"},{"floor":23,"key":"Ginger"},{"floor":26,"key":"Smiling Mask"},{"floor":28,"key":"HornCleat"}],"event_choices":[{"damage_healed":0,"gold_gain":56,"player_choice":"Gained Gold","damage_taken":0,"max_hp_gain":0,"max_hp_loss":0,"event_name":"Golden Wing","floor":2,"gold_loss":0},{"damage_healed":0,"gold_gain":0,"player_choice":"Donut","damage_taken":0,"max_hp_gain":5,"max_hp_loss":0,"event_name":"Big Fish","floor":7,"gold_loss":0},{"damage_healed":0,"gold_gain":0,"player_choice":"Entered Light","damage_taken":17,"max_hp_gain":0,"max_hp_loss":0,"event_name":"Shining Light","floor":14,"gold_loss":0,"cards_upgraded":["Iron Wave","Flame Barrier"]},{"damage_healed":0,"gold_gain":0,"player_choice":"Ignored","damage_taken":0,"max_hp_gain":0,"max_hp_loss":0,"event_name":"Vampires","floor":19,"gold_loss":0},{"damage_healed":0,"gold_gain":0,"player_choice":"Opened","damage_taken":0,"relics_obtained":["Prayer Wheel"],"max_hp_gain":0,"max_hp_loss":0,"event_name":"The Mausoleum","floor":21,"gold_loss":0},{"damage_healed":0,"gold_gain":0,"player_choice":"Ignored","damage_taken":0,"max_hp_gain":0,"max_hp_loss":0,"event_name":"Ghosts","floor":27,"gold_loss":0},{"damage_healed":0,"gold_gain":0,"player_choice":"Read","damage_taken":0,"max_hp_gain":0,"max_hp_loss":0,"event_name":"The Library","floor":29,"gold_loss":0,"cards_obtained":["Infernal Blade"]},{"damage_healed":0,"gold_gain":0,"player_choice":"Joined the Cult","damage_taken":6,"max_hp_gain":0,"max_hp_loss":0,"event_name":"Nest","floor":31,"gold_loss":0,"cards_obtained":["RitualDagger"]},{"damage_healed":0,"gold_gain":0,"player_choice":"Copied","damage_taken":0,"max_hp_gain":0,"max_hp_loss":0,"event_name":"Duplicator","floor":36,"gold_loss":0,"cards_obtained":["Reaper"]},{"damage_healed":0,"gold_gain":0,"player_choice":"Memory 3","damage_taken":10,"max_hp_gain":0,"max_hp_loss":0,"event_name":"SensoryStone","floor":38,"gold_loss":0}],"is_beta":false,"boss_relics":[{"not_picked":["SlaversCollar","Sozu"],"picked":"Calling Bell"},{"not_picked":["Runic Cube","Fusion Hammer"],"picked":"Black Star"}],"items_purged_floors":[],"is_endless":false,"potions_floor_spawned":[3,5,10,12,25,28,30],"killed_by":"Nemesis","ascension_level":0}}