{"host":"oehe2dxjvdgux73m","time":1612361043,"event":{"mods":["AchievementEnabler","BaseMod","Colored Map","Colored Powertips","DeckTracker","Keyboard Shortcuts","Minty Spire (QoL Compilation)","Permanent Neow","Quick Restart","StSLib","SuperFastMode"],"gold_per_floor":[115,115,115,34,34,34,73,87,110,110,126,162,185,209,209,304,304,324,324,343,343,343,343,368,392,392,392,408,443,468,505,517,618,630,662,697,94,94,108,146,146,170,170,170,40,373,373,385,385,385,385],"floor_reached":50,"language":"KOR","playtime":1817,"items_purged":["Strike_G","Strike_G"],"score":1083,"play_id":"10d68b6e-c2ef-4324-bd0e-b643515fb8a2","local_time":"20210203230403","is_ascension_mode":true,"campfire_choices":[{"data":"Cloak And Dagger","floor":6.0,"key":"SMITH"},{"data":"Neutralize","floor":10.0,"key":"SMITH"},{"data":"Blade Dance","floor":15.0,"key":"SMITH"},{"floor":23.0,"key":"REST"},{"floor":27.0,"key":"REST"},{"data":"Wraith Form v2","floor":32.0,"key":"SMITH"},{"data":"Calculated Gamble","floor":41.0,"key":"SMITH"},{"data":"Accuracy","floor":44.0,"key":"SMITH"},{"floor":47.0,"key":"RECALL"},{"data":"Well Laid Plans","floor":49.0,"key":"SMITH"}],"circlet_count":0,"master_deck":["AscendersBane","Strike_G","Strike_G","Defend_G","Defend_G","Defend_G","Defend_G","Defend_G","Survivor","Neutralize+1","Cloak And Dagger+1","Dash+1","Calculated Gamble+1","Heel Hook+1","Dagger Spray+1","Heel Hook+1","Blade Dance+1","Acrobatics","Wraith Form v2+1","Reflex+1","PiercingWail","Sucker Punch+1","Blade Dance","Slice+1","Terror","Accuracy+1","Prepared+1","Underhanded Strike+1","Blur+1","All Out Attack+1","Acrobatics+1","Leg Sweep+1","Well Laid Plans+1","Backflip"],"relics":["Ring of the Snake","NeowsBlessing","Molten Egg 2","Shuriken","Smiling Mask","Eternal Feather","SacredBark","Nilry\u0027s Codex","White Beast Statue","MawBank","Coffee Dripper","Meat on the Bone","Ninja Scroll","Blood Vial"],"acts_visited":["Exordium","TheCity","TheBeyond"],"potions_floor_usage":[],"damage_taken":[{"damage":0.0,"enemies":"Jaw Worm","floor":1.0,"turns":1.0},{"damage":0.0,"enemies":"Gremlin Nob","floor":7.0,"turns":1.0},{"damage":0.0,"enemies":"2 Louse","floor":8.0,"turns":1.0},{"damage":0.0,"enemies":"Cultist","floor":11.0,"turns":2.0},{"damage":7.0,"enemies":"3 Sentries","floor":12.0,"turns":4.0},{"damage":0.0,"enemies":"Lots of Slimes","floor":13.0,"turns":1.0},{"damage":0.0,"enemies":"Large Slime","floor":14.0,"turns":3.0},{"damage":23.0,"enemies":"Hexaghost","floor":16.0,"turns":8.0},{"damage":5.0,"enemies":"Shell Parasite","floor":18.0,"turns":4.0},{"damage":13.0,"enemies":"2 Thieves","floor":20.0,"turns":4.0},{"damage":18.0,"enemies":"Snecko","floor":24.0,"turns":6.0},{"damage":7.0,"enemies":"Centurion and Healer","floor":25.0,"turns":6.0},{"damage":9.0,"enemies":"Cultist and Chosen","floor":28.0,"turns":6.0},{"damage":13.0,"enemies":"Slavers","floor":29.0,"turns":7.0},{"damage":0.0,"enemies":"Snecko","floor":30.0,"turns":4.0},{"damage":1.0,"enemies":"Chosen and Byrds","floor":31.0,"turns":6.0},{"damage":42.0,"enemies":"Automaton","floor":33.0,"turns":5.0},{"damage":1.0,"enemies":"3 Shapes","floor":35.0,"turns":2.0},{"damage":7.0,"enemies":"Orb Walker","floor":36.0,"turns":2.0},{"damage":9.0,"enemies":"Writhing Mass","floor":39.0,"turns":5.0},{"damage":17.0,"enemies":"Nemesis","floor":40.0,"turns":7.0},{"damage":6.0,"enemies":"4 Shapes","floor":42.0,"turns":5.0},{"damage":34.0,"enemies":"Jaw Worm Horde","floor":48.0,"turns":9.0},{"damage":28,"enemies":"Donu and Deca","floor":50,"turns":3}],"seed_played":"8485963807643476566","potions_obtained":[{"floor":7.0,"key":"Poison Potion"},{"floor":11.0,"key":"AttackPotion"},{"floor":16.0,"key":"BlessingOfTheForge"},{"floor":20.0,"key":"SpeedPotion"},{"floor":24.0,"key":"EntropicBrew"},{"floor":28.0,"key":"Strength Potion"},{"floor":29.0,"key":"Fire Potion"},{"floor":30.0,"key":"Block Potion"},{"floor":31.0,"key":"FearPotion"},{"floor":33.0,"key":"EntropicBrew"},{"floor":35.0,"key":"SteroidPotion"},{"floor":39.0,"key":"Swift Potion"},{"floor":40.0,"key":"DistilledChaos"},{"floor":42.0,"key":"DuplicationPotion"},{"floor":48.0,"key":"Dexterity Potion"}],"is_trial":false,"path_per_floor":["M","?","?","$","?","R","E","M","T","R","M","E","M","M","R","B",null,"M","?","M","?","?","R","M","M","T","R","M","E","M","M","R","B",null,"M","M","$","?","M","E","R","M","T","R","$","?","R","M","R","B"],"character_chosen":"THE_SILENT","items_purchased":["Dash+1","Meat on the Bone","Ninja Scroll","Well Laid Plans"],"campfire_rested":2,"item_purchase_floors":[4,37,37,45],"current_hp_per_floor":[59,41,34,34,34,34,34,34,34,34,34,27,27,27,39,16,49,44,23,10,10,10,40,22,15,15,48,39,26,26,25,43,1,45,44,37,37,37,40,35,53,49,49,60,60,60,60,38,56,30,30],"gold":385,"neow_bonus":"THREE_ENEMY_KILL","is_daily":false,"chose_seed":false,"campfire_upgraded":7,"win_rate":0.0,"timestamp":1612361043,"path_taken":["M","?","?","$","?","R","E","?","T","R","?","E","?","M","R","BOSS","M","?","M","?","?","R","M","M","T","R","M","E","M","?","R","BOSS","M","M","$","?","M","E","R","M","T","R","$","?","R","M","R","BOSS"],"items_purchased_type":["Card","Relic","Relic","Card"],"build_version":"2020-12-22","purchased_purges":2,"victory":false,"max_hp_per_floor":[66,66,66,66,60,60,60,60,60,60,60,60,60,60,60,60,60,60,60,60,60,60,60,60,60,60,60,60,60,60,60,60,60,60,60,60,60,60,60,60,60,60,60,60,60,60,60,60,60,60,60],"card_choices":[{"not_picked":["Backflip","Masterful Stab"],"picked":"Cloak And Dagger","floor":1.0},{"not_picked":["Backflip","Underhanded Strike+1"],"picked":"Calculated Gamble","floor":7.0},{"not_picked":["Dash+1","Eviscerate+1"],"picked":"Heel Hook+1","floor":8.0},{"not_picked":["Dash+1","Prepared"],"picked":"Dagger Spray+1","floor":11.0},{"not_picked":["Flechettes+1","All Out Attack+1"],"picked":"Heel Hook+1","floor":12.0},{"not_picked":["PiercingWail","Slice+1"],"picked":"Blade Dance","floor":13.0},{"not_picked":["Skewer+1","Flying Knee+1"],"picked":"Acrobatics","floor":14.0},{"not_picked":["Bullet Time","Phantasmal Killer"],"picked":"Wraith Form v2","floor":16.0},{"not_picked":["Acrobatics","Backflip"],"picked":"Reflex+1","floor":18.0},{"not_picked":["Dagger Spray+1","Reflex"],"picked":"PiercingWail","floor":20.0},{"not_picked":["Distraction","Expertise"],"picked":"Blade Dance","floor":24.0},{"not_picked":["Underhanded Strike+1","Sucker Punch+1"],"picked":"Slice+1","floor":25.0},{"not_picked":["Flying Knee+1","Flechettes+1"],"picked":"Terror","floor":28.0},{"not_picked":["All Out Attack+1","Masterful Stab+1"],"picked":"Accuracy","floor":29.0},{"not_picked":["Underhanded Strike+1","Noxious Fumes+1"],"picked":"Prepared+1","floor":30.0},{"not_picked":["Burst","Cloak And Dagger+1"],"picked":"Underhanded Strike+1","floor":31.0},{"not_picked":["Quick Slash+1","Bane+1"],"picked":"Blur+1","floor":35.0},{"not_picked":["Bouncing Flask","Crippling Poison+1"],"picked":"All Out Attack+1","floor":36.0},{"not_picked":["Calculated Gamble","Prepared+1"],"picked":"Acrobatics+1","floor":39.0},{"not_picked":["Outmaneuver+1","Concentrate"],"picked":"Leg Sweep+1","floor":40.0},{"not_picked":["Dodge and Roll","All Out Attack+1","Dagger Spray+1"],"picked":"SKIP","floor":42.0},{"not_picked":["Choke+1","Deadly Poison"],"picked":"Backflip","floor":48.0}],"player_experience":357444,"relics_obtained":[{"floor":7.0,"key":"Shuriken"},{"floor":9.0,"key":"Smiling Mask"},{"floor":12.0,"key":"Eternal Feather"},{"floor":19.0,"key":"Nilry\u0027s Codex"},{"floor":26.0,"key":"White Beast Statue"},{"floor":29.0,"key":"MawBank"},{"floor":40.0,"key":"Blood Vial"}],"event_choices":[{"damage_healed":0.0,"max_hp_gain":0.0,"max_hp_loss":0.0,"gold_gain":0.0,"event_name":"Scrap Ooze","player_choice":"Success","floor":2.0,"gold_loss":0.0,"damage_taken":18.0,"relics_obtained":["Molten Egg 2"]},{"cards_removed":["Strike_G"],"damage_healed":0.0,"max_hp_gain":0.0,"max_hp_loss":0.0,"gold_gain":0.0,"event_name":"Golden Wing","player_choice":"Card Removal","floor":3.0,"gold_loss":0.0,"damage_taken":7.0},{"damage_healed":0.0,"max_hp_gain":0.0,"max_hp_loss":6.0,"gold_gain":0.0,"event_name":"Golden Idol","player_choice":"Lose Max HP","floor":5.0,"gold_loss":0.0,"damage_taken":0.0,"relics_obtained":["Golden Idol"]},{"damage_healed":0.0,"max_hp_gain":0.0,"max_hp_loss":0.0,"gold_gain":0.0,"event_name":"Cursed Tome","player_choice":"Obtained Book","floor":19.0,"gold_loss":0.0,"damage_taken":21.0},{"damage_healed":0.0,"max_hp_gain":0.0,"max_hp_loss":0.0,"gold_gain":0.0,"event_name":"The Mausoleum","player_choice":"Ignored","floor":21.0,"gold_loss":0.0,"damage_taken":0.0},{"damage_healed":0.0,"max_hp_gain":0.0,"max_hp_loss":0.0,"gold_gain":0.0,"event_name":"The Library","player_choice":"Read","floor":22.0,"gold_loss":0.0,"damage_taken":0.0,"cards_obtained":["Sucker Punch"]},{"damage_healed":0.0,"max_hp_gain":0.0,"max_hp_loss":0.0,"gold_gain":0.0,"event_name":"Tomb of Lord Red Mask","player_choice":"Ignored","floor":38.0,"gold_loss":0.0,"damage_taken":0.0},{"damage_healed":0.0,"max_hp_gain":0.0,"max_hp_loss":0.0,"gold_gain":333.0,"event_name":"The Moai Head","player_choice":"Gave Idol","floor":46.0,"relics_lost":["Golden Idol"],"gold_loss":0.0,"damage_taken":0.0}],"is_beta":false,"boss_relics":[{"not_picked":["Ring of the Serpent","Runic Dome"],"picked":"SacredBark"},{"not_picked":["Snecko Eye","SlaversCollar"],"picked":"Coffee Dripper"}],"items_purged_floors":[37,45],"is_endless":false,"potions_floor_spawned":[7,11,16,20,24,28,29,30,31,33,35,36,39,40,42,48],"killed_by":"Donu and Deca","ascension_level":20}}