{"host":"8inpc3yxphy2r27y","time":1612378694,"event":{"mods":["100% Spire Juice","Act Like it!","Aspiration","Astrologer","Bard","BaseMod","Better Synergies","Better Vampires","Challenge The Spire","Conspire","Decade(王小明)","Defuse TimeMaze Blight","Downfall","Energized Spire","FutureSeer","Gensokyo","Gremlin Mod","GungeonMod","Hallownest","Highlight Path","HumanHunterMod(怪物杀人mod)","Hunter 猎人","KinomotoSakuraMod(木之本樱)","Lobotomy","LobotomyExtend","Minty Spire (QoL Compilation)","Pale of the Ancients","Quick Restart","READ ME - Guardian Mod","Red Circlet Mod","Reimu（博丽灵梦）","Relic Filter Mod","Relic Stats","Replay The Spire","Ryuuou龙王","SIMod","Shop Mod","Spicy Shops","StSLib","The Bug Knight","The Cursed","The Gatherer","The Hierophant","Waifu the Spire","[GremlinLeader]The Maniac","[IsaacMod]以撒尖塔","noobMod","【遗物卡牌】REMEMod","残留之物","篝火指南"],"gold_per_floor":[16,31,46,146,161,176,176,191,41,56,56,56,71,86,86,101,201,201,201,216,231,246,301,301,301,316,316,331,331,89,125,157,206,371,392,27,78,134,146,210,458,529,545,632,644,723,781,802,814,873,885,935,953,953,912,963,995],"floor_reached":58,"language":"ZHS","playtime":4927,"items_purged":[],"score":1809,"play_id":"145b43be-ad09-4533-a9bb-1398c5adb6b3","local_time":"20210204025814","daily_mods":["Draft","Hoarder","downfall:Hexed"],"is_ascension_mode":false,"campfire_choices":[{"data":"ReplayTheSpireMod:Fabricate Wheel","floor":11.0,"key":"SMITH"},{"floor":19.0,"key":"DIG"}],"circlet_count":0,"master_deck":["Moonworks:MetallicMonocoque","Moonworks:MetallicMonocoque","Moonworks:MetallicMonocoque","Turbo","Turbo","Turbo+1","Chill","Chill+1","Chill","Skim","Skim","Skim","Panic Button+1","Panic Button+1","Panic Button+1","Ball Lightning","Ball Lightning","Ball Lightning","Sweeping Beam","Sweeping Beam","Sweeping Beam","FTL","FTL","FTL+1","Cold Snap","Cold Snap","Cold Snap","Steam","Steam","Steam","Ball Lightning","Ball Lightning","Ball Lightning","ReplayTheSpireMod:Dual Polarity","ReplayTheSpireMod:Dual Polarity","ReplayTheSpireMod:Dual Polarity","Cancel","Cancel","Cancel","Panic Button+1","Panic Button+1","Panic Button+1","Time Bomb","Time Bomb","Time Bomb","Turbo","Turbo","Turbo","conspire:Banana","conspire:Banana","conspire:Banana","Capacitor","Capacitor","Capacitor","aspiration:Polymerization","aspiration:Polymerization","aspiration:Polymerization","ReplayRNGCard","ReplayRNGCard","ReplayRNGCard","Steam Power","Steam Power","Steam Power","Double Energy","Double Energy","Double Energy","REME_Compress","REME_Compress","REME_Compress","Chaos","Chaos","Chaos","ReplayTheSpireMod:Calculation Training","ReplayTheSpireMod:Calculation Training","ReplayTheSpireMod:Calculation Training","Buffer","Buffer","Buffer","Steam Power+1","Steam Power+1","Steam Power+1","Meteor Strike","Meteor Strike","Meteor Strike","BasicCrystalCard+1","BasicCrystalCard+1","BasicCrystalCard+1","Redo+1","Redo+1","Redo+1","Sweeping Beam","Sweeping Beam","Sweeping Beam","Coolheaded","Coolheaded","Coolheaded","Reboot","Reboot","Reboot","REME_ForAll","REME_ForAll","REME_ForAll+1","Beam Cell+1","Beam Cell+1","Beam Cell+1","Recycle+1","Recycle","Recycle","Tempest","Tempest","Tempest","Panic Button+1","Panic Button+1","Panic Button+1","Reboot","Reboot","Reboot","ReplayTheSpireMod:Reroute Power","ReplayTheSpireMod:Reroute Power","ReplayTheSpireMod:Reroute Power","White Noise","White Noise","White Noise","Melter","Melter","Melter","Panic Button+1","Panic Button+1","Panic Button+1","ReplayTheSpireMod:Omega Cannon+1","ReplayTheSpireMod:Omega Cannon","ReplayTheSpireMod:Omega Cannon","Rainbow","Rainbow","Rainbow","Thunder Strike","Thunder Strike","Thunder Strike","Rainbow","Rainbow","Rainbow","ReplayTheSpireMod:System Scan+1","ReplayTheSpireMod:System Scan+1","Echo Form","Echo Form","Echo Form","conspire:Rain+1","conspire:Rain+1","conspire:Rain+1","Buffer","Buffer","Buffer","Normality","Normality","Normality","conspire:SpireCoStock+1","conspire:SpireCoStock+1","conspire:SpireCoStock+1","Meteor Strike+1","Meteor Strike+1","Meteor Strike+1"],"relics":["Cracked Core","HushsDoor","ice","DeathBook","LetterFromLob","DemoMod:GlassGuonStoneRelic","HowToJump","bronze:DonusWashers","Blue Doll","Replay:Baseball","DemoMod:ResourcefulSack","DemoMod:RiddleOfLead","Damocles","GuppysCollar","ReplayFunnel","DemoMod:WhiteGuonStone","DemoMod:GreenGuonStone","Replay:Rubber Ducky","Hallownest:NailmastersGloryRelic","Replay:Wax Seal","The Courier","ReplayTheSpireMod:Ninjato","MerchantsRug","SteamSale","Replay:Bandana","DemoMod:ClearGuonStone","CeramicFish","ReplayTheSpireMod:Lightbulb","Divine Protection","Prayer Wheel","Chameleon Ring","MawBank","DemoMod:Antibody","DemoMod:MonsterBlood","ChampionBelt","Damocles","GuppysHairball","Membership Card","ReplayTheSpireMod:TigerMarble","Whetstone","War Paint","GnawedLeaf","PlaceholderMod:DaolothFragment","GuppysTail","Replay:Bottled Eggs","DemoMod:MeltedRock","Mastiff:ReiMu","Peace Pipe","REME_HandOfSuture","Strawberry","Quantum Egg","Darkstone Periapt","Molten Egg 2","Hallownest:GodTamersBeastRelic","White Beast Statue","DemoMod:BlueGuonStone","Pear","Heaven_r","DemoMod:ChaffGrenade","DoctorsRemote","Toxic Egg 2","conspire:Flyswatter","DemoMod:SuperHotWatch","DemoMod:Orange","DemoMod:Relodestone","Void","conspire:TreasureMap","Ice Cream","Orrery","Durian","Replay:PocketPolymizer","DemoMod:SuperHotWatch","DemoMod:GundromedaStrain","Chemical X","Calipers","ForgetMeNow","conspire:IceCreamScoop","Lizard Tail","GuppysPaw","Incense Burner","Replay:Multitool","Ring of Fury","ReplayTheSpireMod:Ring of Addiction","Potion Belt","Strange Spoon","REME_CardOfGreed"],"acts_visited":["Hallownest:Greenpath","Hallownest:CityofTears","Hallownest:KingdomsEdge"],"potions_floor_usage":[],"damage_taken":[{"damage":0.0,"enemies":"Hallownest:2_MossCreeps","floor":2.0,"turns":4.0},{"damage":0.0,"enemies":"Hallownest:monsterHuskGuard","floor":3.0,"turns":1.0},{"damage":0.0,"enemies":"Hallownest:monsterHuskWarrior","floor":5.0,"turns":1.0},{"damage":0.0,"enemies":"Hallownest:1_Ooma_and_2_Uuma","floor":6.0,"turns":3.0},{"damage":0.0,"enemies":"Hallownest:monsterMossCharger","floor":8.0,"turns":1.0},{"damage":0.0,"enemies":"Hallownest:Wandering_and_Horned","floor":10.0,"turns":3.0},{"damage":0.0,"enemies":"downfall:FleeingMerchant","floor":12.0,"turns":4.0},{"damage":0.0,"enemies":"Hallownest:Guard_and_Warrior","floor":13.0,"turns":1.0},{"damage":0.0,"enemies":"Hallownest:monsterAspidMother","floor":14.0,"turns":2.0},{"damage":0.0,"enemies":"Hallownest:Wandering_and_Horned","floor":16.0,"turns":4.0},{"damage":0.0,"enemies":"SI_SHIV_ARCHETYPE","floor":17.0,"turns":6.0},{"damage":0.0,"enemies":"Hallownest:Guard_and_Sentry","floor":20.0,"turns":3.0},{"damage":0.0,"enemies":"Hallownest:Flukemon_and_Top","floor":21.0,"turns":4.0},{"damage":0.0,"enemies":"Hallownest:monsterMisterMushroom","floor":22.0,"turns":5.0},{"damage":0.0,"enemies":"Hallownest:Glutton_and_Coward","floor":23.0,"turns":2.0},{"damage":0.0,"enemies":"Hallownest:2_Husk_Sentries","floor":26.0,"turns":4.0},{"damage":0.0,"enemies":"Hallownest:3_Mistakes","floor":28.0,"turns":6.0},{"damage":0.0,"enemies":"Hallownest:monsterMisterMushroom","floor":31.0,"turns":3.0},{"damage":0.0,"enemies":"Hallownest:eliteSoulWarrior","floor":32.0,"turns":3.0},{"damage":0.0,"enemies":"Hallownest:Master_and_Novice","floor":33.0,"turns":6.0},{"damage":0.0,"enemies":"DF_ARCHETYPE_CLAW","floor":34.0,"turns":5.0},{"damage":0.0,"enemies":"Hallownest:eliteCollector","floor":37.0,"turns":1.0},{"damage":0.0,"enemies":"Hallownest:2_Primals","floor":38.0,"turns":3.0},{"damage":0.0,"enemies":"Hallownest:StalkingDevout","floor":40.0,"turns":1.0},{"damage":0.0,"enemies":"Hallownest:StalkingDevout","floor":41.0,"turns":1.0},{"damage":0.0,"enemies":"Hallownest:StalkingDevout","floor":41.0,"turns":3.0},{"damage":0.0,"enemies":"Hallownest:StalkingDevout","floor":41.0,"turns":2.0},{"damage":0.0,"enemies":"Hallownest:StalkingDevout","floor":41.0,"turns":2.0},{"damage":0.0,"enemies":"Hallownest:eliteHiveKnight","floor":42.0,"turns":2.0},{"damage":0.0,"enemies":"Hallownest:2_Littles","floor":43.0,"turns":2.0},{"damage":0.0,"enemies":"Hallownest:StalkingDevout","floor":46.0,"turns":1.0},{"damage":0.0,"enemies":"Hallownest:eliteCollector","floor":47.0,"turns":2.0},{"damage":0.0,"enemies":"Hallownest:StalkingDevout","floor":50.0,"turns":3.0},{"damage":0.0,"enemies":"Hallownest:eliteHiveKnight","floor":52.0,"turns":3.0},{"damage":0.0,"enemies":"Hallownest:eliteCollector","floor":56.0,"turns":2.0},{"damage":0.0,"enemies":"IC_BLOCK_ARCHETYPE","floor":57.0,"turns":3.0}],"seed_played":"4031875728642390749","potions_obtained":[{"floor":3.0,"key":"conspire:TimeTravelPotion"},{"floor":5.0,"key":"LiquidBronze"},{"floor":10.0,"key":"Adrenaline Potion"},{"floor":13.0,"key":"Elixir"},{"floor":14.0,"key":"DemoMod:BlankPotion"},{"floor":17.0,"key":"Toxic Potion"},{"floor":21.0,"key":"champ:CounterPotion"},{"floor":33.0,"key":"Toxic Potion"},{"floor":53.0,"key":"Elixir"},{"floor":53.0,"key":"Swift Potion"}],"is_trial":false,"path_per_floor":["R","M","M","?","M","M","T","M","R","M","R","$","M","M","T","M","B",null,"R","M","M","M","M","?","T","M","?","M","?","$","M","E","M","B",null,"R","M","?","?","M","?","E","M","T","T","E","M","R","?","M","$","M","R","$","?","M","B",null],"character_chosen":"DEFECT","items_purchased":["conspire:Banana","bronze:DonusWashers","Blue Doll","Replay:Baseball","Damocles","GuppysCollar","MerchantsRug","SteamSale","Replay:Bandana","DemoMod:ClearGuonStone","CeramicFish","ReplayTheSpireMod:Lightbulb","Divine Protection","ChaosCard","Damocles","Rainbow","GuppysHairball","Membership Card","ReplayTheSpireMod:TigerMarble","Whetstone","War Paint","GnawedLeaf","PlaceholderMod:DaolothFragment","GuppysTail","SkillPotion","conspire:TreasureMap","Ice Cream","Orrery","DemoMod:GundromedaStrain","Chemical X","Calipers","ForgetMeNow","conspire:IceCreamScoop","aspiration:Nostalgia","Lizard Tail","GuppysPaw","Incense Burner","Replay:Multitool","Strange Spoon","REME_CardOfGreed"],"campfire_rested":0,"item_purchase_floors":[1,9,12,12,18,18,30,30,30,30,30,30,30,30,35,35,35,36,36,36,36,36,36,36,36,48,48,48,51,51,51,51,51,51,51,51,51,51,54,54],"current_hp_per_floor":[75,76,77,77,77,78,78,78,78,79,79,79,79,80,80,81,83,70,70,70,71,72,72,72,72,72,72,72,72,72,75,76,86,88,64,64,64,72,72,72,75,86,86,86,86,86,98,98,98,103,103,105,123,123,123,123,121],"gold":995,"neow_bonus":"","is_daily":true,"chose_seed":false,"campfire_upgraded":1,"win_rate":0.0,"timestamp":1612378694,"path_taken":["R","?","M","?","M","M","T","?","R","M","R","?","?","M","?","M","BOSS","R","M","M","M","M","?","T","M","?","M","?","?","M","E","M","BOSS","R","M","?","?","M","?","E","M","T","T","E","?","R","?","M","?","M","R","$","?","M","BOSS"],"items_purchased_type":["Card","Relic","Relic","Relic","Relic","Relic","Relic","Relic","Relic","Relic","Relic","Relic","Relic","Card","Relic","Card","Relic","Relic","Relic","Relic","Relic","Relic","Relic","Relic","Potion","Relic","Relic","Relic","Relic","Relic","Relic","Relic","Relic","Relic","Relic","Relic","Relic","Relic","Relic","Relic"],"build_version":"2020-12-22","purchased_purges":0,"victory":true,"max_hp_per_floor":[75,76,77,77,77,78,78,78,78,79,79,79,79,80,80,81,83,70,70,70,71,72,72,72,72,72,72,72,72,72,75,76,86,88,64,64,64,72,72,72,75,86,86,86,86,86,98,98,98,103,103,105,123,123,123,123,121],"relic_stats":{"Peace Pipe":0,"Darkstone Periapt":18,"Strange Spoon":[6],"Lizard Tail":0,"counters":[36,102],"CeramicFish":135,"Prayer Wheel":11,"Whetstone":["REME_ForAll","ReplayTheSpireMod:Omega Cannon"],"Chemical X":[4],"War Paint":["Turbo","Chill"],"MawBank":228,"obtain_stats":[{"DemoMod:GreenGuonStone":22,"Ice Cream":48,"Damocles":18,"Divine Protection":30,"DemoMod:BlueGuonStone":42,"Calipers":51,"CeramicFish":30,"DemoMod:GlassGuonStoneRelic":3,"ice":0,"Whetstone":36,"DemoMod:RiddleOfLead":18,"DemoMod:SuperHotWatch":46,"Lizard Tail":51,"DemoMod:MonsterBlood":33,"Mastiff:ReiMu":37,"Strawberry":38,"Prayer Wheel":12,"DemoMod:MeltedRock":37,"Diplopia":50,"Replay:Wax Seal":25,"DemoMod:ClearGuonStone":30,"Toxic Egg 2":46,"Void":47,"KeepersGift":0,"MerchantsRug":30,"conspire:TreasureMap":48,"Pear":42,"DemoMod:Orange":47,"aspiration:Nostalgia":51,"DemoMod:ChaffGrenade":44,"ReplayTheSpireMod:Ring of Addiction":53,"Velvet Choker":0,"War Paint":36,"SteamSale":30,"Heaven_r":43,"Replay:Baseball":12,"DemoMod:GundromedaStrain":51,"ForgetMeNow":51,"Molten Egg 2":40,"DemoMod:Relodestone":47,"ReplayTheSpireMod:TigerMarble":36,"DemoMod:ResourcefulSack":15,"HushsDoor":0,"GuppysCollar":18,"conspire:IceCreamScoop":51,"conspire:Flyswatter":46,"ReplayFunnel":19,"Darkstone Periapt":40,"GuppysTail":36,"Replay:PocketPolymizer":50,"PlaceholderMod:DaolothFragment":36,"GuppysPaw":51,"GnawedLeaf":36,"Blue Doll":12,"champ:ChampionCrown":51,"Incense Burner":51,"Replay:Multitool":51,"DemoMod:WhiteGuonStone":21,"Hallownest:GodTamersBeastRelic":41,"Replay:Rubber Ducky":23,"DeathBook":0,"Replay:Bandana":30,"Chameleon Ring":31,"ChampionBelt":35,"Chemical X":51,"Replay:Bottled Eggs":37,"Cracked Core":0,"Potion Belt":53,"DoctorsRemote":45,"bronze:DonusWashers":9,"ReplayTheSpireMod:Ninjato":28,"HowToJump":7,"DemoMod:Antibody":32,"Quantum Egg":40,"The Courier":26,"MawBank":32,"White Beast Statue":42,"Hallownest:NailmastersGloryRelic":24,"Peace Pipe":38,"Strange Spoon":54,"Orrery":48,"Ring of Fury":53,"REME_HandOfSuture":38,"LetterFromLob":2,"SalivaCoin":20,"Durian":50,"GuppysHairball":35,"Membership Card":36,"REME_CardOfGreed":54,"ReplayTheSpireMod:Lightbulb":30,"REME_ComplimentaryCards":0},{"DemoMod:GreenGuonStone":14,"Ice Cream":32,"Damocles":11,"Divine Protection":17,"DemoMod:BlueGuonStone":29,"Calipers":33,"CeramicFish":17,"DemoMod:GlassGuonStoneRelic":2,"ice":0,"Whetstone":21,"DemoMod:RiddleOfLead":11,"DemoMod:SuperHotWatch":31,"Lizard Tail":33,"DemoMod:MonsterBlood":20,"Mastiff:ReiMu":22,"Strawberry":23,"Prayer Wheel":7,"DemoMod:MeltedRock":22,"Diplopia":33,"Replay:Wax Seal":15,"DemoMod:ClearGuonStone":17,"Toxic Egg 2":31,"Void":32,"KeepersGift":0,"MerchantsRug":17,"conspire:TreasureMap":32,"Pear":29,"DemoMod:Orange":32,"aspiration:Nostalgia":33,"DemoMod:ChaffGrenade":30,"ReplayTheSpireMod:Ring of Addiction":34,"Velvet Choker":0,"War Paint":21,"SteamSale":17,"Heaven_r":30,"Replay:Baseball":7,"DemoMod:GundromedaStrain":33,"ForgetMeNow":33,"Molten Egg 2":24,"DemoMod:Relodestone":32,"ReplayTheSpireMod:TigerMarble":21,"DemoMod:ResourcefulSack":9,"HushsDoor":0,"GuppysCollar":11,"conspire:IceCreamScoop":33,"conspire:Flyswatter":31,"ReplayFunnel":11,"Darkstone Periapt":24,"GuppysTail":21,"Replay:PocketPolymizer":33,"PlaceholderMod:DaolothFragment":21,"GuppysPaw":33,"GnawedLeaf":21,"Blue Doll":7,"champ:ChampionCrown":33,"Incense Burner":33,"Replay:Multitool":33,"DemoMod:WhiteGuonStone":13,"Hallownest:GodTamersBeastRelic":28,"Replay:Rubber Ducky":15,"DeathBook":0,"Replay:Bandana":17,"Chameleon Ring":18,"ChampionBelt":21,"Chemical X":33,"Replay:Bottled Eggs":22,"Cracked Core":0,"Potion Belt":34,"DoctorsRemote":30,"bronze:DonusWashers":5,"ReplayTheSpireMod:Ninjato":17,"HowToJump":4,"DemoMod:Antibody":19,"Quantum Egg":24,"The Courier":16,"MawBank":19,"White Beast Statue":29,"Hallownest:NailmastersGloryRelic":15,"Peace Pipe":23,"Strange Spoon":34,"Orrery":32,"Ring of Fury":34,"REME_HandOfSuture":23,"LetterFromLob":1,"SalivaCoin":12,"Durian":33,"GuppysHairball":21,"Membership Card":21,"REME_CardOfGreed":34,"ReplayTheSpireMod:Lightbulb":17,"REME_ComplimentaryCards":0},{"DemoMod:GreenGuonStone":42,"Ice Cream":91,"Damocles":30,"Divine Protection":54,"DemoMod:BlueGuonStone":86,"Calipers":94,"CeramicFish":54,"DemoMod:GlassGuonStoneRelic":5,"ice":0,"Whetstone":71,"DemoMod:RiddleOfLead":30,"DemoMod:SuperHotWatch":89,"Lizard Tail":94,"DemoMod:MonsterBlood":66,"Mastiff:ReiMu":72,"Strawberry":75,"Prayer Wheel":16,"DemoMod:MeltedRock":72,"Diplopia":94,"Replay:Wax Seal":44,"DemoMod:ClearGuonStone":54,"Toxic Egg 2":89,"Void":91,"KeepersGift":0,"MerchantsRug":54,"conspire:TreasureMap":91,"Pear":86,"DemoMod:Orange":91,"aspiration:Nostalgia":94,"DemoMod:ChaffGrenade":88,"ReplayTheSpireMod:Ring of Addiction":97,"Velvet Choker":0,"War Paint":71,"SteamSale":54,"Heaven_r":88,"Replay:Baseball":17,"DemoMod:GundromedaStrain":94,"ForgetMeNow":94,"Molten Egg 2":76,"DemoMod:Relodestone":91,"ReplayTheSpireMod:TigerMarble":71,"DemoMod:ResourcefulSack":20,"HushsDoor":0,"GuppysCollar":30,"conspire:IceCreamScoop":94,"conspire:Flyswatter":89,"ReplayFunnel":30,"Darkstone Periapt":76,"GuppysTail":71,"Replay:PocketPolymizer":94,"PlaceholderMod:DaolothFragment":71,"GuppysPaw":94,"GnawedLeaf":71,"Blue Doll":17,"champ:ChampionCrown":94,"Incense Burner":94,"Replay:Multitool":94,"DemoMod:WhiteGuonStone":37,"Hallownest:GodTamersBeastRelic":84,"Replay:Rubber Ducky":44,"DeathBook":0,"Replay:Bandana":54,"Chameleon Ring":57,"ChampionBelt":71,"Chemical X":94,"Replay:Bottled Eggs":72,"Cracked Core":0,"Potion Belt":97,"DoctorsRemote":88,"bronze:DonusWashers":10,"ReplayTheSpireMod:Ninjato":54,"HowToJump":9,"DemoMod:Antibody":60,"Quantum Egg":76,"The Courier":48,"MawBank":60,"White Beast Statue":86,"Hallownest:NailmastersGloryRelic":44,"Peace Pipe":75,"Strange Spoon":97,"Orrery":91,"Ring of Fury":97,"REME_HandOfSuture":75,"LetterFromLob":4,"SalivaCoin":33,"Durian":94,"GuppysHairball":71,"Membership Card":71,"REME_CardOfGreed":97,"ReplayTheSpireMod:Lightbulb":54,"REME_ComplimentaryCards":0}]},"card_choices":[{"not_picked":[],"picked":"ChaosCard","floor":0.0},{"not_picked":["Capacitor","Redo"],"picked":"Turbo","floor":0.0},{"not_picked":["Hologram","Streamline"],"picked":"Chill","floor":0.0},{"not_picked":["Conserve Battery","Fusion"],"picked":"Skim","floor":0.0},{"not_picked":["Skim","Beam Cell"],"picked":"Panic Button","floor":0.0},{"not_picked":["Redo","Rebound"],"picked":"Ball Lightning","floor":0.0},{"not_picked":["Barrage","Leap"],"picked":"Sweeping Beam","floor":0.0},{"not_picked":["Conserve Battery","Blizzard"],"picked":"FTL","floor":0.0},{"not_picked":["Sweeping Beam","Beam Cell"],"picked":"Cold Snap","floor":0.0},{"not_picked":["conspire:SharedLibrary","Panic Button"],"picked":"Steam","floor":0.0},{"not_picked":["Self Repair","Go for the Eyes"],"picked":"Ball Lightning","floor":0.0},{"not_picked":["Self Repair","Cold Snap"],"picked":"ReplayTheSpireMod:Dual Polarity","floor":0.0},{"not_picked":["White Noise","Defragment"],"picked":"Cancel","floor":0.0},{"not_picked":["Gash","Ball Lightning"],"picked":"Panic Button","floor":0.0},{"not_picked":["FIFO Queue","Steam"],"picked":"Time Bomb","floor":0.0},{"not_picked":["Hologram","Cold Snap"],"picked":"Turbo","floor":0.0},{"not_picked":["Steam","Heatsinks","ReplayTheSpireMod:Dual Polarity"],"picked":"SKIP","floor":2.0},{"not_picked":["Compile Driver","Rebound"],"picked":"Capacitor","floor":3.0},{"not_picked":["Buffer","Rebound"],"picked":"aspiration:Polymerization","floor":5.0},{"not_picked":["Hologram","Coolheaded","Streamline"],"picked":"SKIP","floor":6.0},{"not_picked":["Distribution","Cold Snap"],"picked":"ReplayTheSpireMod:Fabricate Wheel","floor":8.0},{"not_picked":["Ball Lightning","Leap","Defragment"],"picked":"SKIP","floor":10.0},{"not_picked":["Genetic Algorithm","Mirror Shield","Go for the Eyes"],"picked":"SKIP","floor":12.0},{"not_picked":["BasicCrystalCard","Rebound"],"picked":"Steam Power","floor":13.0},{"not_picked":["Compile Driver","Redo"],"picked":"Double Energy","floor":13.0},{"not_picked":["Double Energy","Coolheaded"],"picked":"REME_Compress","floor":13.0},{"not_picked":["Panic Button","Auto Shields"],"picked":"Chaos","floor":14.0},{"not_picked":["Steam Power","Rebound"],"picked":"ReplayTheSpireMod:Calculation Training","floor":14.0},{"not_picked":["Streamline","Heatsinks","Stack"],"picked":"SKIP","floor":14.0},{"not_picked":["Doom and Gloom","Panic Button"],"picked":"ReplayTheSpireMod:Fabricate Wheel","floor":16.0},{"not_picked":["BasicCrystalCard","Coolheaded","Hologram"],"picked":"SKIP","floor":16.0},{"not_picked":["BasicCrystalCard","Sweeping Beam","Rebound"],"picked":"SKIP","floor":16.0},{"not_picked":["ReplayRNGCard","ElectricPowerLearning"],"picked":"Buffer","floor":17.0},{"not_picked":["Streamline","Glacier"],"picked":"Steam Power+1","floor":20.0},{"not_picked":["Sweeping Beam+1","Redo"],"picked":"Meteor Strike","floor":20.0},{"not_picked":["Cold Snap","Fan","Lockon+1"],"picked":"SKIP","floor":20.0},{"not_picked":["Conserve Battery+1","Steam","Beam Cell+1"],"picked":"SKIP","floor":20.0},{"not_picked":["Melter","BasicCrystalCard","Streamline+1"],"picked":"SKIP","floor":20.0},{"not_picked":["Cold Snap","Ball Lightning"],"picked":"BasicCrystalCard+1","floor":21.0},{"not_picked":["Beam Cell","Go for the Eyes"],"picked":"Redo+1","floor":21.0},{"not_picked":["Chaos","FTL"],"picked":"Sweeping Beam","floor":21.0},{"not_picked":["Beam Cell","ReplayTheSpireMod:System Scan"],"picked":"Coolheaded","floor":21.0},{"not_picked":["Go for the Eyes+1","conspire:SharedLibrary","Rip and Tear+1"],"picked":"SKIP","floor":21.0},{"not_picked":["Streamline","Steam"],"picked":"Reboot","floor":22.0},{"not_picked":["Streamline","Coolheaded","REME_SelfUpgrade"],"picked":"SKIP","floor":22.0},{"not_picked":["Defragment+1","Steam+1","Redo+1"],"picked":"SKIP","floor":22.0},{"not_picked":["Melter","Cold Snap","Gash+1"],"picked":"SKIP","floor":22.0},{"not_picked":["Streamline","BasicCrystalCard","Rebound"],"picked":"SKIP","floor":22.0},{"not_picked":["Fan","Lockon"],"picked":"REME_ForAll","floor":23.0},{"not_picked":["Compile Driver","Streamline"],"picked":"Beam Cell+1","floor":23.0},{"not_picked":["Lockon","Fusion"],"picked":"Recycle","floor":23.0},{"not_picked":["Stack","BasicCrystalCard","Streamline"],"picked":"SKIP","floor":23.0},{"not_picked":["Rebound+1","Hologram+1","Stack+1"],"picked":"SKIP","floor":23.0},{"not_picked":["Hologram","Beam Cell+1"],"picked":"Tempest","floor":26.0},{"not_picked":["Sweeping Beam","Heatsinks"],"picked":"Panic Button","floor":26.0},{"not_picked":["Go for the Eyes+1","Leap+1"],"picked":"Reboot","floor":26.0},{"not_picked":["Stack","aspiration:Polymerization","Ball Lightning+1"],"picked":"SKIP","floor":26.0},{"not_picked":["REME_SelfUpgrade","Streamline","Beam Cell+1"],"picked":"SKIP","floor":26.0},{"not_picked":["Panic Button","REME_SelfUpgrade"],"picked":"ReplayTheSpireMod:Reroute Power","floor":28.0},{"not_picked":["Redo","Cold Snap+1","Hologram+1"],"picked":"SKIP","floor":28.0},{"not_picked":["Distribution","BasicCrystalCard","Barrage"],"picked":"SKIP","floor":28.0},{"not_picked":["Steam","Streamline","Barrage"],"picked":"SKIP","floor":28.0},{"not_picked":["ElectricPowerLearning","Streamline","Steam"],"picked":"SKIP","floor":28.0},{"not_picked":["Skim","Crystallizer+1","Sweeping Beam"],"picked":"SKIP","floor":28.0},{"not_picked":["Ball Lightning","Gash"],"picked":"White Noise","floor":31.0},{"not_picked":["ReplayTheSpireMod:Calculation Training","Gash","Beam Cell"],"picked":"SKIP","floor":31.0},{"not_picked":["Beam Cell","Static Discharge","Recycle+1"],"picked":"SKIP","floor":32.0},{"not_picked":["Ball Lightning","Conserve Battery","Sweeping Beam"],"picked":"Melter","floor":33.0},{"not_picked":["ReplayTheSpireMod:Reroute Power","Lockon","BasicCrystalCard+1"],"picked":"Panic Button+1","floor":33.0},{"not_picked":["Core Surge","Meteor Strike"],"picked":"ReplayTheSpireMod:Omega Cannon","floor":34.0},{"not_picked":["Redo+1","Panic Button"],"picked":"Thunder Strike","floor":37.0},{"not_picked":["Buffer","Stack","Sweeping Beam+1"],"picked":"SKIP","floor":40.0},{"not_picked":["Sweeping Beam+1","Self Repair+1"],"picked":"Rainbow","floor":42.0},{"not_picked":["Ball Lightning+1","Hologram+1"],"picked":"ReplayTheSpireMod:System Scan+1","floor":46.0},{"not_picked":["ReplayTheSpireMod:System Scan+1","Hologram+1","Go for the Eyes+1"],"picked":"SKIP","floor":47.0},{"not_picked":["Glacier+1","REME_SelfUpgrade+1"],"picked":"Echo Form","floor":48.0},{"not_picked":["Coolheaded+1","BasicCrystalCard+1"],"picked":"conspire:Rain+1","floor":50.0},{"not_picked":["Redo+1","Doom and Gloom+1","Streamline+1"],"picked":"SKIP","floor":52.0},{"not_picked":["Cold Snap+1","Hologram+1"],"picked":"Meteor Strike+1","floor":56.0}],"player_experience":194112,"relics_obtained":[{"floor":2.0,"key":"LetterFromLob"},{"floor":7.0,"key":"HowToJump"},{"floor":15.0,"key":"DemoMod:ResourcefulSack"},{"floor":19.0,"key":"ReplayFunnel"},{"floor":20.0,"key":"SalivaCoin"},{"floor":21.0,"key":"DemoMod:WhiteGuonStone"},{"floor":22.0,"key":"DemoMod:GreenGuonStone"},{"floor":23.0,"key":"Replay:Rubber Ducky"},{"floor":25.0,"key":"Replay:Wax Seal"},{"floor":26.0,"key":"The Courier"},{"floor":28.0,"key":"ReplayTheSpireMod:Ninjato"},{"floor":31.0,"key":"Chameleon Ring"},{"floor":32.0,"key":"MawBank"},{"floor":32.0,"key":"DemoMod:Antibody"},{"floor":33.0,"key":"DemoMod:MonsterBlood"},{"floor":37.0,"key":"Replay:Bottled Eggs"},{"floor":37.0,"key":"DemoMod:MeltedRock"},{"floor":37.0,"key":"Mastiff:ReiMu"},{"floor":38.0,"key":"Peace Pipe"},{"floor":38.0,"key":"REME_HandOfSuture"},{"floor":38.0,"key":"Strawberry"},{"floor":40.0,"key":"Quantum Egg"},{"floor":40.0,"key":"Darkstone Periapt"},{"floor":40.0,"key":"Molten Egg 2"},{"floor":42.0,"key":"White Beast Statue"},{"floor":42.0,"key":"DemoMod:BlueGuonStone"},{"floor":42.0,"key":"Pear"},{"floor":44.0,"key":"DemoMod:ChaffGrenade"},{"floor":45.0,"key":"DoctorsRemote"},{"floor":46.0,"key":"Toxic Egg 2"},{"floor":46.0,"key":"conspire:Flyswatter"},{"floor":46.0,"key":"DemoMod:SuperHotWatch"},{"floor":47.0,"key":"DemoMod:Orange"},{"floor":47.0,"key":"DemoMod:Relodestone"},{"floor":47.0,"key":"Void"},{"floor":50.0,"key":"Durian"},{"floor":50.0,"key":"Replay:PocketPolymizer"},{"floor":50.0,"key":"Diplopia"},{"floor":53.0,"key":"Ring of Fury"},{"floor":53.0,"key":"ReplayTheSpireMod:Ring of Addiction"},{"floor":53.0,"key":"Potion Belt"}],"event_choices":[{"damage_healed":0.0,"max_hp_gain":0.0,"max_hp_loss":0.0,"gold_gain":0.0,"event_name":"conspire:Investor","player_choice":"Invest 1","floor":55.0,"gold_loss":0.0,"damage_taken":0.0}],"is_beta":false,"boss_relics":[{"not_picked":["ReplayTheSpireMod:DimensionalGlitch","Calling Bell"],"picked":"DemoMod:RiddleOfLead"},{"not_picked":[]},{"not_picked":["bronze:MakeshiftBattery","MagicMushroom"],"picked":"ChampionBelt"},{"not_picked":[]}],"items_purged_floors":[],"is_endless":false,"potions_floor_spawned":[3,5,10,13,14,17,21,23,31,33,37,38,41,43,46,47,50,52,56],"ascension_level":20}}