{"host":"ih7ofq2zpufcoifs","time":1612348346,"event":{"mods":["BaseMod","Colored Map","Minty Spire (QoL Compilation)"],"gold_per_floor":[12,12,24,37,55,80,80,90,114,114,7,34,46,60,60,139,139,155,155,175,15,15,15,46,63,63,63,63,63,63,13,13,91,91,111,130,130,43,43,72,97,21,21,51,51,76,76,105,105,105,105,105,105,21,53,53],"floor_reached":57,"language":"ENG","playtime":7145,"items_purged":["Defend_G","Strike_G","Shame","Strike_G+1","Strike_G+1"],"score":2838,"play_id":"07928f77-f75b-41c2-842a-82194ae24ff3","local_time":"20210203203226","is_ascension_mode":true,"campfire_choices":[{"data":"Blade Dance","floor":7.0,"key":"SMITH"},{"data":"Dash","floor":10.0,"key":"SMITH"},{"data":"Well Laid Plans","floor":15.0,"key":"SMITH"},{"data":"Footwork","floor":23.0,"key":"SMITH"},{"floor":27.0,"key":"REST"},{"data":"Deadly Poison","floor":29.0,"key":"SMITH"},{"data":"Noxious Fumes","floor":32.0,"key":"SMITH"},{"data":"Burst","floor":45.0,"key":"SMITH"},{"floor":47.0,"key":"RECALL"},{"data":"Footwork","floor":49.0,"key":"SMITH"},{"data":"Neutralize","floor":53.0,"key":"SMITH"}],"circlet_count":0,"master_deck":["AscendersBane","Defend_G+1","Defend_G+1","Defend_G+1","Defend_G+1","Survivor","Neutralize+1","Dash+1","Flying Knee","PiercingWail","Blade Dance+1","Footwork+1","Well Laid Plans+1","PiercingWail","Night Terror","PiercingWail","Footwork+1","Acrobatics","All Out Attack","Deadly Poison+1","Noxious Fumes+1","Corpse Explosion","Dagger Throw+1","Acrobatics","Bouncing Flask","Burst+1","Dodge and Roll","Tactician","Dodge and Roll","Reflex","Noxious Fumes","Dodge and Roll"],"relics":["Ring of the Snake","Smiling Mask","Omamori","MealTicket","Cursed Key","Ancient Tea Set","Art of War","Bird Faced Urn","Coffee Dripper","Anchor","Pocketwatch","Happy Flower","PreservedInsect","Kunai","Bottled Tornado"],"acts_visited":["Exordium","TheCity","TheBeyond","TheEnding"],"potions_floor_usage":[56],"damage_taken":[{"damage":6.0,"enemies":"Cultist","floor":1.0,"turns":6.0},{"damage":0.0,"enemies":"2 Louse","floor":3.0,"turns":2.0},{"damage":3.0,"enemies":"Small Slimes","floor":4.0,"turns":5.0},{"damage":0.0,"enemies":"Red Slaver","floor":5.0,"turns":5.0},{"damage":7.0,"enemies":"3 Sentries","floor":6.0,"turns":3.0},{"damage":9.0,"enemies":"Exordium Thugs","floor":8.0,"turns":5.0},{"damage":24.0,"enemies":"Gremlin Nob","floor":12.0,"turns":4.0},{"damage":0.0,"enemies":"2 Fungi Beasts","floor":13.0,"turns":6.0},{"damage":4.0,"enemies":"Large Slime","floor":14.0,"turns":5.0},{"damage":25.0,"enemies":"Slime Boss","floor":16.0,"turns":12.0},{"damage":27.0,"enemies":"Shell Parasite","floor":18.0,"turns":7.0},{"damage":13.0,"enemies":"Chosen","floor":20.0,"turns":7.0},{"damage":8.0,"enemies":"Gremlin Leader","floor":24.0,"turns":18.0},{"damage":8.0,"enemies":"Snecko","floor":25.0,"turns":6.0},{"damage":20.0,"enemies":"Champ","floor":33.0,"turns":18.0},{"damage":20.0,"enemies":"Orb Walker","floor":35.0,"turns":5.0},{"damage":0.0,"enemies":"3 Shapes","floor":36.0,"turns":6.0},{"damage":43.0,"enemies":"Reptomancer","floor":40.0,"turns":8.0},{"damage":0.0,"enemies":"Mind Bloom Boss Battle","floor":41.0,"turns":6.0},{"damage":17.0,"enemies":"Giant Head","floor":44.0,"turns":10.0},{"damage":10.0,"enemies":"Reptomancer","floor":46.0,"turns":6.0},{"damage":3.0,"enemies":"Giant Head","floor":48.0,"turns":11.0},{"damage":0.0,"enemies":"Time Eater","floor":50.0,"turns":17.0},{"damage":3.0,"enemies":"Donu and Deca","floor":51.0,"turns":12.0},{"damage":5.0,"enemies":"Shield and Spear","floor":55.0,"turns":9.0},{"damage":49,"enemies":"The Heart","floor":56,"turns":15}],"seed_played":"7985946236138376498","potions_obtained":[{"floor":4.0,"key":"ColorlessPotion"},{"floor":6.0,"key":"BlessingOfTheForge"},{"floor":12.0,"key":"Regen Potion"},{"floor":13.0,"key":"Block Potion"},{"floor":14.0,"key":"Fire Potion"},{"floor":33.0,"key":"BlessingOfTheForge"},{"floor":36.0,"key":"SpeedPotion"},{"floor":40.0,"key":"SpeedPotion"},{"floor":41.0,"key":"Weak Potion"},{"floor":44.0,"key":"CunningPotion"}],"is_trial":false,"path_per_floor":["M","?","M","M","M","E","R","M","T","R","$","E","M","M","R","B",null,"M","?","M","$","?","R","E","M","T","R","?","R","?","$","R","B",null,"M","M","T","$","?","E","?","$","T","E","R","E","R","E","R","B","B",null,"R","$","E","B",null],"character_chosen":"THE_SILENT","items_purchased":["SteroidPotion","Acrobatics","Weak Potion","Bouncing Flask","Dodge and Roll","Noxious Fumes"],"campfire_rested":1,"item_purchase_floors":[11,21,21,38,42,54],"current_hp_per_floor":[65,65,65,62,62,55,55,46,46,46,46,22,37,33,33,8,61,34,34,21,36,36,36,28,20,20,43,43,43,43,58,58,52,72,58,66,66,78,74,45,53,68,68,59,59,63,63,74,74,74,74,74,74,74,74,33],"gold":53,"neow_bonus":"TWENTY_PERCENT_HP_BONUS","is_daily":false,"chose_seed":false,"campfire_upgraded":9,"win_rate":0.0,"timestamp":1612348346,"path_taken":["M","?","M","M","M","E","R","M","T","R","?","E","?","M","R","BOSS","M","?","M","$","?","R","E","M","T","R","?","R","?","$","R","BOSS","M","M","?","?","?","E","?","$","T","E","R","E","R","E","R","BOSS","BOSS","R","$","E","BOSS"],"items_purchased_type":["Potion","Card","Potion","Card","Card","Card"],"build_version":"2020-12-22","purchased_purges":5,"victory":true,"max_hp_per_floor":[78,78,78,78,78,78,78,78,78,78,78,78,78,78,78,78,78,78,78,78,78,78,78,78,78,78,78,78,78,78,78,78,78,78,78,78,78,78,74,74,74,74,74,74,74,74,74,74,74,74,74,74,74,74,74,74],"card_choices":[{"not_picked":["Blade Dance","Setup"],"picked":"Dash","floor":1.0},{"not_picked":["Outmaneuver","Accuracy","Cloak And Dagger"],"picked":"SKIP","floor":3.0},{"not_picked":["Catalyst","Heel Hook"],"picked":"Flying Knee","floor":4.0},{"not_picked":["Prepared","Escape Plan"],"picked":"PiercingWail","floor":5.0},{"not_picked":["Blur","Backflip"],"picked":"Blade Dance","floor":6.0},{"not_picked":["Riddle With Holes","Flying Knee","Expertise"],"picked":"SKIP","floor":8.0},{"not_picked":["Deadly Poison","Bane"],"picked":"Footwork","floor":12.0},{"not_picked":["Quick Slash","Dodge and Roll"],"picked":"Well Laid Plans","floor":13.0},{"not_picked":["Reflex","Tools of the Trade"],"picked":"PiercingWail","floor":14.0},{"not_picked":["Envenom","Bullet Time"],"picked":"Night Terror","floor":16.0},{"not_picked":["Cloak And Dagger","Blade Dance"],"picked":"PiercingWail","floor":18.0},{"not_picked":["Poisoned Stab","Blade Dance"],"picked":"Footwork","floor":20.0},{"not_picked":["Underhanded Strike","PiercingWail"],"picked":"All Out Attack","floor":24.0},{"not_picked":["Well Laid Plans","Bane"],"picked":"Deadly Poison","floor":25.0},{"not_picked":["Die Die Die","Night Terror"],"picked":"Corpse Explosion","floor":33.0},{"not_picked":["Endless Agony","Blade Dance+1"],"picked":"Dagger Throw+1","floor":35.0},{"not_picked":["Dodge and Roll","Blade Dance"],"picked":"Acrobatics","floor":36.0},{"not_picked":["Concentrate","Crippling Poison"],"picked":"Burst","floor":40.0},{"not_picked":["Prepared","Glass Knife"],"picked":"Tactician","floor":44.0},{"not_picked":["Blade Dance","Finisher"],"picked":"Dodge and Roll","floor":46.0},{"not_picked":["Deflect","Dodge and Roll"],"picked":"Reflex","floor":48.0},{"not_picked":["Flying Knee","Glass Knife"],"picked":"Dodge and Roll","floor":55.0}],"player_experience":503516,"relics_obtained":[{"floor":6.0,"key":"Smiling Mask"},{"floor":9.0,"key":"Omamori"},{"floor":12.0,"key":"MealTicket"},{"floor":24.0,"key":"Art of War"},{"floor":40.0,"key":"Anchor"},{"floor":41.0,"key":"Pocketwatch"},{"floor":44.0,"key":"Happy Flower"},{"floor":46.0,"key":"PreservedInsect"},{"floor":48.0,"key":"Kunai"},{"floor":55.0,"key":"Bottled Tornado"}],"event_choices":[{"cards_removed":["Strike_G"],"damage_healed":0.0,"max_hp_gain":0.0,"max_hp_loss":0.0,"gold_gain":0.0,"event_name":"Purifier","player_choice":"Purged","floor":2.0,"gold_loss":0.0,"damage_taken":0.0},{"damage_healed":0.0,"max_hp_gain":0.0,"max_hp_loss":0.0,"gold_gain":0.0,"event_name":"The Mausoleum","player_choice":"Opened","floor":19.0,"gold_loss":0.0,"damage_taken":0.0,"relics_obtained":["Ancient Tea Set"],"cards_obtained":["Writhe"]},{"damage_healed":0.0,"max_hp_gain":0.0,"max_hp_loss":0.0,"gold_gain":0.0,"event_name":"Back to Basics","player_choice":"Simplicity","floor":22.0,"gold_loss":0.0,"damage_taken":0.0,"cards_upgraded":["Strike_G","Strike_G","Strike_G","Defend_G","Defend_G","Defend_G","Defend_G"]},{"damage_healed":0.0,"max_hp_gain":0.0,"max_hp_loss":0.0,"gold_gain":0.0,"event_name":"Addict","player_choice":"Stole Relic","floor":28.0,"gold_loss":0.0,"damage_taken":0.0,"relics_obtained":["Bird Faced Urn"],"cards_obtained":["Shame"]},{"damage_healed":0.0,"max_hp_gain":0.0,"max_hp_loss":0.0,"gold_gain":0.0,"cards_transformed":["Strike_G"],"event_name":"Transmorgrifier","player_choice":"Transformed","floor":30.0,"gold_loss":0.0,"damage_taken":0.0,"cards_obtained":["Noxious Fumes"]},{"damage_healed":0.0,"max_hp_gain":0.0,"max_hp_loss":4.0,"gold_gain":0.0,"event_name":"Winding Halls","player_choice":"Max HP","floor":39.0,"gold_loss":0.0,"damage_taken":0.0},{"damage_healed":0.0,"max_hp_gain":0.0,"max_hp_loss":0.0,"gold_gain":0.0,"event_name":"MindBloom","player_choice":"Fight","floor":41.0,"gold_loss":0.0,"damage_taken":0.0}],"is_beta":false,"boss_relics":[{"not_picked":["Black Star","Ectoplasm"],"picked":"Cursed Key"},{"not_picked":["Ring of the Serpent","Astrolabe"],"picked":"Coffee Dripper"}],"items_purged_floors":[11,21,31,38,42],"is_endless":false,"potions_floor_spawned":[4,6,12,13,14,33,36,40,41,44],"ascension_level":20}}