{"host":"rnjhaewkefy4rz3c","time":1612370001,"event":{"mods":["2.2 Compatiblity","AchievementEnabler","BaseMod","Colored Map","Downfall","Minty Spire (QoL Compilation)","Permanent Neow","StSLib","The Disciple"],"gold_per_floor":[218,51,51,1,21,21,32,32,32,45,45,57,132,152,152,257,257,274,274,274,291,190,190,43,71,140,150,185,185,185,220,220,320,320,333,348,358,358,410,410,215,215,241,61,0,0,0,20,20,20,20],"floor_reached":50,"language":"ENG","playtime":4125,"items_purged":["Slimebound:Tackle+1","Slimebound:Tackle+1"],"score":513,"play_id":"7936185f-acb3-4515-b066-5a918dfdef04","local_time":"20210203123321","is_ascension_mode":false,"campfire_choices":[{"data":"Panache","floor":6.0,"key":"SMITH"},{"data":"Echoward","floor":8.0,"key":"SMITH"},{"data":"SecondHand","floor":11.0,"key":"SMITH"},{"data":"TiringSlam","floor":15.0,"key":"SMITH"},{"data":"HandsUpC","floor":23,"key":"SMITH"},{"data":"Echoward","floor":29,"key":"SMITH"},{"data":"VestedLegacy","floor":32,"key":"SMITH"},{"floor":40,"key":"REST"},{"floor":46,"key":"REST"},{"floor":49,"key":"REST"}],"circlet_count":0,"master_deck":["Defend_Br","Defend_Br","Defend_Br","SecondHand+1","PatternShift","HandsUpB","Panache+1","EscortCommand","Echoward+1","LockedTornado","TiringSlam+1","HandsUpC+1","Slimebound:Tackle+1","Accruing","HandsUpB","Echoward+1","BlueShift","LockedLightning","LockedWhetstone","Allargando","VestedLegacy+1","RageCommand","EscortCommand+1","Apotheosis"],"relics":["Chronometer","MysticCrockPot","Snecko Eye","Lee\u0027s Waffle","Bottled Flame","Question Card","StrikeDummy","Happy Flower","Metronome","Pantograph","TungstenRod","SpringShield","Red Mask","Anchor"],"acts_visited":["Exordium","TheCity","TheBeyond"],"potions_floor_usage":[25,28,31,31,37,39,39,42,42,50],"damage_taken":[{"damage":4.0,"enemies":"Jaw Worm","floor":1.0,"turns":8.0},{"damage":0.0,"enemies":"Small Slimes","floor":5.0,"turns":7.0},{"damage":0.0,"enemies":"2 Louse","floor":7.0,"turns":4.0},{"damage":0.0,"enemies":"2 Fungi Beasts","floor":10.0,"turns":5.0},{"damage":2.0,"enemies":"Looter","floor":12.0,"turns":4.0},{"damage":0.0,"enemies":"3 Louse","floor":14.0,"turns":3.0},{"damage":18.0,"enemies":"Slime Boss","floor":16.0,"turns":10.0},{"damage":3,"enemies":"Chosen","floor":18,"turns":5},{"damage":7,"enemies":"2 Thieves","floor":21,"turns":3},{"damage":9,"enemies":"Book of Stabbing","floor":25,"turns":4},{"damage":0,"enemies":"Snecko","floor":27,"turns":4},{"damage":3,"enemies":"Gremlin Leader","floor":28,"turns":7},{"damage":8,"enemies":"Book of Stabbing","floor":31,"turns":6},{"damage":20,"enemies":"Collector","floor":33,"turns":9},{"damage":28,"enemies":"3 Darklings","floor":35,"turns":5},{"damage":0,"enemies":"Orb Walker","floor":36,"turns":3},{"damage":0,"enemies":"Writhing Mass","floor":37,"turns":6},{"damage":50,"enemies":"2 Orb Walkers","floor":39,"turns":7},{"damage":0,"enemies":"Maw","floor":42,"turns":6},{"damage":13,"enemies":"4 Shapes","floor":48,"turns":5},{"damage":96,"enemies":"Donu and Deca","floor":50,"turns":8}],"seed_played":"-8191040272181408970","potions_obtained":[{"floor":5.0,"key":"Slimebound:ThreeZeroPotion"},{"floor":10.0,"key":"champ:CounterPotion"},{"floor":14.0,"key":"Slimebound:ThreeZeroPotion"},{"floor":16.0,"key":"sneckomod:MuddlingPotion"},{"floor":18,"key":"PowerPotion"},{"floor":27,"key":"SkillPotion"},{"floor":31,"key":"champ:CounterPotion"},{"floor":35,"key":"LiquidMemories"},{"floor":37,"key":"sneckomod:MuddlingPotion"},{"floor":39,"key":"BlessingOfTheForge"},{"floor":48,"key":"hexamod:SoulburnPotion"}],"is_trial":false,"path_per_floor":["M","$","?","?","M","R","M","R","T","M","R","M","?","M","R","B",null,"M","?","?","M","$","R","$","E","T","M","E","R","?","E","R","B",null,"M","M","M","T","?","R","$","M","T","$","?","R","?","M","R","B"],"character_chosen":"CHRONO_CLASS","items_purchased":["Panache","HandsUpB","Lee\u0027s Waffle","SmokeBomb","Apotheosis"],"campfire_rested":3,"item_purchase_floors":[2,22,24,41,44],"current_hp_per_floor":[61,61,66,66,66,66,66,66,66,66,66,64,53,53,53,35,70,67,54,54,47,47,47,82,73,73,73,70,70,70,62,62,42,82,54,54,54,54,4,28,28,28,28,28,28,52,52,39,62,0,0],"gold":20,"neow_bonus":"HUNDRED_GOLD","is_daily":false,"chose_seed":false,"campfire_upgraded":7,"win_rate":0.0,"timestamp":1612370001,"path_taken":["M","$","?","?","M","R","M","R","T","M","R","M","?","M","R","BOSS","M","?","?","M","$","R","$","E","T","M","E","R","?","E","R","BOSS","M","M","M","?","?","R","$","M","T","$","?","R","?","?","R","BOSS"],"items_purchased_type":["Card","Card","Relic","Potion","Card"],"build_version":"2020-12-22","purchased_purges":2,"victory":false,"max_hp_per_floor":[65,65,70,70,70,70,70,70,70,70,70,70,70,70,70,70,70,70,75,75,75,75,75,82,82,82,82,82,82,82,82,82,82,82,82,82,82,82,82,82,82,82,82,82,82,82,77,77,77,77,77],"card_choices":[{"not_picked":["Echoward","Engulf"],"picked":"HandsUpB","floor":1.0},{"not_picked":["LockedAnchor","Analog"],"picked":"EscortCommand","floor":5.0},{"not_picked":["Tempo","ExoVibe"],"picked":"Echoward","floor":7.0},{"not_picked":["LockedMedicine","Flay"],"picked":"LockedTornado","floor":10.0},{"not_picked":["LockedOrichalcum","ResonantCall"],"picked":"TiringSlam","floor":12.0},{"not_picked":["LockedBlood","WakeUpCall","LockedMawBank"],"picked":"SKIP","floor":14.0},{"not_picked":["LockedBlood","WakeUpCall","LockedMawBank"],"picked":"SKIP","floor":14.0},{"not_picked":["ExoVibe","LockedUrn"],"picked":"HandsUpC","floor":18},{"not_picked":["AlternateTimeline","FormalWear"],"picked":"Accruing","floor":21},{"not_picked":["ReapSow+1","TickedOff"],"picked":"Echoward","floor":25},{"not_picked":["WindUp","Recurrance","Tempo"],"picked":"BlueShift","floor":27},{"not_picked":["WindUp","LockedMawBank","PrimeTime"],"picked":"LockedLightning","floor":28},{"not_picked":["FormalWear","EscortCommand","OverTime"],"picked":"VestedLegacy","floor":31},{"not_picked":["OverTime","BackFourSeconds","Fragmentalize"],"picked":"RageCommand","floor":33},{"not_picked":["Engulf","LockedWhetstone+1","LockedScales","LockedWarPaint"],"picked":"SKIP","floor":35},{"not_picked":["PrimeTime+1","TiringSlam","EscortCommand+1","Pendulum"],"picked":"SKIP","floor":36},{"not_picked":["PrimeTime+1","TiringSlam","Pendulum"],"picked":"EscortCommand+1","floor":36},{"not_picked":["LockedBlood","DaylightSavings+1","Keepsakes"],"picked":"LockedAnchor","floor":37},{"not_picked":["LockedMedicine","ReapSow+1","Goo","PrimeTime+1"],"picked":"SKIP","floor":48}],"player_experience":710498,"relics_obtained":[{"floor":9.0,"key":"MysticCrockPot"},{"floor":25,"key":"Bottled Flame"},{"floor":26,"key":"Question Card"},{"floor":28,"key":"StrikeDummy"},{"floor":31,"key":"Happy Flower"},{"floor":38,"key":"Pantograph"},{"floor":39,"key":"TungstenRod"},{"floor":43,"key":"SpringShield"}],"event_choices":[{"damage_healed":0.0,"max_hp_gain":5.0,"max_hp_loss":0.0,"gold_gain":0.0,"event_name":"Big Fish","player_choice":"Donut","floor":3.0,"gold_loss":0.0,"damage_taken":0.0},{"cards_removed":["Strike_Br"],"damage_healed":0.0,"max_hp_gain":0.0,"max_hp_loss":0.0,"gold_gain":0.0,"event_name":"The Cleric","player_choice":"Card Removal","floor":4.0,"gold_loss":50.0,"damage_taken":0.0},{"damage_healed":0.0,"max_hp_gain":0.0,"max_hp_loss":0.0,"gold_gain":75.0,"event_name":"World of Goop","player_choice":"Gather Gold","floor":13.0,"gold_loss":0.0,"damage_taken":11.0},{"damage_healed":0,"gold_gain":0,"player_choice":"Shed Blood","damage_taken":18,"max_hp_gain":5,"max_hp_loss":0,"event_name":"Forgotten Altar","floor":19,"gold_loss":0},{"damage_healed":0,"gold_gain":0,"cards_transformed":["Defend_Br"],"player_choice":"Transformed","damage_taken":0,"max_hp_gain":0,"max_hp_loss":0,"event_name":"Transmorgrifier","floor":30,"gold_loss":0,"cards_obtained":["LockedWhetstone"]},{"damage_healed":0,"gold_gain":0,"player_choice":"Fight","damage_taken":0,"max_hp_gain":0,"max_hp_loss":0,"event_name":"Mysterious Sphere","floor":39,"gold_loss":0},{"damage_healed":0,"gold_gain":0,"player_choice":"Paid","damage_taken":0,"relics_obtained":["Red Mask"],"max_hp_gain":0,"max_hp_loss":0,"event_name":"Tomb of Lord Red Mask","floor":45,"gold_loss":61}],"is_beta":false,"boss_relics":[{"not_picked":["Fusion Hammer","Velvet Choker"],"picked":"Snecko Eye"},{"not_picked":["Tiny House","HangingClock"],"picked":"Metronome"}],"items_purged_floors":[22,41],"is_endless":false,"potions_floor_spawned":[5,10,14,16,18,25,27,31,35,37,39,48],"killed_by":"Donu and Deca","ascension_level":0}}