{"host":"jhywql2x2v3ppvhm","time":1612372014,"event":{"mods":["BaseMod","Colored Map","Colored Powertips","Downfall","Googly Eyes","Hermit","Marisa????????","Minty Spire (QoL Compilation)","Rare Cards Sparkle","Shop Mod","Slay the Relics Exporter","StSLib","The Animator","The Bug Knight","The Cursed","The Disciple","The Necromancer","The Runesmith","The Servant 0.9.4","slay the spire mod where everything is the same but ironclad has a cowboy hat"],"gold_per_floor":[115,134,134,152,172,199,199,210,260,318,318,336,336,336,336,457,457,475,81,181,194,212,212,212,15,15,15,15,15,34,34,34],"floor_reached":31,"language":"ENG","playtime":1212,"items_purged":["Injury","Forethought"],"score":235,"play_id":"ef1843b3-be4e-4add-8e43-7298cf91299c","local_time":"20210203120654","is_ascension_mode":false,"campfire_choices":[{"data":"Phantasmal Killer","floor":7,"key":"SMITH"},{"floor":11,"key":"REST"},{"floor":15,"key":"REST"},{"data":"Noxious Fumes","floor":23,"key":"SMITH"}],"circlet_count":0,"master_deck":["Strike_G+1","Strike_G","Strike_G","Strike_G","Strike_G","Defend_G","Defend_G","Defend_G","Defend_G","Survivor","Neutralize","Phantasmal Killer+1","Deadly Poison","Crippling Poison","Bane","Deadly Poison","Bullet Time","Noxious Fumes+1","Catalyst+1","Noxious Fumes","Poisoned Stab+1","Calculated Gamble+1","Prepared+1","Bane+1"],"relics":["Ring of the Snake","Smiling Mask","Bronze Scales","Bottled Tornado","Golden Idol","bronze:MakeshiftBattery","PreservedInsect","OrangePellets","Blue Candle","Orrery","Whetstone","Akabeko","GremlinMask"],"acts_visited":["Exordium","TheCity"],"potions_floor_usage":[6,10,10,16,31],"damage_taken":[{"damage":0,"enemies":"2 Louse","floor":1,"turns":3},{"damage":0,"enemies":"Cultist","floor":2,"turns":3},{"damage":7,"enemies":"Jaw Worm","floor":4,"turns":4},{"damage":3,"enemies":"2 Fungi Beasts","floor":5,"turns":4},{"damage":33,"enemies":"3 Sentries","floor":6,"turns":12},{"damage":1,"enemies":"Blue Slaver","floor":8,"turns":3},{"damage":15,"enemies":"Gremlin Nob","floor":10,"turns":4},{"damage":13,"enemies":"Lots of Slimes","floor":12,"turns":4},{"damage":18,"enemies":"Slime Boss","floor":16,"turns":9},{"damage":7,"enemies":"3 Byrds","floor":18,"turns":3},{"damage":1,"enemies":"Chosen","floor":21,"turns":3},{"damage":23,"enemies":"Shelled Parasite and Fungi","floor":22,"turns":4},{"damage":23,"enemies":"Centurion and Healer","floor":30,"turns":4},{"damage":14,"enemies":"Snake Plant","floor":31,"turns":1}],"seed_played":"-7225123161078054319","potions_obtained":[{"floor":2,"key":"ColorlessPotion"},{"floor":5,"key":"Poison Potion"},{"floor":6,"key":"PowerPotion"},{"floor":8,"key":"Swift Potion"},{"floor":21,"key":"Fire Potion"},{"floor":22,"key":"bronze:BurnAndBuffPotion"},{"floor":30,"key":"Swift Potion"}],"is_trial":false,"path_per_floor":["M","M","?","M","M","E","R","M","T","?","R","M","?","?","R","B",null,"M","$","?","M","M","R","?","$","T","?","$","?","M","M"],"character_chosen":"THE_SILENT","items_purchased":["Noxious Fumes","PreservedInsect","OrangePellets","Orrery"],"campfire_rested":2,"item_purchase_floors":[19,19,19,25],"current_hp_per_floor":[70,70,70,63,60,27,27,26,26,11,32,19,19,19,40,22,70,63,63,63,62,39,39,34,34,34,34,34,34,11,0,0],"gold":34,"neow_bonus":"TRANSFORM_CARD","is_daily":false,"chose_seed":false,"campfire_upgraded":2,"win_rate":0.0,"timestamp":1612372014,"path_taken":["M","M","?","?","M","E","R","M","T","?","R","M","?","?","R","BOSS","M","$","?","M","?","R","?","$","T","?","$","?","M","M"],"items_purchased_type":["Card","Relic","Relic","Relic"],"build_version":"2020-12-22","purchased_purges":2,"victory":false,"max_hp_per_floor":[70,70,70,70,70,70,70,70,70,70,70,70,70,70,70,70,70,70,70,70,70,70,70,70,70,70,70,70,70,70,70,70],"card_choices":[{"not_picked":["Dodge and Roll","Acrobatics"],"picked":"Deadly Poison","floor":1},{"not_picked":["Endless Agony","Dagger Spray"],"picked":"Crippling Poison","floor":2},{"not_picked":["Skewer","Underhanded Strike","Slice"],"picked":"SKIP","floor":4},{"not_picked":["Well Laid Plans","Backflip"],"picked":"Deadly Poison","floor":5},{"not_picked":["Sucker Punch","Deflect"],"picked":"Bullet Time","floor":6},{"not_picked":["Sucker Punch","All Out Attack"],"picked":"Noxious Fumes","floor":8},{"not_picked":["Quick Slash","Slice"],"picked":"Catalyst","floor":12},{"not_picked":["Dagger Spray","Bane","Backflip"],"picked":"SKIP","floor":18},{"not_picked":["Infinite Blades+1","Cloak And Dagger+1"],"picked":"Poisoned Stab","floor":21},{"not_picked":["Backflip","Dagger Throw","Well Laid Plans"],"picked":"SKIP","floor":22},{"not_picked":["Slice","Blade Dance"],"picked":"Calculated Gamble+1","floor":25},{"not_picked":["Cloak And Dagger+1","Backflip"],"picked":"Prepared+1","floor":25},{"not_picked":["Expertise+1","Dagger Throw"],"picked":"Bane+1","floor":25},{"not_picked":["Dagger Spray","Dodge and Roll+1","Deadly Poison"],"picked":"SKIP","floor":30}],"player_experience":217010,"relics_obtained":[{"floor":6,"key":"Smiling Mask"},{"floor":9,"key":"Bronze Scales"},{"floor":10,"key":"Bottled Tornado"},{"floor":26,"key":"Whetstone"}],"event_choices":[{"damage_healed":0,"gold_gain":0,"player_choice":"2 cards matched","damage_taken":0,"max_hp_gain":0,"max_hp_loss":0,"event_name":"Match and Keep!","floor":3,"gold_loss":0,"cards_obtained":["Forethought","Bane"]},{"damage_healed":0,"gold_gain":0,"player_choice":"Searched \u00271\u0027 times","damage_taken":0,"max_hp_gain":0,"max_hp_loss":0,"event_name":"Dead Adventurer","floor":10,"gold_loss":0},{"damage_healed":0,"gold_gain":0,"player_choice":"Grow","damage_taken":0,"max_hp_gain":0,"max_hp_loss":0,"event_name":"Living Wall","floor":13,"gold_loss":0,"cards_upgraded":["Catalyst"]},{"damage_healed":0,"gold_gain":0,"player_choice":"Take Wound","damage_taken":0,"relics_obtained":["Golden Idol"],"max_hp_gain":0,"max_hp_loss":0,"event_name":"Golden Idol","floor":14,"gold_loss":0,"cards_obtained":["Injury"]},{"damage_healed":0,"gold_gain":100,"player_choice":"Pray","damage_taken":0,"max_hp_gain":0,"max_hp_loss":0,"event_name":"Golden Shrine","floor":20,"gold_loss":0},{"damage_healed":0,"gold_gain":0,"player_choice":"Opened","damage_taken":0,"relics_obtained":["Akabeko"],"max_hp_gain":0,"max_hp_loss":0,"event_name":"The Mausoleum","floor":27,"gold_loss":0},{"damage_healed":0,"gold_gain":0,"player_choice":"Trade","damage_taken":0,"relics_obtained":["GremlinMask"],"max_hp_gain":0,"max_hp_loss":0,"event_name":"FaceTrader","floor":29,"gold_loss":0}],"is_beta":false,"boss_relics":[{"not_picked":["Cursed Key","Busted Crown"],"picked":"bronze:MakeshiftBattery"}],"items_purged_floors":[19,25],"is_endless":false,"potions_floor_spawned":[2,5,6,8,21,22,30],"killed_by":"Snake Plant","ascension_level":0}}