{"host":"15dd7v8o90xso62x","time":1612318206,"event":{"mods":["BaseMod","Minty Spire (QoL Compilation)","Quick Restart","StSLib","SuperFastMode"],"gold_per_floor":[218,229,18,68,68,68,139,139,163,172,28,28,93,93,93,93,93],"floor_reached":16,"language":"KOR","playtime":335,"items_purged":[],"score":246,"play_id":"a2add76d-185b-4bbd-87bc-b23ebbb6d634","local_time":"20210203111006","is_ascension_mode":true,"campfire_choices":[{"data":"HandOfGreed","floor":6,"key":"SMITH"},{"data":"Dagger Spray","floor":8,"key":"SMITH"},{"data":"Neutralize","floor":15,"key":"SMITH"}],"circlet_count":0,"master_deck":["AscendersBane","Strike_G","Strike_G","Strike_G","Strike_G","Defend_G","Defend_G","Defend_G","Defend_G","Defend_G","Survivor+1","Neutralize+1","Masterful Stab","Dagger Spray+1","HandOfGreed+1","Dash+1","Escape Plan+1","Footwork","After Image"],"relics":["Ring of the Snake","Golden Idol","CeramicFish","War Paint"],"acts_visited":[],"potions_floor_usage":[13],"damage_taken":[{"damage":3,"enemies":"Cultist","floor":1,"turns":4},{"damage":0,"enemies":"2 Louse","floor":2,"turns":2},{"damage":0,"enemies":"Small Slimes","floor":4,"turns":6},{"damage":8,"enemies":"Exordium Wildlife","floor":7,"turns":4},{"damage":0,"enemies":"Lagavulin","floor":13,"turns":9},{"damage":29,"enemies":"Slime Boss","floor":16,"turns":3}],"seed_played":"12765509953257082","potions_obtained":[{"floor":2,"key":"Ancient Potion"},{"floor":4,"key":"SpeedPotion"},{"floor":7,"key":"Fire Potion"},{"floor":13,"key":"SteroidPotion"}],"is_trial":false,"path_per_floor":["M","M","$","M","?","R","M","R","T","?","$","$","E","?","R","B"],"character_chosen":"THE_SILENT","items_purchased":["Dagger Spray","HandOfGreed","After Image"],"campfire_rested":0,"item_purchase_floors":[3,3,11],"current_hp_per_floor":[56,56,56,56,33,33,25,25,25,25,25,25,25,25,25,0,0],"gold":93,"neow_bonus":"HUNDRED_GOLD","is_daily":false,"chose_seed":false,"campfire_upgraded":3,"win_rate":0.0,"timestamp":1612318206,"path_taken":["M","?","$","?","?","R","M","R","T","?","?","$","E","?","R","BOSS"],"items_purchased_type":["Card","Card","Card"],"build_version":"2020-12-22","purchased_purges":0,"victory":false,"max_hp_per_floor":[66,66,66,66,66,66,66,66,66,66,66,66,66,66,66,66,66],"card_choices":[{"not_picked":["Slice","Underhanded Strike"],"picked":"Masterful Stab","floor":1},{"not_picked":["Underhanded Strike","Slice","Blur"],"picked":"SKIP","floor":2},{"not_picked":["Flying Knee","Blade Dance"],"picked":"Dash","floor":4},{"not_picked":["Bane","Concentrate"],"picked":"Escape Plan","floor":7},{"not_picked":["Underhanded Strike","Quick Slash","Backflip"],"picked":"SKIP","floor":13}],"player_experience":933831,"relics_obtained":[{"floor":9,"key":"CeramicFish"},{"floor":13,"key":"War Paint"}],"event_choices":[{"damage_healed":0,"gold_gain":0,"player_choice":"Take Damage","damage_taken":23,"relics_obtained":["Golden Idol"],"max_hp_gain":0,"max_hp_loss":0,"event_name":"Golden Idol","floor":5,"gold_loss":0},{"damage_healed":0,"gold_gain":0,"cards_transformed":["Strike_G"],"player_choice":"Change","damage_taken":0,"max_hp_gain":0,"max_hp_loss":0,"event_name":"Living Wall","floor":10,"gold_loss":0,"cards_obtained":["Footwork"]},{"damage_healed":0,"gold_gain":0,"player_choice":"Upgraded","damage_taken":0,"max_hp_gain":0,"max_hp_loss":0,"event_name":"Upgrade Shrine","floor":14,"gold_loss":0,"cards_upgraded":["Dash"]}],"is_beta":false,"boss_relics":[],"items_purged_floors":[],"is_endless":false,"potions_floor_spawned":[2,4,7,13],"killed_by":"Slime Boss","ascension_level":20}}