{"host":"815dqs41i1y8uxms","time":1612355191,"event":{"mods":["A Penny For Your Troubles","Act Like it!","BaseMod","Elementarium","Fox Events","Jorbs\u0027s Wanderer Trilogy","Marked Mod","Minty Spire (QoL Compilation)","Rare Cards Sparkle","Shop Mod","Spire Arcade","StSLib","The Marked"],"gold_per_floor":[113,113,113,113,133,133,158,158,158,176,206,42,42,71,71,175,175,187,215,215,215,68,97,115,130,198,198,216,216,231,245,245,350,350,363,363,213,231,11,39,39,39,39,50,61,61,61],"floor_reached":46,"language":"ENG","playtime":4363,"items_purged":[],"score":551,"play_id":"f7f4e06e-4fd0-45a3-9d2b-536fb7999232","local_time":"20210203132630","is_ascension_mode":false,"campfire_choices":[{"floor":6.0,"key":"RECALL"},{"data":"Vigilance","floor":8.0,"key":"SMITH"},{"data":"TalkToTheHand","floor":13.0,"key":"SMITH"},{"floor":15.0,"key":"REST"},{"floor":27.0,"key":"REST"},{"floor":32.0,"key":"REST"},{"floor":42,"key":"REST"}],"circlet_count":0,"master_deck":["Strike_P","Strike_P","Strike_P","Defend_P","Defend_P","Defend_P","Defend_P","Eruption+1","Vigilance+1","EmptyFist","TalkToTheHand+1","FlurryOfBlows+1","MarkedMod:SlowDance","ClearTheMind","MentalFortress","Consecrate+1","MasterReality","FlurryOfBlows+1","Collect","MarkedMod:GracefulMovements+1","LikeWater+1","LikeWater+1","Establishment+1","Elementarium:StickyTar","FlurryOfBlows+1","Alpha+1","DeceiveReality+1","Vengeance+1","MarkedMod:GentlePulse","PathToVictory+1","SandsOfTime","MarkedMod:GracefulMovements+1","BattleHymn+1","JustLucky","MarkedMod:GentlePulse","EmptyMind+1"],"relics":["HolyWater","NeowsBlessing","Boot","Vajra","MerchantsRug","Odd Mushroom","Toy Ornithopter","Elementarium:HatchlingPhoenix","MealTicket","Ancient Tea Set","Elementarium:ElementariumTrophy","VioletLotus","Omamori","Blue Candle"],"acts_visited":["Exordium","Elementarium:Elementarium","TheBeyond"],"potions_floor_usage":[40,45],"damage_taken":[{"damage":0.0,"enemies":"2 Louse","floor":1.0,"turns":1.0},{"damage":0.0,"enemies":"Jaw Worm","floor":5.0,"turns":1.0},{"damage":0.0,"enemies":"Gremlin Nob","floor":7.0,"turns":1.0},{"damage":0.0,"enemies":"Small Slimes","floor":10.0,"turns":2.0},{"damage":6.0,"enemies":"Lagavulin","floor":11.0,"turns":5.0},{"damage":1.0,"enemies":"The Mushroom Lair","floor":14.0,"turns":5.0},{"damage":40.0,"enemies":"Hexaghost","floor":16.0,"turns":9.0},{"damage":12.0,"enemies":"Elementarium:Cyclone","floor":18.0,"turns":5.0},{"damage":27.0,"enemies":"Book of Stabbing","floor":19.0,"turns":5.0},{"damage":30.0,"enemies":"Elementarium:WarGolem","floor":23.0,"turns":5.0},{"damage":6.0,"enemies":"Elementarium:2_ELEMENTALS","floor":24.0,"turns":3.0},{"damage":11.0,"enemies":"Elementarium:Hydrostalker","floor":25.0,"turns":7.0},{"damage":6.0,"enemies":"Elementarium:VOID_CORRUPTION_AND_TAR_GOLEM","floor":28.0,"turns":9.0},{"damage":35.0,"enemies":"Elementarium:VoidBeast","floor":30.0,"turns":7.0},{"damage":35.0,"enemies":"Elementarium:RubyGolem","floor":31.0,"turns":6.0},{"damage":50.0,"enemies":"Elementarium:PHOENIXES","floor":33.0,"turns":15.0},{"damage":33.0,"enemies":"3 Shapes","floor":35.0,"turns":5.0},{"damage":34.0,"enemies":"Orb Walker","floor":38.0,"turns":4.0},{"damage":38,"enemies":"Nemesis","floor":40,"turns":6},{"damage":41,"enemies":"Maw","floor":44,"turns":8},{"damage":18,"enemies":"Sphere and 2 Shapes","floor":45,"turns":6},{"damage":15,"enemies":"Writhing Mass","floor":46,"turns":1}],"seed_played":"-8480134567031083113","potions_obtained":[{"floor":5.0,"key":"Weak Potion"},{"floor":11.0,"key":"BlessingOfTheForge"},{"floor":16.0,"key":"BlessingOfTheForge"},{"floor":18.0,"key":"BottledMiracle"},{"floor":23.0,"key":"ColorlessPotion"},{"floor":25.0,"key":"SpeedPotion"},{"floor":30.0,"key":"Regen Potion"},{"floor":31.0,"key":"Block Potion"},{"floor":35.0,"key":"Energy Potion"},{"floor":40,"key":"FairyPotion"},{"floor":44,"key":"SkillPotion"}],"is_trial":false,"path_per_floor":["M","?","?","?","M","R","E","R","T","M","E","$","R","?","R","B",null,"M","?","?","?","$","E","M","M","T","R","M","?","M","M","R","B",null,"M","?","?","M","$","E","?","R","T","M","M","M"],"character_chosen":"WATCHER","items_purchased":["MerchantsRug","MentalFortress","MealTicket","MarkedMod:GentlePulse","PathToVictory+1","SandsOfTime","MarkedMod:GracefulMovements+1"],"campfire_rested":4,"item_purchase_floors":[12,12,22,39,39,39,39],"current_hp_per_floor":[72,77,77,65,65,65,65,65,65,65,73,73,73,72,91,51,91,79,52,52,73,73,48,42,31,31,58,57,89,54,39,66,26,91,58,58,58,24,39,6,6,33,33,27,14,0,0],"gold":61,"neow_bonus":"THREE_ENEMY_KILL","is_daily":false,"chose_seed":false,"campfire_upgraded":2,"win_rate":0.0,"timestamp":1612355190,"path_taken":["M","?","?","?","M","R","E","R","T","M","E","$","R","?","R","BOSS","M","?","?","?","$","E","?","M","T","R","M","?","M","M","R","BOSS","M","?","?","?","$","E","?","R","T","M","?","M"],"items_purchased_type":["Relic","Card","Relic","Card","Card","Card","Card"],"build_version":"2020-12-22","purchased_purges":0,"victory":false,"max_hp_per_floor":[72,77,77,77,77,77,77,77,77,77,91,91,91,91,91,91,91,91,91,91,91,91,91,91,91,91,91,91,91,91,91,91,91,91,91,91,91,91,91,91,91,91,91,91,91,91,91],"card_choices":[{"not_picked":["ClearTheMind","MarkedMod:GentlePulse"],"picked":"EmptyFist","floor":1.0},{"not_picked":["SashWhip","MarkedMod:GentlePulse"],"picked":"TalkToTheHand","floor":5.0},{"not_picked":["ClearTheMind","Protect"],"picked":"FlurryOfBlows+1","floor":7.0},{"not_picked":["Nirvana","Study"],"picked":"MarkedMod:SlowDance","floor":10.0},{"not_picked":["Blasphemy","Vengeance"],"picked":"ClearTheMind","floor":11.0},{"not_picked":["Nirvana","Prostrate"],"picked":"Consecrate+1","floor":14.0},{"not_picked":["Establishment","Scrawl"],"picked":"MasterReality","floor":16.0},{"not_picked":["JustLucky+1","SashWhip+1"],"picked":"FlurryOfBlows+1","floor":18.0},{"not_picked":["Evaluate+1","Conclude+1"],"picked":"Collect","floor":19.0},{"not_picked":["FollowUp+1","EmptyBody+1"],"picked":"MarkedMod:GracefulMovements+1","floor":23.0},{"not_picked":["CrushJoints+1","EmptyMind+1"],"picked":"LikeWater+1","floor":24.0},{"not_picked":["Wireheading+1","ClearTheMind+1"],"picked":"LikeWater+1","floor":25.0},{"not_picked":["Weave","WindmillStrike+1"],"picked":"Establishment+1","floor":28.0},{"not_picked":["Evaluate+1","ClearTheMind+1"],"picked":"FlurryOfBlows+1","floor":30.0},{"not_picked":["WreathOfFlame+1","Tantrum+1"],"picked":"Crescendo+1","floor":31.0},{"not_picked":["Brilliance+1","Establishment+1"],"picked":"Alpha+1","floor":33.0},{"not_picked":["MarkedMod:Acupuncture+1","Prostrate+1"],"picked":"DeceiveReality+1","floor":35.0},{"not_picked":["FlyingSleeves+1","Weave+1"],"picked":"Vengeance+1","floor":38.0},{"not_picked":["Fasting2","Sanctity+1"],"picked":"BattleHymn+1","floor":40},{"not_picked":["Fasting2+1","Pray+1"],"picked":"MarkedMod:GentlePulse","floor":44},{"not_picked":["MarkedMod:GracefulMovements+1","Evaluate+1"],"picked":"EmptyMind+1","floor":45}],"player_experience":3870576,"relics_obtained":[{"floor":7.0,"key":"Molten Egg 2"},{"floor":9.0,"key":"Vajra"},{"floor":11.0,"key":"Mango"},{"floor":14.0,"key":"Odd Mushroom"},{"floor":19.0,"key":"Toy Ornithopter"},{"floor":23.0,"key":"Ancient Tea Set"},{"floor":40,"key":"Omamori"},{"floor":43,"key":"Blue Candle"}],"event_choices":[{"damage_healed":0.0,"max_hp_gain":5.0,"max_hp_loss":0.0,"gold_gain":0.0,"event_name":"Big Fish","player_choice":"Donut","floor":2.0,"gold_loss":0.0,"damage_taken":0.0},{"damage_healed":0.0,"max_hp_gain":0.0,"max_hp_loss":0.0,"gold_gain":0.0,"event_name":"Living Wall","player_choice":"Grow","floor":3.0,"gold_loss":0.0,"damage_taken":0.0,"cards_upgraded":["Eruption"]},{"damage_healed":0.0,"max_hp_gain":0.0,"max_hp_loss":0.0,"gold_gain":0.0,"event_name":"Scrap Ooze","player_choice":"Success","floor":4.0,"gold_loss":0.0,"damage_taken":12.0,"relics_obtained":["Boot"]},{"damage_healed":0.0,"max_hp_gain":0.0,"max_hp_loss":0.0,"gold_gain":0.0,"event_name":"Mushrooms","player_choice":"Fought Mushrooms","floor":14.0,"gold_loss":0.0,"damage_taken":0.0},{"damage_healed":0.0,"max_hp_gain":0.0,"max_hp_loss":0.0,"gold_gain":0.0,"event_name":"Elementarium:OtherworldlyPassage","player_choice":"Enter","floor":19.0,"gold_loss":0.0,"damage_taken":0.0},{"damage_healed":0.0,"max_hp_gain":0.0,"max_hp_loss":0.0,"gold_gain":0.0,"event_name":"Elementarium:IncubationChamber","player_choice":"Egg","floor":20.0,"relics_lost":["Molten Egg 2"],"gold_loss":0.0,"damage_taken":0.0,"relics_obtained":["Elementarium:HatchlingPhoenix"]},{"damage_healed":21.0,"max_hp_gain":0.0,"max_hp_loss":0.0,"gold_gain":0.0,"event_name":"Elementarium:HeartOfTheVoid","player_choice":"Rest","floor":21.0,"gold_loss":0.0,"damage_taken":0.0},{"damage_healed":32.0,"max_hp_gain":0.0,"max_hp_loss":0.0,"gold_gain":0.0,"event_name":"Elementarium:StickySituation","player_choice":"Drink","floor":29.0,"gold_loss":0.0,"damage_taken":0.0,"cards_obtained":["Elementarium:StickyTar"]},{"cards_removed":["Crescendo"],"damage_healed":0.0,"max_hp_gain":0.0,"max_hp_loss":0.0,"gold_gain":0.0,"event_name":"Falling","player_choice":"Removed Skill","floor":36.0,"gold_loss":0.0,"damage_taken":0.0},{"damage_healed":0,"gold_gain":0,"cards_transformed":["Strike_P"],"player_choice":"Transformed","damage_taken":0,"max_hp_gain":0,"max_hp_loss":0,"event_name":"Transmorgrifier","floor":41,"gold_loss":0,"cards_obtained":["JustLucky"]}],"is_beta":false,"boss_relics":[{"not_picked":["Tiny House","Coffee Dripper"],"picked":"HolyWater"},{"not_picked":["Cursed Key","Velvet Choker"],"picked":"VioletLotus"}],"items_purged_floors":[],"is_endless":false,"potions_floor_spawned":[5,11,16,18,23,25,30,31,35,40,44],"killed_by":"Writhing Mass","ascension_level":0}}