{"host":"0gq2f9xwdze0ceg1","time":1612326337,"event":{"mods":["Arknights","BaseMod","Colored Powertips","Hermit","Marisa????????","Minty Spire (QoL Compilation)","Robot Space Explorer","StSLib","The Cursed","The Dragon Tamer","The Forsaken"],"gold_per_floor":[115,133,133,152,31,64,76,95,169,169,31,46,46,46,46,142,142,158,170,170,170,269,269,300,316,316,326,326,146,156,156,156,257,257,275,275,203,203,253,253,285,285,340,340,351,369,386,334,334,334],"floor_reached":51,"language":"SPA","playtime":30626,"items_purged":[],"score":720,"play_id":"ba5d6647-0fd6-4e99-8647-c7860ea03ce5","local_time":"20210203012537","is_ascension_mode":false,"campfire_choices":[{"floor":15,"key":"REST"},{"data":"RobotSpaceExplorer:DroneSwarm","floor":23,"key":"SMITH"},{"data":"RobotSpaceExplorer:MiniBoosters","floor":32,"key":"SMITH"},{"data":"RobotSpaceExplorer:PlasmaMissile","floor":40,"key":"SMITH"},{"floor":42,"key":"REST"},{"data":"RobotSpaceExplorer:Multitool","floor":44,"key":"SMITH"},{"floor":49,"key":"REST"}],"circlet_count":0,"master_deck":["RobotSpaceExplorer:Defend","RobotSpaceExplorer:Defend+1","RobotSpaceExplorer:Defend","RobotSpaceExplorer:Defend+1","RobotSpaceExplorer:Scan","RobotSpaceExplorer:MiniLasers","RobotSpaceExplorer:Smokescreen","RobotSpaceExplorer:DualCore","RobotSpaceExplorer:ScrapMissile","RobotSpaceExplorer:StarLightning","RobotSpaceExplorer:Counterblock","RobotSpaceExplorer:Multitool+1","RobotSpaceExplorer:MiniBoosters+1","RobotSpaceExplorer:PowerCollector","RobotSpaceExplorer:FreezeRay","RobotSpaceExplorer:Calculate","RobotSpaceExplorer:Electroshield","RobotSpaceExplorer:DroneSwarm+1","RobotSpaceExplorer:SwiftStep","RobotSpaceExplorer:StunGrenade","Bite","Bite","Bite","Bite","Bite","RobotSpaceExplorer:Comet","RobotSpaceExplorer:MiniDrones","RobotSpaceExplorer:StunGrenade+1","RobotSpaceExplorer:LuckyStrike","RobotSpaceExplorer:Electroshield","RobotSpaceExplorer:Arsenal","CurseOfTheBell","RobotSpaceExplorer:ScrapToss+1","RobotSpaceExplorer:ScrapMissile","RobotSpaceExplorer:SurgingShield","theForsaken:PlagueCurse","RobotSpaceExplorer:PlasmaMissile+1","RobotSpaceExplorer:MiniDrones+1","RobotSpaceExplorer:MiniDrones+1","RobotSpaceExplorer:IronShell","RobotSpaceExplorer:SlimeMissile+1","RobotSpaceExplorer:Probe"],"relics":["RobotSpaceExplorer:RoboCore","NeowsBlessing","Darkstone Periapt","White Beast Statue","Incense Burner","Orichalcum","RobotSpaceExplorer:SearchSpecs","Regal Pillow","Gremlin Horn","Meat on the Bone","Toy Ornithopter","Calling Bell","Oddly Smooth Stone","InkBottle","Ice Cream","theForsaken:PlagueMask","FossilizedHelix","Ancient Tea Set","Anchor"],"acts_visited":["Exordium","TheCity","TheBeyond"],"potions_floor_usage":[16,16,25,27,33,50],"damage_taken":[{"damage":0,"enemies":"Jaw Worm","floor":1,"turns":1},{"damage":0,"enemies":"2 Louse","floor":2,"turns":1},{"damage":0,"enemies":"Cultist","floor":4,"turns":1},{"damage":19,"enemies":"3 Sentries","floor":6,"turns":11},{"damage":7,"enemies":"Exordium Wildlife","floor":7,"turns":7},{"damage":0,"enemies":"Blue Slaver","floor":8,"turns":5},{"damage":14,"enemies":"2 Fungi Beasts","floor":12,"turns":5},{"damage":21,"enemies":"Hexaghost","floor":16,"turns":15},{"damage":11,"enemies":"Spheric Guardian","floor":18,"turns":8},{"damage":0,"enemies":"Shell Parasite","floor":19,"turns":5},{"damage":53,"enemies":"Slavers","floor":24,"turns":5},{"damage":3,"enemies":"3 Cultists","floor":25,"turns":5},{"damage":6,"enemies":"Shelled Parasite and Fungi","floor":27,"turns":8},{"damage":7,"enemies":"Snake Plant","floor":30,"turns":7},{"damage":21,"enemies":"Automaton","floor":33,"turns":11},{"damage":16,"enemies":"3 Darklings","floor":35,"turns":7},{"damage":4,"enemies":"Mind Bloom Boss Battle","floor":39,"turns":10},{"damage":65,"enemies":"Giant Head","floor":41,"turns":11},{"damage":0,"enemies":"Orb Walker","floor":45,"turns":4},{"damage":34,"enemies":"Sphere and 2 Shapes","floor":46,"turns":5},{"damage":8,"enemies":"Maw","floor":47,"turns":7},{"damage":51,"enemies":"Donu and Deca","floor":50,"turns":12}],"seed_played":"-456285225510430866","potions_obtained":[{"floor":4,"key":"GamblersBrew"},{"floor":7,"key":"LiquidMemories"},{"floor":8,"key":"SpeedPotion"},{"floor":16,"key":"Weak Potion"},{"floor":18,"key":"Ancient Potion"},{"floor":19,"key":"Ancient Potion"},{"floor":25,"key":"BlessingOfTheForge"},{"floor":27,"key":"Fire Potion"},{"floor":33,"key":"SteroidPotion"},{"floor":35,"key":"FairyPotion"},{"floor":41,"key":"BlessingOfTheForge"},{"floor":47,"key":"FairyPotion"}],"is_trial":false,"path_per_floor":["M","M","?","M","$","E","M","M","T","?","$","M","?","T","R","B",null,"M","M","?","?","?","R","E","M","T","M","T","$","M","?","R","B",null,"M","?","$","?","?","R","E","R","T","R","M","M","M","$","R","B",null],"character_chosen":"RobotSpaceExplorer","items_purchased":["RobotSpaceExplorer:StarLightning","RobotSpaceExplorer:Counterblock","RobotSpaceExplorer:FreezeRay","RobotSpaceExplorer:Calculate","Toy Ornithopter","RobotSpaceExplorer:LuckyStrike","RobotSpaceExplorer:ScrapMissile","RobotSpaceExplorer:SurgingShield","RobotSpaceExplorer:Probe"],"campfire_rested":3,"item_purchase_floors":[5,5,11,11,29,29,37,37,48],"current_hp_per_floor":[75,75,75,75,75,56,49,49,49,37,37,23,8,8,30,9,75,64,64,52,52,52,52,5,14,14,20,20,20,34,34,34,40,58,53,53,53,59,64,64,21,55,55,55,64,36,35,35,64,44],"gold":334,"neow_bonus":"THREE_ENEMY_KILL","is_daily":false,"chose_seed":false,"campfire_upgraded":4,"win_rate":0.0,"timestamp":1612326337,"path_taken":["M","M","?","M","$","E","M","M","T","?","?","?","?","?","R","BOSS","M","M","?","?","?","R","E","M","T","?","?","$","M","?","R","BOSS","M","?","$","?","?","R","E","R","T","R","M","M","?","$","R","BOSS"],"items_purchased_type":["Card","Card","Card","Card","Relic","Card","Card","Card","Card"],"build_version":"2020-12-22","purchased_purges":0,"victory":true,"max_hp_per_floor":[75,75,75,75,75,75,75,75,75,75,75,75,75,75,75,75,75,75,75,52,52,52,52,52,52,52,52,52,52,52,52,52,52,58,58,58,58,64,64,64,64,64,64,64,64,64,64,64,64,64],"card_choices":[{"not_picked":["RobotSpaceExplorer:FrostMissile","RobotSpaceExplorer:ImprovisedAttack"],"picked":"RobotSpaceExplorer:Smokescreen","floor":1},{"not_picked":["RobotSpaceExplorer:FrostMissile","RobotSpaceExplorer:BigMissile"],"picked":"RobotSpaceExplorer:SwiftStep","floor":2},{"not_picked":["RobotSpaceExplorer:Probe","RobotSpaceExplorer:GlueShot"],"picked":"RobotSpaceExplorer:ScrapMissile","floor":4},{"not_picked":["RobotSpaceExplorer:ScrapMissile","RobotSpaceExplorer:TurboDodge"],"picked":"RobotSpaceExplorer:Multitool","floor":6},{"not_picked":["RobotSpaceExplorer:PowerCollector","RobotSpaceExplorer:GlueShot"],"picked":"RobotSpaceExplorer:MiniBoosters","floor":7},{"not_picked":["RobotSpaceExplorer:GlueShot","RobotSpaceExplorer:MetalStrike"],"picked":"RobotSpaceExplorer:PowerCollector","floor":8},{"not_picked":["RobotSpaceExplorer:Fix","RobotSpaceExplorer:StarLightning"],"picked":"RobotSpaceExplorer:Electroshield","floor":12},{"not_picked":["RobotSpaceExplorer:Asteroid","RobotSpaceExplorer:Multitool"],"picked":"RobotSpaceExplorer:DroneSwarm","floor":16},{"not_picked":["RobotSpaceExplorer:MakeshiftVolley","RobotSpaceExplorer:StarDust"],"picked":"RobotSpaceExplorer:SwiftStep","floor":18},{"not_picked":["RobotSpaceExplorer:ScrapMissile","RobotSpaceExplorer:Discharger"],"picked":"RobotSpaceExplorer:StunGrenade","floor":19},{"not_picked":["RobotSpaceExplorer:Wormhole","RobotSpaceExplorer:GlueShot"],"picked":"RobotSpaceExplorer:Comet","floor":24},{"not_picked":["RobotSpaceExplorer:PowerCollector","RobotSpaceExplorer:FrostMissile"],"picked":"RobotSpaceExplorer:MiniDrones","floor":25},{"not_picked":["RobotSpaceExplorer:TurboDodge","RobotSpaceExplorer:Electropulse"],"picked":"RobotSpaceExplorer:StunGrenade+1","floor":27},{"not_picked":["RobotSpaceExplorer:StarDust","RobotSpaceExplorer:MetalStrike"],"picked":"RobotSpaceExplorer:Electroshield","floor":30},{"not_picked":["RobotSpaceExplorer:DroneSwarm","RobotSpaceExplorer:Exploration"],"picked":"RobotSpaceExplorer:Arsenal","floor":33},{"not_picked":["RobotSpaceExplorer:FreezeRay","RobotSpaceExplorer:Probe+1"],"picked":"RobotSpaceExplorer:ScrapToss+1","floor":35},{"not_picked":["RobotSpaceExplorer:Probe+1","RobotSpaceExplorer:ScrapMissile"],"picked":"RobotSpaceExplorer:PlasmaMissile","floor":39},{"not_picked":["RobotSpaceExplorer:ScrapMissile+1","RobotSpaceExplorer:Electroshield"],"picked":"RobotSpaceExplorer:MiniDrones+1","floor":41},{"not_picked":["RobotSpaceExplorer:GlueShot+1","RobotSpaceExplorer:MetalStrike+1"],"picked":"RobotSpaceExplorer:MiniDrones+1","floor":45},{"not_picked":["RobotSpaceExplorer:DoubleBlock","RobotSpaceExplorer:Exploration"],"picked":"RobotSpaceExplorer:IronShell","floor":46},{"not_picked":["RobotSpaceExplorer:ShockKick+1","RobotSpaceExplorer:MiniDrones+1"],"picked":"RobotSpaceExplorer:SlimeMissile+1","floor":47}],"player_experience":97063,"relics_obtained":[{"floor":6,"key":"Darkstone Periapt"},{"floor":9,"key":"White Beast Statue"},{"floor":14,"key":"Orichalcum"},{"floor":24,"key":"Regal Pillow"},{"floor":26,"key":"Gremlin Horn"},{"floor":28,"key":"Meat on the Bone"},{"floor":34,"key":"Oddly Smooth Stone"},{"floor":34,"key":"InkBottle"},{"floor":34,"key":"Ice Cream"},{"floor":39,"key":"FossilizedHelix"},{"floor":41,"key":"Ancient Tea Set"},{"floor":43,"key":"Anchor"}],"event_choices":[{"damage_healed":0,"gold_gain":0,"cards_transformed":["RobotSpaceExplorer:SwiftStep"],"player_choice":"Change","damage_taken":0,"max_hp_gain":0,"max_hp_loss":0,"event_name":"Living Wall","floor":3,"gold_loss":0,"cards_obtained":["RobotSpaceExplorer:DualCore"]},{"damage_healed":0,"gold_gain":0,"player_choice":"Success","damage_taken":12,"relics_obtained":["Incense Burner"],"max_hp_gain":0,"max_hp_loss":0,"event_name":"Scrap Ooze","floor":10,"gold_loss":0},{"damage_healed":0,"gold_gain":0,"player_choice":"Entered Light","damage_taken":15,"max_hp_gain":0,"max_hp_loss":0,"event_name":"Shining Light","floor":13,"gold_loss":0,"cards_upgraded":["RobotSpaceExplorer:Defend","RobotSpaceExplorer:Defend"]},{"damage_healed":0,"gold_gain":0,"player_choice":"Became a vampire","damage_taken":0,"max_hp_gain":0,"max_hp_loss":23,"event_name":"Vampires","floor":20,"gold_loss":0,"cards_obtained":["Bite","Bite","Bite","Bite","Bite"]},{"damage_healed":0,"gold_gain":0,"player_choice":"Ignored","damage_taken":0,"max_hp_gain":0,"max_hp_loss":0,"event_name":"Ghosts","floor":21,"gold_loss":0},{"damage_healed":0,"gold_gain":99,"player_choice":"Stole From Cult","damage_taken":0,"max_hp_gain":0,"max_hp_loss":0,"event_name":"Nest","floor":22,"gold_loss":0},{"damage_healed":0,"gold_gain":0,"player_choice":"Ignored","damage_taken":0,"max_hp_gain":0,"max_hp_loss":0,"event_name":"Beggar","floor":31,"gold_loss":0},{"damage_healed":0,"gold_gain":0,"player_choice":"Ignored","damage_taken":0,"max_hp_gain":0,"max_hp_loss":0,"event_name":"Tomb of Lord Red Mask","floor":36,"gold_loss":0},{"damage_healed":0,"gold_gain":0,"player_choice":"Obtain Plague Curse","damage_taken":0,"max_hp_gain":0,"max_hp_loss":0,"event_name":"Plague Doctor","floor":38,"gold_loss":0,"cards_obtained":["theForsaken:PlagueCurse"]},{"damage_healed":0,"gold_gain":0,"player_choice":"Fight","damage_taken":0,"max_hp_gain":0,"max_hp_loss":0,"event_name":"MindBloom","floor":39,"gold_loss":0}],"is_beta":false,"boss_relics":[{"not_picked":["Astrolabe","Philosopher\u0027s Stone"],"picked":"RobotSpaceExplorer:SearchSpecs"},{"not_picked":["SlaversCollar","Black Star"],"picked":"Calling Bell"}],"items_purged_floors":[],"is_endless":false,"potions_floor_spawned":[4,7,8,12,16,18,19,24,25,27,30,33,35,39,41,45,46,47],"ascension_level":0}}