{"host":"i9o3eksapkmftcbs","time":1612330389,"event":{"mods":["2.2 Compatiblity","AchievementEnabler","Act Like it!","Arknights","Bard","BaseMod","BetterRewards","Colored Map","Colored Powertips","Conspire","Duelist Mod","Halation","Hubris","Infinite Spire","Lobotomy","Minty Spire (QoL Compilation)","Rare Cards Sparkle","Reliquary","Robot Space Explorer","StSLib","The Blackbeard","The Clintock","The Dragon Tamer","The Mystic","Transform Curses"],"gold_per_floor":[113,113,113,72,89,122,122,151,221,221,21,21,34,34,34,34,34],"floor_reached":16,"language":"ENG","playtime":1152,"items_purged":[],"score":106,"play_id":"50b32702-e62d-4537-b8cd-6f2230476599","local_time":"20210202233309","is_ascension_mode":false,"campfire_choices":[{"floor":7.0,"key":"REST"},{"floor":10.0,"key":"REST"},{"floor":12.0,"key":"REST"},{"data":"bard:Improv","floor":15,"key":"SMITH"}],"circlet_count":0,"master_deck":["bard:Strike","bard:Strike","bard:Strike","bard:Strike","bard:Defend","bard:Defend","bard:Defend","bard:Defend","bard:Riposte","bard:Inspire","conspire:Blindness","bard:GlyphOfWarding+1","bard:FaerieFire","bard:HideousLaughter","bard:Greatness","bard:StudiedStrike","bard:SongBolt","bard:Flourish","bard:Demoralize","bard:Improv+1","bard:Inspire","hubris:Wrath"],"relics":["bard:PitchPipe","bard:BagPipes","hubris:Potato","Lantern","Bottled Tornado","Anchor","reliquary:IridiumChain","hubris:AstralHammer"],"acts_visited":["Exordium"],"potions_floor_usage":[16],"damage_taken":[{"damage":2.0,"enemies":"2 Louse","floor":1.0,"turns":3.0},{"damage":1.0,"enemies":"Small Slimes","floor":5.0,"turns":3.0},{"damage":25.0,"enemies":"3 Sentries","floor":6.0,"turns":8.0},{"damage":66.0,"enemies":"Gremlin Nob","floor":8.0,"turns":6.0},{"damage":6.0,"enemies":"Jaw Worm","floor":13.0,"turns":4.0},{"damage":52,"enemies":"Hexaghost","floor":16,"turns":7}],"seed_played":"-7919069293028219181","potions_obtained":[{"floor":5.0,"key":"conspire:TimeTravelPotion"},{"floor":8.0,"key":"DuplicationPotion"}],"is_trial":false,"path_per_floor":["M","?","?","$","M","E","R","E","T","R","$","R","M","?","R","B"],"character_chosen":"BARD","items_purchased":["bard:FaerieFire","reliquary:FerryPass","bard:SongBolt"],"campfire_rested":3,"item_purchase_floors":[4,11,11],"current_hp_per_floor":[68,68,68,68,67,42,63,11,11,32,32,53,47,47,47,0,0],"gold":34,"neow_bonus":"ONE_RARE_RELIC","is_daily":false,"chose_seed":false,"campfire_upgraded":1,"win_rate":0.0,"timestamp":1612330389,"path_taken":["M","?","?","$","?","E","R","E","T","R","$","R","M","?","R","BOSS"],"items_purchased_type":["Card","Relic","Card"],"build_version":"2020-12-22","purchased_purges":0,"victory":false,"max_hp_per_floor":[70,70,70,70,70,70,70,70,70,70,70,70,70,70,70,70,70],"card_choices":[{"not_picked":["bard:FaerieFire","bard:Silence"],"picked":"bard:GlyphOfWarding","floor":1.0},{"not_picked":["bard:Sift","bard:BucklerBash"],"picked":"bard:HideousLaughter","floor":5.0},{"not_picked":["bard:HideousLaughter","bard:ViciousMockery"],"picked":"bard:Greatness","floor":6.0},{"not_picked":["bard:Haste","bard:Parry"],"picked":"bard:StudiedStrike","floor":8.0},{"not_picked":["bard:DiscordantVoice","bard:LingeringEcho"],"picked":"bard:Flourish","floor":13.0}],"player_experience":382277,"relics_obtained":[{"floor":3.0,"key":"Lantern"},{"floor":6.0,"key":"Bottled Tornado"},{"floor":8.0,"key":"Anchor"},{"floor":9.0,"key":"reliquary:IridiumChain"},{"floor":13.0,"key":"hubris:AstralHammer"}],"event_choices":[{"damage_healed":0.0,"max_hp_gain":0.0,"max_hp_loss":0.0,"gold_gain":0.0,"event_name":"Living Wall","player_choice":"Grow","floor":2.0,"gold_loss":0.0,"damage_taken":0.0,"cards_upgraded":["bard:GlyphOfWarding"]},{"damage_healed":0,"gold_gain":0,"player_choice":"4 cards matched","damage_taken":0,"max_hp_gain":0,"max_hp_loss":0,"event_name":"Match and Keep!","floor":14,"gold_loss":0,"cards_obtained":["bard:Demoralize","bard:Improv","bard:Inspire","hubris:Wrath"]}],"is_beta":false,"boss_relics":[],"items_purged_floors":[],"is_endless":false,"potions_floor_spawned":[5,8],"killed_by":"Hexaghost","ascension_level":0}}