{"host":"eaiphzh066bwqdh7","time":1612384124,"event":{"mods":["BaseMod","Better Note","Halation","Hubris","Minty Spire (QoL Compilation)","Reliquary","Replay The Spire","StSLib"],"gold_per_floor":[109,127,127,127,145,145,159,159,183,197,197,224,224,236,236,340,340,355,355,265,285,47,47,47],"floor_reached":23,"language":"ENG","playtime":530,"items_purged":[],"score":239,"play_id":"a20fa031-4bbd-4bcf-9052-0c9952bb7578","local_time":"20210203152844","is_ascension_mode":true,"campfire_choices":[{"data":"Fusion","floor":6,"key":"SMITH"},{"floor":8,"key":"REST"},{"data":"BootSequence","floor":11,"key":"SMITH"},{"data":"Electrodynamics","floor":13,"key":"SMITH"},{"floor":15,"key":"REST"}],"circlet_count":0,"master_deck":["Strike_B","Strike_B","Strike_B","Strike_B","Defend_B","Defend_B","Zap","Dualcast","Conserve Battery+1","Conserve Battery+1","Fusion+1","BootSequence+1","Electrodynamics+1","Machine Learning","Gash"],"relics":["Cracked Core","NeowsBlessing","CeramicFish","Nuclear Battery","hubris:Towel","White Beast Statue"],"acts_visited":["Exordium","TheCity"],"potions_floor_usage":[16,16,23],"damage_taken":[{"damage":0,"enemies":"Jaw Worm","floor":1,"turns":1},{"damage":0,"enemies":"2 Louse","floor":2,"turns":1},{"damage":0,"enemies":"Cultist","floor":5,"turns":1},{"damage":16,"enemies":"Gremlin Gang","floor":7,"turns":7},{"damage":0,"enemies":"Looter","floor":10,"turns":3},{"damage":13,"enemies":"Blue Slaver","floor":12,"turns":3},{"damage":0,"enemies":"Exordium Thugs","floor":14,"turns":2},{"damage":67,"enemies":"Hexaghost","floor":16,"turns":12},{"damage":14,"enemies":"2 Thieves","floor":18,"turns":4},{"damage":9,"enemies":"Spheric Guardian","floor":21,"turns":4},{"damage":56,"enemies":"Book of Stabbing","floor":23,"turns":6}],"seed_played":"175639340761550048","potions_obtained":[{"floor":1,"key":"SteroidPotion"},{"floor":5,"key":"Doom Potion"},{"floor":14,"key":"Toxic Potion"},{"floor":16,"key":"Block Potion"}],"is_trial":false,"path_per_floor":["M","M","?","?","M","R","M","R","T","M","R","M","R","M","R","B",null,"M","?","?","M","$","E"],"character_chosen":"DEFECT","items_purchased":["White Beast Statue"],"campfire_rested":2,"item_purchase_floors":[22],"current_hp_per_floor":[75,75,68,68,68,68,52,74,74,74,74,61,61,61,75,8,75,61,61,61,52,52,0,0],"gold":47,"neow_bonus":"THREE_ENEMY_KILL","is_daily":false,"chose_seed":false,"campfire_upgraded":3,"win_rate":0.0,"timestamp":1612384124,"path_taken":["M","M","?","?","M","R","M","R","T","?","R","?","R","M","R","BOSS","M","?","?","?","$","E"],"items_purchased_type":["Relic"],"build_version":"2020-12-22","purchased_purges":0,"victory":false,"max_hp_per_floor":[75,75,75,75,75,75,75,75,75,75,75,75,75,75,75,75,75,75,75,75,75,75,75,75],"card_choices":[{"not_picked":["Crystallizer","Capacitor"],"picked":"Conserve Battery","floor":1},{"not_picked":["Barrage","Crystallizer"],"picked":"Conserve Battery","floor":2},{"not_picked":["FTL","Leap"],"picked":"Fusion","floor":5},{"not_picked":["Time Bomb","Reprogram"],"picked":"BootSequence","floor":7},{"not_picked":["Rip and Tear","BasicCrystalCard","Stack"],"picked":"SKIP","floor":10},{"not_picked":["Stack","Darkness"],"picked":"Electrodynamics","floor":12},{"not_picked":["Reprogram","BootSequence","Steam"],"picked":"SKIP","floor":14},{"not_picked":["hubris:Prefetch","Thunder Strike"],"picked":"Machine Learning","floor":16},{"not_picked":["ReplayTheSpireMod:System Scan","Reinforced Body","Time Bomb+1"],"picked":"SKIP","floor":18},{"not_picked":["Doom and Gloom","Redo"],"picked":"Gash","floor":21}],"player_experience":238705,"relics_obtained":[{"floor":9,"key":"CeramicFish"}],"event_choices":[{"cards_removed":["Defend_B"],"damage_healed":0,"gold_gain":0,"player_choice":"Card Removal","damage_taken":7,"max_hp_gain":0,"max_hp_loss":0,"event_name":"Golden Wing","floor":3,"gold_loss":0},{"damage_healed":0,"gold_gain":0,"player_choice":"Upgraded","damage_taken":0,"max_hp_gain":0,"max_hp_loss":0,"event_name":"Upgrade Shrine","floor":4,"gold_loss":0,"cards_upgraded":["Conserve Battery"]},{"cards_removed":["Defend_B"],"damage_healed":0,"gold_gain":0,"player_choice":"Upgrade and Remove","damage_taken":0,"max_hp_gain":0,"max_hp_loss":0,"event_name":"Designer","floor":20,"gold_loss":90,"cards_upgraded":["Conserve Battery"]}],"is_beta":false,"boss_relics":[{"not_picked":["Replay:Drink Me","Fusion Hammer"],"picked":"Nuclear Battery"}],"items_purged_floors":[],"is_endless":false,"potions_floor_spawned":[1,5,14,16],"killed_by":"Book of Stabbing","ascension_level":3}}