{"host":"2qstd83ou5jzlfqv","time":1612344272,"event":{"mods":["BaseMod","Colored Powertips","Minty Spire (QoL Compilation)","Relic Stats"],"gold_per_floor":[114,124,137,151,163,163,194,194,220,239,257,270,290,323,323,395,395,395,395,395,20,20,20,20,20,20,20,20,20,20,20,20,20,20],"floor_reached":33,"language":"ENG","playtime":1701,"items_purged":["Strike_G"],"score":570,"play_id":"e222d5a8-18d8-4ff3-ba5d-5695e6ea3e52","local_time":"20210203012432","is_ascension_mode":true,"campfire_choices":[{"data":"Dash","floor":6,"key":"SMITH"},{"data":"Blade Dance","floor":8,"key":"SMITH"},{"data":"Bouncing Flask","floor":15,"key":"SMITH"},{"floor":23,"key":"DIG"},{"floor":25,"key":"DIG"},{"floor":27,"key":"DIG"},{"data":"Backflip","floor":29,"key":"SMITH"},{"floor":32,"key":"REST"}],"circlet_count":0,"master_deck":["AscendersBane","Strike_G","Strike_G","Strike_G","Strike_G","Defend_G","Defend_G","Defend_G","Defend_G","Defend_G","Survivor","Neutralize+1","Quick Slash","Dash+1","Cloak And Dagger","Blade Dance+1","Flying Knee","Dagger Spray","Escape Plan","Well Laid Plans","Bouncing Flask+1","Predator","Die Die Die","Dodge and Roll","Backflip+1","After Image"],"relics":["Ring of the Snake","PreservedInsect","Pen Nib","Nunchaku","Ectoplasm","Shovel","CeramicFish","Blue Candle","Art of War","Snake Skull","Bird Faced Urn"],"acts_visited":["Exordium","TheCity"],"potions_floor_usage":[14,14,20],"damage_taken":[{"damage":0,"enemies":"Cultist","floor":1,"turns":4},{"damage":0,"enemies":"2 Louse","floor":2,"turns":3},{"damage":4,"enemies":"Small Slimes","floor":3,"turns":6},{"damage":0,"enemies":"Looter","floor":4,"turns":5},{"damage":0,"enemies":"Gremlin Gang","floor":5,"turns":6},{"damage":7,"enemies":"Lagavulin","floor":7,"turns":7},{"damage":10,"enemies":"3 Louse","floor":10,"turns":2},{"damage":5,"enemies":"Exordium Thugs","floor":11,"turns":5},{"damage":2,"enemies":"Large Slime","floor":12,"turns":4},{"damage":3,"enemies":"Blue Slaver","floor":13,"turns":4},{"damage":0,"enemies":"3 Sentries","floor":14,"turns":6},{"damage":5,"enemies":"Hexaghost","floor":16,"turns":9},{"damage":1,"enemies":"Chosen","floor":18,"turns":4},{"damage":6,"enemies":"3 Byrds","floor":19,"turns":4},{"damage":16,"enemies":"Snake Plant","floor":20,"turns":6},{"damage":0,"enemies":"Gremlin Leader","floor":24,"turns":3},{"damage":8,"enemies":"Snecko","floor":28,"turns":5},{"damage":13,"enemies":"Centurion and Healer","floor":30,"turns":6},{"damage":11,"enemies":"Snake Plant","floor":31,"turns":5},{"damage":53,"enemies":"Champ","floor":33,"turns":9}],"seed_played":"916462791150776929","potions_obtained":[{"floor":4,"key":"Regen Potion"},{"floor":5,"key":"EssenceOfSteel"},{"floor":7,"key":"DistilledChaos"},{"floor":18,"key":"DistilledChaos"},{"floor":31,"key":"Ancient Potion"}],"is_trial":false,"path_per_floor":["M","M","M","M","M","R","E","R","T","M","M","M","M","E","R","B",null,"M","M","M","$","?","R","E","R","T","R","M","R","M","M","R","B"],"character_chosen":"THE_SILENT","items_purchased":["Shovel"],"campfire_rested":1,"item_purchase_floors":[21],"current_hp_per_floor":[59,59,55,55,55,55,48,48,48,38,33,31,28,43,43,38,59,58,52,36,36,36,36,36,36,36,36,30,30,19,12,31,0,0],"gold":20,"neow_bonus":"UPGRADE_CARD","is_daily":false,"chose_seed":false,"campfire_upgraded":4,"win_rate":0.0,"timestamp":1612344272,"path_taken":["M","M","?","M","M","R","E","R","T","M","M","M","M","E","R","BOSS","M","M","?","$","?","R","E","R","T","R","M","R","M","M","R","BOSS"],"items_purchased_type":["Relic"],"build_version":"2020-12-22","purchased_purges":1,"victory":false,"max_hp_per_floor":[66,66,66,66,66,66,66,66,66,66,66,66,66,66,66,66,66,66,66,66,66,66,66,66,66,66,66,66,66,66,66,66,66,66],"relic_stats":{"counters":[20,103],"CeramicFish":0,"Blue Candle":[0],"PreservedInsect":82,"Pen Nib":[19],"Snake Skull":[28],"Nunchaku":[14],"Shovel":3,"Bird Faced Urn":[12],"Ectoplasm":178,"Art of War":[1],"obtain_stats":[{"Nunchaku":14,"Shovel":21,"CeramicFish":23,"Blue Candle":24,"Bird Faced Urn":27,"PreservedInsect":7,"Pen Nib":9,"Ectoplasm":17,"Snake Skull":26,"Art of War":25,"Ring of the Snake":0},{"Nunchaku":11,"Shovel":15,"CeramicFish":15,"Blue Candle":16,"Bird Faced Urn":16,"PreservedInsect":6,"Pen Nib":6,"Ectoplasm":12,"Snake Skull":16,"Art of War":16,"Ring of the Snake":0},{"Nunchaku":52,"Shovel":75,"CeramicFish":75,"Blue Candle":78,"Bird Faced Urn":78,"PreservedInsect":31,"Pen Nib":31,"Ectoplasm":61,"Snake Skull":78,"Art of War":78,"Ring of the Snake":0}],"Ring of the Snake":[40]},"card_choices":[{"not_picked":["Backflip","Slice"],"picked":"Quick Slash","floor":1},{"not_picked":["Distraction","Quick Slash"],"picked":"Dash","floor":2},{"not_picked":["Deflect","Blur"],"picked":"Cloak And Dagger","floor":3},{"not_picked":["Dodge and Roll","Prepared"],"picked":"Blade Dance","floor":4},{"not_picked":["Distraction","Underhanded Strike"],"picked":"Flying Knee","floor":5},{"not_picked":["Blur","Prepared"],"picked":"Dagger Spray","floor":7},{"not_picked":["Underhanded Strike","Cloak And Dagger"],"picked":"Escape Plan","floor":10},{"not_picked":["Dodge and Roll","Quick Slash"],"picked":"Well Laid Plans","floor":11},{"not_picked":["Choke","Reflex"],"picked":"Bouncing Flask","floor":12},{"not_picked":["Dagger Spray","Bouncing Flask","Masterful Stab"],"picked":"SKIP","floor":13},{"not_picked":["Phantasmal Killer","Dodge and Roll"],"picked":"Predator","floor":14},{"not_picked":["Grand Finale","Tools of the Trade"],"picked":"Die Die Die","floor":16},{"not_picked":["Slice","Deadly Poison","Dagger Spray"],"picked":"SKIP","floor":18},{"not_picked":["Quick Slash","Dash"],"picked":"Dodge and Roll","floor":19},{"not_picked":["Masterful Stab","Flying Knee","Tactician"],"picked":"SKIP","floor":20},{"not_picked":["Quick Slash","Deadly Poison","Finisher"],"picked":"SKIP","floor":24},{"not_picked":["Blade Dance+1","Bouncing Flask"],"picked":"Backflip","floor":28},{"not_picked":["Slice","Sucker Punch"],"picked":"After Image","floor":30},{"not_picked":["Dagger Spray","Dash","Slice"],"picked":"SKIP","floor":31}],"player_experience":414716,"relics_obtained":[{"floor":7,"key":"PreservedInsect"},{"floor":9,"key":"Pen Nib"},{"floor":14,"key":"Nunchaku"},{"floor":23,"key":"CeramicFish"},{"floor":24,"key":"Blue Candle"},{"floor":25,"key":"Art of War"},{"floor":26,"key":"Snake Skull"},{"floor":27,"key":"Bird Faced Urn"}],"event_choices":[{"damage_healed":0,"gold_gain":0,"player_choice":"Ignored","damage_taken":0,"max_hp_gain":0,"max_hp_loss":0,"event_name":"Cursed Tome","floor":22,"gold_loss":0}],"is_beta":false,"boss_relics":[{"not_picked":["Coffee Dripper","Calling Bell"],"picked":"Ectoplasm"}],"items_purged_floors":[21],"is_endless":false,"potions_floor_spawned":[4,5,7,13,18,31],"killed_by":"Champ","ascension_level":14}}