{"host":"jx3f6ezc0g3s9edc","time":1612314282,"event":{"mods":["AchievementEnabler","BaseMod","Bestiary","Colored Map","Highlight Path","Minty Spire (QoL Compilation)","StSLib"],"gold_per_floor":[113,126,143,162,162,162,189,189,189,199,230,230,230,248,248,349,349,365,116,135,148,148,148],"floor_reached":22,"language":"ENG","playtime":1509,"items_purged":["Strike_G"],"score":297,"play_id":"bc7bcb17-d1c4-42e8-939f-c916aec2d737","local_time":"20210202200442","is_ascension_mode":true,"campfire_choices":[{"data":"Sucker Punch","floor":6.0,"key":"SMITH"},{"floor":8.0,"key":"REST"},{"floor":12.0,"key":"REST"},{"floor":15.0,"key":"REST"}],"circlet_count":0,"master_deck":["AscendersBane","Strike_G","Strike_G","Strike_G","Defend_G","Defend_G","Defend_G","Defend_G","Survivor","Neutralize","Poisoned Stab","Noxious Fumes+1","Sucker Punch+1","Deflect","Skewer","Adrenaline","Corpse Explosion","Terror","A Thousand Cuts+1","PiercingWail","Bouncing Flask"],"relics":["Ring of the Snake","Smiling Mask","Vajra","Frozen Egg 2","Empty Cage","Art of War"],"acts_visited":["Exordium","TheCity"],"potions_floor_usage":[22,22],"damage_taken":[{"damage":0.0,"enemies":"2 Louse","floor":1.0,"turns":3.0},{"damage":1.0,"enemies":"Jaw Worm","floor":2.0,"turns":6.0},{"damage":0.0,"enemies":"Cultist","floor":3.0,"turns":4.0},{"damage":10.0,"enemies":"Gremlin Gang","floor":4.0,"turns":6.0},{"damage":29.0,"enemies":"3 Sentries","floor":7.0,"turns":8.0},{"damage":3.0,"enemies":"Looter","floor":10.0,"turns":4.0},{"damage":27.0,"enemies":"Gremlin Nob","floor":11.0,"turns":5.0},{"damage":1.0,"enemies":"Blue Slaver","floor":14.0,"turns":3.0},{"damage":24.0,"enemies":"Hexaghost","floor":16.0,"turns":9.0},{"damage":22,"enemies":"3 Byrds","floor":18,"turns":4},{"damage":12,"enemies":"Shell Parasite","floor":20,"turns":5},{"damage":33,"enemies":"Chosen and Byrds","floor":21,"turns":5},{"damage":3,"enemies":"Shelled Parasite and Fungi","floor":22,"turns":3}],"seed_played":"-7045105669357846237","potions_obtained":[{"floor":1.0,"key":"BlessingOfTheForge"},{"floor":2.0,"key":"AttackPotion"},{"floor":4.0,"key":"Strength Potion"},{"floor":11.0,"key":"SpeedPotion"},{"floor":18,"key":"Energy Potion"}],"is_trial":false,"path_per_floor":["M","M","M","M","?","R","E","R","T","M","E","R","?","M","R","B",null,"M","$","M","M","M"],"character_chosen":"THE_SILENT","items_purchased":["Art of War","PiercingWail"],"campfire_rested":3,"item_purchase_floors":[19,19],"current_hp_per_floor":[70,69,69,59,59,59,30,53,53,50,23,46,46,45,68,44,69,47,47,35,2,0,0],"gold":148,"neow_bonus":"TEN_PERCENT_HP_BONUS","is_daily":false,"chose_seed":false,"campfire_upgraded":1,"win_rate":0.0,"timestamp":1612314282,"path_taken":["M","M","M","M","?","R","E","R","T","M","E","R","?","?","R","BOSS","M","$","M","M","?"],"items_purchased_type":["Relic","Card"],"build_version":"2020-12-22","purchased_purges":1,"victory":false,"max_hp_per_floor":[77,77,77,77,77,77,77,77,77,77,77,77,77,77,77,77,77,77,77,77,77,77,77],"card_choices":[{"not_picked":["Concentrate","Prepared"],"picked":"Poisoned Stab","floor":1.0},{"not_picked":["Outmaneuver","Finisher"],"picked":"Noxious Fumes","floor":2.0},{"not_picked":["Setup","Choke"],"picked":"Sucker Punch","floor":3.0},{"not_picked":["Heel Hook","Escape Plan"],"picked":"Deflect","floor":4.0},{"not_picked":["Eviscerate","Riddle With Holes","Flying Knee"],"picked":"SKIP","floor":7.0},{"not_picked":["Well Laid Plans","Setup"],"picked":"Skewer","floor":10.0},{"not_picked":["Well Laid Plans+1","Predator"],"picked":"Adrenaline","floor":11.0},{"not_picked":["Poisoned Stab","Prepared"],"picked":"Terror","floor":14.0},{"not_picked":["Burst","Night Terror"],"picked":"A Thousand Cuts+1","floor":16.0},{"not_picked":["Choke","Prepared","Infinite Blades+1"],"picked":"SKIP","floor":18},{"not_picked":["Underhanded Strike","Deflect+1"],"picked":"Bouncing Flask","floor":20},{"not_picked":["Outmaneuver","Prepared","Sucker Punch"],"picked":"SKIP","floor":21}],"player_experience":811773,"relics_obtained":[{"floor":7.0,"key":"Smiling Mask"},{"floor":9.0,"key":"Vajra"},{"floor":11.0,"key":"Frozen Egg 2"}],"event_choices":[{"damage_healed":0.0,"max_hp_gain":0.0,"max_hp_loss":0.0,"gold_gain":0.0,"event_name":"Living Wall","player_choice":"Grow","floor":5.0,"gold_loss":0.0,"damage_taken":0.0,"cards_upgraded":["Noxious Fumes"]},{"damage_healed":0.0,"max_hp_gain":0.0,"max_hp_loss":0.0,"gold_gain":0.0,"event_name":"Match and Keep!","player_choice":"1 cards matched","floor":13.0,"gold_loss":0.0,"damage_taken":0.0,"cards_obtained":["Corpse Explosion"]}],"is_beta":false,"boss_relics":[{"not_picked":["Runic Pyramid","SacredBark"],"picked":"Empty Cage"}],"items_purged_floors":[19],"is_endless":false,"potions_floor_spawned":[1,2,4,10,11,18],"killed_by":"Shelled Parasite and Fungi","ascension_level":10}}