{"host":"lq2h7q9ca6uwu60x","time":1612350480,"event":{"mods":["BaseMod","Downfall","Minty Spire (QoL Compilation)","StSLib"],"gold_per_floor":[99,116,132,148,164,164,164,164,224,224,224,250,250,1,12,111,111,111,124,124,157,173,186,186,178,35,54,54,154,154,174,189,189,189,189],"floor_reached":33,"language":"ZHS","playtime":2189,"items_purged":["hexamod:Strike","hexamod:Strike"],"score":272,"play_id":"41870939-af73-48cb-9792-b72edc7ae290","local_time":"20210203190800","is_ascension_mode":false,"campfire_choices":[{"floor":1.0,"key":"RECALL"},{"data":"hexamod:HeatCrush","floor":8.0,"key":"SMITH"},{"data":"hexamod:SpectralSpark","floor":10.0,"key":"SMITH"},{"data":"hexamod:ExtraCrispy","floor":13.0,"key":"SMITH"},{"data":"hexamod:Sear","floor":18.0,"key":"SMITH"},{"data":"hexamod:PowerFromBeyond","floor":28.0,"key":"SMITH"}],"circlet_count":0,"master_deck":["hexamod:Defend","hexamod:Defend+1","hexamod:Sear+1","hexamod:Float","hexamod:HeatCrush+1","hexamod:SpectralSpark+1","hexamod:PowerFromBeyond+1","hexamod:PhantomFireball","hexamod:ExtraCrispy+1","hexamod:HeatShield+1","hexamod:TimeOfNeed+1","hexamod:Rewind+1","hexamod:FirstSeal","hexamod:SecondSeal","hexamod:FourthSeal","hexamod:FifthSeal","hexamod:SoulSteal+1","hexamod:SixthSeal","hexamod:PhantomCloak"],"relics":["hexamod:UnbrokenSoul","Toxic Egg 2","Lantern","Vajra","Membership Card","Red Mask","champ:DeflectingBracers","Bottled Tornado"],"acts_visited":["Exordium","TheCity"],"potions_floor_usage":[33],"damage_taken":[{"damage":0.0,"enemies":"Cultist","floor":2.0,"turns":3.0},{"damage":0.0,"enemies":"Small Slimes","floor":3.0,"turns":3.0},{"damage":7.0,"enemies":"2 Louse","floor":4.0,"turns":3.0},{"damage":3.0,"enemies":"Exordium Thugs","floor":5.0,"turns":4.0},{"damage":10.0,"enemies":"Gremlin Nob","floor":9.0,"turns":3.0},{"damage":0.0,"enemies":"Lagavulin","floor":12.0,"turns":4.0},{"damage":0.0,"enemies":"downfall:FleeingMerchant","floor":14.0,"turns":4.0},{"damage":4.0,"enemies":"3 Louse","floor":15.0,"turns":5.0},{"damage":4.0,"enemies":"WA_ARCHETYPE_RETAIN","floor":16.0,"turns":5.0},{"damage":0.0,"enemies":"Chosen","floor":19.0,"turns":3.0},{"damage":15.0,"enemies":"Masked Bandits","floor":21.0,"turns":4.0},{"damage":5.0,"enemies":"Spheric Guardian","floor":22.0,"turns":3.0},{"damage":0.0,"enemies":"Snecko","floor":23.0,"turns":3.0},{"damage":8.0,"enemies":"downfall:FleeingMerchant","floor":26.0,"turns":4.0},{"damage":9.0,"enemies":"Centurion and Healer","floor":27.0,"turns":5.0},{"damage":29.0,"enemies":"Colosseum Nobs","floor":29.0,"turns":4.0},{"damage":8.0,"enemies":"Snake Plant","floor":31.0,"turns":2.0},{"damage":0.0,"enemies":"Snecko","floor":32.0,"turns":2.0},{"damage":4,"enemies":"IC_MUSHROOM_ARCHETYPE","floor":33,"turns":4}],"seed_played":"-3919448840470301452","potions_obtained":[{"floor":2.0,"key":"Regen Potion"},{"floor":3.0,"key":"LiquidMemories"},{"floor":5.0,"key":"DuplicationPotion"},{"floor":11.0,"key":"DuplicationPotion"},{"floor":11.0,"key":"Slimebound:ThreeZeroPotion"},{"floor":16.0,"key":"LiquidMemories"},{"floor":19.0,"key":"AttackPotion"},{"floor":21.0,"key":"bronze:BurnAndBuffPotion"},{"floor":26.0,"key":"Energy Potion"},{"floor":27.0,"key":"CultistPotion"},{"floor":29.0,"key":"LiquidMemories"},{"floor":31.0,"key":"EntropicBrew"},{"floor":32.0,"key":"Fire Potion"},{"floor":32.0,"key":"SkillPotion"}],"is_trial":false,"path_per_floor":["R","M","M","M","M","?","T","R","?","R","?","E","R","$","M","B",null,"R","M","?","?","M","M","T","?","$","M","R","?","?","M","M","B"],"character_chosen":"THE_SPIRIT","items_purchased":["Membership Card","hexamod:HeatShield+1","hexamod:FifthSeal"],"campfire_rested":0,"item_purchase_floors":[14,14,26],"current_hp_per_floor":[49,49,49,42,39,39,39,39,29,29,29,29,29,29,25,21,70,70,70,70,55,50,50,50,43,42,40,40,18,10,2,2,0,0,0],"gold":189,"neow_bonus":"REMOVE_TWO","is_daily":false,"chose_seed":false,"campfire_upgraded":5,"win_rate":0.0,"timestamp":1612350480,"path_taken":["R","M","?","?","M","?","T","R","?","R","?","E","R","$","M","BOSS","R","M","?","?","M","M","T","?","?","?","R","?","?","M","M","BOSS"],"items_purchased_type":["Relic","Card","Card"],"build_version":"2020-12-22","purchased_purges":2,"victory":false,"max_hp_per_floor":[70,70,70,70,70,70,70,70,70,70,70,70,70,70,70,70,70,70,70,70,70,70,70,70,70,70,70,70,70,70,70,70,70,70,70],"card_choices":[{"not_picked":["hexamod:ShieldOfDarkness","hexamod:NightmareGuise"],"picked":"hexamod:HeatCrush","floor":2.0},{"not_picked":["hexamod:NightmareGuise","hexamod:HauntingEcho","hexamod:ShieldOfDarkness"],"picked":"SKIP","floor":3.0},{"not_picked":["hexamod:HeatCrush","hexamod:Hexaguard"],"picked":"hexamod:SpectralSpark","floor":4.0},{"not_picked":["hexamod:SuperheatedStrike","hexamod:SwordOfDarkness"],"picked":"hexamod:PowerFromBeyond","floor":5.0},{"not_picked":["hexamod:SpectersWail","hexamod:GhostLash"],"picked":"hexamod:PhantomFireball","floor":9.0},{"not_picked":["hexamod:UnleashSpirits","hexamod:Again+1"],"picked":"hexamod:ExtraCrispy","floor":12.0},{"not_picked":["hexamod:FourthSeal","hexamod:ThermalTransfer","hexamod:GhostOfSpireFuture"],"picked":"SKIP","floor":14.0},{"not_picked":["hexamod:SecondSeal","hexamod:Firestarter","hexamod:GhostShield+1"],"picked":"SKIP","floor":15.0},{"not_picked":["hexamod:SecondSeal","hexamod:Firestarter","hexamod:GhostShield+1"],"picked":"SKIP","floor":15.0},{"not_picked":["hexamod:Toasty","hexamod:ParanormalForm"],"picked":"hexamod:TimeOfNeed+1","floor":16.0},{"not_picked":["hexamod:SwordOfDarkness","hexamod:Firestarter","hexamod:FlamesFromBeyond+1"],"picked":"SKIP","floor":19.0},{"not_picked":["hexamod:FastForward+1","hexamod:SpectralSpark+1"],"picked":"hexamod:Rewind+1","floor":22.0},{"not_picked":["hexamod:NightmareStrike+1","hexamod:GhostShield+1","hexamod:Again+1"],"picked":"SKIP","floor":23.0},{"not_picked":["hexamod:SpectersWail+1","hexamod:GhostOfSpireFuture","hexamod:SwordOfDarkness+1"],"picked":"SKIP","floor":26.0},{"not_picked":["hexamod:Hexaguard+1","hexamod:SpectersWail"],"picked":"hexamod:SoulSteal+1","floor":27.0},{"not_picked":["hexamod:ThirdSeal","hexamod:FourthSeal"],"picked":"hexamod:SixthSeal","floor":29.0},{"not_picked":["hexamod:SuperheatedStrike","hexamod:SpectralSpark+1"],"picked":"hexamod:PhantomCloak","floor":29.0},{"not_picked":["hexamod:RecurringNightmare+1","hexamod:ShieldOfDarkness+1","hexamod:BacktrackSmack+1"],"picked":"SKIP","floor":31.0},{"not_picked":["hexamod:StepThrough","hexamod:InspiringFlames+1","hexamod:HexaLevel"],"picked":"SKIP","floor":32.0}],"player_experience":719986,"relics_obtained":[{"floor":7.0,"key":"Toxic Egg 2"},{"floor":12.0,"key":"Vajra"},{"floor":21.0,"key":"Red Mask"},{"floor":29.0,"key":"champ:DeflectingBracers"},{"floor":29.0,"key":"Bottled Tornado"}],"event_choices":[{"cards_removed":["hexamod:Strike"],"damage_healed":0.0,"max_hp_gain":0.0,"max_hp_loss":0.0,"gold_gain":0.0,"event_name":"The Cleric","player_choice":"Card Removal","floor":6.0,"gold_loss":0.0,"damage_taken":0.0},{"damage_healed":0.0,"max_hp_gain":0.0,"max_hp_loss":0.0,"gold_gain":0.0,"event_name":"Lab","player_choice":"Got Potions","floor":11.0,"gold_loss":0.0,"damage_taken":0.0},{"damage_healed":0.0,"max_hp_gain":0.0,"max_hp_loss":0.0,"gold_gain":0.0,"event_name":"Masked Bandits","player_choice":"Fought Bandits","floor":21.0,"gold_loss":0.0,"damage_taken":0.0}],"is_beta":false,"boss_relics":[{"not_picked":["SlaversCollar","Runic Dome"],"picked":"hexamod:UnbrokenSoul"}],"items_purged_floors":[14,26],"is_endless":false,"potions_floor_spawned":[2,3,5,15,16,19,21,31,32],"killed_by":"IC_MUSHROOM_ARCHETYPE","ascension_level":0}}