{"host":"wghdsg8ym2wc7ov9","time":1612344717,"event":{"mods":["A Penny For Your Troubles","AchievementEnabler","Astrologer","BaseMod","Beaked The Cultist","Better Altar","Better Note","ChefMod","Colored Map","Evolution","Fox Events","Hermit","Highlight Path","Jorbs\u0027s Wanderer Trilogy","KinomotoSakuraMod(????)","Minty Spire (QoL Compilation)","Random Character Button","Relic Stats","SIMod","Shop Mod","StSLib","The Blackbeard","The Bladedancer","The Construct","The Cursed","The Death Knight","The Gatherer","The Hierophant","The Marked","The Mystic","The Necromancer","The Runesmith","The Senshi","The Servant 0.9.4","Weighted Paths"],"gold_per_floor":[362,39,39,55,70,103,122,152,200,215,248,248,11,26,26,129,129,145,145,157,72,91,91,122,142,142,173,173,173,15,25,25,128,128,147,164,164,174,174,174],"floor_reached":39,"language":"ENG","playtime":7206,"items_purged":[],"score":516,"play_id":"a3f74ea7-0756-42f0-bf46-071a85b5d8e6","local_time":"20210203013157","is_ascension_mode":true,"campfire_choices":[{"floor":12,"key":"REST"},{"floor":15,"key":"REST"},{"data":"astrologer:StarOfChange","floor":23,"key":"SMITH"},{"floor":28,"key":"REST"},{"data":"astrologer:CosmicExpanse","floor":32,"key":"SMITH"}],"circlet_count":0,"master_deck":["astrologer:Strike","astrologer:Strike+1","astrologer:Defend","astrologer:Defend","astrologer:Defend+1","astrologer:Defend","astrologer:NorthStar","astrologer:TheFool","Parasite","astrologer:Prismatic","astrologer:FrozenStar","astrologer:Judgement+1","astrologer:StarOfChange+1","astrologer:CrystalBall","astrologer:TheChariot","astrologer:CosmicExpanse+1","astrologer:StarOfChange","astrologer:SpaceDust","astrologer:Fireball+1","astrologer:Sunrise","astrologer:Opposition+1","astrologer:FrozenStar","astrologer:TheChariot","astrologer:Retelling","astrologer:TheLovers","astrologer:Confirmation","astrologer:SpaceDust","astrologer:TheTower+1","astrologer:Radiance+1","astrologer:Radiance+1","astrologer:Moonlight+1","astrologer:ShootingStar","astrologer:DarkMatter","astrologer:LonelyStar+1","astrologer:Justice+1","astrologer:WheelofFortune"],"relics":["astrologer:SkyMirror","EVO:Axolotl","Molten Egg 2","Bronze Scales","beaked:ShinyBauble","Bag of Marbles","Membership Card","Philosopher\u0027s Stone","Gremlin Horn","Singing Bowl","The Courier","Pantograph","theSenshi:FeatherClipsRelic","Lee\u0027s Waffle","construct:ClawGrip"],"acts_visited":["Exordium","TheCity","TheBeyond"],"potions_floor_usage":[10,11,16,16,25,33],"damage_taken":[{"damage":7,"enemies":"Cultist","floor":1,"turns":6},{"damage":0,"enemies":"Jaw Worm","floor":4,"turns":3},{"damage":0,"enemies":"Small Slimes","floor":5,"turns":2},{"damage":13,"enemies":"3 Sentries","floor":6,"turns":8},{"damage":7,"enemies":"Blue Slaver","floor":7,"turns":2},{"damage":11,"enemies":"Lagavulin","floor":8,"turns":7},{"damage":16,"enemies":"Red Slaver","floor":10,"turns":4},{"damage":0,"enemies":"3 Sentries","floor":11,"turns":7},{"damage":6,"enemies":"Exordium Wildlife","floor":14,"turns":2},{"damage":26,"enemies":"Slime Boss","floor":16,"turns":7},{"damage":0,"enemies":"Spheric Guardian","floor":18,"turns":3},{"damage":5,"enemies":"Chosen","floor":20,"turns":4},{"damage":6,"enemies":"Snecko","floor":22,"turns":4},{"damage":37,"enemies":"Slavers","floor":24,"turns":5},{"damage":4,"enemies":"Shelled Parasite and Fungi","floor":25,"turns":4},{"damage":2,"enemies":"Gremlin Leader","floor":27,"turns":5},{"damage":18,"enemies":"Snake Plant","floor":31,"turns":3},{"damage":68,"enemies":"Automaton","floor":33,"turns":8},{"damage":43,"enemies":"3 Shapes","floor":35,"turns":6},{"damage":28,"enemies":"3 Darklings","floor":36,"turns":4},{"damage":17,"enemies":"Maw","floor":38,"turns":6},{"damage":12,"enemies":"Writhing Mass","floor":39,"turns":3}],"seed_played":"3115027329696625223","potions_obtained":[{"floor":1,"key":"Energy Potion"},{"floor":5,"key":"DeathKnight:RimePotion"},{"floor":6,"key":"EssenceOfSteel"},{"floor":10,"key":"AttackPotion"},{"floor":24,"key":"Weak Potion"},{"floor":27,"key":"GamblersBrew"},{"floor":38,"key":"FearPotion"}],"is_trial":false,"path_per_floor":["M","$","?","M","M","E","M","E","T","M","E","R","$","M","R","B",null,"M","?","M","?","M","R","E","M","T","E","R","?","$","M","R","B",null,"M","M","?","M","M"],"character_chosen":"ASTROLOGER","items_purchased":["Molten Egg 2","astrologer:FrozenStar","astrologer:Opposition+1","Membership Card","astrologer:Fireball+1","astrologer:Sunrise","astrologer:Opposition+1","theSenshi:FeatherClipsRelic","Lee\u0027s Waffle"],"campfire_rested":3,"item_purchase_floors":[2,2,2,13,13,13,13,30,30],"current_hp_per_floor":[63,63,49,49,49,36,29,18,18,2,2,23,23,17,38,12,70,70,70,65,65,59,59,22,18,18,16,37,37,77,65,65,15,77,40,18,23,12,0,0],"gold":174,"neow_bonus":"TWO_FIFTY_GOLD","is_daily":false,"chose_seed":false,"campfire_upgraded":2,"win_rate":0.0,"timestamp":1612344717,"path_taken":["M","?","?","M","M","E","M","E","T","M","E","R","$","M","R","BOSS","M","?","M","?","M","R","E","M","T","E","R","?","$","M","R","BOSS","M","?","?","M","M"],"items_purchased_type":["Relic","Card","Card","Relic","Card","Card","Card","Relic","Relic"],"build_version":"2020-12-22","purchased_purges":0,"victory":false,"max_hp_per_floor":[70,70,70,70,70,70,70,70,70,70,70,70,70,70,70,70,70,70,70,70,70,70,70,70,70,70,70,70,70,77,77,77,77,77,77,77,77,77,77,77],"relic_stats":{"Lee\u0027s Waffle":40,"Gremlin Horn":[11,11],"Singing Bowl":0,"counters":[22,103],"Bronze Scales":[224],"Pantograph":12,"obtain_stats":[{"beaked:ShinyBauble":8,"Lee\u0027s Waffle":30,"construct:ClawGrip":34,"Gremlin Horn":21,"Singing Bowl":24,"The Courier":26,"theSenshi:FeatherClipsRelic":30,"EVO:Axolotl":0,"Bronze Scales":6,"Pantograph":27,"Molten Egg 2":2,"Philosopher\u0027s Stone":17,"astrologer:SkyMirror":0,"Bag of Marbles":11,"Membership Card":13},{"beaked:ShinyBauble":6,"Lee\u0027s Waffle":16,"construct:ClawGrip":18,"Gremlin Horn":12,"Singing Bowl":14,"The Courier":15,"theSenshi:FeatherClipsRelic":16,"EVO:Axolotl":0,"Bronze Scales":4,"Pantograph":16,"Molten Egg 2":1,"Philosopher\u0027s Stone":10,"astrologer:SkyMirror":0,"Bag of Marbles":8,"Membership Card":8},{"beaked:ShinyBauble":28,"Lee\u0027s Waffle":73,"construct:ClawGrip":84,"Gremlin Horn":55,"Singing Bowl":64,"The Courier":68,"theSenshi:FeatherClipsRelic":73,"EVO:Axolotl":0,"Bronze Scales":19,"Pantograph":73,"Molten Egg 2":6,"Philosopher\u0027s Stone":48,"astrologer:SkyMirror":0,"Bag of Marbles":39,"Membership Card":39}]},"card_choices":[{"not_picked":["astrologer:Moonlight","astrologer:Stardust"],"picked":"astrologer:Prismatic","floor":1},{"not_picked":["astrologer:Conjunction","astrologer:MeteorShower+1"],"picked":"astrologer:Judgement+1","floor":4},{"not_picked":["astrologer:SpaceDust","astrologer:TheHighPriestess"],"picked":"astrologer:StarOfChange","floor":5},{"not_picked":["astrologer:Justice","astrologer:FrozenStar"],"picked":"astrologer:CrystalBall","floor":6},{"not_picked":["astrologer:FadingStar","astrologer:Eclipse+1"],"picked":"astrologer:TheChariot","floor":7},{"not_picked":["astrologer:Prismatic","astrologer:Still"],"picked":"astrologer:CosmicExpanse","floor":8},{"not_picked":["astrologer:Opposition+1","astrologer:MeteorShower+1"],"picked":"astrologer:StarOfChange","floor":10},{"not_picked":["astrologer:TheHermit","astrologer:CosmicExpanse"],"picked":"astrologer:SpaceDust","floor":11},{"not_picked":["astrologer:CrystalBall","astrologer:Opposition+1"],"picked":"astrologer:FrozenStar","floor":14},{"not_picked":["astrologer:Alignment","astrologer:BlackHole+1"],"picked":"astrologer:TheChariot","floor":16},{"not_picked":["astrologer:SpaceDust+1","astrologer:TheMoon"],"picked":"astrologer:Retelling","floor":18},{"not_picked":["astrologer:CometStrike+1","astrologer:Radiance+1"],"picked":"astrologer:SpaceDust","floor":20},{"not_picked":["astrologer:TheDevil+1","astrologer:Radiance+1"],"picked":"astrologer:TheTower+1","floor":22},{"not_picked":["astrologer:SolarFlare","astrologer:Prismatic"],"picked":"astrologer:Radiance+1","floor":24},{"not_picked":["astrologer:Opposition+1","astrologer:Shine"],"picked":"astrologer:Radiance+1","floor":25},{"not_picked":["astrologer:Premeditation","astrologer:MeteorShower+1"],"picked":"astrologer:Moonlight+1","floor":27},{"not_picked":["astrologer:ReadTheStars","astrologer:Eclipse+1"],"picked":"astrologer:ShootingStar","floor":31},{"not_picked":["astrologer:BlackHole+1","astrologer:Death+1"],"picked":"astrologer:DarkMatter","floor":33},{"not_picked":["astrologer:MeteorShower+1","astrologer:Still"],"picked":"astrologer:LonelyStar+1","floor":35},{"not_picked":["astrologer:Radiance+1","astrologer:Opposition+1"],"picked":"astrologer:Justice+1","floor":36},{"not_picked":["astrologer:CometStrike+1","astrologer:StarOfChange"],"picked":"astrologer:WheelofFortune","floor":38}],"player_experience":877534,"relics_obtained":[{"floor":6,"key":"Bronze Scales"},{"floor":8,"key":"beaked:ShinyBauble"},{"floor":11,"key":"Bag of Marbles"},{"floor":24,"key":"Singing Bowl"},{"floor":26,"key":"The Courier"},{"floor":27,"key":"Pantograph"}],"event_choices":[{"damage_healed":0,"gold_gain":0,"player_choice":"Entered Light","damage_taken":14,"max_hp_gain":0,"max_hp_loss":0,"event_name":"Shining Light","floor":3,"gold_loss":0,"cards_upgraded":["astrologer:Defend","astrologer:Strike"]},{"damage_healed":0,"gold_gain":0,"cards_transformed":["astrologer:Strike","astrologer:Strike"],"player_choice":"Became Test Subject","damage_taken":0,"max_hp_gain":0,"max_hp_loss":0,"event_name":"Drug Dealer","floor":19,"gold_loss":0,"cards_obtained":["astrologer:TheLovers","astrologer:Confirmation"]},{"damage_healed":0,"gold_gain":0,"player_choice":"Obtained Relic","damage_taken":0,"relics_obtained":["Gremlin Horn"],"max_hp_gain":0,"max_hp_loss":0,"event_name":"Addict","floor":21,"gold_loss":85},{"damage_healed":0,"gold_gain":0,"player_choice":"Bought 0 Potions","damage_taken":0,"max_hp_gain":0,"max_hp_loss":0,"event_name":"The Woman in Blue","floor":29,"gold_loss":0},{"cards_removed":["astrologer:Opposition"],"damage_healed":5,"gold_gain":0,"player_choice":"Offered Common","damage_taken":0,"max_hp_gain":0,"max_hp_loss":0,"event_name":"Bonfire Elementals","floor":37,"gold_loss":0},{"cards_removed":["astrologer:Opposition"],"damage_healed":5,"gold_gain":0,"player_choice":"Offered Special","damage_taken":0,"max_hp_gain":0,"max_hp_loss":0,"event_name":"Bonfire Elementals","floor":37,"gold_loss":0}],"is_beta":false,"boss_relics":[{"not_picked":["Cursed Key","Runesmith:UraniumAnvil"],"picked":"Philosopher\u0027s Stone"},{"not_picked":["Tiny House","beaked:MawFillet"],"picked":"construct:ClawGrip"}],"items_purged_floors":[],"is_endless":false,"potions_floor_spawned":[1,5,6,10,24,27,38],"killed_by":"Writhing Mass","ascension_level":1}}