{"host":"2pffx5rqbod9ds0c","time":1612325351,"event":{"mods":["BaseMod","Better Altar","Better Match","Better Note","Better Sensory Stone","Better Skull","Better Third Choice","Custom Start","Hubris","Minty Spire (QoL Compilation)","Quick Restart","Relic Stats","Robot Space Explorer","Spicy Shops","StSLib"],"gold_per_floor":[119,308646,308646,308662,308677,308677,308710,308710,308733,308766,308726,308742,308742,308742,308742,308815,308815,308793,308843,307678,307611,307627,307662,307662,307690,307715,306013,306029,306049,306078,305320,305320,305397,305397,305412,304825,304840,304854,304854,304880,304880,304905,304930,304956,304975,304988,304296,304316,304316,304316,304316,304316,304316,303796,303827,303827],"floor_reached":57,"language":"ENG","playtime":2904,"items_purged":["Strike_G","Strike_G","Defend_G","Defend_G","Defend_G","Defend_G","Neutralize","Survivor"],"score":3341,"play_id":"eee12819-58bb-433a-90cd-861ea05df1bd","local_time":"20210202200911","is_ascension_mode":true,"campfire_choices":[{"data":"Skewer","floor":6.0,"key":"SMITH"},{"data":"Envenom","floor":8.0,"key":"SMITH"},{"data":"Malaise","floor":15.0,"key":"SMITH"},{"data":"Envenom","floor":24.0,"key":"SMITH"},{"data":"Burst","floor":32.0,"key":"SMITH"},{"floor":49.0,"key":"RECALL"},{"data":"PiercingWail","floor":53,"key":"SMITH"}],"circlet_count":0,"master_deck":["AscendersBane","Defend_G+1","Skewer+1","Bouncing Flask+1","Well Laid Plans","Envenom+1","Malaise+1","Noxious Fumes","Envenom+1","Catalyst+1","PiercingWail+1","Burst+1","Catalyst+1","Catalyst+1","Adrenaline+1","Master of Strategy+1","PiercingWail+1","Night Terror+1","Night Terror+1","Adrenaline+1"],"relics":["Ring of the Snake","Ice Cream","hubris:TinFlute","Blood Vial","Strawberry","hubris:EmptyBottle","CultistMask","hubris:TenFootPole","War Paint","Snake Skull","hubris:Towel","Coffee Dripper","Art of War","Bag of Marbles","OrangePellets","Medical Kit","Potion Belt","Gremlin Horn","Dream Catcher","Lizard Tail","Happy Flower","Bag of Preparation","Lee\u0027s Waffle","Ancient Tea Set","Toxic Egg 2","Pocketwatch","Orichalcum","Juzu Bracelet","Membership Card","Shuriken","hubris:Metronome","hubris:SlimyHat","Toy Ornithopter","hubris:Backtick","Chemical X","Omamori","Lantern","Akabeko","Matryoshka","HandDrill","Du-Vu Doll","Mummified Hand","MealTicket","Bottled Tornado","TwistedFunnel","hubris:CrystalStatue","Oddly Smooth Stone","Anchor","Strange Spoon","hubris:MysteriousPyramids","hubris:Reverence","FossilizedHelix","Sling","Vajra","Bottled Flame","Centennial Puzzle"],"acts_visited":["Exordium","TheCity","TheBeyond","TheEnding"],"potions_floor_usage":[56],"damage_taken":[{"damage":2.0,"enemies":"Small Slimes","floor":1.0,"turns":7.0},{"damage":0.0,"enemies":"Cultist","floor":4.0,"turns":3.0},{"damage":0.0,"enemies":"Jaw Worm","floor":5.0,"turns":4.0},{"damage":19.0,"enemies":"Lagavulin","floor":7.0,"turns":6.0},{"damage":21.0,"enemies":"Gremlin Nob","floor":10.0,"turns":4.0},{"damage":0.0,"enemies":"Looter","floor":11.0,"turns":4.0},{"damage":2.0,"enemies":"Large Slime","floor":12.0,"turns":6.0},{"damage":2.0,"enemies":"Hexaghost","floor":16.0,"turns":8.0},{"damage":21.0,"enemies":"2 Thieves","floor":18.0,"turns":5.0},{"damage":3.0,"enemies":"3 Byrds","floor":22.0,"turns":5.0},{"damage":0.0,"enemies":"Book of Stabbing","floor":23.0,"turns":6.0},{"damage":22.0,"enemies":"Slavers","floor":25.0,"turns":6.0},{"damage":2.0,"enemies":"Centurion and Healer","floor":28.0,"turns":4.0},{"damage":0.0,"enemies":"Snake Plant","floor":29.0,"turns":4.0},{"damage":16.0,"enemies":"Book of Stabbing","floor":30.0,"turns":2.0},{"damage":0.0,"enemies":"Automaton","floor":33.0,"turns":5.0},{"damage":4.0,"enemies":"3 Darklings","floor":35.0,"turns":5.0},{"damage":0.0,"enemies":"Orb Walker","floor":37.0,"turns":1.0},{"damage":6.0,"enemies":"Jaw Worm Horde","floor":38.0,"turns":3.0},{"damage":15.0,"enemies":"Reptomancer","floor":40.0,"turns":3.0},{"damage":0.0,"enemies":"Nemesis","floor":42.0,"turns":1.0},{"damage":0.0,"enemies":"Reptomancer","floor":44.0,"turns":1.0},{"damage":0.0,"enemies":"4 Shapes","floor":45.0,"turns":3.0},{"damage":0.0,"enemies":"Transient","floor":46.0,"turns":2.0},{"damage":0.0,"enemies":"3 Darklings","floor":48.0,"turns":2.0},{"damage":7.0,"enemies":"Awakened One","floor":50.0,"turns":3.0},{"damage":0.0,"enemies":"hubris:GrandSnecko","floor":51.0,"turns":1.0},{"damage":0,"enemies":"Shield and Spear","floor":55,"turns":2},{"damage":134,"enemies":"The Heart","floor":56,"turns":4}],"seed_played":"3806634258722757490","potions_obtained":[{"floor":12.0,"key":"Block Potion"},{"floor":25.0,"key":"Fire Potion"},{"floor":30.0,"key":"PowerPotion"},{"floor":40.0,"key":"EntropicBrew"},{"floor":44.0,"key":"SmokeBomb"},{"floor":45.0,"key":"DistilledChaos"},{"floor":48.0,"key":"DuplicationPotion"},{"floor":55,"key":"Swift Potion"}],"is_trial":false,"path_per_floor":["M","$","?","M","M","R","E","R","T","E","M","M","?","?","R","B",null,"M","?","$","?","M","E","R","E","T","$","M","M","E","$","R","B",null,"M","$","M","M","?","E","?","E","T","E","M","M","$","M","R","B","B",null,"R","$","E","B",null],"character_chosen":"THE_SILENT","items_purchased":["Skewer","Ice Cream","hubris:TinFlute","Blood Vial","Strawberry","hubris:EmptyBottle","SteroidPotion","Fire Potion","Art of War","Bag of Marbles","OrangePellets","Medical Kit","Potion Belt","Gremlin Horn","PiercingWail","Lee\u0027s Waffle","Ancient Tea Set","Toxic Egg 2","Pocketwatch","Orichalcum","Catalyst+1","Adrenaline+1","Master of Strategy+1","Membership Card","Shuriken","hubris:Metronome","hubris:SlimyHat","Toy Ornithopter","Omamori","Lantern","Akabeko","Matryoshka","HandDrill","TwistedFunnel","hubris:CrystalStatue","Oddly Smooth Stone","Anchor","Strange Spoon","hubris:MysteriousPyramids","hubris:Reverence","FossilizedHelix","Sling","Vajra","Bottled Flame"],"campfire_rested":0,"item_purchase_floors":[2,2,2,2,2,2,2,2,20,20,20,20,20,20,20,27,27,27,27,27,27,27,27,31,31,31,31,31,36,36,36,36,36,47,47,47,47,47,47,54,54,54,54,54],"current_hp_per_floor":[57,64,64,66,68,68,51,51,51,32,34,34,34,31,31,31,148,129,129,129,129,128,130,130,110,110,194,192,194,178,178,178,190,193,190,190,192,188,188,185,185,187,187,189,191,193,194,194,194,187,189,193,193,194,194,65],"gold":303827,"neow_bonus":"REMOVE_TWO","is_daily":false,"chose_seed":false,"campfire_upgraded":6,"win_rate":0.0,"timestamp":1612325351,"path_taken":["M","$","?","M","M","R","E","R","T","E","?","M","?","?","R","BOSS","M","?","$","?","?","E","R","E","T","$","M","?","E","$","R","BOSS","M","$","M","M","?","E","?","E","T","E","M","M","$","M","R","BOSS","BOSS","R","$","E","BOSS"],"items_purchased_type":["Card","Relic","Relic","Relic","Relic","Relic","Potion","Potion","Relic","Relic","Relic","Relic","Relic","Relic","Card","Relic","Relic","Relic","Relic","Relic","Card","Card","Card","Relic","Relic","Relic","Relic","Relic","Relic","Relic","Relic","Relic","Relic","Relic","Relic","Relic","Relic","Relic","Relic","Relic","Relic","Relic","Relic","Relic"],"build_version":"2020-12-22","purchased_purges":8,"victory":true,"max_hp_per_floor":[180,187,187,187,187,187,187,187,187,187,187,187,187,187,187,187,187,187,187,187,187,187,187,187,187,187,194,194,194,194,194,194,194,194,194,194,194,194,194,194,194,194,194,194,194,194,194,194,194,194,194,194,194,194,194,194],"relic_stats":{"Gremlin Horn":[23,23],"Snake Skull":[391],"Bag of Preparation":[36],"Juzu Bracelet":0,"Blood Vial":43,"Dream Catcher":0,"Lizard Tail":0,"Centennial Puzzle":[3],"Mummified Hand":[21],"MealTicket":2,"HandDrill":[0],"Chemical X":[18],"Ring of the Snake":[58],"Lee\u0027s Waffle":84,"Happy Flower":[15],"counters":[29,110],"War Paint":["Bouncing Flask","Defend_G"],"Orichalcum":[186],"Medical Kit":[11],"OrangePellets":[0],"Strange Spoon":[30],"Shuriken":[0],"Art of War":[17],"obtain_stats":[{"Ice Cream":2,"TwistedFunnel":47,"hubris:CrystalStatue":47,"Gremlin Horn":20,"Vajra":54,"Bottled Tornado":44,"hubris:MysteriousPyramids":47,"Sling":54,"Blood Vial":2,"Lizard Tail":23,"Centennial Puzzle":55,"Strawberry":2,"MealTicket":43,"HandDrill":36,"Toxic Egg 2":27,"hubris:TinFlute":2,"Happy Flower":25,"Oddly Smooth Stone":47,"War Paint":9,"Akabeko":36,"Du-Vu Doll":40,"OrangePellets":20,"Bottled Flame":54,"Shuriken":31,"CultistMask":3,"hubris:TenFootPole":7,"Pocketwatch":27,"hubris:Reverence":54,"hubris:Metronome":31,"Lantern":36,"Snake Skull":10,"Bag of Preparation":26,"Juzu Bracelet":30,"hubris:SlimyHat":31,"hubris:EmptyBottle":2,"Ancient Tea Set":27,"Dream Catcher":21,"hubris:Backtick":34,"Matryoshka":36,"Mummified Hand":42,"Chemical X":34,"Ring of the Snake":0,"Potion Belt":20,"Lee\u0027s Waffle":27,"Omamori":36,"hubris:Towel":13,"Orichalcum":27,"Medical Kit":20,"Strange Spoon":47,"Anchor":47,"Coffee Dripper":17,"Art of War":20,"Bag of Marbles":20,"Membership Card":31,"Toy Ornithopter":31,"FossilizedHelix":54},{"Ice Cream":1,"TwistedFunnel":24,"hubris:CrystalStatue":24,"Gremlin Horn":9,"Vajra":27,"Bottled Tornado":22,"hubris:MysteriousPyramids":24,"Sling":27,"Blood Vial":1,"Lizard Tail":11,"Centennial Puzzle":28,"Strawberry":1,"MealTicket":21,"HandDrill":17,"Toxic Egg 2":12,"hubris:TinFlute":1,"Happy Flower":12,"Oddly Smooth Stone":24,"War Paint":4,"Akabeko":17,"Du-Vu Doll":20,"OrangePellets":9,"Bottled Flame":27,"Shuriken":15,"CultistMask":1,"hubris:TenFootPole":4,"Pocketwatch":12,"hubris:Reverence":27,"hubris:Metronome":15,"Lantern":17,"Snake Skull":5,"Bag of Preparation":12,"Juzu Bracelet":15,"hubris:SlimyHat":15,"hubris:EmptyBottle":1,"Ancient Tea Set":12,"Dream Catcher":9,"hubris:Backtick":16,"Matryoshka":17,"Mummified Hand":21,"Chemical X":16,"Ring of the Snake":0,"Potion Belt":9,"Lee\u0027s Waffle":12,"Omamori":17,"hubris:Towel":7,"Orichalcum":12,"Medical Kit":9,"Strange Spoon":24,"Anchor":24,"Coffee Dripper":8,"Art of War":9,"Bag of Marbles":9,"Membership Card":15,"Toy Ornithopter":15,"FossilizedHelix":27},{"Ice Cream":7,"TwistedFunnel":98,"hubris:CrystalStatue":98,"Gremlin Horn":47,"Vajra":104,"Bottled Tornado":93,"hubris:MysteriousPyramids":98,"Sling":104,"Blood Vial":7,"Lizard Tail":58,"Centennial Puzzle":106,"Strawberry":7,"MealTicket":92,"HandDrill":84,"Toxic Egg 2":64,"hubris:TinFlute":7,"Happy Flower":64,"Oddly Smooth Stone":98,"War Paint":20,"Akabeko":84,"Du-Vu Doll":91,"OrangePellets":47,"Bottled Flame":104,"Shuriken":74,"CultistMask":7,"hubris:TenFootPole":20,"Pocketwatch":64,"hubris:Reverence":104,"hubris:Metronome":74,"Lantern":84,"Snake Skull":24,"Bag of Preparation":64,"Juzu Bracelet":74,"hubris:SlimyHat":74,"hubris:EmptyBottle":7,"Ancient Tea Set":64,"Dream Catcher":47,"hubris:Backtick":79,"Matryoshka":84,"Mummified Hand":92,"Chemical X":79,"Ring of the Snake":0,"Potion Belt":47,"Lee\u0027s Waffle":64,"Omamori":84,"hubris:Towel":34,"Orichalcum":64,"Medical Kit":47,"Strange Spoon":98,"Anchor":98,"Coffee Dripper":42,"Art of War":47,"Bag of Marbles":47,"Membership Card":74,"Toy Ornithopter":74,"FossilizedHelix":104}],"Toy Ornithopter":25,"Pocketwatch":[21]},"card_choices":[{"not_picked":["Dodge and Roll","Acrobatics","Sucker Punch"],"picked":"SKIP","floor":1.0},{"not_picked":["Flying Knee","Reflex"],"picked":"Bouncing Flask","floor":4.0},{"not_picked":["All Out Attack","hubris:Sniper"],"picked":"Well Laid Plans","floor":5.0},{"not_picked":["Dodge and Roll","Calculated Gamble"],"picked":"Envenom","floor":7.0},{"not_picked":["Endless Agony","Flying Knee"],"picked":"Malaise","floor":10.0},{"not_picked":["Skewer","Slice"],"picked":"Noxious Fumes","floor":11.0},{"not_picked":["Finisher","Flechettes","hubris:Counter"],"picked":"SKIP","floor":12.0},{"not_picked":["Glass Knife","Bullet Time"],"picked":"Envenom","floor":16.0},{"not_picked":["Infinite Blades","Quick Slash"],"picked":"Catalyst","floor":18.0},{"not_picked":["Sucker Punch","Quick Slash"],"picked":"Burst","floor":22.0},{"not_picked":["Backstab","Acrobatics","hubris:Counter"],"picked":"SKIP","floor":23.0},{"not_picked":["Dagger Spray+1","Masterful Stab"],"picked":"Catalyst+1","floor":25.0},{"not_picked":["Deadly Poison+1","Doppelganger+1"],"picked":"PiercingWail+1","floor":28.0},{"not_picked":["Dagger Throw","Deadly Poison+1","Poisoned Stab"],"picked":"SKIP","floor":29.0},{"not_picked":["Underhanded Strike","Outmaneuver+1","Leg Sweep+1"],"picked":"SKIP","floor":30.0},{"not_picked":["Grand Finale","Storm of Steel+1"],"picked":"Night Terror+1","floor":33.0},{"not_picked":["Concentrate+1","Bane","Flying Knee+1"],"picked":"SKIP","floor":35.0},{"not_picked":["Skewer","Deflect+1","PiercingWail+1"],"picked":"SKIP","floor":37.0},{"not_picked":["Flying Knee","Eviscerate+1"],"picked":"Night Terror+1","floor":38.0},{"not_picked":["Deadly Poison+1","Noxious Fumes","Masterful Stab+1"],"picked":"SKIP","floor":40.0},{"not_picked":["Blur+1","Expertise+1","Backstab+1"],"picked":"SKIP","floor":42.0},{"not_picked":["Backflip+1","Leg Sweep+1","Endless Agony"],"picked":"SKIP","floor":44.0},{"not_picked":["Backflip+1","Leg Sweep+1","Endless Agony"],"picked":"SKIP","floor":44.0},{"not_picked":["Flechettes","Quick Slash+1","Deadly Poison+1"],"picked":"SKIP","floor":45.0},{"not_picked":["Blade Dance+1","Dodge and Roll+1","Slice"],"picked":"SKIP","floor":46.0},{"not_picked":["Leg Sweep+1","Backflip+1","Flying Knee"],"picked":"SKIP","floor":48.0},{"not_picked":["Prepared+1","Quick Slash","Flechettes"],"picked":"SKIP","floor":55}],"player_experience":808286,"relics_obtained":[{"floor":7.0,"key":"hubris:TenFootPole"},{"floor":9.0,"key":"War Paint"},{"floor":10.0,"key":"Snake Skull"},{"floor":23.0,"key":"Lizard Tail"},{"floor":25.0,"key":"Happy Flower"},{"floor":26.0,"key":"Bag of Preparation"},{"floor":30.0,"key":"Juzu Bracelet"},{"floor":40.0,"key":"Du-Vu Doll"},{"floor":42.0,"key":"Mummified Hand"},{"floor":43.0,"key":"MealTicket"},{"floor":44.0,"key":"Bottled Tornado"},{"floor":55,"key":"Centennial Puzzle"}],"event_choices":[{"damage_healed":0.0,"max_hp_gain":0.0,"max_hp_loss":0.0,"gold_gain":0.0,"event_name":"FaceTrader","player_choice":"Trade","floor":3.0,"gold_loss":0.0,"damage_taken":0.0,"relics_obtained":["CultistMask"]},{"cards_removed":["Strike_G"],"damage_healed":0.0,"max_hp_gain":0.0,"max_hp_loss":0.0,"gold_gain":0.0,"event_name":"Golden Wing","player_choice":"Card Removal","floor":14.0,"gold_loss":0.0,"damage_taken":7.0},{"damage_healed":0.0,"max_hp_gain":0.0,"max_hp_loss":0.0,"gold_gain":50.0,"event_name":"betterThird:BetterNest","player_choice":"Steal","floor":19.0,"gold_loss":0.0,"damage_taken":0.0},{"damage_healed":0.0,"max_hp_gain":0.0,"max_hp_loss":0.0,"gold_gain":0.0,"event_name":"WeMeetAgain","player_choice":"Paid Gold","floor":21.0,"gold_loss":67.0,"damage_taken":0.0,"relics_obtained":["Dream Catcher"]},{"damage_healed":0.0,"max_hp_gain":0.0,"max_hp_loss":0.0,"gold_gain":0.0,"event_name":"Duplicator","player_choice":"Copied","floor":41.0,"gold_loss":0.0,"damage_taken":0.0,"cards_obtained":["Adrenaline"]}],"is_beta":false,"boss_relics":[{"not_picked":["Empty Cage","hubris:HollowSoul"],"picked":"Coffee Dripper"},{"not_picked":["Cursed Key","WristBlade"],"picked":"hubris:Backtick"}],"items_purged_floors":[2,20,27,31,31,36,36,47],"is_endless":false,"potions_floor_spawned":[4,5,7,12,16,25,30,40,44,45,46,48,55],"ascension_level":20}}