{"host":"pgm1p3lvdjflie30","time":1612317891,"event":{"mods":["ATMod(阿瑾Mod)","AchievementEnabler","Aspiration","BaseMod","Challenge The Spire","Colored Map","Colored Powertips","Conspire","Dark Map","Dota2Spire","Energized Spire","Highlight Path","Minty Spire (QoL Compilation)","MostiFishMod","Quarter Circle Forward PUNCH!","Quick Restart","Replay The Spire","Spicy Shops","StSLib","TestMod","The IronCluck","The Jungle","Waifu the Spire","Yuyuko","【?物卡牌】REMEMod","篝火指南"],"gold_per_floor":[110,10,10,10,10,45,59,71,123,138,138,151,170,183,183,183,183],"floor_reached":16,"language":"ZHS","playtime":785,"items_purged":[],"score":179,"play_id":"78c2f4b7-64ea-4f84-9436-0f70043c9e19","local_time":"20210203100451","is_ascension_mode":false,"campfire_choices":[{"floor":11,"key":"RECALL"},{"data":"Ghostly","floor":15,"key":"SMITH"}],"circlet_count":0,"master_deck":["Fantasy Butterflies","Fantasy Butterflies","Fantasy Butterflies","Fantasy Butterflies","Fantasy Butterflies","Dreamy Sakura","Dreamy Sakura","Dreamy Sakura","Dreamy Sakura","Dreamy Sakura","Deathly Ground","Faramita\u0027s Temptation","AT_Dispersion","AT_FamilyPortrait","Gone","Ghostly+1","Full Inky Sakura","Bomb","Dancing Butterflies","Unpaved Way","Dying Dream","Open The Fan","Trap Lamp"],"relics":["Coronal","Yuyuko\u0027s fan","AT_ATBox","REME_ComplimentaryCards","DaveBox","testmod-TestBox","DianDianMeat","testmod-Justice","NeowsBlessing","SynthV:TestCard","testmod-OneHitWonder","Kunai"],"acts_visited":["Exordium"],"potions_floor_usage":[16],"damage_taken":[{"damage":1,"enemies":"Cultist","floor":1,"turns":1},{"damage":1,"enemies":"3 Sentries","floor":6,"turns":1},{"damage":1,"enemies":"Small Slimes","floor":7,"turns":1},{"damage":10,"enemies":"2 Louse","floor":8,"turns":3},{"damage":44,"enemies":"Blue Slaver","floor":10,"turns":6},{"damage":16,"enemies":"Lots of Slimes","floor":12,"turns":2},{"damage":5,"enemies":"Large Slime","floor":13,"turns":5},{"damage":31,"enemies":"Looter","floor":14,"turns":5},{"damage":0,"enemies":"Hexaghost","floor":16,"turns":2}],"seed_played":"-6797621324003798747","potions_obtained":[{"floor":8,"key":"Dexterity Potion"},{"floor":13,"key":"conspire:TimeTravelPotion"},{"floor":14,"key":"AttackPotion"}],"is_trial":false,"path_per_floor":["M","?","?","$","?","E","M","M","T","M","R","M","M","M","R","B"],"character_chosen":"YUYOKO","items_purchased":[],"campfire_rested":0,"item_purchase_floors":[],"current_hp_per_floor":[45,49,54,54,47,52,58,60,60,44,44,44,62,61,61,62,62],"gold":183,"neow_bonus":"THREE_ENEMY_KILL","is_daily":false,"chose_seed":false,"campfire_upgraded":1,"win_rate":0.0,"timestamp":1612317891,"path_taken":["M","?","?","$","?","E","M","M","T","?","R","?","M","M","R","BOSS"],"items_purchased_type":[],"build_version":"2020-12-22","purchased_purges":0,"victory":false,"max_hp_per_floor":[46,50,55,55,55,61,68,76,76,86,86,96,107,119,119,119,119],"card_choices":[{"not_picked":["Steamed Phantom","Phantom Village"],"picked":"Gone","floor":1},{"not_picked":["Unreal","Final of Final","Unknown Petal","Wandering Soul"],"picked":"Full Inky Sakura","floor":6},{"not_picked":["Open The Fan","Linger over Flower","Dying Sakura","The Forgotten Winter"],"picked":"Bomb","floor":7},{"not_picked":["Reverse The Screen","Phantom Gift","Linger over Flower","Open The Fan"],"picked":"Dancing Butterflies","floor":8},{"not_picked":["End of Faramita","Gone","Elegance","Dark Wind"],"picked":"Unpaved Way","floor":10},{"not_picked":["Redemption of Death","Phantom Butterflies","End of Faramita","Gather the Spring"],"picked":"Dying Dream","floor":12},{"not_picked":["Bomb","Dying Butterflies","Phantom Butterflies","Death Dancing"],"picked":"Open The Fan","floor":13},{"not_picked":["Sweet of Phantom","Unknown Petal","Wandering Soul","Phantom Village"],"picked":"Trap Lamp","floor":14}],"player_experience":233795,"relics_obtained":[{"floor":1,"key":"SynthV:TestCard"},{"floor":6,"key":"Kunai"}],"event_choices":[{"damage_healed":0,"gold_gain":0,"player_choice":"Argue","damage_taken":0,"max_hp_gain":0,"max_hp_loss":0,"event_name":"conspire:LoneGhost","floor":2,"gold_loss":0},{"damage_healed":0,"gold_gain":0,"player_choice":"Box","damage_taken":0,"relics_obtained":["testmod-OneHitWonder"],"max_hp_gain":0,"max_hp_loss":0,"event_name":"Big Fish","floor":3,"gold_loss":0,"cards_obtained":["Regret"]},{"cards_removed":["Regret"],"damage_healed":0,"gold_gain":0,"player_choice":"Card Removal","damage_taken":7,"max_hp_gain":0,"max_hp_loss":0,"event_name":"Golden Wing","floor":5,"gold_loss":0}],"is_beta":false,"boss_relics":[],"items_purged_floors":[],"is_endless":false,"potions_floor_spawned":[8,13,14],"killed_by":"Hexaghost","ascension_level":0}}