{"host":"juoup3p5tvzzktl5","time":1612330189,"event":{"mods":["ATMod(∞¢Ë™Mod)","Act Like it!","Aspiration","BaseMod","Better Vampires","BetterRewards","Colored Map","Colored Powertips","Downfall","Friendly Minions","GifTheSpireLib","Hermit","Hubris","Infinite Spire","KinomotoSakuraMod(ƒæ÷Æ±æ”£)","Koishi","KomeijiMod","Marisa£®ÏF”Í°°ƒß¿Ì…≥£©","Minty Spire (QoL Compilation)","Quick Restart","Reimu£®≤©¿ˆ¡È√Œ£©","Relic Filter Mod","Reliquary","Replay The Spire","Shop Mod","StSLib","The Administrix","The Alterego","The Bug Knight","The Construct","The Cursed","The Jungle","The Mystic","The Runesmith","The Senshi","Youmu£®ªÍ∆«—˝√Œ£©","Yuyuko"],"gold_per_floor":[113,124,72,89,105,105,133,146,172,206,226,254,268,282,282,379,379,397,414,414,123,123,155,155,155,229,261,279,326,347,370,370,384,384,413,413,413,413,445,114,114,162,162,178,178],"floor_reached":44,"language":"ZHS","playtime":5162,"items_purged":["Strike_G","Defend_G","Strike_G","Defend_G","Defend_G"],"score":727,"play_id":"2188d04d-159c-4baa-8f90-1217f1b1002d","local_time":"20210203142949","is_ascension_mode":false,"campfire_choices":[{"floor":15.0,"key":"DIG"},{"data":"Defend_G","floor":32.0,"key":"PURGE"},{"data":"Strike_G","floor":32.0,"key":"PURGE"}],"circlet_count":0,"master_deck":["Strike_G","Defend_G","Survivor","Neutralize","Poisoned Stab","Slice","Acrobatics","Prepared","Pot Of Greed","Pot Of Greed","Acrobatics+1","Deadly Poison+1","Underhanded Strike","Dagger Throw","Noxious Fumes","Backflip","Bouncing Flask","Prepared","ReplayTheSpireMod:Necrosis+1","Poisoned Stab+1","Pot Of Greed","PiercingWail"],"relics":["Ring of the Snake","AT_ATBox","Replay:Multitool","bronze:BronzeIdol","MealTicket","reliquary:Bookmark","Mango","Letter Opener","infinitespire:Magic Flask","Grinning Jar","Question Card","RuthlessExorcism:ReiMu","construct:FoamFinger","hubris:AncientText","Akabeko","Replay:Fungal Core","Art of War","Calipers","hubris:Towel","Replay:Bandana","infinitespire:Eraser","AT_SilvercatRing","hubris:VirtuousBlindfold","hubris:EmptyBottle","Meat on the Bone","infinitespire:Satchel"],"acts_visited":["Exordium","TheCity","TheBeyond"],"potions_floor_usage":[42,42],"damage_taken":[{"damage":0.0,"enemies":"Cultist","floor":1.0,"turns":3.0},{"damage":2.0,"enemies":"Small Slimes","floor":2.0,"turns":3.0},{"damage":0.0,"enemies":"Jaw Worm","floor":4.0,"turns":2.0},{"damage":2.0,"enemies":"Exordium Wildlife","floor":5.0,"turns":3.0},{"damage":9.0,"enemies":"3 Sentries","floor":7.0,"turns":5.0},{"damage":1.0,"enemies":"Large Slime","floor":8.0,"turns":3.0},{"damage":10.0,"enemies":"Lagavulin","floor":10.0,"turns":5.0},{"damage":0.0,"enemies":"Looter","floor":11.0,"turns":2.0},{"damage":1.0,"enemies":"Replay:BlueRogue","floor":12.0,"turns":3.0},{"damage":0.0,"enemies":"Blue Slaver","floor":13.0,"turns":1.0},{"damage":0.0,"enemies":"Large Slime","floor":14.0,"turns":3.0},{"damage":3.0,"enemies":"Slime Boss","floor":16.0,"turns":8.0},{"damage":0.0,"enemies":"2 Thieves","floor":18.0,"turns":3.0},{"damage":0.0,"enemies":"Shell Parasite","floor":19.0,"turns":4.0},{"damage":15.0,"enemies":"HollowMod:Nosk","floor":23.0,"turns":5.0},{"damage":0.0,"enemies":"Shelled Parasite and Fungi","floor":27.0,"turns":3.0},{"damage":0.0,"enemies":"Sentry and Sphere","floor":28.0,"turns":2.0},{"damage":0.0,"enemies":"Gremlin Leader","floor":29.0,"turns":4.0},{"damage":3.0,"enemies":"Centurion and Healer","floor":30.0,"turns":4.0},{"damage":10.0,"enemies":"Shelled Parasite and Fungi","floor":31.0,"turns":4.0},{"damage":33.0,"enemies":"Collector","floor":33.0,"turns":7.0},{"damage":2.0,"enemies":"3 Shapes","floor":35.0,"turns":3.0},{"damage":4,"enemies":"3 Darklings","floor":39,"turns":3},{"damage":82,"enemies":"Reptomancer","floor":42,"turns":5},{"damage":8,"enemies":"Sphere and 2 Shapes","floor":44,"turns":3}],"seed_played":"-6608705899746605144","potions_obtained":[{"floor":2.0,"key":"SpeedPotion"},{"floor":4.0,"key":"Strength Potion"},{"floor":11.0,"key":"BlessingOfTheForge"},{"floor":12.0,"key":"MagicPotion:ReiMu"},{"floor":16.0,"key":"SkillPotion"},{"floor":27.0,"key":"Fire Potion"},{"floor":29.0,"key":"SkillPotion"},{"floor":31.0,"key":"PowerPotion"},{"floor":35.0,"key":"SteroidPotion"}],"is_trial":false,"path_per_floor":["M","M","$","M","M","R","E","M","T","E","M","E","M","M","R","B",null,"M","M","?","$","?","E","?","R","T","M","M","E","M","M","R","B",null,"M","?","?","?","M","$","$","E","T","M"],"character_chosen":"THE_SILENT","items_purchased":["Replay:Multitool","bronze:BronzeIdol","Poisoned Stab","MealTicket","reliquary:Bookmark","Mango","Acrobatics","Prepared","Letter Opener","infinitespire:Magic Flask","Grinning Jar","Acrobatics","Underhanded Strike","Calipers","hubris:EmptyBottle"],"campfire_rested":0,"item_purchase_floors":[0,0,0,0,0,0,0,0,0,0,0,0,3,21,40],"current_hp_per_floor":[42,40,55,55,53,78,69,68,68,58,58,57,57,57,57,54,84,84,84,84,84,84,69,69,69,69,69,69,69,66,56,56,23,84,82,82,82,82,78,84,84,2,2,0,0],"gold":178,"neow_bonus":"","is_daily":false,"chose_seed":false,"campfire_upgraded":0,"win_rate":0.0,"timestamp":1612330189,"path_taken":["M","?","?","M","M","R","E","M","T","E","M","E","M","M","R","BOSS","M","M","?","$","?","E","?","R","T","M","?","E","M","M","R","BOSS","M","?","?","?","M","?","$","E","T","M"],"items_purchased_type":["Relic","Relic","Card","Relic","Relic","Relic","Card","Card","Relic","Relic","Relic","Card","Card","Relic","Relic"],"build_version":"2020-12-22","purchased_purges":5,"victory":false,"max_hp_per_floor":[84,84,84,84,84,84,84,84,84,84,84,84,84,84,84,84,84,84,84,84,84,84,84,84,84,84,84,84,84,84,84,84,84,84,84,84,84,84,84,84,84,84,84,84,84],"card_choices":[{"not_picked":["Deflect","Quick Slash","Outmaneuver"],"picked":"SKIP","floor":1.0},{"not_picked":["AT_ShadowStep","AT_WindFlip"],"picked":"Deadly Poison","floor":2.0},{"not_picked":["Underhanded Strike","hubris:SlightOfHand"],"picked":"Dagger Throw","floor":4.0},{"not_picked":["Footwork","Acrobatics"],"picked":"Noxious Fumes","floor":5.0},{"not_picked":["AT_EssenceShift","Outmaneuver"],"picked":"Backflip","floor":7.0},{"not_picked":["Sucker Punch","PiercingWail","Expertise","Outmaneuver"],"picked":"SKIP","floor":8.0},{"not_picked":["PiercingWail","Deflect","Acrobatics"],"picked":"Bouncing Flask","floor":10.0},{"not_picked":["Hidden Blade","Cloak And Dagger","AT_WindFlip"],"picked":"Prepared","floor":11.0},{"not_picked":["Masterful Stab","Acrobatics","ReplayTheSpireMod:Speed Training"],"picked":"ReplayTheSpireMod:Necrosis","floor":12.0},{"not_picked":["Cloak And Dagger","Flechettes","Outmaneuver","Endless Agony"],"picked":"SKIP","floor":13.0},{"not_picked":["ReplayTheSpireMod:Exploit Weakness","Dodge and Roll","Dagger Spray","Dash"],"picked":"SKIP","floor":14.0},{"not_picked":["Quick Slash","Deflect+1","Sucker Punch","Outmaneuver"],"picked":"SKIP","floor":18.0},{"not_picked":["Quick Slash","Deflect+1","Sucker Punch","Outmaneuver"],"picked":"SKIP","floor":18.0},{"not_picked":["Slice","Blade Dance","ReplayTheSpireMod:The Works+1"],"picked":"Poisoned Stab+1","floor":19.0},{"not_picked":["Blur","Deadly Poison","Unload","Dagger Throw"],"picked":"SKIP","floor":23.0},{"not_picked":["Underhanded Strike","Concentrate","Deflect","Terror"],"picked":"SKIP","floor":27.0},{"not_picked":["Hidden Blade","Backflip+1","Poisoned Stab","ReplayTheSpireMod:Tripwire+1"],"picked":"SKIP","floor":28.0},{"not_picked":["AT_TwilightShroud","hubris:SlightOfHand","Outmaneuver","Hidden Blade+1"],"picked":"SKIP","floor":29.0},{"not_picked":["Hidden Blade","Poisoned Stab","Deadly Poison","Deflect"],"picked":"SKIP","floor":30.0},{"not_picked":["Flying Knee","Bane","Cloak And Dagger","Dagger Spray"],"picked":"SKIP","floor":31.0},{"not_picked":["Bane","Expertise","Slice","Poisoned Stab"],"picked":"SKIP","floor":35.0},{"not_picked":["AT_Desolate","Replay:Poison Smokescreen+1","Unload","Bane"],"picked":"SKIP","floor":39},{"not_picked":["Hidden Blade","Flying Knee+1","Deadly Poison+1","Dagger Spray"],"picked":"SKIP","floor":42}],"player_experience":1155405,"relics_obtained":[{"floor":7.0,"key":"Question Card"},{"floor":9.0,"key":"RuthlessExorcism:ReiMu"},{"floor":10.0,"key":"construct:FoamFinger"},{"floor":12.0,"key":"hubris:AncientText"},{"floor":15.0,"key":"Akabeko"},{"floor":23.0,"key":"Replay:Bandana"},{"floor":26.0,"key":"infinitespire:Eraser"},{"floor":29.0,"key":"AT_SilvercatRing"},{"floor":42,"key":"Meat on the Bone"},{"floor":43,"key":"infinitespire:Satchel"}],"event_choices":[{"damage_healed":0.0,"max_hp_gain":0.0,"max_hp_loss":0.0,"gold_gain":0.0,"event_name":"The Mausoleum","player_choice":"Opened","floor":20.0,"gold_loss":0.0,"damage_taken":0.0,"relics_obtained":["Art of War"],"cards_obtained":["Writhe"]},{"damage_healed":0.0,"max_hp_gain":0.0,"max_hp_loss":0.0,"gold_gain":0.0,"event_name":"NoteForYourself","player_choice":"Ignored","floor":24.0,"gold_loss":0.0,"damage_taken":0.0}],"is_beta":false,"boss_relics":[{"not_picked":["aspiration:RitualDagger","Velvet Choker"],"picked":"Replay:Fungal Core"},{"not_picked":["aspiration:SecretTechniqueScroll","Snecko Scales"],"picked":"hubris:VirtuousBlindfold"}],"items_purged_floors":[0,0,0,0,40],"is_endless":false,"potions_floor_spawned":[2,4,11,12,16,27,29,31,33,35],"killed_by":"Sphere and 2 Shapes","ascension_level":0}}