{"host":"8lno9xwgef3sjccz","time":1612310828,"event":{"mods":["AchievementEnabler","BaseMod","Minty Spire (QoL Compilation)","Relic Stats"],"gold_per_floor":[116,131,144,219,229,254,264,264,290,318,375,53,83,83,83,179,179,199,114,133,143,160,160,188,188,235,81,81,112,112,126,126,231,231,248,248,297,197,243,270,270,305,328,328,3,3,16,34,34,34,34,34,34,60,60,60],"floor_reached":55,"language":"ENG","playtime":2557,"items_purged":["Strike_B","Defend_B","Defend_B"],"score":871,"play_id":"309fde4e-4b99-4fd9-a545-8f14072f1e04","local_time":"20210202190708","is_ascension_mode":true,"campfire_choices":[{"data":"Capacitor","floor":15,"key":"SMITH"},{"data":"Echo Form","floor":23,"key":"SMITH"},{"data":"Biased Cognition","floor":25,"key":"SMITH"},{"data":"Defragment","floor":30,"key":"SMITH"},{"data":"Turbo","floor":32,"key":"SMITH"},{"floor":44,"key":"RECALL"},{"data":"Seek","floor":49,"key":"SMITH"},{"data":"Chill","floor":52,"key":"SMITH"}],"circlet_count":0,"master_deck":["Defend_B+1","Zap","Dualcast+1","Ball Lightning","Sweeping Beam","Cold Snap","Biased Cognition+1","Go for the Eyes","Skim","Electrodynamics","Capacitor+1","Turbo+1","Barrage+1","Echo Form+1","Electrodynamics+1","Redo+1","Hyperbeam+1","Compile Driver+1","Redo","Streamline+1","Chill+1","Bite+1","Bite+1","Bite+1","Bite+1","Defragment+1","Barrage+1","Seek+1","Steam Power+1","Hologram+1","Steam+1","Hologram","Amplify","Double Energy+1"],"relics":["Cracked Core","Oddly Smooth Stone","Thread and Needle","DataDisk","Bag of Preparation","MealTicket","Molten Egg 2","Pantograph","Astrolabe","Art of War","Symbiotic Virus","Happy Flower","Ancient Tea Set","Vajra","Philosopher\u0027s Stone","War Paint","Dead Branch","Bird Faced Urn","Letter Opener","Anchor","Strawberry"],"acts_visited":["Exordium","TheCity","TheBeyond","TheEnding"],"potions_floor_usage":[3,6,6,16,18,18,20,33,39,42,42,55,55],"damage_taken":[{"damage":0,"enemies":"Cultist","floor":1,"turns":4},{"damage":0,"enemies":"2 Louse","floor":2,"turns":3},{"damage":0,"enemies":"Small Slimes","floor":3,"turns":3},{"damage":10,"enemies":"Looter","floor":5,"turns":2},{"damage":10,"enemies":"3 Sentries","floor":6,"turns":5},{"damage":5,"enemies":"3 Louse","floor":7,"turns":3},{"damage":0,"enemies":"Gremlin Nob","floor":10,"turns":3},{"damage":0,"enemies":"3 Sentries","floor":11,"turns":5},{"damage":9,"enemies":"Lagavulin","floor":13,"turns":5},{"damage":10,"enemies":"Hexaghost","floor":16,"turns":6},{"damage":0,"enemies":"3 Byrds","floor":18,"turns":3},{"damage":0,"enemies":"Chosen","floor":20,"turns":2},{"damage":22,"enemies":"Centurion and Healer","floor":21,"turns":5},{"damage":22,"enemies":"Snake Plant","floor":22,"turns":4},{"damage":0,"enemies":"Gremlin Leader","floor":24,"turns":4},{"damage":18,"enemies":"Slavers","floor":29,"turns":3},{"damage":11,"enemies":"Shelled Parasite and Fungi","floor":31,"turns":3},{"damage":8,"enemies":"Automaton","floor":33,"turns":6},{"damage":16,"enemies":"3 Darklings","floor":35,"turns":2},{"damage":43,"enemies":"2 Orb Walkers","floor":39,"turns":3},{"damage":23,"enemies":"Reptomancer","floor":40,"turns":3},{"damage":23,"enemies":"Nemesis","floor":42,"turns":3},{"damage":0,"enemies":"3 Shapes","floor":47,"turns":1},{"damage":0,"enemies":"3 Darklings","floor":48,"turns":3},{"damage":15,"enemies":"Donu and Deca","floor":50,"turns":5},{"damage":0,"enemies":"Shield and Spear","floor":54,"turns":4},{"damage":77,"enemies":"The Heart","floor":55,"turns":3}],"seed_played":"316818107436488941","potions_obtained":[{"floor":1,"key":"DistilledChaos"},{"floor":3,"key":"EntropicBrew"},{"floor":6,"key":"SpeedPotion"},{"floor":7,"key":"PowerPotion"},{"floor":18,"key":"DistilledChaos"},{"floor":20,"key":"CultistPotion"},{"floor":24,"key":"Strength Potion"},{"floor":31,"key":"LiquidMemories"},{"floor":33,"key":"AttackPotion"},{"floor":42,"key":"Energy Potion"},{"floor":47,"key":"BlessingOfTheForge"}],"is_trial":false,"path_per_floor":["M","M","M","?","M","E","M","?","T","E","?","$","E","?","R","B",null,"M","?","M","M","M","R","E","R","T","$","?","E","R","M","R","B",null,"M","?","T","$","?","E","?","E","T","R","$","?","M","M","R","B",null,"R","$","E","B"],"character_chosen":"DEFECT","items_purchased":["Capacitor","MealTicket","Turbo","Ancient Tea Set","Anchor","Hologram"],"campfire_rested":0,"item_purchase_floors":[12,12,12,27,45,45],"current_hp_per_floor":[75,75,75,64,54,44,39,39,39,39,39,39,32,29,29,46,75,75,75,75,53,33,33,35,35,35,50,50,41,41,36,36,68,75,59,59,59,71,31,14,14,14,14,14,29,62,62,62,62,62,62,62,62,69,0,0],"gold":60,"neow_bonus":"RANDOM_COMMON_RELIC","is_daily":false,"chose_seed":false,"campfire_upgraded":7,"win_rate":0.0,"timestamp":1612310828,"path_taken":["M","M","M","?","M","E","M","?","T","E","?","$","E","?","R","BOSS","M","?","M","M","M","R","E","R","T","$","?","E","R","M","R","BOSS","M","?","?","$","?","E","?","E","T","R","$","?","M","M","R","BOSS","R","$","E","BOSS"],"items_purchased_type":["Card","Relic","Card","Relic","Relic","Card"],"build_version":"2020-12-22","purchased_purges":3,"victory":false,"max_hp_per_floor":[75,75,75,75,75,75,75,75,75,75,75,75,75,75,75,75,75,75,75,75,75,75,75,75,75,75,75,75,75,75,75,75,75,75,75,71,71,71,71,71,71,71,71,71,71,62,62,62,62,62,62,62,62,69,69,69],"relic_stats":{"Happy Flower":[13],"counters":[27,96],"Pantograph":50,"Astrolabe":["Electrodynamics","Redo","Hyperbeam"],"Dead Branch":[13],"Bird Faced Urn":[32],"MealTicket":42,"Bag of Preparation":[40],"Art of War":[13],"Letter Opener":[94],"War Paint":["Defend_B","Dualcast"],"obtain_stats":[{"Happy Flower":26,"Astrolabe":17,"Dead Branch":39,"Oddly Smooth Stone":0,"Vajra":29,"Thread and Needle":6,"Bag of Preparation":10,"Letter Opener":42,"War Paint":37,"Ancient Tea Set":27,"Blood Vial":11,"DataDisk":9,"Anchor":45,"Pantograph":14,"Bird Faced Urn":40,"Strawberry":54,"MealTicket":12,"Molten Egg 2":13,"Philosopher\u0027s Stone":34,"Art of War":19,"Cracked Core":0,"Symbiotic Virus":24},{"Happy Flower":15,"Astrolabe":10,"Dead Branch":20,"Oddly Smooth Stone":0,"Vajra":16,"Thread and Needle":5,"Bag of Preparation":7,"Letter Opener":22,"War Paint":19,"Ancient Tea Set":15,"Blood Vial":8,"DataDisk":6,"Anchor":22,"Pantograph":9,"Bird Faced Urn":21,"Strawberry":26,"MealTicket":8,"Molten Egg 2":9,"Philosopher\u0027s Stone":18,"Art of War":11,"Cracked Core":0,"Symbiotic Virus":15},{"Happy Flower":57,"Astrolabe":39,"Dead Branch":74,"Oddly Smooth Stone":0,"Vajra":60,"Thread and Needle":17,"Bag of Preparation":23,"Letter Opener":80,"War Paint":71,"Ancient Tea Set":57,"Blood Vial":28,"DataDisk":20,"Anchor":80,"Pantograph":33,"Bird Faced Urn":77,"Strawberry":93,"MealTicket":28,"Molten Egg 2":33,"Philosopher\u0027s Stone":69,"Art of War":42,"Cracked Core":0,"Symbiotic Virus":57}]},"card_choices":[{"not_picked":["Steam Power","Auto Shields"],"picked":"Ball Lightning","floor":1},{"not_picked":["Hologram","Go for the Eyes"],"picked":"Sweeping Beam","floor":2},{"not_picked":["Streamline","Coolheaded"],"picked":"Cold Snap","floor":3},{"not_picked":["Static Discharge","Stack"],"picked":"Biased Cognition","floor":5},{"not_picked":["Tempest","Sweeping Beam","Fusion"],"picked":"SKIP","floor":6},{"not_picked":["Redo","Barrage"],"picked":"Go for the Eyes","floor":7},{"not_picked":["Conserve Battery","Beam Cell"],"picked":"Skim","floor":10},{"not_picked":["Coolheaded","Redo"],"picked":"Electrodynamics","floor":11},{"not_picked":["Gash+1","Auto Shields"],"picked":"Barrage+1","floor":13},{"not_picked":["Machine Learning","Rainbow"],"picked":"Echo Form","floor":16},{"not_picked":["Redo","Sweeping Beam+1"],"picked":"Compile Driver+1","floor":18},{"not_picked":["Ball Lightning+1","Blizzard+1"],"picked":"Redo","floor":20},{"not_picked":["Compile Driver+1","Ball Lightning+1"],"picked":"Streamline+1","floor":21},{"not_picked":["Redo","Compile Driver+1","Scrape+1"],"picked":"SKIP","floor":22},{"not_picked":["Genetic Algorithm","Leap"],"picked":"Chill","floor":24},{"not_picked":["Reprogram+1","White Noise"],"picked":"Defragment","floor":29},{"not_picked":["Go for the Eyes+1","Storm+1"],"picked":"Barrage+1","floor":31},{"not_picked":["Rainbow","Fission"],"picked":"Seek","floor":33},{"not_picked":["Consume+1","Rebound+1"],"picked":"Steam Power+1","floor":35},{"not_picked":["Compile Driver+1","Fusion+1"],"picked":"Hologram+1","floor":39},{"not_picked":["Rebound+1","Go for the Eyes+1","Compile Driver+1"],"picked":"SKIP","floor":40},{"not_picked":["Aggregate","Rebound+1"],"picked":"Steam+1","floor":42},{"not_picked":["Beam Cell+1","Heatsinks"],"picked":"Amplify","floor":47},{"not_picked":["Static Discharge","Lockon+1","Chaos"],"picked":"SKIP","floor":48},{"not_picked":["Turbo","Rainbow"],"picked":"Double Energy+1","floor":54}],"player_experience":100480,"relics_obtained":[{"floor":6,"key":"Thread and Needle"},{"floor":9,"key":"DataDisk"},{"floor":10,"key":"Bag of Preparation"},{"floor":11,"key":"Blood Vial"},{"floor":13,"key":"Molten Egg 2"},{"floor":24,"key":"Symbiotic Virus"},{"floor":26,"key":"Happy Flower"},{"floor":29,"key":"Vajra"},{"floor":37,"key":"War Paint"},{"floor":39,"key":"Dead Branch"},{"floor":40,"key":"Bird Faced Urn"},{"floor":42,"key":"Letter Opener"},{"floor":54,"key":"Strawberry"}],"event_choices":[{"damage_healed":0,"gold_gain":75,"player_choice":"Gather Gold","damage_taken":11,"max_hp_gain":0,"max_hp_loss":0,"event_name":"World of Goop","floor":4,"gold_loss":0},{"damage_healed":0,"gold_gain":0,"player_choice":"Ignored","damage_taken":0,"max_hp_gain":0,"max_hp_loss":0,"event_name":"Golden Idol","floor":8,"gold_loss":0},{"damage_healed":0,"gold_gain":0,"player_choice":"Searched \u00271\u0027 times","damage_taken":0,"max_hp_gain":0,"max_hp_loss":0,"event_name":"Dead Adventurer","floor":11,"gold_loss":0},{"damage_healed":0,"gold_gain":0,"player_choice":"Success","damage_taken":3,"relics_obtained":["Pantograph"],"max_hp_gain":0,"max_hp_loss":0,"event_name":"Scrap Ooze","floor":14,"gold_loss":0},{"damage_healed":0,"gold_gain":0,"player_choice":"Obtained Relic","damage_taken":0,"relics_obtained":["Art of War"],"max_hp_gain":0,"max_hp_loss":0,"event_name":"Addict","floor":19,"gold_loss":85},{"damage_healed":0,"gold_gain":0,"player_choice":"Became a vampire (Vial)","damage_taken":0,"max_hp_gain":0,"max_hp_loss":0,"event_name":"Vampires","floor":28,"relics_lost":["Blood Vial"],"gold_loss":0,"cards_obtained":["Bite","Bite","Bite","Bite","Bite"]},{"damage_healed":0,"gold_gain":0,"player_choice":"Max HP","damage_taken":0,"max_hp_gain":0,"max_hp_loss":4,"event_name":"Winding Halls","floor":36,"gold_loss":0},{"damage_healed":0,"gold_gain":0,"player_choice":"Fight","damage_taken":0,"max_hp_gain":0,"max_hp_loss":0,"event_name":"Mysterious Sphere","floor":39,"gold_loss":0},{"cards_removed":["Bite"],"damage_healed":0,"gold_gain":0,"player_choice":"Removed Attack","damage_taken":0,"max_hp_gain":0,"max_hp_loss":0,"event_name":"Falling","floor":41,"gold_loss":0},{"damage_healed":62,"gold_gain":0,"player_choice":"Heal","damage_taken":0,"max_hp_gain":0,"max_hp_loss":9,"event_name":"The Moai Head","floor":46,"gold_loss":0}],"is_beta":false,"boss_relics":[{"not_picked":["Calling Bell","Tiny House"],"picked":"Astrolabe"},{"not_picked":["Inserter","SacredBark"],"picked":"Philosopher\u0027s Stone"}],"items_purged_floors":[12,38,45],"is_endless":false,"potions_floor_spawned":[1,3,6,7,10,18,20,24,31,33,35,42,47],"killed_by":"The Heart","ascension_level":1}}