{"host":"ttx8tv95o5vka1nm","time":1612330914,"event":{"mods":["AchievementEnabler","BaseMod","Colored Map","Downfall","Infinite Spire","Minty Spire (QoL Compilation)","Relic Filter Mod","Replay The Spire","Shop Mod","StSLib","The Jungle"],"gold_per_floor":[349,363,383,401,413,42,96,96,122,122,22,47,47,67,81,81,81,81],"floor_reached":16,"language":"ENG","playtime":1029,"items_purged":["bronze:Strike"],"score":112,"play_id":"1785ddc3-c8a1-420e-b856-93eaf7ad240c","local_time":"20210203154154","is_ascension_mode":false,"campfire_choices":[{"floor":1,"key":"RECALL"},{"data":"bronze:InfiniteBeams","floor":8,"key":"SMITH"},{"data":"bronze:Boost","floor":11,"key":"SMITH"},{"data":"bronze:Boost","floor":13,"key":"SMITH"}],"circlet_count":0,"master_deck":["bronze:Strike","bronze:Strike","bronze:Strike","bronze:Defend","bronze:Defend","bronze:Defend","bronze:Defend","bronze:Replicate","bronze:Goto","bronze:Optimize","bronze:WildBeam","bronze:OilSpill","bronze:ChosenStrike","bronze:Turbo","bronze:Flail","bronze:InfiniteBeams+1","bronze:Boost+1","bronze:Boost+1","bronze:WildBeam","bronze:Iterate"],"relics":["bronze:BronzeCore","MerchantsRug","downfall:HeartBlessingRed","Anchor"],"acts_visited":["Exordium"],"potions_floor_usage":[4,12,16],"damage_taken":[{"damage":0,"enemies":"Small Slimes","floor":2,"turns":4},{"damage":1,"enemies":"Cultist","floor":3,"turns":4},{"damage":0,"enemies":"2 Louse","floor":4,"turns":2},{"damage":8,"enemies":"Red Slaver","floor":5,"turns":4},{"damage":0,"enemies":"downfall:FleeingMerchant","floor":6,"turns":4},{"damage":15,"enemies":"Replay:BlueRogue","floor":9,"turns":4},{"damage":10,"enemies":"Gremlin Nob","floor":12,"turns":3},{"damage":0,"enemies":"2 Fungi Beasts","floor":14,"turns":3},{"damage":8,"enemies":"3 Louse","floor":15,"turns":2},{"damage":41,"enemies":"IC_STATUS_ARCHETYPE","floor":16,"turns":4}],"seed_played":"542188862554699013","potions_obtained":[{"floor":2,"key":"Fire Potion"},{"floor":4,"key":"hexamod:SoulburnPotion"},{"floor":9,"key":"Weak Potion"},{"floor":10,"key":"Strength Potion"},{"floor":10,"key":"SkillPotion"},{"floor":12,"key":"BlessingOfTheForge"}],"is_trial":false,"path_per_floor":["R","M","M","M","M","$","T","R","E","?","R","E","R","M","M","B"],"character_chosen":"THE_AUTOMATON","items_purchased":["MerchantsRug","bronze:Flail","bronze:InfiniteBeams"],"campfire_rested":0,"item_purchase_floors":[6,6,6],"current_hp_per_floor":[63,63,62,62,54,54,54,54,39,39,39,29,29,29,21,0,0,0],"gold":81,"neow_bonus":"TWO_FIFTY_GOLD","is_daily":false,"chose_seed":false,"campfire_upgraded":3,"win_rate":0.0,"timestamp":1612330914,"path_taken":["R","M","M","M","M","$","T","R","E","?","R","E","R","M","M","BOSS"],"items_purchased_type":["Relic","Card","Card"],"build_version":"2020-12-22","purchased_purges":1,"victory":false,"max_hp_per_floor":[63,63,63,63,63,63,63,63,63,63,63,63,63,63,63,63,63,63],"card_choices":[{"not_picked":["bronze:BuggyMess","bronze:ItsAFeature"],"picked":"bronze:Optimize","floor":2},{"not_picked":["bronze:DelayedSlice","bronze:Deprecate"],"picked":"bronze:WildBeam","floor":3},{"not_picked":["bronze:Deprecate","bronze:ClassDefault"],"picked":"bronze:OilSpill","floor":4},{"not_picked":["bronze:WildBeam","bronze:OilSpill"],"picked":"bronze:ChosenStrike","floor":5},{"not_picked":["bronze:ChosenStrike","bronze:DigitalCarnage"],"picked":"bronze:Turbo","floor":6},{"not_picked":["bronze:InfiniteLoop","bronze:Branch"],"picked":"bronze:Boost","floor":9},{"not_picked":["bronze:BronzeOrb","bronze:FollowUp"],"picked":"bronze:Boost","floor":12},{"not_picked":["bronze:Overload","bronze:Refactor"],"picked":"bronze:WildBeam","floor":14},{"not_picked":["bronze:Invalidate","bronze:WildBeam"],"picked":"bronze:Iterate","floor":15}],"player_experience":974414,"relics_obtained":[{"floor":9,"key":"Dream Catcher"},{"floor":12,"key":"Anchor"}],"event_choices":[],"is_beta":false,"boss_relics":[],"items_purged_floors":[6],"is_endless":false,"potions_floor_spawned":[2,4,9,12],"killed_by":"IC_STATUS_ARCHETYPE","ascension_level":0}}