{"host":"kvdgttz6fg1t1san","time":1612313779,"event":{"mods":["Aspiration","BaseMod","Colored Map","Downfall","Halation","Hubris","Lobotomy","Minty Spire (QoL Compilation)","Replay The Spire","StSLib"],"gold_per_floor":[99,112,58,73,87,119,119,154,154,168,179,179,279,290,309,409,409,409,428,443,443,289,308,308,102,26,26,26,46,46,81,94,195,195,95,95,106,116,116,147,147,47,59,59,59,87,87,119,19,19,19,44,8,8,8,8],"floor_reached":57,"language":"ENG","playtime":2600,"items_purged":["bronze:Strike","bronze:Defend"],"score":1571,"play_id":"6369ad94-c234-4178-a132-4b0bad5d0b6a","local_time":"20210202195619","is_ascension_mode":true,"campfire_choices":[{"data":"bronze:Goto","floor":1,"key":"SMITH"},{"data":"bronze:ClassDefault","floor":18,"key":"SMITH"},{"floor":27,"key":"RECALL"},{"data":"bronze:FineTuning","floor":30,"key":"SMITH"},{"floor":35,"key":"REST"},{"floor":42,"key":"REST"},{"floor":45,"key":"REST"},{"floor":49,"key":"REST"},{"floor":54,"key":"REST"}],"circlet_count":0,"master_deck":["bronze:ChosenStrike+1","bronze:Strike+1","bronze:Defend+1","bronze:Replicate+1","bronze:Goto+1","bronze:Branch+1","bronze:FineTuning+1","bronze:Terminator+1","bronze:WhirlingStrike","bronze:Separator","bronze:ClassDefault+1","Replay:SS_fish_1+1"],"relics":["bronze:BronzeCore","Orichalcum","hubris:Reverence","Du-Vu Doll","halation:EternalFortune","Empty Cage","Whetstone","hubris:CrystalStatue","Membership Card","Medical Kit","hubris:Potato","Fusion Hammer","downfall:HeartBlessingRed","hubris:PeanutButter","Iron Hammer","downfall:HeartBlessingBlue","halation:PinkSoulGem","Turnip","War Paint","downfall:HeartBlessingGreen","Blood Vial"],"acts_visited":["Exordium","TheCity","TheBeyond","TheEnding"],"potions_floor_usage":[16,22,52,55,56,56],"damage_taken":[{"damage":0,"enemies":"2 Louse","floor":2,"turns":1},{"damage":0,"enemies":"downfall:FleeingMerchant","floor":3,"turns":4},{"damage":0,"enemies":"Jaw Worm","floor":4,"turns":1},{"damage":0,"enemies":"Cultist","floor":5,"turns":2},{"damage":8,"enemies":"Lagavulin","floor":6,"turns":4},{"damage":0,"enemies":"Replay:BlueRogue","floor":8,"turns":2},{"damage":0,"enemies":"Red Slaver","floor":10,"turns":1},{"damage":4,"enemies":"Blue Slaver","floor":11,"turns":3},{"damage":3,"enemies":"Gremlin Gang","floor":14,"turns":2},{"damage":12,"enemies":"Exordium Thugs","floor":15,"turns":2},{"damage":26,"enemies":"DF_ARCHETYPE_STREAMLINE","floor":16,"turns":5},{"damage":0,"enemies":"Shell Parasite","floor":19,"turns":1},{"damage":7,"enemies":"3 Byrds","floor":20,"turns":4},{"damage":7,"enemies":"downfall:FleeingMerchant","floor":22,"turns":3},{"damage":0,"enemies":"Centurion and Healer","floor":23,"turns":2},{"damage":0,"enemies":"Snecko","floor":29,"turns":1},{"damage":0,"enemies":"Slavers","floor":31,"turns":3},{"damage":0,"enemies":"Shelled Parasite and Fungi","floor":32,"turns":2},{"damage":13,"enemies":"IC_MUSHROOM_ARCHETYPE","floor":33,"turns":3},{"damage":0,"enemies":"3 Darklings","floor":37,"turns":2},{"damage":8,"enemies":"3 Shapes","floor":38,"turns":2},{"damage":24,"enemies":"R_Hoarder","floor":40,"turns":7},{"damage":0,"enemies":"Jaw Worm Horde","floor":43,"turns":2},{"damage":0,"enemies":"Reptomancer","floor":46,"turns":1},{"damage":6,"enemies":"Giant Head","floor":48,"turns":3},{"damage":13,"enemies":"WA_ARCHETYPE_DIVINITY","floor":50,"turns":4},{"damage":24,"enemies":"downfall:CharBossMerchant","floor":52,"turns":4},{"damage":33,"enemies":"downfall:NeowBoss","floor":55,"turns":8},{"damage":37,"enemies":"downfall:NeowBossFinal","floor":56,"turns":6}],"seed_played":"2124738614471907831","potions_obtained":[{"floor":2,"key":"PowerPotion"},{"floor":4,"key":"Energy Potion"},{"floor":5,"key":"Weak Potion"},{"floor":20,"key":"SkillPotion"},{"floor":23,"key":"LiquidBronze"},{"floor":29,"key":"ColorlessPotion"},{"floor":46,"key":"Fire Potion"}],"is_trial":false,"path_per_floor":["R_BF","M","$","M","M","E","T","E","?","M","M","?","?","M","M","B",null,"R","M","M","?","$","M","T","$","$","R","?","M","R","E","M","B",null,"R","?","M","M","$","E","T","R","M","?","R","E","?","E","R","B",null,"E","$","R","B","B",null],"character_chosen":"THE_AUTOMATON","items_purchased":["bronze:Terminator","Whetstone","hubris:CrystalStatue","Membership Card","Medical Kit","bronze:BurnAndBuffPotion"],"campfire_rested":5,"item_purchase_floors":[3,22,22,25,26,53],"current_hp_per_floor":[70,70,70,70,70,62,62,62,65,68,64,64,64,61,49,23,76,76,76,69,61,54,57,57,57,57,57,65,68,68,68,71,61,88,88,88,88,80,80,56,56,95,95,95,98,98,98,92,98,85,98,74,74,98,65,30],"gold":8,"neow_bonus":"REMOVE_CARD","is_daily":false,"chose_seed":false,"campfire_upgraded":3,"win_rate":0.0,"timestamp":1612313779,"path_taken":["R_BF","M","$","M","M","E","T","E","?","M","M","?","?","M","M","BOSS","R","M","M","?","$","?","T","?","$","R","?","?","R","E","M","BOSS","R","?","M","?","$","E","T","R","M","?","R","E","?","E","R","BOSS","E","$","R","BOSS","BOSS"],"items_purchased_type":["Card","Relic","Relic","Relic","Relic","Potion"],"build_version":"2020-12-22","purchased_purges":2,"victory":true,"max_hp_per_floor":[70,70,70,70,70,70,70,70,73,76,76,76,76,76,76,76,76,76,76,76,76,76,79,79,79,79,79,79,82,82,82,85,88,88,88,88,88,88,88,88,88,98,98,98,98,98,98,98,98,98,98,98,98,98,98,98],"card_choices":[{"not_picked":["bronze:MaxOutput","bronze:Repulsor"],"picked":"bronze:Branch","floor":2},{"not_picked":["bronze:Shell","bronze:ChosenStrike"],"picked":"bronze:FineTuning","floor":3},{"not_picked":["bronze:Invalidate","bronze:FindAndReplace"],"picked":"bronze:WhirlingStrike","floor":4},{"not_picked":["bronze:DelayedGuard","bronze:Shell","bronze:NullPointer"],"picked":"SKIP","floor":5},{"not_picked":["bronze:WhirlingStrike","bronze:BitShift"],"picked":"bronze:Separator","floor":6},{"not_picked":["bronze:Overheat","bronze:AlphaBuild","bronze:Shield"],"picked":"SKIP","floor":8},{"not_picked":["bronze:Overheat","bronze:AlphaBuild","bronze:Shield"],"picked":"SKIP","floor":8},{"not_picked":["bronze:BitShift","bronze:Frontload","bronze:DelayedGuard"],"picked":"SKIP","floor":10},{"not_picked":["bronze:Separator","bronze:Shell","bronze:DarkDash"],"picked":"SKIP","floor":11},{"not_picked":["bronze:Branch","bronze:CutThrough"],"picked":"bronze:ClassDefault","floor":14},{"not_picked":["bronze:Overload","bronze:Repair","bronze:Overheat"],"picked":"SKIP","floor":15},{"not_picked":["bronze:Turbo+1","bronze:Frontload","bronze:Optimize"],"picked":"SKIP","floor":19},{"not_picked":["bronze:DelayedSlice","bronze:Fortify","bronze:ForLoop"],"picked":"SKIP","floor":20},{"not_picked":["bronze:BugBarrage","bronze:DelayedSlice","bronze:Shield+1"],"picked":"SKIP","floor":22},{"not_picked":["bronze:Separator","bronze:Overheat","bronze:DarkDash"],"picked":"SKIP","floor":23},{"not_picked":["bronze:Repair","bronze:Frontload","bronze:CutThrough"],"picked":"SKIP","floor":29},{"not_picked":["bronze:WhirlingStrike","bronze:BurnOut","bronze:Terminator+1"],"picked":"SKIP","floor":31},{"not_picked":["bronze:FineTuning","bronze:WhirlingStrike+1","bronze:BuggyMess"],"picked":"SKIP","floor":32},{"not_picked":["bronze:WildBeam+1","bronze:Turbo+1","bronze:WhirlingStrike"],"picked":"SKIP","floor":37},{"not_picked":["bronze:DelayedSlice","bronze:WildBeam","bronze:BugBarrage"],"picked":"SKIP","floor":38},{"not_picked":["bronze:DigitalCarnage","bronze:SpaghettiCode","bronze:ThunderWave"],"picked":"SKIP","floor":40},{"not_picked":["bronze:Frontload+1","bronze:Separator+1","bronze:Branch"],"picked":"SKIP","floor":43},{"not_picked":["bronze:WhirlingStrike","bronze:MaxOutput+1","bronze:Frontload"],"picked":"SKIP","floor":46},{"not_picked":["expansioncontent:PrepareCrush","expansioncontent:Hexaburn"],"picked":"Replay:SS_fish_1","floor":47},{"not_picked":["bronze:Safeguard","bronze:ChosenStrike","bronze:DelayedGuard"],"picked":"SKIP","floor":48},{"not_picked":["bronze:Shell","bronze:Separator+1","bronze:Invalidate+1"],"picked":"SKIP","floor":52}],"player_experience":151796,"relics_obtained":[{"floor":6,"key":"Orichalcum"},{"floor":7,"key":"hubris:Reverence"},{"floor":8,"key":"Du-Vu Doll"},{"floor":10,"key":"halation:EternalFortune"},{"floor":23,"key":"halation:EternalFortune"},{"floor":29,"key":"halation:EternalFortune"},{"floor":31,"key":"hubris:Potato"},{"floor":32,"key":"halation:EternalFortune"},{"floor":33,"key":"halation:EternalFortune"},{"floor":40,"key":"hubris:PeanutButter"},{"floor":41,"key":"Iron Hammer"},{"floor":46,"key":"Turnip"},{"floor":48,"key":"War Paint"},{"floor":52,"key":"Blood Vial"}],"event_choices":[],"is_beta":false,"boss_relics":[{"not_picked":["Abe\u0027s Treasure","halation:LoveArrow"],"picked":"Empty Cage"},{"not_picked":["aspiration:SilentSkillbook","halation:Yufonium"],"picked":"Fusion Hammer"}],"items_purged_floors":[22,25],"is_endless":false,"potions_floor_spawned":[2,4,5,6,14,20,23,29,40,46,48],"ascension_level":1}}