{"host":"rf8f5793azs0jd9i","time":1612338059,"event":{"mods":["AchievementEnabler","Aspiration","BaseMod","Colored Powertips","Hubris","Infinite Spire","Minty Spire (QoL Compilation)","Replay The Spire","StSLib"],"gold_per_floor":[111,111,186,186,186,217,229,229,229],"floor_reached":8,"language":"ENG","playtime":319,"items_purged":[],"score":59,"play_id":"bf31af47-1d97-4978-a0bf-98d99711f6fa","local_time":"20210203014059","is_ascension_mode":true,"campfire_choices":[],"circlet_count":0,"master_deck":["Strike_R","Strike_R","Strike_R","Strike_R","Defend_R","Defend_R","Defend_R","Bash","ReplayTheSpireMod:Muscle Training","Scorching Beam","Pommel Strike"],"relics":["Burning Blood","aspiration:Nostalgia","Iron Core","Question Card","hubris:TenFootPole"],"acts_visited":["Exordium"],"potions_floor_usage":[8],"damage_taken":[{"damage":16,"enemies":"Jaw Worm","floor":1,"turns":4},{"damage":33,"enemies":"Gremlin Nob","floor":6,"turns":4},{"damage":1,"enemies":"2 Louse","floor":7,"turns":2},{"damage":38,"enemies":"3 Sentries","floor":8,"turns":8}],"seed_played":"1712778355074100718","potions_obtained":[{"floor":6,"key":"EssenceOfSteel"},{"floor":7,"key":"Strength Potion"}],"is_trial":false,"path_per_floor":["M","?","?","?","T","E","M","E"],"character_chosen":"IRONCLAD","items_purchased":[],"campfire_rested":0,"item_purchase_floors":[],"current_hp_per_floor":[70,70,59,59,59,32,37,0,0],"gold":229,"neow_bonus":"NOSTALGIA","is_daily":false,"chose_seed":false,"campfire_upgraded":0,"win_rate":0.0,"timestamp":1612338059,"path_taken":["M","?","?","?","?","E","?","E"],"items_purchased_type":[],"build_version":"2020-12-22","purchased_purges":0,"victory":false,"max_hp_per_floor":[80,80,80,80,80,80,80,80,80],"card_choices":[{"not_picked":["Heavy Blade","Rip and Tear"],"picked":"ReplayTheSpireMod:Muscle Training","floor":1},{"not_picked":["Burning Pact","Clash","ReplayTheSpireMod:GoodbyeWorld"],"picked":"Scorching Beam","floor":6},{"not_picked":["Scorching Beam","Sword Boomerang","Life Link"],"picked":"Pommel Strike","floor":7}],"player_experience":10103,"relics_obtained":[{"floor":5,"key":"Question Card"},{"floor":6,"key":"hubris:TenFootPole"}],"event_choices":[{"damage_healed":0,"gold_gain":75,"player_choice":"Gather Gold","damage_taken":11,"max_hp_gain":0,"max_hp_loss":0,"event_name":"World of Goop","floor":3,"gold_loss":0},{"cards_removed":["Strike_R"],"damage_healed":0,"gold_gain":0,"player_choice":"Forget","damage_taken":0,"max_hp_gain":0,"max_hp_loss":0,"event_name":"Living Wall","floor":4,"gold_loss":0}],"is_beta":false,"boss_relics":[],"items_purged_floors":[],"is_endless":false,"potions_floor_spawned":[6,7],"killed_by":"3 Sentries","ascension_level":2}}