{"host":"25fn74ijs2305xd4","time":1612352806,"event":{"mods":["AchievementEnabler","BaseMod","Colored Map","Colored Powertips","Dark Map","Minty Spire (QoL Compilation)","Relic Stats","StSLib"],"gold_per_floor":[112,125,125,10,28,28,38,57,57,84,2,2,2],"floor_reached":12,"language":"POL","playtime":506,"items_purged":["Strike_B"],"score":108,"play_id":"077c7652-512e-4f3c-9f2d-ca32a81b0cec","local_time":"20210203124646","is_ascension_mode":true,"campfire_choices":[{"data":"Consume","floor":6,"key":"SMITH"}],"circlet_count":0,"master_deck":["Strike_B","Strike_B","Strike_B","Defend_B","Defend_B","Defend_B","Defend_B","Zap","Dualcast","Consume+1","Coolheaded","Defragment","Conserve Battery","Capacitor","Creative AI","FTL"],"relics":["Black Star","CultistMask","Vajra","Mango"],"acts_visited":["Exordium"],"potions_floor_usage":[12,12,12],"damage_taken":[{"damage":18,"enemies":"Jaw Worm","floor":1,"turns":5},{"damage":5,"enemies":"Cultist","floor":2,"turns":4},{"damage":9,"enemies":"Small Slimes","floor":5,"turns":5},{"damage":6,"enemies":"Blue Slaver","floor":7,"turns":6},{"damage":14,"enemies":"3 Louse","floor":8,"turns":6},{"damage":4,"enemies":"Lagavulin","floor":10,"turns":9},{"damage":39,"enemies":"Gremlin Nob","floor":12,"turns":6}],"seed_played":"53650753194022859","potions_obtained":[{"floor":1,"key":"GamblersBrew"},{"floor":2,"key":"Weak Potion"},{"floor":8,"key":"Fire Potion"},{"floor":10,"key":"Block Potion"}],"is_trial":false,"path_per_floor":["M","M","?","$","M","R","M","M","T","E","$","E"],"character_chosen":"DEFECT","items_purchased":["Defragment","FTL"],"campfire_rested":0,"item_purchase_floors":[4,11],"current_hp_per_floor":[50,45,45,45,36,36,30,16,16,26,26,0,0],"gold":2,"neow_bonus":"BOSS_RELIC","is_daily":false,"chose_seed":false,"campfire_upgraded":1,"win_rate":0.0,"timestamp":1612352806,"path_taken":["M","M","?","$","?","R","M","M","T","E","$","E"],"items_purchased_type":["Card","Card"],"build_version":"2020-12-22","purchased_purges":1,"victory":false,"max_hp_per_floor":[75,75,75,75,75,75,75,75,75,89,89,89,89],"relic_stats":{"counters":[7,41],"Black Star":1,"obtain_stats":[{"Vajra":10,"Mango":10,"CultistMask":3,"Black Star":0,"Cracked Core":0},{"Vajra":6,"Mango":6,"CultistMask":2,"Black Star":0,"Cracked Core":0},{"Vajra":35,"Mango":35,"CultistMask":9,"Black Star":0,"Cracked Core":0}]},"card_choices":[{"not_picked":["Hologram","White Noise"],"picked":"Consume","floor":1},{"not_picked":["Steam Power","Turbo"],"picked":"Coolheaded","floor":2},{"not_picked":["Force Field","Genetic Algorithm"],"picked":"Conserve Battery","floor":5},{"not_picked":["Compile Driver","Steam","Stack"],"picked":"SKIP","floor":7},{"not_picked":["Streamline","Scrape"],"picked":"Capacitor","floor":8},{"not_picked":["Thunder Strike","Stack"],"picked":"Creative AI","floor":10}],"player_experience":85241,"relics_obtained":[{"floor":10,"key":"Vajra"},{"floor":10,"key":"Mango"}],"event_choices":[{"damage_healed":0,"gold_gain":0,"player_choice":"Trade","damage_taken":0,"relics_obtained":["CultistMask"],"max_hp_gain":0,"max_hp_loss":0,"event_name":"FaceTrader","floor":3,"gold_loss":0}],"is_beta":false,"boss_relics":[],"items_purged_floors":[4],"is_endless":false,"potions_floor_spawned":[1,2,8,10],"killed_by":"Gremlin Nob","ascension_level":7}}