{"host":"fzjk61lpi4bwj033","time":1612320900,"event":{"mods":["Ascension Unlocker","BaseMod","Conspire","Hermit","Hubris","Infinite Spire","Jorbs\u0027s Wanderer Trilogy","Minty Spire (QoL Compilation)","Rare Cards Sparkle","Replay The Spire","StSLib","The Jungle"],"gold_per_floor":[110,110,124,138,138,138,134,167,214,214,214,214,214],"floor_reached":12,"language":"ENG","playtime":286,"items_purged":["infinitespire:Pacifist"],"score":152,"play_id":"eaab4654-c809-4192-ad55-460a69083910","local_time":"20210202205500","is_ascension_mode":true,"campfire_choices":[{"data":"hermit:FlashPowder","floor":6,"key":"SMITH"}],"circlet_count":0,"master_deck":["AscendersBane","hermit:Strike_Hermit","hermit:Strike_Hermit","hermit:Strike_Hermit","hermit:Strike_Hermit","hermit:Defend_Hermit","hermit:Defend_Hermit","hermit:Defend_Hermit","hermit:Defend_Hermit","hermit:Snapshot","hermit:Covet","hermit:Brawl","hermit:Coalescence","hermit:FlashPowder+1","hermit:SprayPray","hermit:Glare"],"relics":["hermit:Momento","NeowsBlessing","Centennial Puzzle","ReplayTheSpireMod:CursedCoin","hubris:OldNail","Replay:Mystery Machine"],"acts_visited":["Exordium"],"potions_floor_usage":[8,8],"damage_taken":[{"damage":0,"enemies":"Small Slimes","floor":1,"turns":2},{"damage":0,"enemies":"Cultist","floor":3,"turns":1},{"damage":0,"enemies":"2 Louse","floor":4,"turns":2},{"damage":31,"enemies":"Gremlin Nob","floor":8,"turns":4},{"damage":37,"enemies":"3 Sentries","floor":12,"turns":7}],"seed_played":"-1892282177761299414","potions_obtained":[{"floor":1,"key":"Ancient Potion"},{"floor":2,"key":"PowerPotion"}],"is_trial":false,"path_per_floor":["M","?","M","M","?","R","$","E","T","PTL","PTL","E"],"character_chosen":"HERMIT","items_purchased":["ReplayTheSpireMod:CursedCoin","hermit:SprayPray","SteroidPotion"],"campfire_rested":0,"item_purchase_floors":[7,7,7],"current_hp_per_floor":[64,64,64,64,64,64,64,33,33,33,33,0,0],"gold":214,"neow_bonus":"THREE_ENEMY_KILL","is_daily":false,"chose_seed":false,"campfire_upgraded":1,"win_rate":0.0,"timestamp":1612320900,"path_taken":["M","?","M","?","?","R","$","E","T","PTL","PTL","E"],"items_purchased_type":["Relic","Card","Potion"],"build_version":"2020-12-22","purchased_purges":1,"victory":false,"max_hp_per_floor":[71,71,71,71,71,71,71,71,71,71,71,71,71],"card_choices":[{"not_picked":["hermit:TrackingShot","hermit:SprayPray"],"picked":"hermit:Brawl","floor":1},{"not_picked":["hermit:CursedWeapon","hermit:Malice"],"picked":"hermit:Coalescence","floor":3},{"not_picked":["hermit:BigShot","hermit:Roulette"],"picked":"hermit:FlashPowder","floor":4},{"not_picked":["hermit:CalledShot","hermit:Headshot"],"picked":"hermit:Glare","floor":8}],"player_experience":775580,"relics_obtained":[{"floor":8,"key":"hubris:OldNail"},{"floor":9,"key":"Replay:Mystery Machine"}],"event_choices":[{"damage_healed":0,"gold_gain":0,"player_choice":"Got Potions","damage_taken":0,"max_hp_gain":0,"max_hp_loss":0,"event_name":"Lab","floor":2,"gold_loss":0},{"damage_healed":0,"gold_gain":0,"player_choice":"Gave Potion","damage_taken":0,"relics_obtained":["Centennial Puzzle"],"max_hp_gain":0,"max_hp_loss":0,"event_name":"WeMeetAgain","floor":5,"gold_loss":0}],"is_beta":false,"boss_relics":[],"items_purged_floors":[7],"is_endless":false,"potions_floor_spawned":[1],"killed_by":"3 Sentries","ascension_level":20}}