{"host":"684z1xpuwaoqmmh1","time":1612366013,"event":{"mods":["A Magickal Journey","BaseMod","Dio Mod","Downfall","Hermit","Jorbs\u0027s Wanderer Trilogy","Marisa????????","Minty Spire (QoL Compilation)","Robot Space Explorer","Shade Mod","StSLib","The Dragon Tamer","The Elementalist","The Hayseed","The Hierophant","The Marked","The Mystic","The Runesmith","The Saiyan","The Vixen","TheBandit","TheFirefly"],"gold_per_floor":[90,90,101,111,130,170,200,236,262,262,296,296,339,372,372,507,507,535,535,558,483,92,92,92],"floor_reached":23,"language":"ENG","playtime":1389,"items_purged":["Saiyan:SAIYA_Strike"],"score":252,"play_id":"1828700e-a2ea-44df-9c37-c05edaecbb0e","local_time":"20210203172653","is_ascension_mode":true,"campfire_choices":[{"floor":10,"key":"REST"},{"floor":15,"key":"REST"}],"circlet_count":0,"master_deck":["Saiyan:SAIYA_Strike","Saiyan:SAIYA_Strike","Saiyan:SAIYA_Strike","Saiyan:SAIYA_Defend","Saiyan:SAIYA_Defend","Saiyan:SAIYA_Defend","Saiyan:SAIYA_Defend","Saiyan:EnergyBlast","Saiyan:KaioKen","Saiyan:RuthlessBlow","Saiyan:Rekindle","Saiyan:Quickening","Saiyan:MonkeyTail","Saiyan:Teleport","Saiyan:Furor","Saiyan:Overexert","Saiyan:Rekindle","Saiyan:ConcussiveBlow","Saiyan:DragonFist","Saiyan:GenkiDama","Saiyan:SoulSpice","Saiyan:KameHameHa","Saiyan:Quickening"],"relics":["SaiyanSoul","SaiyanHeart","WarpedTongs","CeramicFish","Centennial Puzzle","bronze:BronzeIdol","Orichalcum","Kunai","Golden Idol","Tiny Chest","Black Star","OrangePellets","Akabeko"],"acts_visited":["Exordium","TheCity"],"potions_floor_usage":[13,13,16,23],"damage_taken":[{"damage":0.0,"enemies":"Cultist","floor":1.0,"turns":3.0},{"damage":4.0,"enemies":"Small Slimes","floor":3.0,"turns":4.0},{"damage":9.0,"enemies":"Jaw Worm","floor":4.0,"turns":3.0},{"damage":11.0,"enemies":"3 Louse","floor":5.0,"turns":3.0},{"damage":4.0,"enemies":"Lagavulin","floor":6.0,"turns":5.0},{"damage":18,"enemies":"3 Sentries","floor":8,"turns":6},{"damage":25,"enemies":"Gremlin Nob","floor":11,"turns":5},{"damage":17,"enemies":"Lagavulin","floor":13,"turns":7},{"damage":6,"enemies":"Looter","floor":14,"turns":3},{"damage":18,"enemies":"Slime Boss","floor":16,"turns":8},{"damage":24,"enemies":"Spheric Guardian","floor":18,"turns":6},{"damage":27,"enemies":"3 Byrds","floor":20,"turns":6},{"damage":17,"enemies":"Gremlin Leader","floor":23,"turns":4}],"seed_played":"5670147063601082220","potions_obtained":[{"floor":0.0,"key":"Ancient Potion"},{"floor":0.0,"key":"Regen Potion"},{"floor":0.0,"key":"Swift Potion"},{"floor":1.0,"key":"SpeedPotion"},{"floor":3.0,"key":"FearPotion"},{"floor":4.0,"key":"Weak Potion"},{"floor":8,"key":"Slimebound:ThreeZeroPotion"},{"floor":14,"key":"Weak Potion"},{"floor":20,"key":"Strength Potion"}],"is_trial":false,"path_per_floor":["M","?","M","M","M","E","?","E","T","R","E","?","E","M","R","B",null,"M","?","M","?","$","E"],"character_chosen":"SAIYAJIN","items_purchased":["OrangePellets","Akabeko","Saiyan:Quickening"],"campfire_rested":2,"item_purchase_floors":[22,22,22],"current_hp_per_floor":[61,61,60,61,51,48,48,31,31,51,27,27,11,5,24,7,66,42,42,16,16,16,0,0],"gold":92,"neow_bonus":"THREE_SMALL_POTIONS","is_daily":false,"chose_seed":false,"campfire_upgraded":0,"win_rate":0.0,"timestamp":1612366013,"path_taken":["M","?","M","M","?","E","?","E","T","R","E","?","E","M","R","BOSS","M","?","M","?","$","E"],"items_purchased_type":["Relic","Relic","Card"],"build_version":"2020-12-22","purchased_purges":1,"victory":false,"max_hp_per_floor":[61,61,64,65,66,67,67,68,68,68,69,64,65,65,65,66,66,66,66,67,67,67,68,68],"card_choices":[{"not_picked":["Saiyan:PlotArmor","Saiyan:RemoveWeights"],"picked":"Saiyan:Rekindle","floor":1.0},{"not_picked":["Saiyan:BackAttack","Saiyan:RemoveWeights"],"picked":"Saiyan:Quickening","floor":3.0},{"not_picked":["Saiyan:ExpandingShockwave","Saiyan:KiExplosion"],"picked":"Saiyan:MonkeyTail","floor":4.0},{"not_picked":["Saiyan:SpiritSword","Saiyan:Honing"],"picked":"Saiyan:Teleport","floor":5.0},{"not_picked":["Saiyan:Scouter","Saiyan:Reset"],"picked":"Saiyan:Furor","floor":6},{"not_picked":["Saiyan:ReverberatingForce","Saiyan:ExpandingShockwave"],"picked":"Saiyan:Overexert","floor":8},{"not_picked":["Saiyan:ReverberatingForce","Saiyan:PlotArmor"],"picked":"Saiyan:Rekindle","floor":11},{"not_picked":["Saiyan:Kienzan","Saiyan:KiStrike"],"picked":"Saiyan:ConcussiveBlow","floor":13},{"not_picked":["Saiyan:Makankosappo","Saiyan:Planning"],"picked":"Saiyan:DragonFist","floor":14},{"not_picked":["Saiyan:MajinSeal","Saiyan:Rekindle"],"picked":"Saiyan:GenkiDama","floor":16},{"not_picked":["Saiyan:KiExplosion","Saiyan:Pacing"],"picked":"Saiyan:SoulSpice","floor":18},{"not_picked":["Saiyan:ExpandingShockwave","Saiyan:Medicine"],"picked":"Saiyan:KameHameHa","floor":20}],"player_experience":2980685,"relics_obtained":[{"floor":6,"key":"CeramicFish"},{"floor":8,"key":"bronze:BronzeIdol"},{"floor":9,"key":"Orichalcum"},{"floor":11,"key":"Kunai"},{"floor":13,"key":"Tiny Chest"}],"event_choices":[{"damage_healed":0.0,"max_hp_gain":0.0,"max_hp_loss":0.0,"gold_gain":0.0,"event_name":"Accursed Blacksmith","player_choice":"Rummage","floor":2.0,"gold_loss":0.0,"damage_taken":0.0,"relics_obtained":["WarpedTongs"],"cards_obtained":["Pain"]},{"damage_healed":0,"gold_gain":30,"player_choice":"Searched \u00273\u0027 times","damage_taken":0,"relics_obtained":["Centennial Puzzle"],"max_hp_gain":0,"max_hp_loss":0,"event_name":"Dead Adventurer","floor":7,"gold_loss":0},{"damage_healed":0,"gold_gain":0,"player_choice":"Lose Max HP","damage_taken":0,"relics_obtained":["Golden Idol"],"max_hp_gain":0,"max_hp_loss":5,"event_name":"Golden Idol","floor":12,"gold_loss":0},{"cards_removed":["Pain"],"damage_healed":0,"gold_gain":0,"player_choice":"Gave Gold","damage_taken":0,"max_hp_gain":0,"max_hp_loss":0,"event_name":"Beggar","floor":21,"gold_loss":75}],"is_beta":false,"boss_relics":[{"not_picked":["Snecko Eye","Tiny House"],"picked":"Black Star"}],"items_purged_floors":[22],"is_endless":false,"potions_floor_spawned":[1,3,4,8,14,20],"killed_by":"Gremlin Leader","ascension_level":3}}