{"host":"5spr8tig1ba228ju","time":1612338173,"event":{"mods":["Arknights","BaseMod","Bestiary","Colored Map","Colored Powertips","Curses Come First","Energized Spire","Highlight Path","Hubris","Minty Spire (QoL Compilation)","Quick Restart","Relic Stats","Reliquary","Replay The Spire","StSLib","SuperFastMode","The Jungle","¡¾ÒÅÎï¿¨ÅÆ¡¿REMEMod"],"gold_per_floor":[117,42,42,42,63,104,104,140,192,192,210,110,124,139,139,235,235,253,253,253,253,128,172,190,40,40,40,79,79,103,116,116,215,215,231,121,141,165,165,165,209,209,235,235,279,279,356,371,371,371],"floor_reached":51,"language":"ZHS","playtime":2515,"items_purged":["Bash","Strike_R","Strike_R","Strike_R"],"score":1132,"play_id":"8ff9a07a-12f8-4aba-a493-68abfbab8565","local_time":"20210203154253","is_ascension_mode":true,"campfire_choices":[{"data":"Burning Pact","floor":7.0,"key":"SMITH"},{"floor":10.0,"key":"REST"},{"floor":15.0,"key":"REST"},{"data":"Havoc","floor":32.0,"key":"SMITH"},{"data":"hubris:DuctTapeCard","floor":40.0,"key":"SMITH"},{"floor":42.0,"key":"REST"},{"floor":46.0,"key":"REST"},{"floor":49.0,"key":"REST"}],"circlet_count":0,"master_deck":["AscendersBane","Strike_R","Strike_R","Defend_R","Defend_R","Defend_R","Defend_R","Burning Pact+1","Havoc+1","Shrug It Off","Flame Barrier","Shrug It Off","Shrug It Off","Defy Death","hubris:DuctTapeCard"],"relics":["Burning Blood","REME_ComplimentaryCards","Golden Idol","Pocketwatch","reliquary:RedPaperclip","hubris:Towel","Orichalcum","Pocketwatch","Centennial Puzzle","hubris:Backtick","hubris:DuctTape","reliquary:Stiletto","Smiling Mask","ReplayTheSpireMod:Ring of Sloth","Mango","Mirror"],"acts_visited":["Exordium","Exordium","TheBeyond"],"potions_floor_usage":[50],"damage_taken":[{"damage":20.0,"enemies":"Small Slimes","floor":1.0,"turns":5.0},{"damage":12.0,"enemies":"2 Louse","floor":5.0,"turns":4.0},{"damage":20.0,"enemies":"3 Sentries","floor":6.0,"turns":3.0},{"damage":25.0,"enemies":"Gremlin Nob","floor":8.0,"turns":4.0},{"damage":6.0,"enemies":"Cultist","floor":11.0,"turns":3.0},{"damage":6.0,"enemies":"2 Fungi Beasts","floor":13.0,"turns":3.0},{"damage":21.0,"enemies":"Blue Slaver","floor":14.0,"turns":4.0},{"damage":0.0,"enemies":"Fading Forest","floor":16.0,"turns":11.0},{"damage":21.0,"enemies":"theJungle:GiantWrat","floor":18.0,"turns":4.0},{"damage":30.0,"enemies":"theJungle:Cassacara","floor":23.0,"turns":6.0},{"damage":10.0,"enemies":"theJungle:5_Spyders","floor":24.0,"turns":5.0},{"damage":10.0,"enemies":"theJungle:MamaSnecko","floor":28.0,"turns":5.0},{"damage":20.0,"enemies":"Snake Plant","floor":30.0,"turns":4.0},{"damage":15.0,"enemies":"theJungle:SlimyTreeVines","floor":31.0,"turns":5.0},{"damage":23.0,"enemies":"theJungle:FunGuy","floor":33.0,"turns":10.0},{"damage":13.0,"enemies":"Orb Walker","floor":35.0,"turns":3.0},{"damage":42.0,"enemies":"3 Darklings","floor":37.0,"turns":3.0},{"damage":22.0,"enemies":"Jaw Worm Horde","floor":38.0,"turns":3.0},{"damage":10.0,"enemies":"R_Hoarder","floor":41.0,"turns":8.0},{"damage":20.0,"enemies":"Giant Head","floor":45.0,"turns":12.0},{"damage":4.0,"enemies":"Spire Growth","floor":48.0,"turns":5.0},{"damage":34,"enemies":"Replay:Hell Engine","floor":50,"turns":21}],"seed_played":"-4961169550822162299","potions_obtained":[{"floor":1.0,"key":"DistilledChaos"},{"floor":8.0,"key":"Milkshake"},{"floor":14.0,"key":"Fire Potion"},{"floor":18.0,"key":"Weak Potion"},{"floor":48.0,"key":"AttackPotion"}],"is_trial":false,"path_per_floor":["M","$","?","?","M","E","R","E","T","R","M","$","M","M","R","B",null,"M","?","?","?","$","E","M","$","T","?","E","$","M","M","R","B",null,"M","$","M","M","?","R","E","R","T","?","E","R","T","M","R","B",null],"character_chosen":"IRONCLAD","items_purchased":["FairyPotion"],"campfire_rested":5,"item_purchase_floors":[36],"current_hp_per_floor":[61,61,61,61,55,41,41,22,22,44,44,44,44,29,51,57,70,55,55,65,65,65,41,37,37,37,74,70,70,56,53,53,36,65,58,58,22,28,28,28,24,46,46,46,46,72,72,74,88,60],"gold":371,"neow_bonus":"TEN_PERCENT_HP_BONUS","is_daily":false,"chose_seed":false,"campfire_upgraded":3,"win_rate":0.0,"timestamp":1612338173,"path_taken":["M","$","?","?","M","E","R","E","T","R","M","$","M","?","R","BOSS","M","?","?","?","$","E","M","$","T","?","E","$","M","M","R","BOSS","M","$","?","M","?","R","E","R","T","?","E","R","?","M","R_BF","BOSS"],"items_purchased_type":["Potion"],"build_version":"2020-12-22","purchased_purges":4,"victory":true,"max_hp_per_floor":[82,82,74,74,74,74,74,74,74,74,74,74,74,74,74,74,74,74,74,74,74,74,74,74,74,74,74,74,74,74,74,74,74,74,74,74,74,74,74,74,74,74,74,74,88,88,88,88,88,88],"relic_stats":{"Centennial Puzzle":[30],"counters":[22,131],"Golden Idol":152,"Orichalcum":[54],"Smiling Mask":0,"obtain_stats":[{"hubris:DuctTape":34,"Golden Idol":3,"ReplayTheSpireMod:Ring of Sloth":44,"Mango":45,"reliquary:TatteredRug":9,"hubris:Towel":21,"Orichalcum":23,"Smiling Mask":43,"Burning Blood":0,"Centennial Puzzle":28,"reliquary:RedPaperclip":17,"hubris:Backtick":34,"reliquary:SculptingSteel":26,"reliquary:Stiletto":41,"ReplayTheSpireMod:TigerMarble":6,"Mirror":47,"REME_ComplimentaryCards":0,"Pocketwatch":8},{"hubris:DuctTape":15,"Golden Idol":1,"ReplayTheSpireMod:Ring of Sloth":19,"Mango":20,"reliquary:TatteredRug":4,"hubris:Towel":9,"Orichalcum":10,"Smiling Mask":19,"Burning Blood":0,"Centennial Puzzle":12,"reliquary:RedPaperclip":8,"hubris:Backtick":15,"reliquary:SculptingSteel":11,"reliquary:Stiletto":19,"ReplayTheSpireMod:TigerMarble":3,"Mirror":20,"REME_ComplimentaryCards":0,"Pocketwatch":4},{"hubris:DuctTape":76,"Golden Idol":5,"ReplayTheSpireMod:Ring of Sloth":93,"Mango":105,"reliquary:TatteredRug":16,"hubris:Towel":41,"Orichalcum":47,"Smiling Mask":93,"Burning Blood":0,"Centennial Puzzle":57,"reliquary:RedPaperclip":37,"hubris:Backtick":76,"reliquary:SculptingSteel":52,"reliquary:Stiletto":93,"ReplayTheSpireMod:TigerMarble":12,"Mirror":105,"REME_ComplimentaryCards":0,"Pocketwatch":16}],"Burning Blood":132,"Pocketwatch":[147]},"card_choices":[{"not_picked":["Clash","Pommel Strike"],"picked":"ReplayTheSpireMod:Corrosion Curse","floor":1.0},{"not_picked":["Pommel Strike","Evolve"],"picked":"Burning Pact","floor":5.0},{"not_picked":["Clash","Fire Breathing","Reckless Charge"],"picked":"SKIP","floor":6.0},{"not_picked":["Rupture","hubris:ReadiedAction","Limit Break"],"picked":"SKIP","floor":8.0},{"not_picked":["Dropkick","Heavy Blade","Iron Wave"],"picked":"SKIP","floor":11.0},{"not_picked":["Headbutt","Body Slam"],"picked":"Havoc","floor":13.0},{"not_picked":["Replay:Undeath\u0027s Touch","Cleave"],"picked":"Shrug It Off","floor":14.0},{"not_picked":["Eclipse","Demonic Infusion"],"picked":"Barricade","floor":16.0},{"not_picked":["Cleave","hubris:SharpeningStone","Clothesline"],"picked":"SKIP","floor":18.0},{"not_picked":["hubris:SharpeningStone","Replay:Many Hands"],"picked":"Flame Barrier","floor":23.0},{"not_picked":["Sever Soul","Defy Death"],"picked":"Shrug It Off","floor":24.0},{"not_picked":["Rampage","hubris:ReadiedAction","Dropkick"],"picked":"SKIP","floor":28.0},{"not_picked":["Iron Wave","Rage"],"picked":"Shrug It Off","floor":30.0},{"not_picked":["Inflame+1","Life Link","ReplayTheSpireMod:Strike From Hell"],"picked":"SKIP","floor":31.0},{"not_picked":["Wild Strike","Pummel"],"picked":"Defy Death","floor":35.0},{"not_picked":["Anger","Clash+1","Carnage+1"],"picked":"SKIP","floor":37.0},{"not_picked":["Clothesline+1","Run Through+1","Combust"],"picked":"SKIP","floor":38.0},{"not_picked":["Blood for Blood","Searing Blow+1","Anger"],"picked":"SKIP","floor":41.0},{"not_picked":["Heavy Blade","hubris:ReadiedAction","Demon Form"],"picked":"SKIP","floor":45.0},{"not_picked":["Twin Strike+1","Pommel Strike","Inflame"],"picked":"SKIP","floor":48.0}],"player_experience":642068,"relics_obtained":[{"floor":6.0,"key":"ReplayTheSpireMod:TigerMarble"},{"floor":8.0,"key":"Pocketwatch"},{"floor":9.0,"key":"reliquary:TatteredRug"},{"floor":23.0,"key":"Orichalcum"},{"floor":26.0,"key":"reliquary:SculptingSteel"},{"floor":28.0,"key":"Centennial Puzzle"},{"floor":41.0,"key":"reliquary:Stiletto"},{"floor":43.0,"key":"Smiling Mask"},{"floor":44.0,"key":"ReplayTheSpireMod:Ring of Sloth"},{"floor":45.0,"key":"Mango"},{"floor":47.0,"key":"Mirror"}],"event_choices":[{"damage_healed":0.0,"max_hp_gain":0.0,"max_hp_loss":8.0,"gold_gain":0.0,"event_name":"Golden Idol","player_choice":"Lose Max HP","floor":3.0,"gold_loss":0.0,"damage_taken":0.0,"relics_obtained":["Golden Idol"]},{"damage_healed":0.0,"max_hp_gain":0.0,"max_hp_loss":0.0,"gold_gain":0.0,"event_name":"Upgrade Shrine","player_choice":"Upgraded","floor":4.0,"gold_loss":0.0,"damage_taken":0.0,"cards_upgraded":["Alpha"]},{"cards_removed":["ReplayTheSpireMod:Corrosion Curse"],"damage_healed":37.0,"max_hp_gain":0.0,"max_hp_loss":0.0,"gold_gain":0.0,"event_name":"Bonfire Elementals","player_choice":"Offered Uncommon","floor":27.0,"gold_loss":0.0,"damage_taken":0.0},{"damage_healed":0.0,"max_hp_gain":0.0,"max_hp_loss":0.0,"gold_gain":0.0,"event_name":"SensoryStone","player_choice":"Memory 1","floor":39.0,"gold_loss":0.0,"damage_taken":0.0}],"is_beta":false,"boss_relics":[{"not_picked":["Coffee Dripper","Honey Jar"],"picked":"reliquary:RedPaperclip"},{"not_picked":["energizedSpire:NeverEndingSparkler","energizedSpire:EnergizedDie"],"picked":"hubris:Backtick"}],"items_purged_floors":[2,12,22,25],"is_endless":false,"potions_floor_spawned":[1,8,14,18,30,31,37,48],"ascension_level":16}}