{"host":"gnfs9pc52tj5b2xa","time":1612336929,"event":{"mods":["BaseMod","Minty Spire (QoL Compilation)","Relic Sorter","Relic Stats","Slay the Relics Exporter","ojb\u0027s Better Paths Mod","ojb\u0027s Info Mod"],"gold_per_floor":[118,43,62,62,81,106,106,206,206,221,232,64,90,105,105,182,182,200,218,143,143,160,191,191,216,216,216,249,349,363,2,2,80,80,93,105,105,122,137,170,170,170,196,210,237,257,257,283,283,283,283,283,283,10,43,43],"floor_reached":57,"language":"ENG","playtime":6279,"items_purged":["Deadly Poison+1"],"score":2949,"play_id":"496627b2-ddbd-4d24-9af0-0ac4d3976d7d","local_time":"20210202232209","is_ascension_mode":true,"campfire_choices":[{"floor":7.0,"key":"REST"},{"data":"Deadly Poison","floor":15.0,"key":"SMITH"},{"floor":24.0,"key":"REST"},{"data":"Wraith Form v2","floor":27.0,"key":"SMITH"},{"floor":32.0,"key":"REST"},{"data":"Apotheosis","floor":41.0,"key":"SMITH"},{"floor":47.0,"key":"RECALL"},{"floor":49.0,"key":"REST"},{"floor":53,"key":"REST"}],"circlet_count":0,"master_deck":["AscendersBane","Survivor","Neutralize","Quick Slash+1","Dash","Finisher","Bane","Dagger Throw","Blade Dance","Blade Dance","Wraith Form v2+1","Caltrops","Slice","Eviscerate","Acrobatics","Concentrate+1","Tools of the Trade","Escape Plan","Deflect+1","Underhanded Strike+1","Slice+1","Dash","Envenom+1","Apotheosis+1","Adrenaline","Prepared+1","Reflex","Madness+1","Madness","Accuracy+1","PiercingWail+1","Concentrate","Envenom+1","Blade Dance","Accuracy+1","Wraith Form v2+1","Malaise"],"relics":["Ring of the Snake","Mummified Hand","Question Card","Mercury Hourglass","Whetstone","Potion Belt","Pandora\u0027s Box","Dream Catcher","Orichalcum","PreservedInsect","Frozen Egg 2","Dead Branch","Bottled Flame","Frozen Eye","Black Star","Akabeko","FossilizedHelix","Molten Egg 2","War Paint","Smiling Mask","Paper Crane","Sundial","Vajra"],"acts_visited":["Exordium","TheCity","TheBeyond","TheEnding"],"potions_floor_usage":[50,56,56,56,56],"damage_taken":[{"damage":6.0,"enemies":"Cultist","floor":1.0,"turns":6.0},{"damage":1.0,"enemies":"2 Louse","floor":3.0,"turns":3.0},{"damage":0.0,"enemies":"Small Slimes","floor":5.0,"turns":4.0},{"damage":33.0,"enemies":"Lagavulin","floor":6.0,"turns":7.0},{"damage":1.0,"enemies":"Blue Slaver","floor":10.0,"turns":4.0},{"damage":0.0,"enemies":"2 Fungi Beasts","floor":11.0,"turns":3.0},{"damage":12.0,"enemies":"3 Sentries","floor":13.0,"turns":6.0},{"damage":8.0,"enemies":"Large Slime","floor":14.0,"turns":3.0},{"damage":28.0,"enemies":"Hexaghost","floor":16.0,"turns":9.0},{"damage":27.0,"enemies":"Spheric Guardian","floor":18.0,"turns":4.0},{"damage":16.0,"enemies":"Shell Parasite","floor":19.0,"turns":3.0},{"damage":0.0,"enemies":"Snecko","floor":22.0,"turns":2.0},{"damage":0.0,"enemies":"Gremlin Leader","floor":23.0,"turns":4.0},{"damage":1.0,"enemies":"Slavers","floor":25.0,"turns":4.0},{"damage":6.0,"enemies":"Gremlin Leader","floor":28.0,"turns":3.0},{"damage":2.0,"enemies":"Colosseum Slavers","floor":29.0,"turns":3.0},{"damage":0.0,"enemies":"Colosseum Nobs","floor":29.0,"turns":3.0},{"damage":7.0,"enemies":"Centurion and Healer","floor":30.0,"turns":5.0},{"damage":26.0,"enemies":"Collector","floor":33.0,"turns":6.0},{"damage":0.0,"enemies":"3 Darklings","floor":35.0,"turns":1.0},{"damage":0.0,"enemies":"Orb Walker","floor":36.0,"turns":1.0},{"damage":0.0,"enemies":"Maw","floor":38.0,"turns":5.0},{"damage":0.0,"enemies":"3 Darklings","floor":39.0,"turns":2.0},{"damage":0.0,"enemies":"Giant Head","floor":40.0,"turns":4.0},{"damage":0.0,"enemies":"Writhing Mass","floor":44.0,"turns":4.0},{"damage":0.0,"enemies":"Reptomancer","floor":45.0,"turns":4.0},{"damage":0.0,"enemies":"Transient","floor":46.0,"turns":6.0},{"damage":23.0,"enemies":"Giant Head","floor":48.0,"turns":5.0},{"damage":24,"enemies":"Time Eater","floor":50,"turns":11},{"damage":12,"enemies":"Donu and Deca","floor":51,"turns":5},{"damage":27,"enemies":"Shield and Spear","floor":55,"turns":4},{"damage":30,"enemies":"The Heart","floor":56,"turns":8}],"seed_played":"4206955634364558474","potions_obtained":[{"floor":3.0,"key":"FearPotion"},{"floor":5.0,"key":"EssenceOfSteel"},{"floor":6.0,"key":"BlessingOfTheForge"},{"floor":10.0,"key":"Regen Potion"},{"floor":16.0,"key":"Explosive Potion"},{"floor":19.0,"key":"DistilledChaos"},{"floor":23.0,"key":"DistilledChaos"},{"floor":25.0,"key":"Ancient Potion"},{"floor":35.0,"key":"Poison Potion"},{"floor":40.0,"key":"Regen Potion"},{"floor":44.0,"key":"GhostInAJar"}],"is_trial":false,"path_per_floor":["M","?","M","?","M","E","R","?","T","M","M","$","E","M","R","B",null,"M","M","?","?","M","E","R","E","T","R","E","?","M","$","R","B",null,"M","M","?","M","M","E","R","?","T","M","E","M","R","E","R","B","B",null,"R","$","E","B",null],"character_chosen":"THE_SILENT","items_purchased":["Whetstone","Apotheosis","Frozen Eye","Wraith Form v2+1","Strength Potion"],"campfire_rested":5,"item_purchase_floors":[12,31,31,54,54],"current_hp_per_floor":[59,59,58,47,47,14,35,35,35,34,34,34,37,29,29,1,54,27,11,11,11,11,11,32,31,31,31,25,23,16,16,37,11,57,57,57,44,44,44,44,44,44,44,44,44,44,44,21,42,33,21,59,72,72,45,15],"gold":43,"neow_bonus":"TEN_PERCENT_HP_BONUS","is_daily":false,"chose_seed":false,"campfire_upgraded":3,"win_rate":0.0,"timestamp":1612336929,"path_taken":["M","?","M","?","M","E","R","?","T","M","?","$","E","M","R","BOSS","M","M","?","?","M","E","R","E","T","R","E","?","M","$","R","BOSS","M","M","?","M","M","E","R","?","T","M","E","M","R","E","R","BOSS","BOSS","R","$","E","BOSS"],"items_purchased_type":["Relic","Card","Relic","Card","Potion"],"build_version":"2020-12-22","purchased_purges":1,"victory":true,"max_hp_per_floor":[72,72,72,72,72,72,72,72,72,72,72,72,72,72,72,72,72,72,72,72,72,72,72,72,72,72,72,72,72,72,72,72,72,72,72,72,72,72,72,72,72,72,72,72,72,72,72,72,72,72,72,72,72,72,72,72],"relic_stats":{"counters":[32,141],"Dead Branch":[257],"PreservedInsect":482,"Whetstone":["Strike_G","Quick Slash"],"Orichalcum":[162],"War Paint":["Madness","Concentrate"],"Question Card":28,"Smiling Mask":25,"Mercury Hourglass":[466],"Dream Catcher":4,"Mummified Hand":[139],"Sundial":[0],"Pandora\u0027s Box":["Caltrops","Slice","Eviscerate","Acrobatics","Caltrops","Concentrate","Tools of the Trade","Escape Plan","Doppelganger"],"Black Star":4,"obtain_stats":[{"Potion Belt":13,"Dead Branch":29,"Vajra":55,"PreservedInsect":26,"Whetstone":12,"Orichalcum":25,"Frozen Egg 2":28,"War Paint":45,"Paper Crane":48,"Question Card":6,"Smiling Mask":48,"Akabeko":40,"Mercury Hourglass":9,"Frozen Eye":31,"Dream Catcher":23,"Bottled Flame":29,"Mummified Hand":4,"Sundial":55,"Pandora\u0027s Box":17,"Molten Egg 2":45,"Black Star":34,"FossilizedHelix":40,"Ring of the Snake":0},{"Potion Belt":7,"Dead Branch":17,"Vajra":31,"PreservedInsect":14,"Whetstone":6,"Orichalcum":14,"Frozen Egg 2":15,"War Paint":26,"Paper Crane":28,"Question Card":4,"Smiling Mask":28,"Akabeko":24,"Mercury Hourglass":4,"Frozen Eye":18,"Dream Catcher":13,"Bottled Flame":17,"Mummified Hand":2,"Sundial":31,"Pandora\u0027s Box":9,"Molten Egg 2":26,"Black Star":19,"FossilizedHelix":24,"Ring of the Snake":0},{"Potion Belt":33,"Dead Branch":70,"Vajra":133,"PreservedInsect":61,"Whetstone":27,"Orichalcum":61,"Frozen Egg 2":64,"War Paint":102,"Paper Crane":113,"Question Card":20,"Smiling Mask":113,"Akabeko":94,"Mercury Hourglass":20,"Frozen Eye":75,"Dream Catcher":58,"Bottled Flame":70,"Mummified Hand":9,"Sundial":133,"Pandora\u0027s Box":45,"Molten Egg 2":102,"Black Star":81,"FossilizedHelix":94,"Ring of the Snake":0}],"Ring of the Snake":[64]},"card_choices":[{"not_picked":["Dagger Spray","Distraction"],"picked":"Quick Slash","floor":1.0},{"not_picked":["Infinite Blades","Noxious Fumes"],"picked":"Dash","floor":3.0},{"not_picked":["Footwork","Distraction"],"picked":"Finisher","floor":5.0},{"not_picked":["Backflip","Footwork"],"picked":"Bane","floor":6.0},{"not_picked":["Caltrops","Tactician","PiercingWail"],"picked":"Dagger Throw","floor":10.0},{"not_picked":["Poisoned Stab","Tactician","Escape Plan"],"picked":"Blade Dance","floor":11.0},{"not_picked":["Masterful Stab","Flechettes","Flying Knee"],"picked":"Blade Dance","floor":13.0},{"not_picked":["Underhanded Strike","PiercingWail","Eviscerate"],"picked":"Deadly Poison","floor":14.0},{"not_picked":["Glass Knife","Adrenaline","Phantasmal Killer"],"picked":"Wraith Form v2","floor":16.0},{"not_picked":["Outmaneuver","Quick Slash","Setup","Dodge and Roll"],"picked":"SKIP","floor":18.0},{"not_picked":["Acrobatics","Poisoned Stab+1","Catalyst"],"picked":"Deflect+1","floor":19.0},{"not_picked":["Slice","Cloak And Dagger","Catalyst"],"picked":"Underhanded Strike+1","floor":22.0},{"not_picked":["Acrobatics","Backflip","Catalyst","Heel Hook"],"picked":"SKIP","floor":23.0},{"not_picked":["Poisoned Stab","Sucker Punch","Eviscerate"],"picked":"Slice+1","floor":24.0},{"not_picked":["Acrobatics","Dagger Throw","Bane"],"picked":"Dash","floor":25.0},{"not_picked":["Underhanded Strike","Catalyst","Quick Slash"],"picked":"Envenom+1","floor":28.0},{"not_picked":["Acrobatics","Slice","Bouncing Flask","Dagger Spray"],"picked":"SKIP","floor":30.0},{"not_picked":["Envenom+1","Doppelganger","Grand Finale"],"picked":"Adrenaline","floor":33.0},{"not_picked":["Bane+1","Caltrops+1","Poisoned Stab"],"picked":"Prepared+1","floor":35.0},{"not_picked":["Dagger Spray","Escape Plan","Finisher"],"picked":"Reflex","floor":36.0},{"not_picked":["Bane","Slice","Deadly Poison"],"picked":"Accuracy+1","floor":38.0},{"not_picked":["Crippling Poison","Doppelganger","Sucker Punch+1","Acrobatics"],"picked":"SKIP","floor":39.0},{"not_picked":["Catalyst","Backflip","Envenom+1"],"picked":"PiercingWail+1","floor":40.0},{"not_picked":["All Out Attack+1","Backflip+1","Sucker Punch+1","Flying Knee+1"],"picked":"SKIP","floor":44.0},{"not_picked":["Acrobatics+1","Dodge and Roll","Calculated Gamble"],"picked":"Concentrate","floor":45.0},{"not_picked":["Dodge and Roll+1","Leg Sweep+1","Slice+1","Blur"],"picked":"SKIP","floor":46.0},{"not_picked":["Prepared","Blur","Dodge and Roll"],"picked":"Envenom+1","floor":48.0},{"not_picked":["All Out Attack+1","PiercingWail","Riddle With Holes+1"],"picked":"Blade Dance","floor":49.0},{"not_picked":["Backflip","Heel Hook+1","Concentrate"],"picked":"Accuracy+1","floor":53},{"not_picked":["Bane+1","Quick Slash+1","Prepared"],"picked":"Malaise","floor":55}],"player_experience":1276554,"relics_obtained":[{"floor":6.0,"key":"Question Card"},{"floor":9.0,"key":"Mercury Hourglass"},{"floor":13.0,"key":"Potion Belt"},{"floor":23.0,"key":"Dream Catcher"},{"floor":25.0,"key":"Orichalcum"},{"floor":26.0,"key":"PreservedInsect"},{"floor":28.0,"key":"Frozen Egg 2"},{"floor":29.0,"key":"Dead Branch"},{"floor":29.0,"key":"Bottled Flame"},{"floor":40.0,"key":"Akabeko"},{"floor":40.0,"key":"FossilizedHelix"},{"floor":45.0,"key":"Molten Egg 2"},{"floor":45.0,"key":"War Paint"},{"floor":48.0,"key":"Smiling Mask"},{"floor":48.0,"key":"Paper Crane"},{"floor":55,"key":"Sundial"},{"floor":55,"key":"Vajra"}],"event_choices":[{"cards_removed":["Strike_G"],"damage_healed":0.0,"max_hp_gain":0.0,"max_hp_loss":0.0,"gold_gain":0.0,"event_name":"The Cleric","player_choice":"Card Removal","floor":2.0,"gold_loss":75.0,"damage_taken":0.0},{"damage_healed":0.0,"max_hp_gain":0.0,"max_hp_loss":0.0,"gold_gain":0.0,"event_name":"Scrap Ooze","player_choice":"Success","floor":4.0,"gold_loss":0.0,"damage_taken":11.0,"relics_obtained":["Mummified Hand"]},{"damage_healed":0.0,"max_hp_gain":0.0,"max_hp_loss":0.0,"gold_gain":100.0,"event_name":"Wheel of Change","player_choice":"Gold","floor":8.0,"gold_loss":0.0,"damage_taken":0.0},{"cards_removed":["Caltrops"],"damage_healed":0.0,"max_hp_gain":0.0,"max_hp_loss":0.0,"gold_gain":0.0,"event_name":"Beggar","player_choice":"Gave Gold","floor":20.0,"gold_loss":75.0,"damage_taken":0.0},{"cards_removed":["Doppelganger"],"damage_healed":0.0,"max_hp_gain":0.0,"max_hp_loss":0.0,"gold_gain":0.0,"event_name":"Back to Basics","player_choice":"Elegance","floor":21.0,"gold_loss":0.0,"damage_taken":0.0},{"damage_healed":0.0,"max_hp_gain":0.0,"max_hp_loss":0.0,"gold_gain":0.0,"event_name":"Colosseum","player_choice":"Fight","floor":29.0,"gold_loss":0.0,"damage_taken":0.0},{"damage_healed":0.0,"max_hp_gain":0.0,"max_hp_loss":0.0,"gold_gain":0.0,"event_name":"Colosseum","player_choice":"Fought Nobs","floor":29.0,"gold_loss":0.0,"damage_taken":0.0},{"damage_healed":0.0,"max_hp_gain":0.0,"max_hp_loss":0.0,"gold_gain":0.0,"event_name":"Winding Halls","player_choice":"Embrace Madness","floor":37.0,"gold_loss":0.0,"damage_taken":13.0,"cards_obtained":["Madness","Madness"]},{"damage_healed":0.0,"max_hp_gain":0.0,"max_hp_loss":0.0,"gold_gain":0.0,"event_name":"Tomb of Lord Red Mask","player_choice":"Ignored","floor":42.0,"gold_loss":0.0,"damage_taken":0.0}],"is_beta":false,"boss_relics":[{"not_picked":["Busted Crown","Fusion Hammer"],"picked":"Pandora\u0027s Box"},{"not_picked":["Snecko Eye","Astrolabe"],"picked":"Black Star"}],"items_purged_floors":[54],"is_endless":false,"potions_floor_spawned":[3,5,6,10,16,19,23,25,29,35,40,44],"ascension_level":20}}