{"host":"skr63qsdfgeey3it","time":1612334553,"event":{"mods":["BaseMod","Colored Map","Hubris","Minty Spire (QoL Compilation)","Monster B Gone","Reliquary","Replay The Spire","Spicy Shops","StSLib"],"gold_per_floor":[116,116,37,148,148,179,179,194,194,269,269,308,308,324,439,537,537,550,550,570,594,594,628,44,44,69,104,31,64,82,102,102,198,198,213,213,244,269,269,313,334,334,359,140,140,140,156,156,156],"floor_reached":48,"language":"ENG","playtime":7216,"items_purged":["Regret","Pride"],"score":1076,"play_id":"520e791a-87bf-470f-b857-3d09375889eb","local_time":"20210203004233","is_ascension_mode":true,"campfire_choices":[{"data":"Double Tap","floor":7,"key":"SMITH"},{"data":"Carnage","floor":11,"key":"SMITH"},{"data":"ReplayTheSpireMod:LeadingStrike","floor":13,"key":"SMITH"},{"floor":32,"key":"REST"},{"data":"Armaments","floor":42,"key":"SMITH"}],"circlet_count":0,"master_deck":["AscendersBane","Defend_R","Defend_R","Defend_R+1","Defend_R","Bash+1","Spot Weakness","Flame Barrier","Ghostly Armor","Carnage+1","Double Tap+1","Carnage","ReplayTheSpireMod:LeadingStrike+1","Juggernaut","Thunderclap+1","Armaments+1","Disarm","Barricade","Reaper","Rampage+1","Armaments","Panacea","Bite","Bite","Bite","Bite","Bite","Blood for Blood","Metallicize","Juggernaut","Metallicize+1","Entrench+1","Replay:BasicMightCard","Heavy Blade+1","Madness","Madness"],"relics":["Burning Blood","NeowsBlessing","Golden Idol","Orichalcum","Shuriken","Whetstone","hubris:VirtuousBlindfold","MealTicket","Orrery","Happy Flower","BargainBundle","Replay:Accelerometer","Lantern","Bottled Flame","Replay:Mystery Machine","Coffee Dripper","Girya","StrikeDummy","King of Hearts","Unceasing Top"],"acts_visited":["Exordium","TheCity","TheBeyond"],"potions_floor_usage":[8,12,18,23,23,27,29,30,33,40,47],"damage_taken":[{"damage":0,"enemies":"Small Slimes","floor":1,"turns":1},{"damage":0,"enemies":"Lagavulin","floor":6,"turns":2},{"damage":0,"enemies":"2 Louse","floor":8,"turns":1},{"damage":6,"enemies":"Replay:BlueRogue","floor":12,"turns":4},{"damage":7,"enemies":"Jaw Worm","floor":14,"turns":2},{"damage":58,"enemies":"Slime Boss","floor":16,"turns":12},{"damage":0,"enemies":"3 Byrds","floor":18,"turns":3},{"damage":10,"enemies":"Shell Parasite","floor":20,"turns":4},{"damage":7,"enemies":"3 Cultists","floor":21,"turns":5},{"damage":31,"enemies":"Book of Stabbing","floor":23,"turns":4},{"damage":21,"enemies":"Replay:Snechameleon","floor":27,"turns":4},{"damage":54,"enemies":"Slavers","floor":29,"turns":5},{"damage":21,"enemies":"Snake Plant","floor":30,"turns":4},{"damage":20,"enemies":"Centurion and Healer","floor":31,"turns":5},{"damage":33,"enemies":"Pondfish","floor":33,"turns":8},{"damage":29,"enemies":"3 Shapes","floor":35,"turns":5},{"damage":0,"enemies":"Mind Bloom Boss Battle","floor":37,"turns":7},{"damage":39,"enemies":"3 Darklings","floor":38,"turns":4},{"damage":0,"enemies":"R_Hoarder","floor":40,"turns":11},{"damage":21,"enemies":"Jaw Worm Horde","floor":41,"turns":5},{"damage":19,"enemies":"Sphere and 2 Shapes","floor":47,"turns":6},{"damage":59,"enemies":"Writhing Mass","floor":48,"turns":3}],"seed_played":"-6344336954794426150","potions_obtained":[{"floor":6,"key":"BloodPotion"},{"floor":8,"key":"Fruit Juice"},{"floor":16,"key":"Regen Potion"},{"floor":20,"key":"ColorlessPotion"},{"floor":21,"key":"AttackPotion"},{"floor":29,"key":"LifebloodPotion"},{"floor":30,"key":"Milkshake"},{"floor":31,"key":"PowerPotion"},{"floor":37,"key":"ElixirPotion"}],"is_trial":false,"path_per_floor":["M","?","$","?","?","E","R","M","T","?","R","E","R","M","R_BF","B",null,"M","?","M","M","?","E","$","?","T","E","$","E","M","M","R","B",null,"M","?","?","M","?","E","M","R","T","$","?","$","M","M"],"character_chosen":"IRONCLAD","items_purchased":["Spot Weakness","Orrery","Happy Flower","BargainBundle","Panacea","Replay:Accelerometer","Energy Potion","Energy Potion","Metallicize","Unceasing Top"],"campfire_rested":1,"item_purchase_floors":[3,24,24,24,24,24,24,24,28,44],"current_hp_per_floor":[74,59,59,59,41,47,47,58,58,47,47,63,63,62,62,10,63,78,70,66,65,65,40,55,55,55,47,56,23,14,18,34,39,52,33,33,56,50,50,56,47,47,47,56,49,56,47,0,0],"gold":156,"neow_bonus":"THREE_ENEMY_KILL","is_daily":false,"chose_seed":false,"campfire_upgraded":4,"win_rate":0.0,"timestamp":1612334553,"path_taken":["M","?","$","?","?","E","R","M","T","?","R","E","R","?","R_BF","BOSS","M","?","M","?","?","E","$","?","T","E","?","E","M","M","R","BOSS","M","?","?","M","?","E","M","R","T","?","?","$","M","M"],"items_purchased_type":["Card","Relic","Relic","Relic","Card","Relic","Potion","Potion","Card","Relic"],"build_version":"2020-12-22","purchased_purges":2,"victory":false,"max_hp_per_floor":[75,75,75,75,75,75,75,80,80,80,80,80,80,80,80,80,80,80,80,80,80,80,80,80,56,56,56,56,56,56,56,56,56,56,56,56,56,56,56,56,56,56,56,56,56,56,56,56,56],"card_choices":[{"not_picked":["Headbutt","Run Through","Shrug It Off"],"picked":"SKIP","floor":1},{"not_picked":["Combust","Replay:Undeath\u0027s Touch"],"picked":"Flame Barrier","floor":4},{"not_picked":["Flex","Havoc"],"picked":"Ghostly Armor","floor":4},{"not_picked":["Cleave","Run Through"],"picked":"Carnage","floor":4},{"not_picked":["Inflame","ReplayTheSpireMod:LeadingStrike"],"picked":"Double Tap","floor":6},{"not_picked":["Power Through","Wild Strike"],"picked":"Carnage","floor":8},{"not_picked":["Abandon","Fire Breathing"],"picked":"ReplayTheSpireMod:LeadingStrike","floor":12},{"not_picked":["Defy Death","Replay:Undeath\u0027s Touch","hubris:CleavingFinish"],"picked":"SKIP","floor":14},{"not_picked":["Replay:Many Hands","Eclipse"],"picked":"Juggernaut","floor":16},{"not_picked":["Sentinel","Cleave"],"picked":"Thunderclap+1","floor":18},{"not_picked":["Clash","ReplayTheSpireMod:Strike From Hell","Life Link"],"picked":"SKIP","floor":20},{"not_picked":["Sword Boomerang","Thunderclap","Clash"],"picked":"SKIP","floor":21},{"not_picked":["Life Link","Blood for Blood"],"picked":"Armaments","floor":23},{"not_picked":["Whirlwind","Clothesline"],"picked":"Disarm","floor":24},{"not_picked":["Heavy Blade+1","ReplayTheSpireMod:LeadingStrike+1"],"picked":"Barricade","floor":24},{"not_picked":["Feed","Clothesline"],"picked":"Reaper","floor":24},{"not_picked":["Body Slam","Replay:Undeath\u0027s Touch"],"picked":"Rampage+1","floor":24},{"not_picked":["Clothesline","Headbutt+1"],"picked":"Armaments","floor":24},{"not_picked":["Anger","Rupture"],"picked":"Blood for Blood","floor":27},{"not_picked":["Replay:Undeath\u0027s Touch","Iron Wave","hubris:ReadiedAction"],"picked":"SKIP","floor":29},{"not_picked":["hubris:ReadiedAction","Reckless Charge","ReplayTheSpireMod:Corrosion Curse"],"picked":"SKIP","floor":30},{"not_picked":["Havoc+1","Sword Boomerang+1","Thunderclap+1"],"picked":"SKIP","floor":31},{"not_picked":["Impervious","Immolate"],"picked":"Juggernaut","floor":33},{"not_picked":["Headbutt","Pummel"],"picked":"Metallicize+1","floor":35},{"not_picked":["Wild Strike+1","ReplayTheSpireMod:Strike From Hell+1"],"picked":"Entrench+1","floor":38},{"not_picked":["Sadistic Nature","Madness"],"picked":"Replay:BasicMightCard","floor":39},{"not_picked":["Intimidate","Rupture","Clothesline"],"picked":"SKIP","floor":40},{"not_picked":["Evolve+1","Sword Boomerang"],"picked":"Heavy Blade+1","floor":41},{"not_picked":["Warcry","hubris:ReadiedAction+1","Thunderclap"],"picked":"SKIP","floor":47}],"player_experience":866810,"relics_obtained":[{"floor":6,"key":"Orichalcum"},{"floor":9,"key":"Shuriken"},{"floor":12,"key":"Whetstone"},{"floor":23,"key":"MealTicket"},{"floor":26,"key":"Lantern"},{"floor":27,"key":"Bottled Flame"},{"floor":29,"key":"Replay:Mystery Machine"},{"floor":37,"key":"Girya"},{"floor":40,"key":"StrikeDummy"},{"floor":43,"key":"King of Hearts"}],"event_choices":[{"damage_healed":0,"gold_gain":0,"player_choice":"Entered Light","damage_taken":15,"max_hp_gain":0,"max_hp_loss":0,"event_name":"Shining Light","floor":2,"gold_loss":0,"cards_upgraded":["Strike_R","Defend_R"]},{"damage_healed":0,"gold_gain":0,"player_choice":"Take Damage","damage_taken":18,"relics_obtained":["Golden Idol"],"max_hp_gain":0,"max_hp_loss":0,"event_name":"Golden Idol","floor":5,"gold_loss":0},{"damage_healed":0,"gold_gain":75,"player_choice":"Gather Gold","damage_taken":11,"max_hp_gain":0,"max_hp_loss":0,"event_name":"World of Goop","floor":10,"gold_loss":0},{"damage_healed":0,"gold_gain":0,"player_choice":"Damaged","damage_taken":8,"max_hp_gain":0,"max_hp_loss":0,"event_name":"Wheel of Change","floor":19,"gold_loss":0},{"damage_healed":0,"gold_gain":0,"player_choice":"Became a vampire","damage_taken":0,"max_hp_gain":0,"max_hp_loss":24,"event_name":"Vampires","floor":25,"gold_loss":0,"cards_obtained":["Bite","Bite","Bite","Bite","Bite"]},{"damage_healed":0,"gold_gain":0,"player_choice":"Fight","damage_taken":0,"max_hp_gain":0,"max_hp_loss":0,"event_name":"MindBloom","floor":37,"gold_loss":0},{"damage_healed":0,"gold_gain":0,"player_choice":"Memory 1","damage_taken":0,"max_hp_gain":0,"max_hp_loss":0,"event_name":"SensoryStone","floor":39,"gold_loss":0},{"damage_healed":0,"gold_gain":0,"player_choice":"Embrace Madness","damage_taken":7,"max_hp_gain":0,"max_hp_loss":0,"event_name":"Winding Halls","floor":45,"gold_loss":0,"cards_obtained":["Madness","Madness"]}],"is_beta":false,"boss_relics":[{"not_picked":["Snecko Eye","reliquary:RedCape"],"picked":"hubris:VirtuousBlindfold"},{"not_picked":["ReplayTheSpireMod:DimensionalGlitch","hubris:GrandSneckoEye"],"picked":"Coffee Dripper"}],"items_purged_floors":[24,44],"is_endless":false,"potions_floor_spawned":[6,8,16,20,21,29,30,31,37,38],"killed_by":"Writhing Mass","ascension_level":14}}