{"host":"2mxajwyidsax8sss","time":1612382766,"event":{"mods":["100% Spire Juice","2.2 Compatiblity","Act Like it!","Arknights","Aspiration","Bartender","BaseMod","Better Match","Better Note","Better Sensory Stone","Better Vampires","BetterRewards","Block Reminder","CapriCore","ChefMod","Chen","Colored Powertips","Conspire","Decade(???)","Defuse TimeMaze Blight","Downfall","Energized Spire","Friendly Minions","Gensokyo","Googly Eyes","GungeonMod","Hallownest","Hermit","HololiveMod","Hubris","Humility","Jorbs\u0027s Wanderer Trilogy","Koishi","Luminous","Marked Mod","Minty Spire (QoL Compilation)","Nova Terra(??·??)","Pale of the Ancients","Permanent Neow","Prisma Mod","Quick Restart","Random Character Button","Reimu??????","Relic Filter","Relic Stats","Reliquary","Remilia??????","Replay The Spire","SIMod","SOS???????","StSLib","The Animator","The Bug Knight","The Death Knight","The Dragon Tamer","The Immortal","The Kombatant","Wandering Minibosses"],"gold_per_floor":[116,132,46,60,160,188,188,39,63,82,94,94,109,109,109,209,209,221,231,131,31,51,51,51,83,110,136,136,136,177,194,194,311,311,239,12,12,12,12,12,46,109,121,139,139],"floor_reached":44,"language":"ENG","playtime":5356,"items_purged":["Strike_Lin:ReiMu","Strike_Lin:ReiMu"],"score":626,"play_id":"2d3597fa-a84b-4357-aff5-46817f63cf3b","local_time":"20210203210606","is_ascension_mode":false,"campfire_choices":[{"data":"InherentArray:ReiMu","floor":7,"key":"SMITH"},{"data":"NB:ReiMu","floor":12,"key":"SMITH"},{"data":"Dreaming2:ReiMu","floor":15,"key":"SMITH"},{"data":"UniversalSpiritual:ReiMu","floor":23,"key":"SMITH"},{"data":"FantasyMoon:ReiMu","floor":29,"key":"SMITH"},{"data":"YinYangSange:ReiMu","floor":32,"key":"SMITH"},{"floor":40,"key":"REST"}],"circlet_count":0,"master_deck":["Strike_Lin:ReiMu","Defend_Lin:ReiMu","Defend_Lin:ReiMu","Defend_Lin:ReiMu","Defend_Lin:ReiMu","NB:ReiMu+1","Stagnation:ReiMu","TightArray:ReiMu","UniversalSpiritual:ReiMu+1","InherentArray:ReiMu+1","SpreadBorder2:ReiMu","Enchanting:ReiMu","SubcavityInstant:ReiMu","Crusade:ReiMu","KamiSacrifice:ReiMu","Dreaming2:ReiMu+1","Amulet:ReiMu","FantasyMoon:ReiMu+1","Intuition:ReiMu+1","conspire:SpireCoStock","conspire:SpireCoStock","SpringWay:ReiMu+1","ManaGlint:ReiMu+1","YinYangSange:ReiMu+1","Clumsy","stsjorbsmod:Procrastination","Gathering:ReiMu+1","NineCharacters:ReiMu+1"],"relics":["FlyPower:ReiMu","aspiration:Nostalgia","PureWater","Choco_Feather","Pen Nib","energizedSpire:SpiderWeb","aspiration:StickyExplosives_weak","HollowMod:PaleOreRelic","Replay:Rubber Ducky","Golden Egg","Replay:Ancient Bell","reliquary:Stiletto","Replay:Bottled Steam","StoneCalendar","Hololive_LightStick","MawBank","reliquary:Sideboard"],"acts_visited":["Gensokyo:Gensokyo","Hallownest:CityofTears","TheBeyond"],"potions_floor_usage":[6,16,25,30,31,31,31,35,41,44],"damage_taken":[{"damage":3,"enemies":"Gensokyo:Python","floor":1,"turns":4},{"damage":1,"enemies":"Gensokyo:Gryphon","floor":2,"turns":4},{"damage":11,"enemies":"Gensokyo:3_Fairies","floor":4,"turns":6},{"damage":22,"enemies":"Gensokyo:Aya","floor":6,"turns":8},{"damage":4,"enemies":"Gensokyo:Gryphon_and_Rabbit","floor":10,"turns":6},{"damage":4,"enemies":"Gensokyo:VengefulSpirit","floor":11,"turns":6},{"damage":0,"enemies":"Gensokyo:3_Kodama","floor":13,"turns":4},{"damage":0,"enemies":"Gensokyo:Yukari","floor":16,"turns":3},{"damage":0,"enemies":"Hallownest:2_Mistakes","floor":18,"turns":8},{"damage":7,"enemies":"Hallownest:Flukemon_and_Top","floor":19,"turns":5},{"damage":5,"enemies":"Hallownest:monsterShrumalOgre","floor":22,"turns":6},{"damage":0,"enemies":"Hallownest:eliteSoulWarrior","floor":25,"turns":5},{"damage":0,"enemies":"Hallownest:Nosk","floor":27,"turns":7},{"damage":5,"enemies":"Hallownest:Glutton_and_Coward","floor":30,"turns":5},{"damage":5,"enemies":"Hallownest:2_Flukemon","floor":31,"turns":5},{"damage":25,"enemies":"Hallownest:BossGrimm","floor":33,"turns":9},{"damage":63,"enemies":"3 Shapes","floor":35,"turns":5},{"damage":0,"enemies":"Orb Walker","floor":41,"turns":4},{"damage":0,"enemies":"R_Hoarder","floor":42,"turns":7},{"damage":48,"enemies":"Reptomancer","floor":44,"turns":2}],"seed_played":"-1472732828103272613","potions_obtained":[{"floor":4,"key":"BottledKami:ReiMu"},{"floor":6,"key":"Dexterity Potion"},{"floor":10,"key":"Venom Potion"},{"floor":16,"key":"DemoMod:LeadSkinPotion"},{"floor":18,"key":"Strength Potion"},{"floor":27,"key":"PinkPotion:ReiMu"},{"floor":30,"key":"Fire Potion"},{"floor":33,"key":"AttackPotion"},{"floor":35,"key":"DeathKnight:RimePotion"},{"floor":41,"key":"DuplicationPotion"}],"is_trial":false,"path_per_floor":["M","M","$","M","?","E","R","$","T","M","M","R","M","?","R","B",null,"M","M","$","?","M","R","T","E","T","E","?","R","M","M","R","B",null,"M","$","?","?","$","R","M","E","T","E"],"character_chosen":"REIMU","items_purchased":["InherentArray:ReiMu","SpreadBorder2:ReiMu","Crusade:ReiMu","Hololive_LightStick","Gathering:ReiMu"],"campfire_rested":1,"item_purchase_floors":[3,3,8,36,36],"current_hp_per_floor":[62,61,61,50,50,28,28,28,28,24,20,20,20,40,40,40,65,65,58,58,58,53,53,53,53,53,53,53,53,48,43,43,18,65,2,2,2,2,2,21,21,21,21,0,0],"gold":139,"neow_bonus":"NOSTALGIA","is_daily":false,"chose_seed":false,"campfire_upgraded":6,"win_rate":0.0,"timestamp":1612382766,"path_taken":["M","M","$","M","?","E","R","$","T","M","M","R","M","?","R","BOSS","M","M","$","?","M","R","?","E","T","E","?","R","M","M","R","BOSS","M","$","?","?","$","R","M","E","T","E"],"items_purchased_type":["Card","Card","Card","Relic","Card"],"build_version":"2020-12-22","purchased_purges":2,"victory":false,"max_hp_per_floor":[65,65,65,65,65,65,65,65,65,65,65,65,65,65,65,65,65,65,65,65,65,65,65,65,65,65,65,65,65,65,65,65,65,65,65,65,65,65,65,65,65,65,65,65,65],"relic_stats":{"counters":[20,106],"StoneCalendar":[0],"Pen Nib":[7],"MawBank":24,"obtain_stats":[{"Golden Egg":27,"aspiration:Nostalgia":0,"reliquary:Sideboard":43,"Choco_Feather":6,"StoneCalendar":34,"DemoMod:GlassGuonStoneRelic":6,"Pen Nib":9,"Replay:Ancient Bell":34,"energizedSpire:SpiderWeb":17,"MawBank":42,"aspiration:StickyExplosives_weak":24,"Replay:Rubber Ducky":26,"Hololive_LightStick":36,"reliquary:Stiletto":34,"HollowMod:PaleOreRelic":25,"PureWater":0,"FlyPower:ReiMu":0,"Replay:Bottled Steam":34},{"Golden Egg":13,"aspiration:Nostalgia":0,"reliquary:Sideboard":19,"Choco_Feather":4,"StoneCalendar":16,"DemoMod:GlassGuonStoneRelic":4,"Pen Nib":4,"Replay:Ancient Bell":16,"energizedSpire:SpiderWeb":8,"MawBank":19,"aspiration:StickyExplosives_weak":11,"Replay:Rubber Ducky":12,"Hololive_LightStick":17,"reliquary:Stiletto":16,"HollowMod:PaleOreRelic":12,"PureWater":0,"FlyPower:ReiMu":0,"Replay:Bottled Steam":16},{"Golden Egg":70,"aspiration:Nostalgia":0,"reliquary:Sideboard":104,"Choco_Feather":21,"StoneCalendar":89,"DemoMod:GlassGuonStoneRelic":21,"Pen Nib":21,"Replay:Ancient Bell":89,"energizedSpire:SpiderWeb":39,"MawBank":104,"aspiration:StickyExplosives_weak":58,"Replay:Rubber Ducky":63,"Hololive_LightStick":93,"reliquary:Stiletto":89,"HollowMod:PaleOreRelic":63,"PureWater":0,"FlyPower:ReiMu":0,"Replay:Bottled Steam":89}]},"card_choices":[{"not_picked":["SpringWay:ReiMu","Intuition:ReiMu"],"picked":"TightArray:ReiMu","floor":1},{"not_picked":["SpiritualOutbreak2:ReiMu","EmergencyTakeOff:ReiMu"],"picked":"UniversalSpiritual:ReiMu","floor":2},{"not_picked":["TightArray:ReiMu","SpringWay:ReiMu"],"picked":"Enchanting:ReiMu","floor":4},{"not_picked":["Gathering:ReiMu","Intuition:ReiMu"],"picked":"SubcavityInstant:ReiMu","floor":6},{"not_picked":["AirStrike:ReiMu","SubcavityInstant:ReiMu"],"picked":"KamiSacrifice:ReiMu","floor":10},{"not_picked":["FineLineFantasy:ReiMu","Crusade:ReiMu"],"picked":"Dreaming2:ReiMu","floor":11},{"not_picked":["SubAcupoint:ReiMu","FineLineFantasy:ReiMu"],"picked":"Amulet:ReiMu","floor":13},{"not_picked":["SpreadBorder2:ReiMu+1","SubAcupoint:ReiMu+1"],"picked":"FantasyMoon:ReiMu","floor":18},{"not_picked":["SubAcupoint:ReiMu","Conquer:ReiMu"],"picked":"Intuition:ReiMu+1","floor":19},{"not_picked":["RunawayExorcism:ReiMu","OrbThrow:ReiMu+1"],"picked":"SpringWay:ReiMu","floor":22},{"not_picked":["WonderfulDomain:ReiMu","Enchanting:ReiMu"],"picked":"ManaGlint:ReiMu+1","floor":25},{"not_picked":["CareerPray:ReiMu+1","SpreadBorder2:ReiMu+1"],"picked":"YinYangSange:ReiMu","floor":27},{"not_picked":["FoulBorder2:ReiMu+1","TakeOff:ReiMu","CareerPray:ReiMu"],"picked":"SKIP","floor":30},{"not_picked":["SubcavityInstant:ReiMu","AirManeuver:ReiMu","SpreadBorder2:ReiMu"],"picked":"SKIP","floor":31},{"not_picked":["conspire:Blindness","Parasite"],"picked":"Clumsy","floor":34},{"not_picked":["Looming Evil","downfall:Malfunctioning"],"picked":"stsjorbsmod:Procrastination","floor":34},{"not_picked":["downfall:Icky","ReplayTheSpireMod:Faulty Equipment"],"picked":"ReplayTheSpireMod:IOU","floor":34},{"not_picked":["SubcavityFantasy:ReiMu","CollectionFlower2:ReiMu","AirManeuver:ReiMu"],"picked":"SKIP","floor":35},{"not_picked":["SpreadBorder2:ReiMu","Conquer:ReiMu","CollectionFlower2:ReiMu"],"picked":"SKIP","floor":41},{"not_picked":["Conquer:ReiMu","EmergencyTakeOff:ReiMu+1"],"picked":"NineCharacters:ReiMu+1","floor":42}],"player_experience":217585,"relics_obtained":[{"floor":6,"key":"Choco_Feather"},{"floor":9,"key":"Pen Nib"},{"floor":24,"key":"aspiration:StickyExplosives_weak"},{"floor":25,"key":"HollowMod:PaleOreRelic"},{"floor":26,"key":"Replay:Rubber Ducky"},{"floor":27,"key":"Golden Egg"},{"floor":42,"key":"MawBank"},{"floor":43,"key":"reliquary:Sideboard"}],"event_choices":[{"damage_healed":0,"gold_gain":0,"player_choice":"Invest 2","damage_taken":0,"max_hp_gain":0,"max_hp_loss":0,"event_name":"conspire:Investor","floor":21,"gold_loss":0},{"cards_removed":["Strike_Lin:ReiMu"],"damage_healed":0,"gold_gain":0,"player_choice":"Removed Attack","damage_taken":0,"max_hp_gain":0,"max_hp_loss":0,"event_name":"Falling","floor":37,"gold_loss":0}],"is_beta":false,"boss_relics":[{"not_picked":["Snecko Eye","SlaversCollar"],"picked":"energizedSpire:SpiderWeb"},{"not_picked":["conspire:SeveredTorchhead","Coffee Dripper"],"picked":"Replay:Ancient Bell"},{"not_picked":["Regal Pillow","Boot"],"picked":"reliquary:Stiletto"},{"not_picked":["conspire:Flyswatter","Frozen Egg 2"],"picked":"Replay:Bottled Steam"},{"not_picked":["Pondfish Scales","DemoMod:VorpalBullet"],"picked":"StoneCalendar"}],"items_purged_floors":[8,20],"is_endless":false,"potions_floor_spawned":[4,6,10,16,18,27,30,33,35,41],"killed_by":"Reptomancer","ascension_level":0,"is_humility":true}}