{"host":"mw3dmj42qtkbha4b","time":1612351841,"event":{"mods":["BaseMod","Colored Map","Colored Powertips","DeckTracker","Minty Spire (QoL Compilation)","StSLib","SuperFastMode"],"gold_per_floor":[115,40,54,72,72,72,106,122,122,135,163,0,17,52,52,52,52],"floor_reached":16,"language":"KOR","playtime":361,"items_purged":[],"score":224,"play_id":"3dc0f697-0875-49c3-9fea-5f294d165db5","local_time":"20210203203041","is_ascension_mode":true,"campfire_choices":[{"data":"Judgement","floor":6.0,"key":"SMITH"},{"floor":15.0,"key":"REST"}],"circlet_count":0,"master_deck":["AscendersBane","Strike_P","Strike_P","Strike_P","Strike_P","Defend_P","Defend_P","Defend_P","Eruption+1","Vigilance","Judgement+1","BattleHymn"],"relics":["PureWater","NeowsBlessing","Unceasing Top","Odd Mushroom","Bag of Marbles","StrikeDummy"],"acts_visited":["Exordium"],"potions_floor_usage":[],"damage_taken":[{"damage":0.0,"enemies":"Small Slimes","floor":1.0,"turns":1.0},{"damage":0.0,"enemies":"Cultist","floor":3.0,"turns":1.0},{"damage":0.0,"enemies":"Jaw Worm","floor":4.0,"turns":1.0},{"damage":14.0,"enemies":"Gremlin Nob","floor":7.0,"turns":3.0},{"damage":0.0,"enemies":"Exordium Wildlife","floor":8.0,"turns":3.0},{"damage":10.0,"enemies":"Lots of Slimes","floor":10.0,"turns":3.0},{"damage":8.0,"enemies":"The Mushroom Lair","floor":11.0,"turns":2.0},{"damage":0.0,"enemies":"3 Louse","floor":13.0,"turns":2.0},{"damage":22.0,"enemies":"3 Sentries","floor":14.0,"turns":4.0},{"damage":27,"enemies":"The Guardian","floor":16,"turns":7}],"seed_played":"7955482393759727956","potions_obtained":[{"floor":7.0,"key":"AttackPotion"},{"floor":10.0,"key":"Strength Potion"},{"floor":11.0,"key":"Explosive Potion"}],"is_trial":false,"path_per_floor":["M","?","M","M","?","R","E","M","T","M","?","$","M","E","R","B"],"character_chosen":"WATCHER","items_purchased":["Bag of Marbles"],"campfire_rested":1,"item_purchase_floors":[12],"current_hp_per_floor":[61,61,61,61,61,61,47,47,47,37,29,29,29,7,27,0,0],"gold":52,"neow_bonus":"THREE_ENEMY_KILL","is_daily":false,"chose_seed":false,"campfire_upgraded":1,"win_rate":0.0,"timestamp":1612351841,"path_taken":["M","?","M","M","?","R","E","M","T","?","?","?","?","E","R","BOSS"],"items_purchased_type":["Relic"],"build_version":"2020-12-22","purchased_purges":0,"victory":false,"max_hp_per_floor":[68,68,68,68,68,68,68,68,68,68,68,68,68,68,68,68,68],"card_choices":[{"not_picked":["EmptyBody","BowlingBash","Worship"],"picked":"SKIP","floor":1.0},{"not_picked":["Crescendo","SashWhip","CutThroughFate"],"picked":"SKIP","floor":3.0},{"not_picked":["Protect","Consecrate"],"picked":"Judgement","floor":4.0},{"not_picked":["Halt","Adaptation","CrushJoints"],"picked":"SKIP","floor":7.0},{"not_picked":["Study","Pray","PathToVictory"],"picked":"SKIP","floor":8.0},{"not_picked":["BowlingBash","Evaluate","PathToVictory"],"picked":"SKIP","floor":10.0},{"not_picked":["Fasting2","ThirdEye","Crescendo"],"picked":"SKIP","floor":13.0},{"not_picked":["Vengeance","FlyingSleeves"],"picked":"BattleHymn","floor":14.0}],"player_experience":1796114,"relics_obtained":[{"floor":7.0,"key":"Unceasing Top"},{"floor":11.0,"key":"Odd Mushroom"},{"floor":14.0,"key":"StrikeDummy"}],"event_choices":[{"cards_removed":["Defend_P"],"damage_healed":0.0,"max_hp_gain":0.0,"max_hp_loss":0.0,"gold_gain":0.0,"event_name":"The Cleric","player_choice":"Card Removal","floor":2.0,"gold_loss":75.0,"damage_taken":0.0},{"damage_healed":0.0,"max_hp_gain":0.0,"max_hp_loss":0.0,"gold_gain":0.0,"event_name":"Upgrade Shrine","player_choice":"Upgraded","floor":5.0,"gold_loss":0.0,"damage_taken":0.0,"cards_upgraded":["Eruption"]},{"damage_healed":0.0,"max_hp_gain":0.0,"max_hp_loss":0.0,"gold_gain":0.0,"event_name":"Mushrooms","player_choice":"Fought Mushrooms","floor":11.0,"gold_loss":0.0,"damage_taken":0.0}],"is_beta":false,"boss_relics":[],"items_purged_floors":[],"is_endless":false,"potions_floor_spawned":[7,10,11],"killed_by":"The Guardian","ascension_level":20}}