{"host":"27tk4xseidcli2mr","time":1612370267,"event":{"mods":["2.2 Compatiblity","AchievementEnabler","Aspiration","BaseMod","Better Third Choice","Conspire","Custom Start","Downfall","Hubris","Infinite Spire","Jorbs\u0027s Wanderer Trilogy","Minty Spire (QoL Compilation)","Replay The Spire","StSLib","SuperFastMode","[IsaacMod]????"],"gold_per_floor":[118,118,130,162,174,218,230,242,254,266,303,331,360,399,411,518,530,557,589,700,712,724,768,780,411,411,422,422,439,453,481,481,617,617,675,704,761,761,761,835,835,907,907,979,1072,1072,1152,1254,1254,1438,1438,1535,1535,1411,1411,1411,1519,1629,1752,1803,1928,1935,1935,2089,2246,2246,2422,2422,2596,2330,2330,2330,2330,2499,2677,2677,2677,2875,2899,3105,3321,3321,3556,3806,3806,4108,4108,4378,4278,4487,4487,3981,3981,4257,4257,4325,4635,4953,5284,5291,5648,5648,5699,5699],"floor_reached":103,"language":"ENG","playtime":4034,"items_purged":["Strike_P","Defend_P","Defend_P","Replay:AtTheReady+1","Defend_P+1","Spot Weakness"],"score":1984,"play_id":"e77c4a27-8ece-476d-a0be-5ddbca72a5e1","local_time":"20210203173747","is_ascension_mode":true,"campfire_choices":[{"data":"BowlingBash","floor":15.0,"key":"SMITH"},{"data":"hubris:DuctTapeCard","floor":28.0,"key":"SMITH"},{"data":"BowlingBash+1","floor":63.0,"key":"PURGE"},{"data":"Limit Break","floor":66.0,"key":"SMITH"},{"data":"Demonic Infusion","floor":82.0,"key":"SMITH"},{"data":"Demonic Infusion","floor":85.0,"key":"SMITH"},{"data":"infinitespire:Oblivion","floor":93,"key":"SMITH"},{"data":"Heavy Blade","floor":95,"key":"SMITH"},{"floor":102,"key":"DIG"}],"circlet_count":0,"master_deck":["Strike_P","Eruption+1","Vigilance","FlyingSleeves","FlurryOfBlows+1","Sword Boomerang+1","Exhume","Metallicize","Protect+1","FlurryOfBlows+1","Thunderclap","DevaForm+1","infinitespire:OneForAll+1","infinitespire:Oblivion+1","Limit Break+1","Exhume","Heavy Blade+1","hubris:DuctTapeCard","conspire:Banana","Flame Barrier+1"],"relics":["PureWater","HushsDoor","NeowsBlessing","SteamSale","MawBank","Centennial Puzzle","Singing Bowl","aspiration:SeaSaltIceCream","Replay:Baseball","ReplayFunnel","aspiration:IroncladSkillbook","Empty Cage","Replay:Multitool","aspiration:FrozenJewel","DoctorsRemote","Replay:Rubber Ducky","Medical Kit","hubris:DuctTape","Bag of Marbles","infinitespire:EvilPickle","Black Star","EdensBlessing","TheBible","CloakClasp","SatanicBible","aspiration:TomeofQuesting","Akabeko","Peace Pipe","Unceasing Top","Oddly Smooth Stone","Replay:Mystery Machine","Blue Candle","Regal Pillow","hubris:OldNail","SalivaCoin","Gremlin Food","Blood Vial","Vajra","hubris:PeanutButter","hubris:Reverence","SharpPlug","Replay:Ringing Soul","hubris:64BitClover","The Courier","infinitespire:Joker Card","SlaversCollar","Ice Cream","hubris:DisguiseKit","Ornamental Fan","infinitespire:Beetle Shell","AnarchistCookbook","infinitespire:FocusingShard","infinitespire:Broken Mirror","PreservedInsect","InkBottle","Damaru"],"acts_visited":["Exordium","TheCity","TheBeyond","TheCity","TheBeyond"],"potions_floor_usage":[86,86,103],"damage_taken":[{"damage":0.0,"enemies":"Small Slimes","floor":1.0,"turns":1.0},{"damage":0.0,"enemies":"2 Louse","floor":4.0,"turns":2.0},{"damage":0.0,"enemies":"Lagavulin","floor":6.0,"turns":1.0},{"damage":0.0,"enemies":"Gremlin Nob","floor":11.0,"turns":2.0},{"damage":1.0,"enemies":"conspire:RoseBush","floor":12.0,"turns":3.0},{"damage":0.0,"enemies":"3 Louse","floor":13.0,"turns":2.0},{"damage":36.0,"enemies":"Slime Boss","floor":16.0,"turns":6.0},{"damage":50.0,"enemies":"Shell Parasite","floor":18.0,"turns":5.0},{"damage":8.0,"enemies":"3 Byrds","floor":19.0,"turns":3.0},{"damage":8.0,"enemies":"conspire:Head Lice","floor":23.0,"turns":2.0},{"damage":0.0,"enemies":"Snake Plant","floor":27.0,"turns":2.0},{"damage":0.0,"enemies":"Centurion and Healer","floor":29.0,"turns":4.0},{"damage":0.0,"enemies":"conspire:HollyBat","floor":30.0,"turns":4.0},{"damage":0.0,"enemies":"Slavers","floor":31.0,"turns":2.0},{"damage":9.0,"enemies":"Pondfish","floor":33.0,"turns":4.0},{"damage":0.0,"enemies":"Orb Walker","floor":35.0,"turns":2.0},{"damage":36.0,"enemies":"conspire:MimicChest","floor":36.0,"turns":9.0},{"damage":5.0,"enemies":"3 Shapes","floor":37.0,"turns":3.0},{"damage":15.0,"enemies":"Nemesis","floor":40.0,"turns":5.0},{"damage":42.0,"enemies":"Writhing Mass","floor":42.0,"turns":7.0},{"damage":0.0,"enemies":"3 Darklings","floor":44.0,"turns":1.0},{"damage":0.0,"enemies":"Nightmare","floor":45.0,"turns":13.0},{"damage":0.0,"enemies":"Transient","floor":47.0,"turns":5.0},{"damage":5.0,"enemies":"Giant Head","floor":48.0,"turns":7.0},{"damage":71.0,"enemies":"Donu and Deca","floor":50.0,"turns":9.0},{"damage":0.0,"enemies":"Cultist","floor":52.0,"turns":2.0},{"damage":7.0,"enemies":"3 Sentries","floor":57.0,"turns":3.0},{"damage":0.0,"enemies":"Small Slimes","floor":58.0,"turns":1.0},{"damage":0.0,"enemies":"Lagavulin","floor":59.0,"turns":2.0},{"damage":0.0,"enemies":"Jaw Worm","floor":61.0,"turns":1.0},{"damage":0.0,"enemies":"Gremlin Nob","floor":64.0,"turns":2.0},{"damage":23.0,"enemies":"Red Slaver","floor":65.0,"turns":2.0},{"damage":0.0,"enemies":"Delirium","floor":67.0,"turns":22.0},{"damage":28.0,"enemies":"conspire:FuzzyDice","floor":69.0,"turns":2.0},{"damage":20.0,"enemies":"conspire:SneckoGhost","floor":74.0,"turns":6.0},{"damage":0.0,"enemies":"Spheric Guardian","floor":75.0,"turns":1.0},{"damage":0.0,"enemies":"conspire:Head Lice","floor":78.0,"turns":1.0},{"damage":0.0,"enemies":"Replay:Snechameleon","floor":80.0,"turns":1.0},{"damage":22.0,"enemies":"Centurion and Healer","floor":81.0,"turns":3.0},{"damage":13.0,"enemies":"Shelled Parasite and Fungi","floor":83.0,"turns":2.0},{"damage":0.0,"enemies":"conspire:Head Lice","floor":84.0,"turns":2.0},{"damage":24,"enemies":"Delirium","floor":86,"turns":28},{"damage":19,"enemies":"3 Shapes","floor":88,"turns":8},{"damage":0,"enemies":"R_Hoarder","floor":94,"turns":2},{"damage":0,"enemies":"Reptomancer","floor":97,"turns":1},{"damage":0,"enemies":"Orb Walker","floor":98,"turns":1},{"damage":0,"enemies":"Sphere and 2 Shapes","floor":99,"turns":1},{"damage":0,"enemies":"3 Darklings","floor":101,"turns":1},{"damage":199,"enemies":"Delirium","floor":103,"turns":5}],"seed_played":"5838173262653250503","potions_obtained":[{"floor":6.0,"key":"Fire Potion"},{"floor":11.0,"key":"Ambrosia"},{"floor":27.0,"key":"FearPotion"},{"floor":29.0,"key":"LifebloodPotion"},{"floor":33.0,"key":"ColorlessPotion"},{"floor":45.0,"key":"SpeedPotion"},{"floor":52.0,"key":"PowerPotion"},{"floor":59.0,"key":"Guardian:BlockOnCardUsePotion"},{"floor":65.0,"key":"ColorlessPotion"},{"floor":83.0,"key":"Explosive Potion"},{"floor":86,"key":"Energy Potion"},{"floor":98,"key":"LiquidBronze"}],"is_trial":false,"path_per_floor":["M","?","?","M","$","E","?","?","T","?","E","M","M","T","R","B",null,"M","M","?","AVR","T","E","T","$","T","M","R","M","M","E","R","B",null,"M","?","M","?","?","E","R","M","T","M","NM","AVR","M","E","R","B",null,"M","?","$","?","?","E","M","E","T","M","?","R","E","M","R","B",null,"M","$","?","?","?","E","M","PTL","PTL","E","T","E","M","R","M","E","R","B",null,"M","NS","?","?","$","R","E","R","T","E","M","M","?","M","R","B"],"character_chosen":"WATCHER","items_purchased":["Metallicize","DoctorsRemote","Replay:Rubber Ducky","Medical Kit","Protect","Replay:Mystery Machine","Vajra","hubris:PeanutButter","Ice Cream","hubris:DisguiseKit","Ornamental Fan"],"campfire_rested":0,"item_purchase_floors":[25,25,25,25,25,54,70,70,92,92,92],"current_hp_per_floor":[72,72,72,72,72,72,72,72,72,72,74,73,73,73,73,37,74,28,24,24,24,24,20,20,20,20,24,24,28,32,38,60,55,76,78,48,49,49,49,38,62,33,33,39,45,45,51,52,79,14,92,94,94,94,89,89,88,94,98,98,100,80,80,84,69,69,75,102,80,80,80,80,80,68,76,76,76,84,84,92,78,78,73,79,79,63,118,105,105,77,77,77,77,85,85,85,93,101,109,106,115,115,0,0],"gold":5699,"neow_bonus":"THREE_ENEMY_KILL","is_daily":false,"chose_seed":false,"campfire_upgraded":7,"win_rate":0.0,"timestamp":1612370267,"path_taken":["M","?","?","M","$","E","?","?","T","?","E","M","M","?","R","BOSS","M","M","?","AVR","?","E","?","$","T","M","R","?","M","E","R","BOSS","M","?","M","?","?","E","R","M","T","M","NM","AVR","M","E","R","BOSS","M","?","$","?","?","E","?","E","T","M","?","R","E","M","R","BOSS","M","$","?","?","?","E","?","PTL","PTL","E","T","E","M","R","M","E","R","BOSS","M","NS","?","?","$","R","E","R","T","E","M","M","?","?","R","BOSS"],"items_purchased_type":["Card","Relic","Relic","Relic","Card","Relic","Relic","Relic","Relic","Relic","Relic"],"build_version":"2020-12-22","purchased_purges":6,"victory":false,"max_hp_per_floor":[72,72,72,72,72,72,72,72,72,72,74,74,74,74,74,74,74,74,74,74,74,74,74,74,74,74,74,74,74,74,76,76,76,76,78,80,82,82,82,82,82,82,82,84,86,86,88,90,90,92,92,94,94,94,94,94,96,98,98,98,100,100,100,100,102,102,102,102,104,104,104,104,104,106,108,108,108,110,110,112,114,114,116,116,116,118,118,120,120,122,122,122,122,124,124,124,126,128,130,137,140,140,142,142],"card_choices":[{"not_picked":["Collect","PathToVictory"],"picked":"FlyingSleeves","floor":1.0},{"not_picked":["Study","PathToVictory"],"picked":"Replay:AtTheReady","floor":4.0},{"not_picked":["Adaptation","Worship","Halt"],"picked":"SKIP","floor":6.0},{"not_picked":["Brilliance","Replay:AtTheReady","Prostrate"],"picked":"Singing Bowl","floor":11.0},{"not_picked":["Perseverance","SashWhip"],"picked":"BowlingBash","floor":12.0},{"not_picked":["SashWhip","WindmillStrike"],"picked":"Consecrate","floor":13.0},{"not_picked":["Perfected Strike","Havoc","JustLucky"],"picked":"FlurryOfBlows+1","floor":18.0},{"not_picked":["hubris:ReadiedAction","Crescendo","Fire Breathing"],"picked":"Sword Boomerang","floor":19.0},{"not_picked":["Heavy Blade","FlyingSleeves+1","Rampage"],"picked":"Exhume","floor":23.0},{"not_picked":["Warcry","conspire:ExplosiveBarrier","Shockwave"],"picked":"FlurryOfBlows+1","floor":27.0},{"not_picked":["Replay:Battleflow","Prostrate","EmptyBody"],"picked":"Spot Weakness","floor":29.0},{"not_picked":["CarveReality+1","SashWhip+1","Prostrate"],"picked":"Thunderclap","floor":30.0},{"not_picked":["Ghostly Armor","Inflame+1","FearNoEvil","Run Through"],"picked":"Singing Bowl","floor":31.0},{"not_picked":["Establishment","Barricade","hubris:StunningStrike"],"picked":"Demonic Infusion","floor":33.0},{"not_picked":["Replay:ManipulateFuture+1","FlyingSleeves","Prostrate","ClearTheMind+1"],"picked":"Singing Bowl","floor":35.0},{"not_picked":["conspire:Charge","Havoc","Replay:AtTheReady","Sword Boomerang"],"picked":"Singing Bowl","floor":36.0},{"not_picked":["Uppercut+1","Cleave","InnerPeace+1","JustLucky+1"],"picked":"Singing Bowl","floor":37.0},{"not_picked":["Clothesline","Vengeance+1","Uppercut+1"],"picked":"DevaForm","floor":40.0},{"not_picked":["Second Wind+1","Burning Pact","LikeWater+1"],"picked":"infinitespire:OneForAll+1","floor":42.0},{"not_picked":["SandsOfTime","Replay:Anticipation+1","Run Through+1","Burning Pact+1"],"picked":"Singing Bowl","floor":44.0},{"not_picked":["Whirlwind","Sentinel","Hemogenesis","Replay:Anticipation+1"],"picked":"Singing Bowl","floor":45.0},{"not_picked":["ReplayTheSpireMod:Muscle Training+1","Replay:Cycle+1","EmptyFist+1","Thunderclap"],"picked":"Singing Bowl","floor":47.0},{"not_picked":["WreathOfFlame+1","Iron Wave","InnerPeace+1","Run Through"],"picked":"Singing Bowl","floor":48.0},{"not_picked":["Replay:LoomingThreat","Demon Form","Offering","SpiritShield"],"picked":"Singing Bowl","floor":50.0},{"not_picked":["SashWhip","Body Slam","SandsOfTime","Headbutt"],"picked":"Singing Bowl","floor":52.0},{"not_picked":["Hemokinesis","Clash","Replay:Anticipation","SignatureMove"],"picked":"Singing Bowl","floor":57.0},{"not_picked":["Juggernaut","SashWhip","CrushJoints","Warcry"],"picked":"Singing Bowl","floor":58.0},{"not_picked":["FollowUp","Intimidate","Eclipse"],"picked":"Limit Break","floor":59.0},{"not_picked":["PathToVictory","BowlingBash","Body Slam","Juggernaut"],"picked":"Singing Bowl","floor":61.0},{"not_picked":["Prostrate","Wireheading","Thunderclap"],"picked":"Demonic Infusion","floor":64.0},{"not_picked":["Flex","Replay:BluntJabs","Crescendo","Clothesline"],"picked":"Singing Bowl","floor":65.0},{"not_picked":["Brutality","Scrawl","Hemogenesis"],"picked":"Exhume","floor":67.0},{"not_picked":["Clothesline","Wild Strike+1","FlyingSleeves","Headbutt+1"],"picked":"Singing Bowl","floor":69.0},{"not_picked":["Sentinel","Hemogenesis","Clash","Searing Blow+1"],"picked":"Singing Bowl","floor":74.0},{"not_picked":["Twin Strike","BowlingBash","Run Through","Shrug It Off"],"picked":"Singing Bowl","floor":75.0},{"not_picked":["JustLucky","FlyingSleeves","ForeignInfluence+1","ReplayTheSpireMod:Strike From Hell"],"picked":"Singing Bowl","floor":78.0},{"not_picked":["WheelKick","Nirvana","Body Slam","EmptyFist+1"],"picked":"Singing Bowl","floor":80.0},{"not_picked":["Flex+1","BowlingBash","CutThroughFate","ReplayTheSpireMod:Limb From Limb"],"picked":"Singing Bowl","floor":81.0},{"not_picked":["Havoc","Replay:Vibes","Run Through","Conclude"],"picked":"Singing Bowl","floor":83.0},{"not_picked":["Evaluate","Thunderclap","BowlingBash","Replay:Undeath\u0027s Touch"],"picked":"SKIP","floor":84.0},{"not_picked":["Bludgeon","Replay:AllIn","Brutality","Feed"],"picked":"Singing Bowl","floor":86},{"not_picked":["BowlingBash+1","hubris:CleavingFinish+1","Replay:Hum+1","FollowUp"],"picked":"Singing Bowl","floor":88},{"not_picked":["Warcry+1","Weave+1","Flex+1","Replay:Hum+1"],"picked":"Singing Bowl","floor":90},{"not_picked":["Dual Wield+1","Blasphemy","Crescendo+1","Shrug It Off","bronze:Branch"],"picked":"Singing Bowl","floor":94},{"not_picked":["FlyingSleeves+1","Nirvana+1","ClearTheMind+1","Dual Wield+1","bronze:Overheat"],"picked":"Singing Bowl","floor":97},{"not_picked":["Evolve","Body Slam+1","Replay:Vibes+1","Havoc","bronze:Allocate"],"picked":"Singing Bowl","floor":98},{"not_picked":["BattleHymn","Replay:ManipulateFuture","Conclude+1","Clothesline","bronze:Shield"],"picked":"Singing Bowl","floor":99},{"not_picked":["Blind","Finesse","Purity"],"picked":"conspire:Banana","floor":100},{"not_picked":["Deep Breath","Specialist","SuicideKing","Forethought"],"picked":"Singing Bowl","floor":100},{"not_picked":["BettingIsNotGood","ReplayTheSpireMod:Uncanny Aura","Specialist","Replay:Parry"],"picked":"Singing Bowl","floor":100},{"not_picked":["WreathOfFlame+1","Armaments","Heavy Blade+1","bronze:OilSpill"],"picked":"Flame Barrier+1","floor":101}],"player_experience":1314455,"relics_obtained":[{"floor":2.0,"key":"MawBank"},{"floor":6.0,"key":"Centennial Puzzle"},{"floor":9.0,"key":"Singing Bowl"},{"floor":11.0,"key":"aspiration:SeaSaltIceCream"},{"floor":14.0,"key":"ReplayFunnel"},{"floor":23.0,"key":"aspiration:FrozenJewel"},{"floor":26.0,"key":"hubris:DuctTape"},{"floor":31.0,"key":"Bag of Marbles"},{"floor":36.0,"key":"EdensBlessing"},{"floor":40.0,"key":"TheBible"},{"floor":40.0,"key":"CloakClasp"},{"floor":43.0,"key":"SatanicBible"},{"floor":45.0,"key":"aspiration:TomeofQuesting"},{"floor":45.0,"key":"Akabeko"},{"floor":48.0,"key":"Unceasing Top"},{"floor":48.0,"key":"Oddly Smooth Stone"},{"floor":57.0,"key":"Regal Pillow"},{"floor":59.0,"key":"hubris:OldNail"},{"floor":59.0,"key":"SalivaCoin"},{"floor":60.0,"key":"Gremlin Food"},{"floor":64.0,"key":"Blood Vial"},{"floor":74.0,"key":"hubris:Reverence"},{"floor":78.0,"key":"SharpPlug"},{"floor":78.0,"key":"Replay:Ringing Soul"},{"floor":80.0,"key":"hubris:64BitClover"},{"floor":80.0,"key":"The Courier"},{"floor":84.0,"key":"infinitespire:Joker Card"},{"floor":94,"key":"infinitespire:Beetle Shell"},{"floor":94,"key":"AnarchistCookbook"},{"floor":96,"key":"infinitespire:FocusingShard"},{"floor":97,"key":"infinitespire:Broken Mirror"},{"floor":97,"key":"PreservedInsect"},{"floor":101,"key":"InkBottle"},{"floor":102,"key":"Damaru"}],"event_choices":[{"damage_healed":0.0,"max_hp_gain":0.0,"max_hp_loss":0.0,"gold_gain":99.0,"event_name":"betterThird:BetterNest","player_choice":"Steal","floor":20.0,"gold_loss":0.0,"damage_taken":0.0},{"damage_healed":0.0,"max_hp_gain":0.0,"max_hp_loss":0.0,"gold_gain":0.0,"event_name":"betterThird:BetterPortal","player_choice":"Random: Orange","floor":38.0,"gold_loss":0.0,"damage_taken":0.0},{"damage_healed":0.0,"max_hp_gain":0.0,"max_hp_loss":0.0,"gold_gain":0.0,"event_name":"Match and Keep!","player_choice":"0 cards matched","floor":38.0,"gold_loss":0.0,"damage_taken":0.0,"cards_obtained":[]},{"damage_healed":0.0,"max_hp_gain":0.0,"max_hp_loss":0.0,"gold_gain":0.0,"event_name":"Duplicator","player_choice":"Copied","floor":39.0,"gold_loss":0.0,"damage_taken":0.0,"cards_obtained":["hubris:DuctTapeCard"]},{"damage_healed":0.0,"max_hp_gain":0.0,"max_hp_loss":0.0,"gold_gain":0.0,"event_name":"conspire:Investor","player_choice":"Leave","floor":56.0,"gold_loss":0.0,"damage_taken":0.0},{"damage_healed":100.0,"max_hp_gain":0.0,"max_hp_loss":100.0,"gold_gain":0.0,"event_name":"betterThird:BetterShining","player_choice":"Upgrade","floor":62.0,"gold_loss":0.0,"damage_taken":20.0,"cards_upgraded":["Sword Boomerang","Defend_P"]},{"damage_healed":0.0,"max_hp_gain":0.0,"max_hp_loss":0.0,"gold_gain":0.0,"event_name":"The Library","player_choice":"Read","floor":73.0,"gold_loss":0.0,"damage_taken":0.0,"cards_obtained":["Heavy Blade"]},{"damage_healed":0,"gold_gain":0,"player_choice":"Ignored","damage_taken":0,"max_hp_gain":0,"max_hp_loss":0,"event_name":"Tomb of Lord Red Mask","floor":91,"gold_loss":0},{"damage_healed":0,"gold_gain":0,"player_choice":"Memory 3","damage_taken":10,"max_hp_gain":0,"max_hp_loss":0,"event_name":"SensoryStone","floor":100,"gold_loss":0}],"is_beta":false,"boss_relics":[{"not_picked":["hubris:Stopwatch","Sozu"],"picked":"aspiration:IroncladSkillbook"},{"not_picked":[]},{"not_picked":["Pandora\u0027s Box","aspiration:SecretTechniqueScroll"],"picked":"Black Star"},{"not_picked":[]},{"not_picked":["Coffee Dripper","infinitespire:Cupcake","Painkiller Herb"]},{"not_picked":["Runic Dome","Velvet Choker","conspire:RoyalGoblet"]},{"not_picked":["infinitespire:Cupcake","SacredBark"],"picked":"SlaversCollar"},{"not_picked":[]}],"items_purged_floors":[21,25,46,54,70,92],"is_endless":true,"potions_floor_spawned":[6,11,27,29,33,36,37,45,48,52,57,59,65,81,83,84,86,98,101],"killed_by":"Delirium","ascension_level":4}}