{"host":"6q94iy5iz6612v89","time":1612378111,"event":{"mods":["2.2 Compatiblity","AchievementEnabler","BaseMod","Colored Map","DeckTracker","Keyboard Shortcuts","Minty Spire (QoL Compilation)","Permanent Neow","StSLib","SuperFastMode"],"gold_per_floor":[111,111,111,129,204,244,21,65,91,110,59,72,72,96,96,185,185,201,219,243,261,286,286,69,69,69,88,88,132,132,152,152,152,152],"floor_reached":33,"language":"KOR","playtime":533,"items_purged":["Defend_R","Bash"],"score":608,"play_id":"5ba3ec83-bf59-4f03-997b-92aa630c9d8e","local_time":"20210204034831","is_ascension_mode":true,"campfire_choices":[{"data":"Perfected Strike","floor":13,"key":"SMITH"},{"data":"Perfected Strike","floor":15,"key":"SMITH"},{"data":"Immolate","floor":23,"key":"SMITH"},{"data":"Fire Breathing","floor":32,"key":"SMITH"}],"circlet_count":0,"master_deck":["AscendersBane","Strike_R","Strike_R","Strike_R","Strike_R","Strike_R","Defend_R","Defend_R","Defend_R","Perfected Strike+1","Shrug It Off","Immolate+1","Perfected Strike+1","Pommel Strike","Shrug It Off","Power Through","Shockwave","Corruption","Twin Strike","Evolve","Wild Strike+1","Pain","Fire Breathing+1"],"relics":["Burning Blood","NeowsBlessing","Golden Idol","Smiling Mask","DollysMirror","Mummified Hand","PreservedInsect","Ancient Tea Set","Runic Dome","Lee\u0027s Waffle","Matryoshka","WarpedTongs"],"acts_visited":["Exordium","TheCity"],"potions_floor_usage":[8,16,16,29,33],"damage_taken":[{"damage":0,"enemies":"Jaw Worm","floor":1,"turns":1},{"damage":0,"enemies":"2 Louse","floor":4,"turns":2},{"damage":0,"enemies":"Lagavulin","floor":6,"turns":1},{"damage":8,"enemies":"Gremlin Nob","floor":8,"turns":3},{"damage":0,"enemies":"Cultist","floor":10,"turns":2},{"damage":0,"enemies":"3 Louse","floor":12,"turns":4},{"damage":1,"enemies":"2 Fungi Beasts","floor":14,"turns":3},{"damage":53,"enemies":"Hexaghost","floor":16,"turns":9},{"damage":6,"enemies":"Spheric Guardian","floor":18,"turns":3},{"damage":21,"enemies":"3 Byrds","floor":19,"turns":6},{"damage":19,"enemies":"Sentry and Sphere","floor":20,"turns":4},{"damage":7,"enemies":"Snecko","floor":21,"turns":4},{"damage":29,"enemies":"Centurion and Healer","floor":22,"turns":4},{"damage":0,"enemies":"Chosen and Byrds","floor":27,"turns":5},{"damage":30,"enemies":"Book of Stabbing","floor":29,"turns":4},{"damage":12,"enemies":"Cultist and Chosen","floor":31,"turns":5},{"damage":113,"enemies":"Champ","floor":33,"turns":8}],"seed_played":"7579227423831712977","potions_obtained":[{"floor":1,"key":"FearPotion"},{"floor":4,"key":"DistilledChaos"},{"floor":12,"key":"BlessingOfTheForge"},{"floor":21,"key":"Regen Potion"},{"floor":22,"key":"FairyPotion"},{"floor":29,"key":"ElixirPotion"}],"is_trial":false,"path_per_floor":["M","?","?","M","?","E","$","E","T","M","?","M","R","M","R","B",null,"M","M","M","M","M","R","$","?","T","M","?","E","?","M","R","B"],"character_chosen":"IRONCLAD","items_purchased":["DollysMirror","Lee\u0027s Waffle"],"campfire_rested":0,"item_purchase_floors":[7,24],"current_hp_per_floor":[74,74,48,54,43,49,49,47,47,53,53,59,59,64,64,17,61,61,46,33,32,9,9,82,82,82,82,82,67,67,61,61,0,0],"gold":152,"neow_bonus":"THREE_ENEMY_KILL","is_daily":false,"chose_seed":false,"campfire_upgraded":4,"win_rate":0.0,"timestamp":1612378111,"path_taken":["M","?","?","M","?","E","$","E","T","?","?","M","R","M","R","BOSS","M","M","M","M","M","R","?","?","T","M","?","E","?","?","R","BOSS"],"items_purchased_type":["Relic","Relic"],"build_version":"2020-12-22","purchased_purges":2,"victory":false,"max_hp_per_floor":[75,75,75,75,75,75,75,75,75,75,75,75,75,75,75,75,75,75,75,75,75,75,75,82,82,82,82,82,82,82,82,82,82,82],"card_choices":[{"not_picked":["Combust","Dark Embrace"],"picked":"Perfected Strike","floor":1},{"not_picked":["True Grit","Dropkick"],"picked":"Shrug It Off","floor":4},{"not_picked":["Searing Blow","Uppercut"],"picked":"Immolate","floor":6},{"not_picked":["Heavy Blade","Clothesline"],"picked":"Pommel Strike","floor":8},{"not_picked":["Metallicize","Warcry"],"picked":"Shrug It Off","floor":10},{"not_picked":["Ghostly Armor","Clash"],"picked":"Power Through","floor":12},{"not_picked":["Headbutt","Searing Blow"],"picked":"Shockwave","floor":14},{"not_picked":["Barricade","Immolate"],"picked":"Corruption","floor":16},{"not_picked":["Rampage","Thunderclap","Searing Blow"],"picked":"SKIP","floor":18},{"not_picked":["Flex","Anger+1","Rage"],"picked":"SKIP","floor":19},{"not_picked":["Flex+1","Warcry","Body Slam"],"picked":"SKIP","floor":20},{"not_picked":["Thunderclap","Metallicize"],"picked":"Twin Strike","floor":21},{"not_picked":["Seeing Red","Second Wind+1"],"picked":"Evolve","floor":22},{"not_picked":["Sword Boomerang","Entrench"],"picked":"Wild Strike+1","floor":27},{"not_picked":["Berserk","Cleave","Carnage"],"picked":"SKIP","floor":29},{"not_picked":["Rage","Iron Wave"],"picked":"Fire Breathing","floor":31}],"player_experience":1459716,"relics_obtained":[{"floor":6,"key":"Smiling Mask"},{"floor":8,"key":"Mummified Hand"},{"floor":9,"key":"PreservedInsect"},{"floor":29,"key":"Matryoshka"}],"event_choices":[{"damage_healed":0,"gold_gain":0,"player_choice":"Ignored","damage_taken":0,"max_hp_gain":0,"max_hp_loss":0,"event_name":"Liars Game","floor":2,"gold_loss":0},{"damage_healed":0,"gold_gain":0,"player_choice":"Take Damage","damage_taken":26,"relics_obtained":["Golden Idol"],"max_hp_gain":0,"max_hp_loss":0,"event_name":"Golden Idol","floor":3,"gold_loss":0},{"damage_healed":0,"gold_gain":75,"player_choice":"Gather Gold","damage_taken":11,"max_hp_gain":0,"max_hp_loss":0,"event_name":"World of Goop","floor":5,"gold_loss":0},{"damage_healed":0,"gold_gain":0,"player_choice":"Paid Gold","damage_taken":0,"relics_obtained":["Ancient Tea Set"],"max_hp_gain":0,"max_hp_loss":0,"event_name":"WeMeetAgain","floor":11,"gold_loss":51},{"damage_healed":0,"gold_gain":0,"player_choice":"Ignored","damage_taken":0,"max_hp_gain":0,"max_hp_loss":0,"event_name":"Ghosts","floor":28,"gold_loss":0},{"damage_healed":0,"gold_gain":0,"player_choice":"Rummage","damage_taken":0,"relics_obtained":["WarpedTongs"],"max_hp_gain":0,"max_hp_loss":0,"event_name":"Accursed Blacksmith","floor":30,"gold_loss":0,"cards_obtained":["Pain"]}],"is_beta":false,"boss_relics":[{"not_picked":["Busted Crown","Tiny House"],"picked":"Runic Dome"}],"items_purged_floors":[7,24],"is_endless":false,"potions_floor_spawned":[1,4,6,12,21,22,27,29],"killed_by":"Champ","ascension_level":20}}