{"host":"1qhzi8r9ejho5yph","time":1612362781,"event":{"mods":["AchievementEnabler","BaseMod","Colored Map","Colored Powertips","Highlight Path","Minty Spire (QoL Compilation)","Permanent Neow","Quick Restart","Random Character Button","StSLib","SuperFastMode"],"gold_per_floor":[117,133,148,165,165,165,197,197,222,38,38,3,3,30,30,107,107,117,137,137,157,157,157],"floor_reached":22,"language":"ENG","playtime":758,"items_purged":[],"score":340,"play_id":"d4343882-4c10-4271-ba5d-eca09c2c2704","local_time":"20210203223301","is_ascension_mode":true,"campfire_choices":[{"floor":6,"key":"REST"},{"floor":8,"key":"REST"},{"data":"Redo","floor":11,"key":"SMITH"},{"data":"Dualcast","floor":15,"key":"SMITH"}],"circlet_count":0,"master_deck":["AscendersBane","Strike_B","Strike_B","Strike_B","Strike_B","Defend_B","Defend_B","Defend_B","Defend_B+1","Zap","Dualcast+1","All For One","Coolheaded","Redo+1","Coolheaded+1","Compile Driver","Sweeping Beam","Loop","Scrape","Echo Form","Scrape+1","Gash","Gash"],"relics":["Cracked Core","Orichalcum","Strawberry","Lee\u0027s Waffle","Boot","Inserter"],"acts_visited":["Exordium","TheCity"],"potions_floor_usage":[4,7,22],"damage_taken":[{"damage":6,"enemies":"Cultist","floor":1,"turns":3},{"damage":0,"enemies":"Small Slimes","floor":2,"turns":3},{"damage":1,"enemies":"2 Louse","floor":3,"turns":3},{"damage":4,"enemies":"Exordium Wildlife","floor":4,"turns":4},{"damage":44,"enemies":"Gremlin Nob","floor":7,"turns":7},{"damage":11,"enemies":"3 Sentries","floor":14,"turns":12},{"damage":48,"enemies":"Slime Boss","floor":16,"turns":10},{"damage":18,"enemies":"Spheric Guardian","floor":18,"turns":5},{"damage":19,"enemies":"Shell Parasite","floor":19,"turns":6},{"damage":13,"enemies":"Cultist and Chosen","floor":21,"turns":8},{"damage":26,"enemies":"Chosen and Byrds","floor":22,"turns":6}],"seed_played":"-1149409022991978372","potions_obtained":[{"floor":2,"key":"Fire Potion"},{"floor":3,"key":"Weak Potion"},{"floor":7,"key":"FocusPotion"},{"floor":19,"key":"Swift Potion"},{"floor":21,"key":"Block Potion"}],"is_trial":false,"path_per_floor":["M","M","M","M","?","R","E","R","T","$","R","?","$","E","R","B",null,"M","M","?","M","M"],"character_chosen":"DEFECT","items_purchased":["Lee\u0027s Waffle","Loop"],"campfire_rested":2,"item_purchase_floors":[10,10],"current_hp_per_floor":[58,58,57,53,32,53,9,30,37,85,85,85,85,74,74,26,70,52,33,33,20,0,0],"gold":157,"neow_bonus":"ONE_RANDOM_RARE_CARD","is_daily":false,"chose_seed":false,"campfire_upgraded":2,"win_rate":0.0,"timestamp":1612362781,"path_taken":["M","M","M","?","?","R","E","R","T","$","R","?","?","E","R","BOSS","M","M","?","M","M"],"items_purchased_type":["Relic","Card"],"build_version":"2020-12-22","purchased_purges":0,"victory":false,"max_hp_per_floor":[71,71,71,71,71,71,71,71,78,85,85,85,85,85,85,85,85,85,85,85,85,85,85],"card_choices":[{"not_picked":["Steam","Compile Driver"],"picked":"Coolheaded","floor":1},{"not_picked":["Skim","Cold Snap"],"picked":"Redo","floor":2},{"not_picked":["Conserve Battery","Force Field"],"picked":"Coolheaded","floor":3},{"not_picked":["Ball Lightning","Fusion"],"picked":"Compile Driver","floor":4},{"not_picked":["Fusion","Stack"],"picked":"Sweeping Beam","floor":7},{"not_picked":["Glacier","Turbo"],"picked":"Scrape","floor":14},{"not_picked":["Biased Cognition","Seek"],"picked":"Echo Form","floor":16},{"not_picked":["Streamline","Leap"],"picked":"Scrape+1","floor":18},{"not_picked":["Redo","Coolheaded"],"picked":"Gash","floor":19},{"not_picked":["Hologram","Redo"],"picked":"Gash","floor":21}],"player_experience":360191,"relics_obtained":[{"floor":7,"key":"Orichalcum"},{"floor":9,"key":"Strawberry"},{"floor":14,"key":"Boot"}],"event_choices":[{"damage_healed":0,"gold_gain":0,"player_choice":"Entered Light","damage_taken":21,"max_hp_gain":0,"max_hp_loss":0,"event_name":"Shining Light","floor":5,"gold_loss":0,"cards_upgraded":["Coolheaded","Defend_B"]},{"damage_healed":21,"gold_gain":0,"player_choice":"Healed","damage_taken":0,"max_hp_gain":0,"max_hp_loss":0,"event_name":"The Cleric","floor":12,"gold_loss":35},{"damage_healed":0,"gold_gain":0,"player_choice":"Ignored","damage_taken":0,"max_hp_gain":0,"max_hp_loss":0,"event_name":"The Mausoleum","floor":20,"gold_loss":0}],"is_beta":false,"boss_relics":[{"not_picked":["Runic Dome","Calling Bell"],"picked":"Inserter"}],"items_purged_floors":[],"is_endless":false,"potions_floor_spawned":[2,3,7,19,21],"killed_by":"Chosen and Byrds","ascension_level":15}}