{"host":"aw4z6ztdqz1doup7","time":1612386630,"event":{"mods":["AchievementEnabler","BaseMod","Colored Powertips","Minty Spire (QoL Compilation)"],"gold_per_floor":[15,32,42,55,70,80,80,92,92,92,92,38,52,81,81,179,179,189,199,124,142,153,188,188,205,205,225,315,42,42,52,52,149,149,163,12,0,17,37,54,64,76,76,76,92,92,92,92],"floor_reached":47,"language":"ENG","playtime":3127,"items_purged":["Strike_P","Strike_P"],"score":559,"play_id":"e481caea-a530-46f0-82e7-16b77ab63679","local_time":"20210203221030","is_ascension_mode":false,"campfire_choices":[{"data":"Judgement","floor":7,"key":"SMITH"},{"data":"PathToVictory","floor":15,"key":"SMITH"},{"data":"Vault","floor":24,"key":"SMITH"},{"data":"PathToVictory","floor":30,"key":"SMITH"},{"floor":32,"key":"RECALL"},{"data":"Eruption","floor":44,"key":"SMITH"}],"circlet_count":0,"master_deck":["Defend_P","Defend_P","Defend_P","Eruption+1","Vigilance","Judgement+1","PathToVictory+1","CutThroughFate","Sanctity","CutThroughFate","CutThroughFate","Wish","PathToVictory+1","CutThroughFate","Vault+1","EmptyMind+1","Weave+1","Collect+1","PathToVictory+1","Master of Strategy+1","Perseverance+1","PathToVictory+1"],"relics":["PureWater","Toy Ornithopter","Astrolabe","Meat on the Bone","Toxic Egg 2","Black Star","DollysMirror","Red Mask","FossilizedHelix"],"acts_visited":["Exordium","TheCity","TheBeyond"],"potions_floor_usage":[14,16,16,41,47,47],"damage_taken":[{"damage":0,"enemies":"Jaw Worm","floor":1,"turns":1},{"damage":0,"enemies":"2 Louse","floor":2,"turns":1},{"damage":1,"enemies":"Cultist","floor":3,"turns":4},{"damage":1,"enemies":"2 Fungi Beasts","floor":4,"turns":2},{"damage":10,"enemies":"Exordium Thugs","floor":5,"turns":3},{"damage":7,"enemies":"Looter","floor":6,"turns":3},{"damage":0,"enemies":"Blue Slaver","floor":8,"turns":1},{"damage":0,"enemies":"Exordium Thugs","floor":13,"turns":3},{"damage":36,"enemies":"Lagavulin","floor":14,"turns":4},{"damage":0,"enemies":"Slime Boss","floor":16,"turns":4},{"damage":0,"enemies":"Chosen","floor":18,"turns":3},{"damage":0,"enemies":"3 Byrds","floor":19,"turns":4},{"damage":7,"enemies":"3 Cultists","floor":21,"turns":5},{"damage":7,"enemies":"Snake Plant","floor":22,"turns":3},{"damage":34,"enemies":"Book of Stabbing","floor":23,"turns":5},{"damage":0,"enemies":"Snecko","floor":25,"turns":3},{"damage":10,"enemies":"Chosen and Byrds","floor":27,"turns":3},{"damage":0,"enemies":"Sentry and Sphere","floor":31,"turns":4},{"damage":59,"enemies":"Champ","floor":33,"turns":7},{"damage":0,"enemies":"3 Shapes","floor":35,"turns":3},{"damage":16,"enemies":"3 Darklings","floor":38,"turns":3},{"damage":29,"enemies":"Maw","floor":39,"turns":6},{"damage":14,"enemies":"Sphere and 2 Shapes","floor":40,"turns":4},{"damage":10,"enemies":"Spire Growth","floor":41,"turns":4},{"damage":10,"enemies":"4 Shapes","floor":42,"turns":4},{"damage":0,"enemies":"Sphere and 2 Shapes","floor":45,"turns":3},{"damage":64,"enemies":"Reptomancer","floor":47,"turns":4}],"seed_played":"775799789466798419","potions_obtained":[{"floor":5,"key":"SkillPotion"},{"floor":6,"key":"FairyPotion"},{"floor":8,"key":"BlessingOfTheForge"},{"floor":14,"key":"FearPotion"},{"floor":19,"key":"BlessingOfTheForge"},{"floor":23,"key":"Strength Potion"},{"floor":27,"key":"Ambrosia"},{"floor":33,"key":"StancePotion"},{"floor":41,"key":"PowerPotion"}],"is_trial":false,"path_per_floor":["M","M","M","M","M","M","R","M","T","?","?","$","M","E","R","B",null,"M","M","$","M","M","E","R","M","T","M","?","$","R","M","R","B",null,"M","$","?","M","M","M","M","M","T","R","M","$","E"],"character_chosen":"WATCHER","items_purchased":["PathToVictory","Master of Strategy+1","DollysMirror"],"campfire_rested":0,"item_purchase_floors":[12,29,36],"current_hp_per_floor":[72,72,71,70,60,53,53,53,53,58,58,58,58,22,22,32,77,77,77,77,70,63,29,29,41,41,43,31,31,31,43,43,35,77,77,77,77,61,44,42,49,39,39,39,39,39,0,0],"gold":92,"neow_bonus":"THREE_RARE_CARDS","is_daily":false,"chose_seed":false,"campfire_upgraded":5,"win_rate":0.0,"timestamp":1612386630,"path_taken":["M","M","M","M","M","M","R","M","T","?","?","$","M","E","R","BOSS","M","?","$","M","M","E","R","M","T","M","?","$","R","M","R","BOSS","M","$","?","M","M","M","M","M","T","R","M","$","E"],"items_purchased_type":["Card","Card","Relic"],"build_version":"2020-12-22","purchased_purges":2,"victory":false,"max_hp_per_floor":[72,72,72,72,72,72,72,72,72,77,77,77,77,77,77,77,77,77,77,77,77,77,77,77,77,77,77,77,77,77,77,77,77,77,77,77,77,77,77,77,77,77,77,77,77,77,77,77],"card_choices":[{"not_picked":["Wish","DevaForm"],"picked":"Judgement","floor":0},{"not_picked":["FlyingSleeves","Swivel"],"picked":"PathToVictory","floor":1},{"not_picked":["WindmillStrike","EmptyMind"],"picked":"CutThroughFate","floor":2},{"not_picked":["SashWhip","Crescendo"],"picked":"Sanctity","floor":3},{"not_picked":["EmptyFist","Pray","WaveOfTheHand"],"picked":"SKIP","floor":4},{"not_picked":["Indignation","Adaptation","BowlingBash"],"picked":"SKIP","floor":5},{"not_picked":["Perseverance","JustLucky","Weave"],"picked":"SKIP","floor":6},{"not_picked":["BowlingBash","Swivel"],"picked":"CutThroughFate","floor":8},{"not_picked":["Tantrum","CrushJoints"],"picked":"CutThroughFate","floor":13},{"not_picked":["ThirdEye","EmptyFist","Protect"],"picked":"SKIP","floor":14},{"not_picked":["Establishment","SpiritShield"],"picked":"Vault","floor":16},{"not_picked":["EmptyFist+1","CutThroughFate"],"picked":"PathToVictory+1","floor":18},{"not_picked":["ReachHeaven","WindmillStrike","ClearTheMind"],"picked":"SKIP","floor":19},{"not_picked":["BowlingBash+1","ClearTheMind","FollowUp"],"picked":"SKIP","floor":21},{"not_picked":["Wireheading","Nirvana","Establishment"],"picked":"SKIP","floor":22},{"not_picked":["Protect+1","Swivel","EmptyBody"],"picked":"SKIP","floor":23},{"not_picked":["FlyingSleeves+1","Evaluate","EmptyMind"],"picked":"SKIP","floor":25},{"not_picked":["ThirdEye+1","Study","Evaluate+1"],"picked":"SKIP","floor":27},{"not_picked":["Indignation+1","EmptyFist"],"picked":"Perseverance+1","floor":31},{"not_picked":["Evaluate+1","Crescendo+1","FlurryOfBlows+1"],"picked":"SKIP","floor":35},{"not_picked":["FollowUp","CrushJoints+1","Worship+1"],"picked":"SKIP","floor":38},{"not_picked":["CutThroughFate+1","CrushJoints","EmptyBody+1"],"picked":"SKIP","floor":39},{"not_picked":["ClearTheMind+1","Protect+1","EmptyFist"],"picked":"SKIP","floor":40},{"not_picked":["ThirdEye+1","FlurryOfBlows+1","JustLucky"],"picked":"SKIP","floor":41},{"not_picked":["FollowUp+1","Swivel+1","Indignation+1"],"picked":"SKIP","floor":42},{"not_picked":["Halt+1","Protect+1","SignatureMove+1"],"picked":"SKIP","floor":45},{"not_picked":["Halt+1","Protect+1","SignatureMove+1"],"picked":"SKIP","floor":45}],"player_experience":576140,"relics_obtained":[{"floor":14,"key":"Toy Ornithopter"},{"floor":23,"key":"Meat on the Bone"},{"floor":26,"key":"Toxic Egg 2"},{"floor":43,"key":"FossilizedHelix"}],"event_choices":[{"damage_healed":0,"gold_gain":0,"player_choice":"Donut","damage_taken":0,"max_hp_gain":5,"max_hp_loss":0,"event_name":"Big Fish","floor":10,"gold_loss":0},{"damage_healed":0,"gold_gain":0,"player_choice":"2 cards matched","damage_taken":0,"max_hp_gain":0,"max_hp_loss":0,"event_name":"Match and Keep!","floor":11,"gold_loss":0,"cards_obtained":["CutThroughFate","Wish"]},{"damage_healed":0,"gold_gain":0,"player_choice":"2 cards matched","damage_taken":0,"max_hp_gain":0,"max_hp_loss":0,"event_name":"Match and Keep!","floor":11,"gold_loss":0,"cards_obtained":["CutThroughFate","Wish"]},{"damage_healed":0,"gold_gain":90,"player_choice":"GOLD ","damage_taken":12,"max_hp_gain":0,"max_hp_loss":0,"event_name":"Knowing Skull","floor":28,"potions_obtained":[],"gold_loss":0,"cards_obtained":[]},{"damage_healed":0,"gold_gain":0,"player_choice":"Paid","damage_taken":0,"relics_obtained":["Red Mask"],"max_hp_gain":0,"max_hp_loss":0,"event_name":"Tomb of Lord Red Mask","floor":37,"gold_loss":12}],"is_beta":false,"boss_relics":[{"not_picked":["Calling Bell","Pandora\u0027s Box"],"picked":"Astrolabe"},{"not_picked":["Fusion Hammer","Velvet Choker"],"picked":"Black Star"}],"items_purged_floors":[20,29],"is_endless":false,"potions_floor_spawned":[5,6,8,13,14,19,23,27,31,33,35,41,42],"killed_by":"Reptomancer","ascension_level":0}}