{"host":"92wx9z21c4p52du4","time":1612383342,"event":{"mods":["BaseMod","Downfall","Hermit","Minty Spire (QoL Compilation)","Reliquary","StSLib","The Hierophant"],"gold_per_floor":[0,12,31,44,219,219,219,11,11,11,11],"floor_reached":9,"language":"ENG","playtime":503,"items_purged":[],"score":51,"play_id":"df0a4481-b0f6-4e31-a007-80555879e5b2","local_time":"20210203141542","is_ascension_mode":false,"campfire_choices":[{"data":"Transmutation","floor":1,"key":"SMITH"}],"circlet_count":0,"master_deck":["champ:Strike","champ:Strike","champ:Strike","champ:Strike","champ:Defend","champ:Defend","champ:Defend","champ:Defend","champ:Execute","champ:Taunt","Transmutation+1","champ:AdrenalArmor","champ:FlashCut","champ:ArenaPreparation","Doubt","champ:BerserkersShout","champ:Improvising","champ:HoldFirm","champ:FanOfKnives","champ:StanceDance"],"relics":["champ:ChampionCrown","Juzu Bracelet","Membership Card"],"acts_visited":["Exordium"],"potions_floor_usage":[8],"damage_taken":[{"damage":10,"enemies":"Small Slimes","floor":2,"turns":4},{"damage":0,"enemies":"2 Louse","floor":3,"turns":2},{"damage":26,"enemies":"Cultist","floor":4,"turns":4},{"damage":60,"enemies":"downfall:FleeingMerchant","floor":8,"turns":4},{"damage":89,"enemies":"Gremlin Nob","floor":9,"turns":5}],"seed_played":"7838164916755963489","potions_obtained":[{"floor":2,"key":"champ:UltimateStancePotion"},{"floor":3,"key":"SteroidPotion"},{"floor":4,"key":"LiquidMemories"}],"is_trial":false,"path_per_floor":["R","M","M","M","?","?","T","$","E"],"character_chosen":"THE_CHAMP","items_purchased":["Membership Card","champ:FanOfKnives","champ:StanceDance"],"campfire_rested":0,"item_purchase_floors":[8,8,8],"current_hp_per_floor":[90,90,90,84,84,84,84,84,0,0,0],"gold":11,"neow_bonus":"RANDOM_COLORLESS_2","is_daily":false,"chose_seed":false,"campfire_upgraded":1,"win_rate":0.0,"timestamp":1612383342,"path_taken":["R","M","M","M","?","?","T","$","E"],"items_purchased_type":["Relic","Card","Card"],"build_version":"2020-12-22","purchased_purges":0,"victory":false,"max_hp_per_floor":[90,90,90,90,90,90,90,90,90,90,90],"card_choices":[{"not_picked":["Master of Strategy","Violence"],"picked":"Transmutation","floor":0},{"not_picked":["champ:CrownThrow","champ:PreciseThrust"],"picked":"champ:AdrenalArmor","floor":2},{"not_picked":["champ:BringItOn","champ:RapidStrikes"],"picked":"champ:FlashCut","floor":3},{"not_picked":["champ:Encircle","champ:Shatter"],"picked":"champ:ArenaPreparation","floor":4},{"not_picked":["champ:AdrenalArmor","champ:BladeFlurry"],"picked":"champ:HoldFirm","floor":8}],"player_experience":241623,"relics_obtained":[{"floor":7,"key":"Juzu Bracelet"}],"event_choices":[],"is_beta":false,"boss_relics":[],"items_purged_floors":[],"is_endless":false,"potions_floor_spawned":[2,3,4],"killed_by":"Gremlin Nob","ascension_level":0}}