{"host":"p0hktren06injwdf","time":1612391613,"event":{"mods":["AchievementEnabler","BaseMod","Colored Map","DeckTracker","Minty Spire (QoL Compilation)","Permanent Neow","StSLib","SuperFastMode"],"gold_per_floor":[119,135,153,153,165,192,192,205,278,297,317,331,363,125,125,204,204,221,235,246,246,257,257,295,316,316,329,329,345,345,345],"floor_reached":30,"language":"KOR","playtime":684,"items_purged":["Strike_B"],"score":540,"play_id":"f8489786-2bae-4181-81f3-91e08f44bf31","local_time":"20210204073333","is_ascension_mode":true,"campfire_choices":[{"data":"Sunder","floor":7,"key":"SMITH"},{"data":"Defragment","floor":15,"key":"SMITH"},{"data":"Zap","floor":23,"key":"SMITH"},{"floor":28,"key":"REST"}],"circlet_count":0,"master_deck":["AscendersBane","Strike_B","Defend_B","Defend_B","Defend_B","Defend_B","Zap+1","Dualcast","Coolheaded","Ball Lightning","Cold Snap","Sunder+1","Conserve Battery","Consume","FTL","Cold Snap","Capacitor","Defragment+1","White Noise","Biased Cognition","Blizzard","Seek","Storm","Coolheaded","Capacitor"],"relics":["FrozenCore","Happy Flower","Sundial","Singing Bowl","Du-Vu Doll","CeramicFish"],"acts_visited":["Exordium","TheCity"],"potions_floor_usage":[6,16,19,24],"damage_taken":[{"damage":1,"enemies":"Cultist","floor":1,"turns":3},{"damage":0,"enemies":"Jaw Worm","floor":2,"turns":4},{"damage":0,"enemies":"Small Slimes","floor":3,"turns":2},{"damage":2,"enemies":"2 Fungi Beasts","floor":5,"turns":3},{"damage":25,"enemies":"3 Sentries","floor":6,"turns":6},{"damage":4,"enemies":"Looter","floor":8,"turns":4},{"damage":0,"enemies":"Exordium Wildlife","floor":10,"turns":2},{"damage":16,"enemies":"Exordium Thugs","floor":11,"turns":3},{"damage":0,"enemies":"2 Fungi Beasts","floor":12,"turns":2},{"damage":1,"enemies":"Lagavulin","floor":13,"turns":8},{"damage":3,"enemies":"Hexaghost","floor":16,"turns":9},{"damage":15,"enemies":"Shell Parasite","floor":18,"turns":5},{"damage":0,"enemies":"Chosen","floor":19,"turns":5},{"damage":9,"enemies":"Centurion and Healer","floor":20,"turns":6},{"damage":0,"enemies":"3 Cultists","floor":22,"turns":6},{"damage":14,"enemies":"Book of Stabbing","floor":24,"turns":6},{"damage":3,"enemies":"Sentry and Sphere","floor":25,"turns":5},{"damage":15,"enemies":"Snake Plant","floor":27,"turns":4},{"damage":15,"enemies":"Shelled Parasite and Fungi","floor":29,"turns":5},{"damage":23,"enemies":"Slavers","floor":30,"turns":1}],"seed_played":"-9103126287008186469","potions_obtained":[{"floor":1,"key":"SkillPotion"},{"floor":5,"key":"Ancient Potion"},{"floor":8,"key":"PotionOfCapacity"},{"floor":16,"key":"DuplicationPotion"},{"floor":20,"key":"Weak Potion"},{"floor":24,"key":"BlessingOfTheForge"}],"is_trial":false,"path_per_floor":["M","M","M","?","M","E","R","M","T","M","M","M","E","$","R","B",null,"M","M","M","?","M","R","E","M","T","M","R","M","E"],"character_chosen":"DEFECT","items_purchased":["Defragment","White Noise"],"campfire_rested":1,"item_purchase_floors":[14,14],"current_hp_per_floor":[63,63,63,63,61,36,36,32,32,32,16,18,19,19,19,16,60,47,47,38,38,38,38,24,21,21,8,31,18,0,0],"gold":345,"neow_bonus":"RANDOM_COMMON_RELIC","is_daily":false,"chose_seed":false,"campfire_upgraded":3,"win_rate":0.0,"timestamp":1612391613,"path_taken":["M","M","M","?","M","E","R","M","T","M","M","M","E","$","R","BOSS","M","M","M","?","M","R","E","M","T","?","R","M","E"],"items_purchased_type":["Card","Card"],"build_version":"2020-12-22","purchased_purges":1,"victory":false,"max_hp_per_floor":[71,71,71,71,71,71,71,71,71,71,71,73,75,75,75,75,75,77,77,77,77,77,77,77,77,77,79,79,81,81,81],"card_choices":[{"not_picked":["Go for the Eyes","Steam"],"picked":"Coolheaded","floor":1},{"not_picked":["Stack","Streamline"],"picked":"Ball Lightning","floor":2},{"not_picked":["Conserve Battery","Auto Shields"],"picked":"Cold Snap","floor":3},{"not_picked":["Leap","Rainbow"],"picked":"Conserve Battery","floor":5},{"not_picked":["Compile Driver","Double Energy"],"picked":"Consume","floor":6},{"not_picked":["Hologram","Streamline"],"picked":"FTL","floor":8},{"not_picked":["Gash","Double Energy"],"picked":"Cold Snap","floor":10},{"not_picked":["Cold Snap","Stack"],"picked":"Capacitor","floor":11},{"not_picked":["Skim","Turbo","Streamline"],"picked":"Singing Bowl","floor":12},{"not_picked":["Coolheaded","Conserve Battery","Redo"],"picked":"Singing Bowl","floor":13},{"not_picked":["Creative AI","Reboot"],"picked":"Biased Cognition","floor":16},{"not_picked":["Steam+1","Leap","Streamline"],"picked":"Singing Bowl","floor":18},{"not_picked":["Conserve Battery","Auto Shields"],"picked":"Blizzard","floor":19},{"not_picked":["Auto Shields","BootSequence"],"picked":"Seek","floor":20},{"not_picked":["Steam+1","Go for the Eyes"],"picked":"Storm","floor":22},{"not_picked":["Barrage","Melter"],"picked":"Coolheaded","floor":24},{"not_picked":["Compile Driver","Beam Cell"],"picked":"Capacitor","floor":25},{"not_picked":["Coolheaded","Redo","Reinforced Body+1"],"picked":"Singing Bowl","floor":27},{"not_picked":["Rainbow","Leap","Turbo"],"picked":"Singing Bowl","floor":29}],"player_experience":1001698,"relics_obtained":[{"floor":6,"key":"Sundial"},{"floor":9,"key":"Singing Bowl"},{"floor":13,"key":"Du-Vu Doll"},{"floor":24,"key":"CeramicFish"}],"event_choices":[{"damage_healed":0,"gold_gain":0,"cards_transformed":["Strike_B"],"player_choice":"Change","damage_taken":0,"max_hp_gain":0,"max_hp_loss":0,"event_name":"Living Wall","floor":4,"gold_loss":0,"cards_obtained":["Sunder"]},{"cards_removed":["Strike_B"],"damage_healed":0,"gold_gain":0,"player_choice":"Purged","damage_taken":0,"max_hp_gain":0,"max_hp_loss":0,"event_name":"Purifier","floor":21,"gold_loss":0}],"is_beta":false,"boss_relics":[{"not_picked":["Runic Pyramid","Busted Crown"],"picked":"FrozenCore"}],"items_purged_floors":[14],"is_endless":false,"potions_floor_spawned":[1,5,8,10,12,16,20,24,25],"killed_by":"Slavers","ascension_level":20}}