{"host":"rtw1tnr74gozsrw1","time":1612393281,"event":{"mods":["BaseMod","Colored Map","Colored Powertips","Highlight Path","Minty Spire (QoL Compilation)","StSLib","The Jungle"],"gold_per_floor":[119,44,44,63,82,82,98,98,98,98,112,126,126,141,141,239,239,249,263,56,67,67,67],"floor_reached":22,"language":"ENG","playtime":763,"items_purged":["Strike_B","Defend_B"],"score":198,"play_id":"98fba37d-4ff5-4855-919f-279247b34d3e","local_time":"20210204000121","is_ascension_mode":true,"campfire_choices":[{"data":"Skim","floor":6,"key":"SMITH"},{"data":"Zap","floor":8,"key":"SMITH"},{"data":"Dualcast","floor":15,"key":"SMITH"}],"circlet_count":0,"master_deck":["Strike_B","Defend_B","Defend_B","Defend_B","Zap+1","Dualcast+1","Steam","Go for the Eyes+1","Skim+1","Gash","Leap","Go for the Eyes","Reboot","Go for the Eyes+1","Gash","Scrape","Conserve Battery"],"relics":["Cracked Core","NeowsBlessing","Sundial","Sozu"],"acts_visited":["Exordium","TheCity"],"potions_floor_usage":[16,22],"damage_taken":[{"damage":0,"enemies":"2 Louse","floor":1,"turns":1},{"damage":0,"enemies":"Small Slimes","floor":4,"turns":1},{"damage":0,"enemies":"Cultist","floor":5,"turns":1},{"damage":0,"enemies":"Red Slaver","floor":7,"turns":3},{"damage":4,"enemies":"3 Louse","floor":11,"turns":4},{"damage":6,"enemies":"Exordium Thugs","floor":12,"turns":5},{"damage":0,"enemies":"Looter","floor":14,"turns":3},{"damage":21,"enemies":"The Guardian","floor":16,"turns":12},{"damage":13,"enemies":"Chosen","floor":18,"turns":5},{"damage":1,"enemies":"Shell Parasite","floor":19,"turns":6},{"damage":11,"enemies":"Snake Plant","floor":21,"turns":4}],"seed_played":"1573582509979518698","potions_obtained":[{"floor":4,"key":"Block Potion"},{"floor":16,"key":"GamblersBrew"}],"is_trial":false,"path_per_floor":["M","$","?","M","M","R","M","R","T","?","M","M","?","M","R","B",null,"M","M","$","M","M"],"character_chosen":"DEFECT","items_purchased":["Gash","Scrape"],"campfire_rested":0,"item_purchase_floors":[20,20],"current_hp_per_floor":[75,75,68,68,68,68,68,68,68,68,64,58,58,58,58,37,75,62,61,61,50,19,19],"gold":67,"neow_bonus":"THREE_ENEMY_KILL","is_daily":false,"chose_seed":false,"campfire_upgraded":3,"win_rate":0.0,"timestamp":1612393281,"path_taken":["M","$","?","M","M","R","M","R","T","?","M","M","?","M","R","BOSS","M","M","$","M","?"],"items_purchased_type":["Card","Card"],"build_version":"2020-12-22","purchased_purges":2,"victory":false,"max_hp_per_floor":[75,75,75,75,75,75,75,75,75,75,75,75,75,75,75,75,75,75,75,75,75,75,75],"card_choices":[{"not_picked":["Compile Driver","Coolheaded"],"picked":"Steam","floor":1},{"not_picked":["Steam Power","Static Discharge"],"picked":"Go for the Eyes","floor":4},{"not_picked":["Ball Lightning","Coolheaded"],"picked":"Skim","floor":5},{"not_picked":["Reprogram","Rebound"],"picked":"Gash","floor":7},{"not_picked":["Barrage","Ball Lightning"],"picked":"Leap","floor":11},{"not_picked":["Genetic Algorithm","Rip and Tear"],"picked":"Go for the Eyes","floor":12},{"not_picked":["Leap","Biased Cognition","Sweeping Beam"],"picked":"SKIP","floor":14},{"not_picked":["Rainbow","Machine Learning"],"picked":"Reboot","floor":16},{"not_picked":["Turbo","Ball Lightning","Force Field"],"picked":"SKIP","floor":18},{"not_picked":["White Noise","Undo"],"picked":"Go for the Eyes+1","floor":19},{"not_picked":["Cold Snap","Force Field"],"picked":"Conserve Battery","floor":21}],"player_experience":90478,"relics_obtained":[{"floor":9,"key":"Sundial"}],"event_choices":[{"cards_removed":["Strike_B"],"damage_healed":0,"gold_gain":0,"player_choice":"Card Removal","damage_taken":7,"max_hp_gain":0,"max_hp_loss":0,"event_name":"Golden Wing","floor":3,"gold_loss":0},{"cards_removed":["Strike_B"],"damage_healed":0,"gold_gain":0,"player_choice":"Forget","damage_taken":0,"max_hp_gain":0,"max_hp_loss":0,"event_name":"Living Wall","floor":10,"gold_loss":0},{"damage_healed":0,"gold_gain":0,"player_choice":"Upgraded","damage_taken":0,"max_hp_gain":0,"max_hp_loss":0,"event_name":"Upgrade Shrine","floor":13,"gold_loss":0,"cards_upgraded":["Go for the Eyes"]}],"is_beta":false,"boss_relics":[{"not_picked":["FrozenCore","Snecko Eye"],"picked":"Sozu"}],"items_purged_floors":[2,20],"is_endless":false,"potions_floor_spawned":[4,16,18,21],"killed_by":"Cultist and Chosen","ascension_level":2}}