{"host":"j9ki0s1dicmcfq9y","time":1612379771,"event":{"mods":["BaseMod","Minty Spire (QoL Compilation)","StSLib","The Senshi"],"gold_per_floor":[110,122,197,213,213,213,488,520,520,550,568,588,598,263,263,368,368,383,383,399,498,110,110,136,136,189,104,16,16,50,64,64,162,162,175,127,127,0,46,46,346,346,346,346,380,380,228,228,228,228,228,228,103,133,133,133],"floor_reached":55,"language":"ENG","playtime":10812,"items_purged":["Regret","Pain","Regret"],"score":735,"play_id":"bb5a9974-7c82-43f4-a5de-4caf3019b2ad","local_time":"20210203141611","is_ascension_mode":false,"campfire_choices":[{"data":"theSenshi:MoonKick","floor":6,"key":"SMITH"},{"floor":15,"key":"REST"},{"data":"theSenshi:MoonGorgeousMeditation","floor":23,"key":"SMITH"},{"data":"theSenshi:StudyParty","floor":25,"key":"SMITH"},{"data":"theSenshi:SailorMarsAssists","floor":32,"key":"SMITH"},{"data":"theSenshi:MoonCrisisMakeUp","floor":40,"key":"SMITH"},{"data":"theSenshi:MoonPrincessHalation","floor":42,"key":"SMITH"},{"data":"theSenshi:TuxedoMaskAssists","floor":46,"key":"SMITH"},{"floor":49,"key":"RECALL"},{"data":"theSenshi:SailorSaturnAssists","floor":52,"key":"SMITH"}],"circlet_count":0,"master_deck":["theSenshi:SailorKick","theSenshi:SailorKick","theSenshi:SailorKick","theSenshi:SailorKick","theSenshi:SailorBlock","theSenshi:SailorBlock","theSenshi:SailorBlock","theSenshi:SailorBlock","theSenshi:RoseThrow","theSenshi:MoonPrismPowerMakeUp+1","theSenshi:MoonKick+1","theSenshi:SailorVenusAssists","theSenshi:MoonGorgeousMeditation+1","theSenshi:StudyParty+1","theSenshi:MoonTiaraMagic","theSenshi:TuxedoMaskAssists+1","theSenshi:SailorMercuryAssists","theSenshi:SailorSaturnAssists+1","Writhe","theSenshi:TallSilhouette+1","theSenshi:SailorMarsAssists+1","Shame","theSenshi:MoonPunch","theSenshi:YouCanTalk+1","theSenshi:MoonCrisisMakeUp+1","theSenshi:MoonPrincessHalation+1","theSenshi:UranusStrength+1","Dramatic Entrance","theSenshi:MoonTwilightFlash+1"],"relics":["theSenshi:TransformationBroochRelic","theSenshi:CosmicHeartCompactRelic","theSenshi:FeatherClipsRelic","theSenshi:CrescentMoonWandRelic","theSenshi:SuperSailorFukuRelic","Shuriken","Cursed Key","Sundial","Pantograph","Juzu Bracelet","PreservedInsect","MawBank","Kunai","Matryoshka","Sozu","Red Mask","WingedGreaves","Mummified Hand","Oddly Smooth Stone","HandDrill","Bottled Tornado"],"acts_visited":["Exordium","TheCity","TheBeyond","TheEnding"],"potions_floor_usage":[10,16,24,24],"damage_taken":[{"damage":2,"enemies":"Jaw Worm","floor":1,"turns":4},{"damage":10,"enemies":"Small Slimes","floor":2,"turns":3},{"damage":0,"enemies":"Cultist","floor":4,"turns":3},{"damage":31,"enemies":"3 Sentries","floor":8,"turns":9},{"damage":8,"enemies":"Gremlin Nob","floor":10,"turns":3},{"damage":0,"enemies":"Looter","floor":11,"turns":3},{"damage":1,"enemies":"Large Slime","floor":12,"turns":5},{"damage":0,"enemies":"Exordium Wildlife","floor":13,"turns":4},{"damage":8,"enemies":"The Guardian","floor":16,"turns":11},{"damage":0,"enemies":"2 Thieves","floor":18,"turns":4},{"damage":0,"enemies":"Spheric Guardian","floor":20,"turns":5},{"damage":14,"enemies":"Slavers","floor":24,"turns":5},{"damage":15,"enemies":"Gremlin Leader","floor":30,"turns":4},{"damage":4,"enemies":"Centurion and Healer","floor":31,"turns":6},{"damage":51,"enemies":"Collector","floor":33,"turns":10},{"damage":0,"enemies":"Orb Walker","floor":35,"turns":3},{"damage":39,"enemies":"2 Orb Walkers","floor":39,"turns":7},{"damage":5,"enemies":"Reptomancer","floor":45,"turns":4},{"damage":19,"enemies":"Time Eater","floor":50,"turns":11},{"damage":48,"enemies":"Shield and Spear","floor":54,"turns":6},{"damage":113,"enemies":"The Heart","floor":55,"turns":8}],"seed_played":"-5817420034902005077","potions_obtained":[{"floor":2,"key":"PowerPotion"},{"floor":11,"key":"Explosive Potion"},{"floor":16,"key":"AttackPotion"},{"floor":20,"key":"DistilledChaos"},{"floor":30,"key":"FairyPotion"}],"is_trial":false,"path_per_floor":["M","M","?","M","?","R","?","E","T","E","M","M","M","$","R","B",null,"M","?","M","?","$","R","E","R","T","?","$","T","E","M","R","B",null,"M","$","?","?","?","R","?","R","T","?","E","R","$","?","R","B",null,"R","$","E","B"],"character_chosen":"THE_SENSHI","items_purchased":["Shuriken","Pantograph","theSenshi:SailorMarsAssists","FairyPotion","theSenshi:MoonPrincessHalation","HandDrill"],"campfire_rested":1,"item_purchase_floors":[14,22,22,22,36,47],"current_hp_per_floor":[73,63,52,52,52,52,52,21,21,19,25,30,36,36,58,56,75,75,75,75,75,75,75,72,72,72,72,72,72,73,75,75,45,75,75,75,75,75,43,43,43,43,43,43,49,49,49,49,49,70,75,75,75,33,0,0],"gold":133,"neow_bonus":"RANDOM_COMMON_RELIC","is_daily":false,"chose_seed":false,"campfire_upgraded":8,"win_rate":0.0,"timestamp":1612379771,"path_taken":["M","M","?","M","?","R","?","E","T","E","M","?","M","$","R","BOSS","M","?","M","?","?","R","E","R","T","?","$","?","E","M","R","BOSS","M","$","?","?","?","R","?","R","T","?","E","R","?","?","R","BOSS","R","$","E","BOSS"],"items_purchased_type":["Relic","Relic","Card","Potion","Card","Relic"],"build_version":"2020-12-22","purchased_purges":3,"victory":false,"max_hp_per_floor":[75,75,75,75,75,75,75,75,75,75,75,75,75,75,75,75,75,75,75,75,75,75,75,75,75,75,75,75,75,75,75,75,75,75,75,75,75,75,75,75,75,75,75,75,75,75,75,75,75,75,75,75,75,75,75,75],"card_choices":[{"not_picked":["theSenshi:MoonlightKnight","theSenshi:TallSilhouette"],"picked":"theSenshi:MoonKick","floor":1},{"not_picked":["theSenshi:SteeledNerves","theSenshi:SupersonicWaves","theSenshi:MoonPower"],"picked":"SKIP","floor":2},{"not_picked":["theSenshi:EncouragingSpeech","theSenshi:LateForSchool"],"picked":"theSenshi:SailorVenusAssists","floor":4},{"not_picked":["theSenshi:TuxedoSmokingBomber","theSenshi:MoonPunch"],"picked":"theSenshi:MoonGorgeousMeditation","floor":8},{"not_picked":["theSenshi:MoonTiaraMagic","theSenshi:LateForSchool"],"picked":"theSenshi:StudyParty","floor":10},{"not_picked":["theSenshi:LateForSchool","theSenshi:MoonsReflection"],"picked":"theSenshi:MoonTiaraMagic","floor":11},{"not_picked":["theSenshi:LateForSchool","theSenshi:MoonsReflection"],"picked":"theSenshi:TuxedoMaskAssists","floor":12},{"not_picked":["theSenshi:Sidestep","theSenshi:LunasBite"],"picked":"theSenshi:SailorMercuryAssists","floor":13},{"not_picked":["theSenshi:IWillPunishYou","theSenshi:WarriorOfTheMoon"],"picked":"theSenshi:SailorSaturnAssists","floor":16},{"not_picked":["theSenshi:MoonTiaraMagic","theSenshi:SailorMercuryAssists","theSenshi:TuxedoSmokingBomber"],"picked":"SKIP","floor":18},{"not_picked":["theSenshi:LunasBite","theSenshi:SailorVenusAssists"],"picked":"theSenshi:TallSilhouette+1","floor":20},{"not_picked":["theSenshi:MoonCrystalPowerMakeUp","theSenshi:MoonSpiralHeartAttack","theSenshi:LateForSchool"],"picked":"SKIP","floor":24},{"not_picked":["theSenshi:MoonKick+1","theSenshi:MoonHealingEscalation+1"],"picked":"theSenshi:MoonPunch","floor":30},{"not_picked":["theSenshi:SupersonicWaves+1","theSenshi:SchoolBag"],"picked":"theSenshi:YouCanTalk+1","floor":31},{"not_picked":["theSenshi:SailorMarsAssists+1","theSenshi:TuxedoSmokingBomber+1"],"picked":"theSenshi:MoonCrisisMakeUp","floor":35},{"not_picked":["theSenshi:MercurysCunning+1","theSenshi:TuxedoMaskAssists+1"],"picked":"theSenshi:UranusStrength+1","floor":45},{"not_picked":["Transmutation","Dark Shackles"],"picked":"Dramatic Entrance","floor":48},{"not_picked":["theSenshi:SailorCosmosAssists","theSenshi:SchoolBag+1"],"picked":"theSenshi:MoonTwilightFlash+1","floor":54}],"player_experience":742256,"relics_obtained":[{"floor":8,"key":"theSenshi:FeatherClipsRelic"},{"floor":9,"key":"theSenshi:CrescentMoonWandRelic"},{"floor":10,"key":"theSenshi:SuperSailorFukuRelic"},{"floor":24,"key":"Juzu Bracelet"},{"floor":26,"key":"PreservedInsect"},{"floor":29,"key":"Kunai"},{"floor":30,"key":"Matryoshka"},{"floor":39,"key":"WingedGreaves"},{"floor":43,"key":"Mummified Hand"},{"floor":45,"key":"Oddly Smooth Stone"},{"floor":54,"key":"Bottled Tornado"}],"event_choices":[{"damage_healed":0,"gold_gain":75,"player_choice":"Gather Gold","damage_taken":11,"max_hp_gain":0,"max_hp_loss":0,"event_name":"World of Goop","floor":3,"gold_loss":0},{"damage_healed":0,"gold_gain":0,"player_choice":"Grow","damage_taken":0,"max_hp_gain":0,"max_hp_loss":0,"event_name":"Living Wall","floor":5,"gold_loss":0,"cards_upgraded":["theSenshi:MoonPrismPowerMakeUp"]},{"damage_healed":0,"gold_gain":275,"player_choice":"Desecrate","damage_taken":0,"max_hp_gain":0,"max_hp_loss":0,"event_name":"Golden Shrine","floor":7,"gold_loss":0,"cards_obtained":["Regret"]},{"damage_healed":0,"gold_gain":0,"player_choice":"Opened","damage_taken":0,"relics_obtained":["Sundial"],"max_hp_gain":0,"max_hp_loss":0,"event_name":"The Mausoleum","floor":19,"gold_loss":0,"cards_obtained":["Writhe"]},{"damage_healed":0,"gold_gain":99,"player_choice":"Stole From Cult","damage_taken":0,"max_hp_gain":0,"max_hp_loss":0,"event_name":"Nest","floor":21,"gold_loss":0},{"damage_healed":0,"gold_gain":0,"player_choice":"Obtained Relic","damage_taken":0,"relics_obtained":["MawBank"],"max_hp_gain":0,"max_hp_loss":0,"event_name":"Addict","floor":27,"gold_loss":85},{"damage_healed":0,"gold_gain":0,"player_choice":"Bought 0 Potions","damage_taken":0,"max_hp_gain":0,"max_hp_loss":0,"event_name":"The Woman in Blue","floor":37,"gold_loss":0},{"damage_healed":0,"gold_gain":0,"player_choice":"Paid","damage_taken":0,"relics_obtained":["Red Mask"],"max_hp_gain":0,"max_hp_loss":0,"event_name":"Tomb of Lord Red Mask","floor":38,"gold_loss":127},{"damage_healed":0,"gold_gain":0,"player_choice":"Fight","damage_taken":0,"max_hp_gain":0,"max_hp_loss":0,"event_name":"Mysterious Sphere","floor":39,"gold_loss":0},{"damage_healed":0,"gold_gain":300,"player_choice":"Gold","damage_taken":0,"max_hp_gain":0,"max_hp_loss":0,"event_name":"Wheel of Change","floor":41,"gold_loss":0},{"damage_healed":0,"gold_gain":0,"player_choice":"Got Potions","damage_taken":0,"max_hp_gain":0,"max_hp_loss":0,"event_name":"Lab","floor":44,"gold_loss":0},{"damage_healed":0,"gold_gain":0,"player_choice":"Memory 1","damage_taken":0,"max_hp_gain":0,"max_hp_loss":0,"event_name":"SensoryStone","floor":48,"gold_loss":0}],"is_beta":false,"boss_relics":[{"not_picked":["Pandora\u0027s Box","Coffee Dripper"],"picked":"Cursed Key"},{"not_picked":["Astrolabe","Runic Pyramid"],"picked":"Sozu"}],"items_purged_floors":[14,28,53],"is_endless":false,"potions_floor_spawned":[2,11,16,20,30,39,54],"killed_by":"The Heart","ascension_level":0}}