{"host":"n605f8gctjc87d7h","time":1612379477,"event":{"mods":["Aspiration","Bard","BaseMod","Better Match","Better Note","Better Skull","Better Third Choice","Conspire","Downfall","Halation","Hermit","Infinite Spire","Minty Spire (QoL Compilation)","Replay The Spire","Retaliation","Shade Mod","Spicy Shops","StSLib","The IronCluck","The Jungle"],"gold_per_floor":[114,114,128,73,87,121,121,140,185,202,202,202,202,235,235,235,235],"floor_reached":16,"language":"ENG","playtime":952,"items_purged":[],"score":187,"play_id":"202bf3c0-9595-4dfe-b2af-406e1964c6b3","local_time":"20210203111117","is_ascension_mode":true,"campfire_choices":[{"floor":7,"key":"REST"},{"data":"ReplayTheSpireMod:Muscle Training","floor":11,"key":"SMITH"},{"data":"Bash","floor":13,"key":"SMITH"},{"data":"Body Slam","floor":15,"key":"SMITH"}],"circlet_count":0,"master_deck":["AscendersBane","Strike_R","Strike_R","Strike_R","Strike_R","Strike_R","Defend_R","Defend_R","Defend_R","Defend_R","Bash+1","Iron Wave+1","Iron Wave+1","Cleave","ReplayTheSpireMod:Muscle Training+1","Body Slam+1"],"relics":["Burning Blood","ReplayTheSpireMod:Spearhead","aspiration:SeaSaltIceCream","Oddly Smooth Stone","infinitespire:PuzzleCube","Happy Flower"],"acts_visited":["Exordium"],"potions_floor_usage":[10,14],"damage_taken":[{"damage":3,"enemies":"conspire:RoseBush","floor":1,"turns":3},{"damage":1,"enemies":"Cultist","floor":3,"turns":3},{"damage":5,"enemies":"Jaw Worm","floor":5,"turns":2},{"damage":48,"enemies":"3 Sentries","floor":6,"turns":12},{"damage":1,"enemies":"Red Slaver","floor":8,"turns":4},{"damage":4,"enemies":"Exordium Thugs","floor":10,"turns":5},{"damage":12,"enemies":"Lagavulin","floor":14,"turns":5},{"damage":90,"enemies":"Fading Forest","floor":16,"turns":9}],"seed_played":"6596632771756987068","potions_obtained":[{"floor":3,"key":"Regen Potion"},{"floor":6,"key":"ColorlessPotion"}],"is_trial":false,"path_per_floor":["M","?","M","$","M","E","R","M","T","M","R","?","R","E","R","B"],"character_chosen":"IRONCLAD","items_purchased":["Iron Wave+1"],"campfire_rested":1,"item_purchase_floors":[4],"current_hp_per_floor":[71,64,69,69,70,28,50,55,55,69,69,69,69,63,63,0,0],"gold":235,"neow_bonus":"RANDOM_COMMON_RELIC","is_daily":false,"chose_seed":false,"campfire_upgraded":3,"win_rate":0.0,"timestamp":1612379477,"path_taken":["M","?","?","$","M","E","R","M","T","M","R","?","R","E","R","BOSS"],"items_purchased_type":["Card"],"build_version":"2020-12-22","purchased_purges":0,"victory":false,"max_hp_per_floor":[75,75,75,75,75,75,75,75,75,75,75,75,75,75,75,75,75],"card_choices":[{"not_picked":["Wild Strike","Life Link"],"picked":"Iron Wave","floor":1},{"not_picked":["Defy Death","True Grit","Disarm"],"picked":"SKIP","floor":3},{"not_picked":["conspire:ExplosiveBarrier","Evolve","ReplayReversal"],"picked":"SKIP","floor":5},{"not_picked":["Clash","Iron Wave"],"picked":"Cleave","floor":6},{"not_picked":["Havoc","Body Slam"],"picked":"ReplayTheSpireMod:Muscle Training","floor":8},{"not_picked":["ReplayTheSpireMod:Limb From Limb","Wild Strike","Sever Soul"],"picked":"SKIP","floor":10},{"not_picked":["Blood for Blood","Armaments"],"picked":"Body Slam","floor":14}],"player_experience":804515,"relics_obtained":[{"floor":6,"key":"aspiration:SeaSaltIceCream"},{"floor":9,"key":"infinitespire:PuzzleCube"},{"floor":14,"key":"Happy Flower"}],"event_choices":[{"damage_healed":0,"gold_gain":0,"player_choice":"Damaged","damage_taken":7,"max_hp_gain":0,"max_hp_loss":0,"event_name":"Wheel of Change","floor":2,"gold_loss":0}],"is_beta":false,"boss_relics":[],"items_purged_floors":[],"is_endless":false,"potions_floor_spawned":[3,6,8],"killed_by":"Fading Forest","ascension_level":14}}