{"host":"utqe55yv0jihe4d6","time":1612318945,"event":{"mods":["2.2 Compatiblity","AchievementEnabler","BaseMod","Block Reminder","Colored Map","Colored Powertips","Minty Spire (QoL Compilation)","Quick Restart","Rare Cards Sparkle","Relic Stats","SuperFastMode"],"gold_per_floor":[109,109,122,9,26,51,51,84,136,167,32,32,32,44,44,122,122,137,137,137,154,189,224,236,267,321,6,6,41,41,57,57,57,57],"floor_reached":33,"language":"ENG","playtime":1101,"items_purged":["Defend_R"],"score":717,"play_id":"3504bd27-68cf-4d3c-b51a-483340a48ed9","local_time":"20210202212225","is_ascension_mode":true,"campfire_choices":[{"data":"Hemokinesis","floor":7,"key":"SMITH"},{"floor":12,"key":"REST"},{"floor":15,"key":"REST"},{"data":"True Grit","floor":28,"key":"SMITH"},{"data":"Rage","floor":30,"key":"SMITH"},{"data":"Impervious","floor":32,"key":"SMITH"}],"circlet_count":0,"master_deck":["AscendersBane","Defend_R","Defend_R","Defend_R","Bash+1","Wild Strike","Hemokinesis+1","Disarm","Armaments","Anger","Twin Strike+1","Impervious+1","Pommel Strike+1","Dropkick+1","Immolate+1","Iron Wave+1","RitualDagger+1","Bite+1","Bite+1","Bite+1","Bite+1","Bite+1","True Grit+1","Evolve+1","Rage+1","Warcry"],"relics":["Burning Blood","Molten Egg 2","Oddly Smooth Stone","Nunchaku","The Courier","PreservedInsect","Velvet Choker","Red Mask","Orichalcum","Magic Flower","Bag of Marbles","Red Skull","Darkstone Periapt"],"acts_visited":["Exordium","TheCity"],"potions_floor_usage":[6,23,33,33],"damage_taken":[{"damage":0.0,"enemies":"2 Louse","floor":1.0,"turns":2.0},{"damage":1.0,"enemies":"Cultist","floor":3.0,"turns":3.0},{"damage":12.0,"enemies":"Jaw Worm","floor":5.0,"turns":2.0},{"damage":26,"enemies":"3 Sentries","floor":6,"turns":9},{"damage":25,"enemies":"Lagavulin","floor":8,"turns":7},{"damage":26,"enemies":"3 Sentries","floor":10,"turns":9},{"damage":3,"enemies":"Looter","floor":14,"turns":3},{"damage":24,"enemies":"Slime Boss","floor":16,"turns":7},{"damage":0,"enemies":"3 Byrds","floor":18,"turns":3},{"damage":12,"enemies":"Shell Parasite","floor":21,"turns":3},{"damage":0,"enemies":"Masked Bandits","floor":22,"turns":2},{"damage":25,"enemies":"Slavers","floor":23,"turns":6},{"damage":0,"enemies":"Centurion and Healer","floor":24,"turns":5},{"damage":2,"enemies":"Gremlin Leader","floor":25,"turns":5},{"damage":27,"enemies":"Book of Stabbing","floor":29,"turns":4},{"damage":12,"enemies":"Snecko","floor":31,"turns":3},{"damage":123,"enemies":"Champ","floor":33,"turns":14}],"seed_played":"-4091538248118634333","potions_obtained":[{"floor":3.0,"key":"DuplicationPotion"},{"floor":5.0,"key":"LiquidBronze"},{"floor":14,"key":"ColorlessPotion"},{"floor":24,"key":"Fire Potion"},{"floor":31,"key":"DuplicationPotion"}],"is_trial":false,"path_per_floor":["M","?","M","$","M","E","R","E","T","E","$","R","?","M","R","B",null,"M","?","?","M","?","E","M","E","T","$","R","E","R","M","R","B"],"character_chosen":"IRONCLAD","items_purchased":["Disarm","Armaments","PreservedInsect","Bag of Marbles","Red Skull"],"campfire_rested":2,"item_purchase_floors":[4,4,11,27,27],"current_hp_per_floor":[74,74,75,75,69,49,49,30,30,10,10,32,9,12,34,16,60,66,60,52,52,52,51,52,52,52,52,52,44,44,52,52,0,0],"gold":57,"neow_bonus":"UPGRADE_CARD","is_daily":false,"chose_seed":false,"campfire_upgraded":4,"win_rate":0.0,"timestamp":1612318945,"path_taken":["M","?","M","?","M","E","R","E","T","E","$","R","?","M","R","BOSS","M","?","?","M","?","E","M","E","T","$","R","E","R","M","R","BOSS"],"items_purchased_type":["Card","Card","Relic","Relic","Relic"],"build_version":"2020-12-22","purchased_purges":1,"victory":false,"max_hp_per_floor":[75,75,75,75,75,75,75,75,75,75,75,75,75,75,75,75,75,75,75,52,52,52,52,52,52,52,52,52,52,52,52,52,52,52],"relic_stats":{"Darkstone Periapt":0,"Nunchaku":[16],"counters":[17,87],"Magic Flower":[36],"PreservedInsect":129,"Orichalcum":[66],"obtain_stats":[{"Darkstone Periapt":29,"Oddly Smooth Stone":8,"Velvet Choker":17,"Magic Flower":25,"The Courier":10,"PreservedInsect":11,"Orichalcum":23,"Burning Blood":0,"Nunchaku":9,"Molten Egg 2":6,"Red Mask":22,"Bag of Marbles":27,"Red Skull":27},{"Darkstone Periapt":15,"Oddly Smooth Stone":5,"Velvet Choker":8,"Magic Flower":14,"The Courier":6,"PreservedInsect":6,"Orichalcum":12,"Burning Blood":0,"Nunchaku":5,"Molten Egg 2":4,"Red Mask":11,"Bag of Marbles":14,"Red Skull":14},{"Darkstone Periapt":70,"Oddly Smooth Stone":23,"Velvet Choker":42,"Magic Flower":66,"The Courier":32,"PreservedInsect":32,"Orichalcum":56,"Burning Blood":0,"Nunchaku":23,"Molten Egg 2":16,"Red Mask":50,"Bag of Marbles":66,"Red Skull":66}],"Burning Blood":76},"card_choices":[{"not_picked":["Havoc","Clothesline"],"picked":"Wild Strike","floor":1.0},{"not_picked":["Armaments","Twin Strike"],"picked":"Hemokinesis","floor":3.0},{"not_picked":["Cleave","Thunderclap"],"picked":"Anger","floor":5.0},{"not_picked":["Armaments","Second Wind"],"picked":"Twin Strike+1","floor":6},{"not_picked":["Limit Break","Armaments"],"picked":"Impervious","floor":8},{"not_picked":["Perfected Strike+1","Dark Embrace"],"picked":"Pommel Strike+1","floor":10},{"not_picked":["Body Slam+1","Flex"],"picked":"Dropkick+1","floor":14},{"not_picked":["Limit Break","Juggernaut"],"picked":"Immolate+1","floor":16},{"not_picked":["Carnage+1","Flex"],"picked":"Iron Wave+1","floor":18},{"not_picked":["Armaments","Shrug It Off"],"picked":"True Grit","floor":21},{"not_picked":["Combust","Wild Strike+1"],"picked":"Evolve+1","floor":23},{"not_picked":["Pommel Strike+1","Twin Strike+1"],"picked":"Rage","floor":24},{"not_picked":["Cleave+1","Armaments"],"picked":"Warcry","floor":25},{"not_picked":["Corruption","Cleave+1","Blood for Blood+1"],"picked":"SKIP","floor":29},{"not_picked":["Perfected Strike+1","Clash+1","Heavy Blade+1"],"picked":"SKIP","floor":31}],"player_experience":2998761,"relics_obtained":[{"floor":6,"key":"Molten Egg 2"},{"floor":8,"key":"Oddly Smooth Stone"},{"floor":9,"key":"Nunchaku"},{"floor":10,"key":"The Courier"},{"floor":22,"key":"Red Mask"},{"floor":23,"key":"Orichalcum"},{"floor":25,"key":"Magic Flower"},{"floor":29,"key":"Darkstone Periapt"}],"event_choices":[{"cards_removed":["Strike_R"],"damage_healed":0.0,"max_hp_gain":0.0,"max_hp_loss":0.0,"gold_gain":0.0,"event_name":"Purifier","player_choice":"Purged","floor":2.0,"gold_loss":0.0,"damage_taken":0.0},{"damage_healed":0,"gold_gain":0,"player_choice":"Entered Light","damage_taken":23,"max_hp_gain":0,"max_hp_loss":0,"event_name":"Shining Light","floor":13,"gold_loss":0,"cards_upgraded":["Strike_R","Strike_R"]},{"damage_healed":0,"gold_gain":0,"player_choice":"Joined the Cult","damage_taken":6,"max_hp_gain":0,"max_hp_loss":0,"event_name":"Nest","floor":19,"gold_loss":0,"cards_obtained":["RitualDagger"]},{"damage_healed":0,"gold_gain":0,"player_choice":"Became a vampire","damage_taken":0,"max_hp_gain":0,"max_hp_loss":23,"event_name":"Vampires","floor":20,"gold_loss":0,"cards_obtained":["Bite","Bite","Bite","Bite","Bite"]},{"damage_healed":0,"gold_gain":0,"player_choice":"Fought Bandits","damage_taken":0,"max_hp_gain":0,"max_hp_loss":0,"event_name":"Masked Bandits","floor":22,"gold_loss":0}],"is_beta":false,"boss_relics":[{"not_picked":["Black Star","Astrolabe"],"picked":"Velvet Choker"}],"items_purged_floors":[27],"is_endless":false,"potions_floor_spawned":[3,5,14,21,24,25,31],"killed_by":"Champ","ascension_level":20}}