{"host":"4qt77pm52ljaz00q","time":1612363834,"event":{"mods":["2.2 Compatiblity","Aspiration","Bard","BaseMod","Beaked The Cultist","BetterRewards","Challenge The Spire","ChefMod","Colored Map","Conspire","Friendly Minions","Glutton Mod","Halation","Hermit","Hubris","Infinite Spire","Jedi Mod","Mad Scientist","Marisa????????","Mimic Mod","Minty Spire (QoL Compilation)","Permanent Neow","Relic Sorter","Replay The Spire","Robot Space Explorer","Shade Mod","Shop Mod","Spires And Sneckos","StSLib","The Animator","The Bladedancer","The Bug Knight","The Construct","The Cursed","The Disciple","The Dragon Tamer","The Jungle","The Marked","The Mystic","The Necromancer","The Poker Player","The Runesmith","The Servant 0.9.4","Unknown Chances","Wandering Minibosses"],"gold_per_floor":[13,25,133,133,133,165,184,184,253,273,273,300,312,326,326,425,425,441,441,458,469,489,523,523,536,836,849,875,875,875,875],"floor_reached":30,"language":"ENG","playtime":1029,"items_purged":[],"score":341,"play_id":"880f1e21-9bd3-4386-9533-d7406ee44cec","local_time":"20210203095034","is_ascension_mode":true,"campfire_choices":[{"floor":8,"key":"REST"},{"data":"Spot Weakness","floor":11,"key":"SMITH"},{"data":"Replay:Undeath\u0027s Touch","floor":15,"key":"SMITH"},{"data":"Replay:Undeath\u0027s Touch","floor":24,"key":"SMITH"}],"circlet_count":0,"master_deck":["Strike_R","Strike_R","Strike_R","Strike_R","Strike_R","Defend_R","Defend_R","Defend_R","Defend_R","Bash","The Bomb","Battle Trance","Twin Strike","Spot Weakness+1","True Grit","hubris:CleavingFinish","infinitespire:Gouge","Shrug It Off","Sword Boomerang","beaked:Insight","jedi:unlimitedpower","Replay:Undeath\u0027s Touch+1","Double Tap","wanderingMiniBosses:FinaleOfPromise","Replay:Undeath\u0027s Touch+1","Pain","Disarm","Pummel","Replay:Undeath\u0027s Touch","Heavy Blade+1","Thunderclap","Whirlwind"],"relics":["Burning Blood","jedi:matchstick","hubris:DisguiseKit","halation:Pancakes","hubris:ScarierMask","wanderingMiniBosses:Blackblade","WarpedTongs","Gremlin Food","Old Coin","Counterbalance"],"acts_visited":["Exordium","TheCity"],"potions_floor_usage":[7,7,16,28],"damage_taken":[{"damage":6,"enemies":"2 Louse","floor":1,"turns":4},{"damage":22,"enemies":"Small Slimes","floor":2,"turns":6},{"damage":36,"enemies":"Gremlin Nob","floor":6,"turns":4},{"damage":9,"enemies":"Cultist","floor":7,"turns":7},{"damage":15,"enemies":"Exordium Wildlife","floor":10,"turns":4},{"damage":24,"enemies":"3 Sentries","floor":12,"turns":5},{"damage":26,"enemies":"Lots of Slimes","floor":13,"turns":3},{"damage":24,"enemies":"Blue Slaver","floor":14,"turns":1},{"damage":16,"enemies":"Hexaghost","floor":16,"turns":6},{"damage":24,"enemies":"3 Byrds","floor":18,"turns":2},{"damage":15,"enemies":"Shell Parasite","floor":20,"turns":2},{"damage":0,"enemies":"Sentry and Sphere","floor":21,"turns":2},{"damage":10,"enemies":"Shelled Parasite and Fungi","floor":22,"turns":3},{"damage":18,"enemies":"Book of Stabbing","floor":23,"turns":3},{"damage":0,"enemies":"Snecko","floor":25,"turns":2},{"damage":2,"enemies":"3 Cultists","floor":27,"turns":2},{"damage":39,"enemies":"Slavers","floor":28,"turns":5},{"damage":19,"enemies":"Nightmare","floor":30,"turns":5}],"seed_played":"8246555089419952353","potions_obtained":[{"floor":2,"key":"Swift Potion"},{"floor":6,"key":"LiquidMemories"},{"floor":7,"key":"Venom Potion"},{"floor":22,"key":"Languid Potion"},{"floor":23,"key":"FearPotion"},{"floor":25,"key":"Elixir"},{"floor":29,"key":"Fire Potion"}],"is_trial":false,"path_per_floor":["M","M","?","?","?","E","M","R","T","M","R","E","M","M","R","B",null,"M","?","M","M","M","E","R","M","T","M","E","?","NM"],"character_chosen":"IRONCLAD","items_purchased":[],"campfire_rested":1,"item_purchase_floors":[],"current_hp_per_floor":[80,64,64,44,44,14,11,35,35,26,26,62,42,24,24,14,80,62,62,53,59,55,43,43,49,49,53,20,20,1,1],"gold":875,"neow_bonus":"RANDOM_COLORLESS_2","is_daily":false,"chose_seed":false,"campfire_upgraded":3,"win_rate":0.0,"timestamp":1612363834,"path_taken":["M","M","?","?","?","E","?","R","T","M","R","E","M","M","R","BOSS","M","?","?","M","M","E","R","M","T","M","E","?","NM"],"items_purchased_type":[],"build_version":"2020-12-22","purchased_purges":0,"victory":false,"max_hp_per_floor":[80,80,80,80,80,80,80,80,80,80,80,80,80,80,80,80,80,80,80,80,80,80,80,80,80,80,80,80,80,80,80],"card_choices":[{"not_picked":["Violence","Sadistic Nature"],"picked":"The Bomb","floor":0},{"not_picked":["Bloodletting","Warcry"],"picked":"Battle Trance","floor":1},{"not_picked":["Sword Boomerang","Shrug It Off"],"picked":"Twin Strike","floor":2},{"not_picked":["Rupture","Flex"],"picked":"Spot Weakness","floor":3},{"not_picked":["Iron Wave","Rampage"],"picked":"True Grit","floor":3},{"not_picked":["Entrench","Run Through"],"picked":"hubris:CleavingFinish","floor":3},{"not_picked":["infinitespire:FinalStrike","infinitespire:Collect"],"picked":"infinitespire:Gouge","floor":4},{"not_picked":["Sever Soul","Warcry","Brutality"],"picked":"SKIP","floor":6},{"not_picked":["Warcry","Clothesline"],"picked":"Shrug It Off","floor":7},{"not_picked":["Feel No Pain","Wild Strike","beaked:FeelMyPain"],"picked":"Sword Boomerang","floor":10},{"not_picked":["Iron Wave","ReplayReversal","Anger"],"picked":"beaked:Insight","floor":12},{"not_picked":["Wild Strike","True Grit","beaked:Foresight"],"picked":"jedi:unlimitedpower","floor":13},{"not_picked":["Warcry","Abandon","beaked:TuckingFeathers"],"picked":"Replay:Undeath\u0027s Touch","floor":14},{"not_picked":["Berserk","Corruption","beaked:DarkTribute"],"picked":"Double Tap","floor":16},{"not_picked":[],"picked":"wanderingMiniBosses:FinaleOfPromise","floor":18},{"not_picked":["Searing Blow","ReplayTheSpireMod:Corrosion Curse","beaked:VigorBurst"],"picked":"Replay:Undeath\u0027s Touch","floor":18},{"not_picked":["Evolve","Havoc","Body Slam","beaked:Overexert"],"picked":"SKIP","floor":20},{"not_picked":["Havoc+1","Blood for Blood","beaked:Negation"],"picked":"Disarm","floor":21},{"not_picked":["Heavy Blade","Shrug It Off","beaked:Tweet"],"picked":"Pummel","floor":22},{"not_picked":["jedi:collectorstrike","Shrug It Off","beaked:CursingBlood"],"picked":"Replay:Undeath\u0027s Touch","floor":23},{"not_picked":["ReplayTheSpireMod:Strike From Hell","jedi:suffering","beaked:Overpower"],"picked":"Heavy Blade+1","floor":25},{"not_picked":["Sword Boomerang+1","Shrug It Off","beaked:Foresight"],"picked":"Thunderclap","floor":27},{"not_picked":["Battle Trance","Flex","beaked:DarkTribute"],"picked":"Whirlwind","floor":28}],"player_experience":230899,"relics_obtained":[{"floor":6,"key":"jedi:matchstick"},{"floor":9,"key":"hubris:DisguiseKit"},{"floor":12,"key":"halation:Pancakes"},{"floor":18,"key":"wanderingMiniBosses:Blackblade"},{"floor":23,"key":"Gremlin Food"},{"floor":26,"key":"Old Coin"},{"floor":28,"key":"Counterbalance"}],"event_choices":[{"damage_healed":0,"gold_gain":0,"player_choice":"Ignored","damage_taken":0,"max_hp_gain":0,"max_hp_loss":0,"event_name":"Transmorgrifier","floor":5,"gold_loss":0},{"damage_healed":0,"gold_gain":0,"player_choice":"Rummage","damage_taken":0,"relics_obtained":["WarpedTongs"],"max_hp_gain":0,"max_hp_loss":0,"event_name":"Accursed Blacksmith","floor":19,"gold_loss":0,"cards_obtained":["Pain"]},{"damage_healed":0,"gold_gain":0,"player_choice":"Got Potions","damage_taken":0,"max_hp_gain":0,"max_hp_loss":0,"event_name":"Lab","floor":29,"gold_loss":0}],"is_beta":false,"boss_relics":[{"not_picked":["Painkiller Herb","hubris:VirtuousBlindfold"],"picked":"hubris:ScarierMask"}],"items_purged_floors":[],"is_endless":false,"potions_floor_spawned":[2,6,7,22,23,25],"killed_by":"Nightmare","ascension_level":4}}