{"host":"czyddnh1ekzxzhp2","time":1612376370,"event":{"mods":["BaseMod","Better Third Choice","BetterRewards","Hermit","Minty Spire (QoL Compilation)","StSLib"],"gold_per_floor":[110,129,129,139,104,104,132,132,132,152,152,185,185,196,196,297,297,311,324,92,92,92],"floor_reached":21,"language":"ENG","playtime":1436,"items_purged":[],"score":208,"play_id":"e9d76106-45d9-4c8c-a0dc-385c5eecc226","local_time":"20210203131930","is_ascension_mode":true,"campfire_choices":[{"floor":6.0,"key":"REST"},{"floor":8.0,"key":"REST"},{"data":"hermit:HighNoon","floor":13.0,"key":"SMITH"},{"floor":15.0,"key":"REST"}],"circlet_count":0,"master_deck":["hermit:Strike_Hermit","hermit:Strike_Hermit","hermit:Strike_Hermit","hermit:Strike_Hermit","hermit:Defend_Hermit","hermit:Defend_Hermit","hermit:Defend_Hermit","hermit:Defend_Hermit","hermit:Snapshot","hermit:Covet","hermit:Manifest","hermit:FlashPowder","hermit:Virtue","hermit:NoHoldsBarred","hermit:Malice","hermit:HighNoon+1","hermit:CursedWeapon"],"relics":["hermit:Momento","Vajra","Tiny Chest","Regal Pillow","ClockworkSouvenir","Kunai","Dream Catcher","Pantograph","Shuriken","Centennial Puzzle","SlaversCollar","Happy Flower"],"acts_visited":["Exordium","TheCity"],"potions_floor_usage":[],"damage_taken":[{"damage":0.0,"enemies":"2 Louse","floor":1.0,"turns":3.0},{"damage":0.0,"enemies":"Small Slimes","floor":2.0,"turns":3.0},{"damage":1.0,"enemies":"Cultist","floor":4.0,"turns":4.0},{"damage":39.0,"enemies":"3 Sentries","floor":7.0,"turns":9.0},{"damage":3.0,"enemies":"Blue Slaver","floor":10.0,"turns":4.0},{"damage":23.0,"enemies":"Gremlin Nob","floor":12.0,"turns":4.0},{"damage":3.0,"enemies":"Looter","floor":14.0,"turns":3.0},{"damage":56.0,"enemies":"The Guardian","floor":16.0,"turns":14.0},{"damage":26,"enemies":"Chosen","floor":18,"turns":5},{"damage":37,"enemies":"3 Byrds","floor":19,"turns":5},{"damage":14,"enemies":"Sentry and Sphere","floor":21,"turns":3}],"seed_played":"-6460705277753848820","potions_obtained":[{"floor":2.0,"key":"FearPotion"},{"floor":10.0,"key":"DuplicationPotion"},{"floor":12.0,"key":"DuplicationPotion"},{"floor":18,"key":"FearPotion"}],"is_trial":false,"path_per_floor":["M","M","?","M","?","R","E","R","T","M","$","E","R","M","R","B",null,"M","M","$","M"],"character_chosen":"HERMIT","items_purchased":["Vajra","Tiny Chest","Regal Pillow","ClockworkSouvenir","hermit:CursedWeapon","Happy Flower"],"campfire_rested":3,"item_purchase_floors":[0,0,0,0,20,20],"current_hp_per_floor":[40,40,28,27,45,75,36,73,73,70,70,47,47,44,75,19,75,49,12,12,0,0],"gold":92,"neow_bonus":"","is_daily":false,"chose_seed":false,"campfire_upgraded":1,"win_rate":0.0,"timestamp":1612376370,"path_taken":["M","M","?","M","?","R","E","R","T","M","$","E","R","M","R","BOSS","M","M","$","M"],"items_purchased_type":["Relic","Relic","Relic","Relic","Card","Relic"],"build_version":"2020-12-22","purchased_purges":0,"victory":false,"max_hp_per_floor":[75,75,75,75,75,75,75,75,75,75,75,75,75,75,75,75,75,75,75,75,75,75],"card_choices":[{"not_picked":["hermit:Headshot","hermit:TrackingShot"],"picked":"hermit:FlashPowder","floor":1.0},{"not_picked":["hermit:Coalescence","hermit:Feint","hermit:Scavenge"],"picked":"SKIP","floor":2.0},{"not_picked":["hermit:Desperado","hermit:Misfire"],"picked":"hermit:Virtue","floor":4.0},{"not_picked":["hermit:EyeOfTheStorm","hermit:Headshot"],"picked":"hermit:NoHoldsBarred","floor":6.0},{"not_picked":["hermit:HighCaliber","hermit:FromBeyond"],"picked":"hermit:Malice","floor":7.0},{"not_picked":["hermit:FullyLoaded","hermit:Deadeye","hermit:HoleUp"],"picked":"SKIP","floor":10.0},{"not_picked":["hermit:Deadeye","hermit:LuckOfTheDraw"],"picked":"hermit:HighNoon","floor":12.0},{"not_picked":["hermit:Gestalt","hermit:EyeOfTheStorm","hermit:Deadeye"],"picked":"SKIP","floor":14.0},{"not_picked":["hermit:Cheat","hermit:HoleUp","hermit:SprayPray"],"picked":"SKIP","floor":18},{"not_picked":["hermit:Snipe+1","hermit:GoldenBullet","hermit:TakeAim"],"picked":"SKIP","floor":19}],"player_experience":903634,"relics_obtained":[{"floor":7.0,"key":"Pantograph"},{"floor":9.0,"key":"Shuriken"},{"floor":12.0,"key":"Centennial Puzzle"}],"event_choices":[{"damage_healed":0.0,"max_hp_gain":0.0,"max_hp_loss":0.0,"gold_gain":1.0,"event_name":"betterThird:BetterScrap","player_choice":"Relic ","floor":3.0,"gold_loss":0.0,"damage_taken":12.0,"cards_obtained":["Vault"]},{"damage_healed":18.0,"max_hp_gain":0.0,"max_hp_loss":0.0,"gold_gain":0.0,"event_name":"The Cleric","player_choice":"Healed","floor":5.0,"gold_loss":35.0,"damage_taken":0.0}],"is_beta":false,"boss_relics":[{"not_picked":["hermit:DentedPlate","Sozu"],"picked":"SlaversCollar"}],"items_purged_floors":[],"is_endless":false,"potions_floor_spawned":[2,10,12,18],"killed_by":"Sentry and Sphere","ascension_level":2}}