{"host":"9mz6x6ekz95y53i5","time":1612357120,"event":{"mods":["AchievementEnabler","BaseMod","Downfall","Energized Spire","Minty Spire (QoL Compilation)","Reliquary","Replay The Spire","Spicy Shops","StSLib","The Bug Knight","UnlockEverythingMod","¡¾ÒÅÎï¿¨ÅÆ¡¿REMEMod"],"gold_per_floor":[111,123,137,3,14,14,42,61,61,61,61,71,87,97,97,170,170,184,198,198,44,62,90,90,90,90,106,106,106,106,106,106,106,106],"floor_reached":33,"language":"ZHS","playtime":1202,"items_purged":["Defend_G","Writhe"],"score":563,"play_id":"d5565cd9-3647-4a98-a3ec-6670cecfd79e","local_time":"20210203205840","is_ascension_mode":true,"campfire_choices":[{"data":"Crippling Poison","floor":6.0,"key":"SMITH"},{"floor":15.0,"key":"REST"},{"floor":24.0,"key":"REST"},{"floor":28.0,"key":"REST"},{"floor":32.0,"key":"REST"}],"circlet_count":0,"master_deck":["AscendersBane","Strike_G","Strike_G","Defend_G","Defend_G","Survivor","Neutralize","Hyperbeam+1","Poisoned Stab","Crippling Poison+1","Underhanded Strike","Underhanded Strike","Poisoned Stab","Atom Bomb","Glass Knife+1","Acrobatics","REME_CopyPotion","Bouncing Flask+1","Quick Slash+1","Masterful Stab+1","Poisoned Stab","Blade Dance","Dagger Throw"],"relics":["Ring of the Snake","REME_ComplimentaryCards","Replay:Ringing Soul","reliquary:Sideboard","Astrolabe","PreservedInsect","reliquary:RoseTintedGlasses","Bronze Scales","Shuriken"],"acts_visited":["Exordium","TheCity"],"potions_floor_usage":[],"damage_taken":[{"damage":1.0,"enemies":"Cultist","floor":1.0,"turns":4.0},{"damage":0.0,"enemies":"2 Louse","floor":2.0,"turns":2.0},{"damage":0.0,"enemies":"Jaw Worm","floor":3.0,"turns":3.0},{"damage":6.0,"enemies":"3 Louse","floor":5.0,"turns":3.0},{"damage":6.0,"enemies":"Gremlin Nob","floor":7.0,"turns":3.0},{"damage":2.0,"enemies":"Red Slaver","floor":8.0,"turns":2.0},{"damage":13.0,"enemies":"Large Slime","floor":12.0,"turns":5.0},{"damage":0.0,"enemies":"3 Louse","floor":13.0,"turns":1.0},{"damage":3.0,"enemies":"Looter","floor":14.0,"turns":3.0},{"damage":37.0,"enemies":"Slime Boss","floor":16.0,"turns":9.0},{"damage":26.0,"enemies":"Shell Parasite","floor":18.0,"turns":3.0},{"damage":12.0,"enemies":"3 Byrds","floor":19.0,"turns":3.0},{"damage":17.0,"enemies":"Centurion and Healer","floor":22.0,"turns":5.0},{"damage":19.0,"enemies":"Book of Stabbing","floor":23.0,"turns":4.0},{"damage":24.0,"enemies":"Snake Plant","floor":27.0,"turns":2.0},{"damage":0,"enemies":"Automaton","floor":33,"turns":1}],"seed_played":"3887615847287594003","potions_obtained":[{"floor":3.0,"key":"Fire Potion"},{"floor":5.0,"key":"Dexterity Potion"},{"floor":7.0,"key":"REME_GoldPotion"},{"floor":14.0,"key":"champ:CounterPotion"},{"floor":19.0,"key":"Reflective Coating"},{"floor":22.0,"key":"EntropicBrew"},{"floor":23.0,"key":"Doom Potion"}],"is_trial":false,"path_per_floor":["M","M","M","$","M","R","E","M","T","?","?","M","M","M","R","B",null,"M","M","?","$","M","E","R","?","T","M","R","?","?","T","R","B"],"character_chosen":"THE_SILENT","items_purchased":["Underhanded Strike","Dagger Throw"],"campfire_rested":4,"item_purchase_floors":[4,21],"current_hp_per_floor":[64,64,64,64,58,58,55,53,53,56,56,43,46,46,71,34,75,49,40,43,46,29,10,38,38,38,14,42,42,61,61,89,89,89],"gold":106,"neow_bonus":"TEN_PERCENT_HP_BONUS","is_daily":false,"chose_seed":false,"campfire_upgraded":1,"win_rate":0.0,"timestamp":1612357120,"path_taken":["M","M","?","$","M","R","E","M","T","?","?","?","M","M","R","BOSS","M","M","?","$","M","E","R","?","T","?","R","?","?","?","R","BOSS"],"items_purchased_type":["Card","Card"],"build_version":"2020-12-22","purchased_purges":2,"victory":false,"max_hp_per_floor":[72,72,72,72,72,72,75,75,75,78,78,78,81,84,84,84,87,87,90,93,96,96,96,96,96,96,96,96,96,96,96,96,96,96],"card_choices":[{"not_picked":["Endless Agony","ReplayTheSpireMod:Exploit Weakness","Deflect"],"picked":"SKIP","floor":1.0},{"not_picked":["Skewer","Blur"],"picked":"Poisoned Stab","floor":2.0},{"not_picked":["Cloak And Dagger","Well Laid Plans"],"picked":"Crippling Poison","floor":3.0},{"not_picked":["Quick Slash","Blade Dance"],"picked":"Poisoned Stab","floor":5.0},{"not_picked":["Leg Sweep","Hidden Blade"],"picked":"Atom Bomb","floor":7.0},{"not_picked":["Masterful Stab","Crippling Poison","All Out Attack"],"picked":"SKIP","floor":8.0},{"not_picked":["Endless Agony","Blade Dance"],"picked":"Hidden Blade","floor":12.0},{"not_picked":["Slice","Hidden Blade"],"picked":"Poisoned Stab","floor":13.0},{"not_picked":["Sucker Punch","Blade Dance"],"picked":"Acrobatics","floor":14.0},{"not_picked":["REME_GrazeFinale","Phantasmal Killer"],"picked":"REME_CopyPotion","floor":16.0},{"not_picked":["Flying Knee","Outmaneuver"],"picked":"Quick Slash","floor":18.0},{"not_picked":["ReplayTheSpireMod:The Works","Sucker Punch"],"picked":"Blade Dance","floor":19.0},{"not_picked":["Bane","Infinite Blades"],"picked":"Prepared","floor":22.0},{"not_picked":["Bane+1","ReplayTheSpireMod:Speed Training+1"],"picked":"Reflex+1","floor":23.0},{"not_picked":["Deadly Poison","ReplayTheSpireMod:Tripwire"],"picked":"Prepared","floor":27.0}],"player_experience":225804,"relics_obtained":[{"floor":7.0,"key":"Replay:Ringing Soul"},{"floor":9.0,"key":"reliquary:Sideboard"},{"floor":23.0,"key":"reliquary:RoseTintedGlasses"},{"floor":26.0,"key":"Bronze Scales"},{"floor":31.0,"key":"Shuriken"}],"event_choices":[{"cards_removed":["Strike_G"],"damage_healed":0.0,"max_hp_gain":0.0,"max_hp_loss":0.0,"gold_gain":0.0,"event_name":"Purifier","player_choice":"Purged","floor":11.0,"gold_loss":0.0,"damage_taken":0.0},{"damage_healed":0.0,"max_hp_gain":0.0,"max_hp_loss":0.0,"gold_gain":0.0,"event_name":"The Mausoleum","player_choice":"Opened","floor":20.0,"gold_loss":0.0,"damage_taken":0.0,"relics_obtained":["PreservedInsect"],"cards_obtained":["Writhe"]},{"damage_healed":0.0,"max_hp_gain":0.0,"max_hp_loss":0.0,"gold_gain":0.0,"event_name":"Upgrade Shrine","player_choice":"Upgraded","floor":25.0,"gold_loss":0.0,"damage_taken":0.0,"cards_upgraded":["Hyperbeam"]},{"cards_removed":["Hidden Blade"],"damage_healed":0.0,"max_hp_gain":0.0,"max_hp_loss":0.0,"gold_gain":0.0,"event_name":"Back to Basics","player_choice":"Elegance","floor":29.0,"gold_loss":0.0,"damage_taken":0.0},{"damage_healed":19.0,"max_hp_gain":0.0,"max_hp_loss":0.0,"gold_gain":0.0,"event_name":"The Library","player_choice":"Heal","floor":30.0,"gold_loss":0.0,"damage_taken":0.0}],"is_beta":false,"boss_relics":[{"not_picked":["Velvet Choker","SlaversCollar"],"picked":"Astrolabe"}],"items_purged_floors":[4,21],"is_endless":false,"potions_floor_spawned":[3,5,7,14,19,22,23],"killed_by":"Automaton","ascension_level":20}}