{"host":"8pvw2tcf9wctlvur","time":1612322775,"event":{"mods":["BaseMod","Better Third Choice","Colored Powertips","Curses Come First","Minty Spire (QoL Compilation)","Rare Cards Sparkle","Relic Stats","StSLib","SuperFastMode"],"gold_per_floor":[113,113,10,22,38,38,49,66,66,66,86,100,100,135,135,233,233,251,134,134,163,175,175,191,191,191,218,235,249,10,10,10,110,110,130,145,164,164,181,181,87,102,179,229,229,229,229],"floor_reached":46,"language":"ENG","playtime":2137,"items_purged":[],"score":494,"play_id":"e59be65a-c099-40b7-b308-eba6d872eca0","local_time":"20210202202615","is_ascension_mode":false,"campfire_choices":[{"floor":6,"key":"REST"},{"floor":10,"key":"REST"},{"floor":15,"key":"REST"},{"floor":23,"key":"REST"},{"floor":32,"key":"REST"},{"floor":40,"key":"REST"}],"circlet_count":0,"master_deck":["Eruption+1","Vigilance","BattleHymn+1","ClearTheMind","PathToVictory","Crescendo+1","Swivel","ThirdEye+1","Consecrate+1","JustLucky+1","Adaptation+1","Scrawl","LessonLearned+1","Halt+1","Tantrum+1","Fasting2","FearNoEvil+1","FlyingSleeves+1","FlurryOfBlows+1","FollowUp+1","Consecrate+1","LikeWater","MasterReality","Scrawl","ThirdEye","SandsOfTime+1","Vengeance","ThirdEye","PathToVictory+1","WaveOfTheHand","Crescendo+1","Swivel+1","SignatureMove+1","BattleHymn+1","MentalFortress+1","PanicButton","DeusExMachina","Parasite"],"relics":["Runic Pyramid","InkBottle","Question Card","Sozu","Red Mask","Centennial Puzzle","Molten Egg 2","Bottled Flame","StoneCalendar","Pandora\u0027s Box","Singing Bowl","Shovel"],"acts_visited":["Exordium","TheCity","TheBeyond"],"potions_floor_usage":[8,12,16,16,21],"damage_taken":[{"damage":1,"enemies":"Jaw Worm","floor":1,"turns":4},{"damage":10,"enemies":"Cultist","floor":4,"turns":4},{"damage":3,"enemies":"Small Slimes","floor":5,"turns":3},{"damage":8,"enemies":"2 Fungi Beasts","floor":7,"turns":4},{"damage":16,"enemies":"Looter","floor":8,"turns":4},{"damage":4,"enemies":"Blue Slaver","floor":11,"turns":3},{"damage":5,"enemies":"Exordium Thugs","floor":12,"turns":2},{"damage":18,"enemies":"Gremlin Nob","floor":14,"turns":4},{"damage":55,"enemies":"The Guardian","floor":16,"turns":8},{"damage":18,"enemies":"2 Thieves","floor":18,"turns":3},{"damage":0,"enemies":"Masked Bandits","floor":21,"turns":2},{"damage":8,"enemies":"3 Byrds","floor":22,"turns":4},{"damage":27,"enemies":"Sentry and Sphere","floor":24,"turns":4},{"damage":0,"enemies":"Gremlin Leader","floor":27,"turns":3},{"damage":1,"enemies":"Snake Plant","floor":28,"turns":4},{"damage":12,"enemies":"3 Cultists","floor":29,"turns":3},{"damage":23,"enemies":"Automaton","floor":33,"turns":6},{"damage":27,"enemies":"3 Shapes","floor":35,"turns":4},{"damage":19,"enemies":"3 Darklings","floor":36,"turns":3},{"damage":1,"enemies":"Maw","floor":37,"turns":6},{"damage":7,"enemies":"Jaw Worm Horde","floor":39,"turns":3},{"damage":8,"enemies":"3 Darklings","floor":42,"turns":2},{"damage":20,"enemies":"Mind Bloom Boss Battle","floor":44,"turns":4},{"damage":20,"enemies":"Writhing Mass","floor":46,"turns":2}],"seed_played":"6014793084669157481","potions_obtained":[{"floor":4,"key":"Strength Potion"},{"floor":5,"key":"LiquidMemories"},{"floor":11,"key":"Ambrosia"},{"floor":14,"key":"Energy Potion"},{"floor":16,"key":"DistilledChaos"}],"is_trial":false,"path_per_floor":["M","?","$","M","M","R","M","M","T","R","M","M","?","E","R","B",null,"M","$","?","?","M","R","M","?","T","E","M","M","$","?","R","B",null,"M","M","M","?","M","R","$","M","T","?","?","M"],"character_chosen":"WATCHER","items_purchased":["BattleHymn","ClearTheMind","Tantrum","Fasting2","Bottled Flame","PanicButton"],"campfire_rested":6,"item_purchase_floors":[3,3,19,19,30,41],"current_hp_per_floor":[71,71,71,61,58,72,64,48,48,69,65,60,60,42,63,8,72,54,54,54,54,46,67,40,33,33,33,32,20,20,20,41,18,72,45,26,25,25,18,39,39,31,31,13,13,0,0],"gold":229,"neow_bonus":"BOSS_RELIC","is_daily":false,"chose_seed":false,"campfire_upgraded":0,"win_rate":0.0,"timestamp":1612322775,"path_taken":["M","?","$","M","M","R","?","M","T","R","M","M","?","E","R","BOSS","M","$","?","?","M","R","M","?","T","E","?","?","$","?","R","BOSS","M","M","M","?","?","R","$","M","T","?","?","M"],"items_purchased_type":["Card","Card","Card","Card","Relic","Card"],"build_version":"2020-12-22","purchased_purges":0,"victory":false,"max_hp_per_floor":[72,72,72,72,72,72,72,72,72,72,72,72,72,72,72,72,72,72,72,72,72,72,72,72,72,72,72,72,72,72,72,72,72,72,72,72,72,72,72,72,72,72,72,74,74,74,74],"relic_stats":{"Sozu":7,"Centennial Puzzle":[21],"Shovel":0,"Singing Bowl":2,"counters":[24,89],"StoneCalendar":[0],"Pandora\u0027s Box":["Scrawl","ThirdEye","SandsOfTime","Vengeance","ThirdEye","PathToVictory","WaveOfTheHand"],"Question Card":15,"obtain_stats":[{"Singing Bowl":43,"StoneCalendar":31,"Question Card":14,"Sozu":17,"Centennial Puzzle":26,"Bottled Flame":30,"Shovel":44,"Molten Egg 2":27,"Pandora\u0027s Box":34,"Red Mask":21,"PureWater":0,"InkBottle":9,"Runic Pyramid":0},{"Singing Bowl":22,"StoneCalendar":16,"Question Card":8,"Sozu":9,"Centennial Puzzle":13,"Bottled Flame":16,"Shovel":23,"Molten Egg 2":14,"Pandora\u0027s Box":17,"Red Mask":11,"PureWater":0,"InkBottle":5,"Runic Pyramid":0},{"Singing Bowl":83,"StoneCalendar":59,"Question Card":28,"Sozu":36,"Centennial Puzzle":49,"Bottled Flame":59,"Shovel":87,"Molten Egg 2":52,"Pandora\u0027s Box":65,"Red Mask":41,"PureWater":0,"InkBottle":19,"Runic Pyramid":0}],"InkBottle":[28]},"card_choices":[{"not_picked":["Protect","EmptyMind"],"picked":"Perseverance","floor":1},{"not_picked":["Evaluate","Vengeance"],"picked":"PathToVictory","floor":4},{"not_picked":["BowlingBash","JustLucky"],"picked":"Crescendo","floor":5},{"not_picked":["CrushJoints","ClearTheMind"],"picked":"Swivel","floor":7},{"not_picked":["BowlingBash","CutThroughFate"],"picked":"ThirdEye","floor":8},{"not_picked":["WheelKick","ClearTheMind"],"picked":"Consecrate","floor":11},{"not_picked":["BowlingBash","Crescendo"],"picked":"JustLucky","floor":12},{"not_picked":["Prostrate","Consecrate"],"picked":"Scrawl","floor":14},{"not_picked":["Brilliance","Scrawl","Omniscience"],"picked":"LessonLearned","floor":16},{"not_picked":["Sanctity","TalkToTheHand+1","FlyingSleeves"],"picked":"Halt+1","floor":18},{"not_picked":["EmptyBody+1","WreathOfFlame","LessonLearned"],"picked":"FearNoEvil+1","floor":21},{"not_picked":["DeceiveReality+1","Crescendo","EmptyMind+1"],"picked":"FlyingSleeves+1","floor":22},{"not_picked":["SashWhip","InnerPeace","BowlingBash"],"picked":"FlurryOfBlows+1","floor":24},{"not_picked":["FlyingSleeves+1","Scrawl","JustLucky+1"],"picked":"FollowUp+1","floor":27},{"not_picked":["ClearTheMind","Nirvana","SashWhip+1"],"picked":"Consecrate+1","floor":28},{"not_picked":["Worship+1","Crescendo+1","EmptyBody"],"picked":"LikeWater","floor":29},{"not_picked":["Establishment","Devotion","Omniscience"],"picked":"MasterReality","floor":33},{"not_picked":["Worship+1","CutThroughFate+1","Protect+1"],"picked":"Crescendo+1","floor":35},{"not_picked":["Crescendo","ClearTheMind+1","FlyingSleeves+1"],"picked":"Swivel+1","floor":36},{"not_picked":["JustLucky+1","CutThroughFate+1","EmptyBody"],"picked":"SignatureMove+1","floor":37},{"not_picked":["Study","WaveOfTheHand+1","FlyingSleeves+1"],"picked":"MentalFortress+1","floor":39},{"not_picked":["EmptyFist+1","BowlingBash+1","Halt+1"],"picked":"DeusExMachina","floor":42},{"not_picked":["LikeWater","FlurryOfBlows+1","DeceiveReality","CutThroughFate+1"],"picked":"Singing Bowl","floor":44}],"player_experience":264052,"relics_obtained":[{"floor":9,"key":"InkBottle"},{"floor":14,"key":"Question Card"},{"floor":21,"key":"Red Mask"},{"floor":26,"key":"Centennial Puzzle"},{"floor":27,"key":"Molten Egg 2"},{"floor":43,"key":"Singing Bowl"},{"floor":44,"key":"Shovel"}],"event_choices":[{"damage_healed":0,"gold_gain":0,"player_choice":"Bought 0 Potions","damage_taken":0,"max_hp_gain":0,"max_hp_loss":0,"event_name":"The Woman in Blue","floor":2,"gold_loss":0},{"damage_healed":0,"gold_gain":0,"cards_transformed":["Defend_P"],"player_choice":"Change","damage_taken":0,"max_hp_gain":0,"max_hp_loss":0,"event_name":"Living Wall","floor":13,"gold_loss":0,"cards_obtained":["Adaptation"]},{"damage_healed":0,"gold_gain":0,"player_choice":"Ignored","damage_taken":0,"max_hp_gain":0,"max_hp_loss":0,"event_name":"Ghosts","floor":20,"gold_loss":0},{"damage_healed":0,"gold_gain":0,"player_choice":"Fought Bandits","damage_taken":0,"max_hp_gain":0,"max_hp_loss":0,"event_name":"Masked Bandits","floor":21,"gold_loss":0},{"damage_healed":0,"gold_gain":0,"player_choice":"Damaged","damage_taken":7,"max_hp_gain":0,"max_hp_loss":0,"event_name":"Wheel of Change","floor":25,"gold_loss":0},{"cards_removed":["Perseverance"],"damage_healed":0,"gold_gain":0,"player_choice":"Gave Card","damage_taken":0,"relics_obtained":["StoneCalendar"],"max_hp_gain":0,"max_hp_loss":0,"event_name":"WeMeetAgain","floor":31,"gold_loss":0},{"damage_healed":0,"gold_gain":0,"player_choice":"Copied","damage_taken":0,"max_hp_gain":0,"max_hp_loss":0,"event_name":"Duplicator","floor":38,"gold_loss":0,"cards_obtained":["BattleHymn"]},{"damage_healed":0,"gold_gain":0,"player_choice":"Fight","damage_taken":0,"max_hp_gain":0,"max_hp_loss":0,"event_name":"MindBloom","floor":44,"gold_loss":0},{"damage_healed":0,"gold_gain":0,"player_choice":"Ignored","damage_taken":0,"max_hp_gain":0,"max_hp_loss":0,"event_name":"NoteForYourself","floor":45,"gold_loss":0}],"is_beta":false,"boss_relics":[{"not_picked":["Black Star","Empty Cage"],"picked":"Sozu"},{"not_picked":["Snecko Eye","SacredBark"],"picked":"Pandora\u0027s Box"}],"items_purged_floors":[],"is_endless":false,"potions_floor_spawned":[4,5,11,14,16,21,24,28,33,35,36,44],"killed_by":"Writhing Mass","ascension_level":0}}