{"host":"q6r63elxu27obe7v","time":1612356799,"event":{"mods":["2.2 Compatiblity","AchievementEnabler","BaseMod","CapriCore","Colored Map","DeckTracker","KOR Keyword Fix","Keyboard Shortcuts","Minty Spire (QoL Compilation)","Permanent Neow","Quick Restart","Replay The Spire","StSLib","SuperFastMode","everything is the same but u backflip on backflip","¡¼?Úª?ø«¡½REMEMod"],"gold_per_floor":[20,35,49,49,69,69,29,29,29,63,63,63,94,111,111,111,111],"floor_reached":16,"language":"KOR","playtime":521,"items_purged":[],"score":132,"play_id":"14e8d98f-3ac2-4a4b-92d0-67358d13c961","local_time":"20210203215319","is_ascension_mode":true,"campfire_choices":[{"data":"Battle Trance","floor":6.0,"key":"SMITH"},{"data":"Dark Embrace","floor":8.0,"key":"SMITH"},{"data":"True Grit","floor":11.0,"key":"SMITH"},{"data":"Clash","floor":15,"key":"SMITH"}],"circlet_count":0,"master_deck":["Strike_R","Strike_R","Strike_R","Strike_R","Defend_R","Defend_R","Bash","Clash+1","Battle Trance+1","Dark Embrace+1","True Grit+1","REME_ACTH"],"relics":["Burning Blood","REME_ComplimentaryCards","Mercury Hourglass","Juzu Bracelet","Replay:Kaleidoscope"],"acts_visited":["Exordium"],"potions_floor_usage":[16],"damage_taken":[{"damage":13.0,"enemies":"Jaw Worm","floor":1.0,"turns":5.0},{"damage":0.0,"enemies":"Small Slimes","floor":2.0,"turns":3.0},{"damage":10.0,"enemies":"Cultist","floor":3.0,"turns":4.0},{"damage":10.0,"enemies":"2 Fungi Beasts","floor":5.0,"turns":3.0},{"damage":32.0,"enemies":"Gremlin Nob","floor":10.0,"turns":4.0},{"damage":17,"enemies":"Lagavulin","floor":13,"turns":7},{"damage":12,"enemies":"3 Louse","floor":14,"turns":3},{"damage":73,"enemies":"The Guardian","floor":16,"turns":9}],"seed_played":"3489774902908886391","potions_obtained":[{"floor":10.0,"key":"Fire Potion"},{"floor":14,"key":"DistilledChaos"}],"is_trial":false,"path_per_floor":["M","M","M","?","M","R","$","R","T","E","R","?","E","M","R","B"],"character_chosen":"IRONCLAD","items_purchased":["Dark Embrace"],"campfire_rested":0,"item_purchase_floors":[7],"current_hp_per_floor":[73,79,75,75,71,71,71,71,71,45,45,90,79,73,73,0,0],"gold":111,"neow_bonus":"REMOVE_TWO","is_daily":false,"chose_seed":false,"campfire_upgraded":4,"win_rate":0.0,"timestamp":1612356799,"path_taken":["M","M","M","?","M","R","$","R","T","E","R","?","E","M","R","BOSS"],"items_purchased_type":["Card"],"build_version":"2020-12-22","purchased_purges":0,"victory":false,"max_hp_per_floor":[80,80,80,80,80,80,80,80,80,80,80,90,90,90,90,90,90],"card_choices":[{"not_picked":["True Grit","Headbutt"],"picked":"Clash","floor":1.0},{"not_picked":["Heavy Blade","Dropkick"],"picked":"Battle Trance","floor":2.0},{"not_picked":["Thunderclap","Armaments","Replay:Undeath\u0027s Touch"],"picked":"SKIP","floor":3.0},{"not_picked":["Iron Wave","Havoc","Clothesline"],"picked":"SKIP","floor":5.0},{"not_picked":["Double Tap","Intimidate"],"picked":"True Grit","floor":10.0},{"not_picked":["Replay:Undeath\u0027s Touch","Anger"],"picked":"REME_ACTH","floor":13},{"not_picked":["Clothesline","Life Link","Replay:Undeath\u0027s Touch"],"picked":"SKIP","floor":14}],"player_experience":132952,"relics_obtained":[{"floor":9.0,"key":"Mercury Hourglass"},{"floor":10.0,"key":"Juzu Bracelet"},{"floor":13,"key":"Replay:Kaleidoscope"}],"event_choices":[{"cards_removed":["REME_ShadowForm"],"damage_healed":35,"gold_gain":0,"player_choice":"Offered Rare","damage_taken":0,"max_hp_gain":10,"max_hp_loss":0,"event_name":"Bonfire Elementals","floor":12,"gold_loss":0}],"is_beta":false,"boss_relics":[],"items_purged_floors":[],"is_endless":false,"potions_floor_spawned":[10,14],"killed_by":"The Guardian","ascension_level":4}}