{"host":"j9610sde00vfp93k","time":1612325511,"event":{"mods":["AchievementEnabler","BaseMod","Minty Spire (QoL Compilation)","StSLib","SuperFastMode"],"gold_per_floor":[118,118,118,138,213,213,245,245,290,465,484,484,484,484],"floor_reached":13,"language":"ENG","playtime":310,"items_purged":[],"score":81,"play_id":"d202d1a8-9137-473c-aedb-ec2d0c9a3137","local_time":"20210203121151","is_ascension_mode":false,"campfire_choices":[{"data":"MentalFortress","floor":6,"key":"SMITH"},{"floor":8,"key":"REST"}],"circlet_count":0,"master_deck":["Strike_P","Strike_P","Strike_P","Strike_P+1","Defend_P","Defend_P","Defend_P","Defend_P+1","Eruption","Vigilance","EmptyBody","Regret","MentalFortress+1","FollowUp","Doubt","Nirvana"],"relics":["PureWater","Vajra","Tiny Chest","Boot","GremlinMask"],"acts_visited":["Exordium"],"potions_floor_usage":[7,7,13],"damage_taken":[{"damage":0,"enemies":"2 Louse","floor":1,"turns":2},{"damage":0,"enemies":"Small Slimes","floor":4,"turns":2},{"damage":27,"enemies":"Lagavulin","floor":7,"turns":5},{"damage":2,"enemies":"Cultist","floor":11,"turns":4},{"damage":48,"enemies":"3 Sentries","floor":13,"turns":4}],"seed_played":"5156809135454831075","potions_obtained":[{"floor":1,"key":"Weak Potion"},{"floor":4,"key":"Fire Potion"},{"floor":11,"key":"StancePotion"}],"is_trial":false,"path_per_floor":["M","?","?","M","?","R","E","R","T","?","M","?","E"],"character_chosen":"WATCHER","items_purchased":[],"campfire_rested":1,"item_purchase_floors":[],"current_hp_per_floor":[79,63,63,63,52,52,25,48,48,48,46,46,0,0],"gold":484,"neow_bonus":"TEN_PERCENT_HP_BONUS","is_daily":false,"chose_seed":false,"campfire_upgraded":1,"win_rate":0.0,"timestamp":1612325511,"path_taken":["M","?","?","M","?","R","E","R","T","?","M","?","E"],"items_purchased_type":[],"build_version":"2020-12-22","purchased_purges":0,"victory":false,"max_hp_per_floor":[79,79,79,79,79,79,79,79,79,79,79,79,79,79],"card_choices":[{"not_picked":["Sanctity","EmptyMind"],"picked":"EmptyBody","floor":1},{"not_picked":["WreathOfFlame","ClearTheMind"],"picked":"MentalFortress","floor":4},{"not_picked":["CrushJoints","WreathOfFlame"],"picked":"FollowUp","floor":7},{"not_picked":["FlyingSleeves","JustLucky"],"picked":"Nirvana","floor":11}],"player_experience":188167,"relics_obtained":[{"floor":7,"key":"Tiny Chest"},{"floor":9,"key":"Boot"}],"event_choices":[{"damage_healed":0,"gold_gain":0,"player_choice":"Entered Light","damage_taken":16,"max_hp_gain":0,"max_hp_loss":0,"event_name":"Shining Light","floor":2,"gold_loss":0,"cards_upgraded":["Strike_P","Defend_P"]},{"damage_healed":0,"gold_gain":0,"player_choice":"Box","damage_taken":0,"relics_obtained":["Vajra"],"max_hp_gain":0,"max_hp_loss":0,"event_name":"Big Fish","floor":3,"gold_loss":0,"cards_obtained":["Regret"]},{"damage_healed":0,"gold_gain":75,"player_choice":"Gather Gold","damage_taken":11,"max_hp_gain":0,"max_hp_loss":0,"event_name":"World of Goop","floor":5,"gold_loss":0},{"damage_healed":0,"gold_gain":175,"player_choice":"AGREE","damage_taken":0,"max_hp_gain":0,"max_hp_loss":0,"event_name":"Liars Game","floor":10,"gold_loss":0,"cards_obtained":["Doubt"]},{"damage_healed":0,"gold_gain":0,"player_choice":"Trade","damage_taken":0,"relics_obtained":["GremlinMask"],"max_hp_gain":0,"max_hp_loss":0,"event_name":"FaceTrader","floor":12,"gold_loss":0}],"is_beta":false,"boss_relics":[],"items_purged_floors":[],"is_endless":false,"potions_floor_spawned":[1,4,11],"killed_by":"3 Sentries","ascension_level":0}}