{"host":"3a1ypf1irl30q4k8","time":1612385976,"event":{"mods":["AchievementEnabler","BaseMod","Bestiary","Colored Map","Minty Spire (QoL Compilation)","Relic Stats","ojb\u0027s Info Mod"],"gold_per_floor":[118,54,66,78,98,98,132,148,200,200,200,200,216,226,226,327,327,341,256,256,181,199,199,216,216,216],"floor_reached":25,"language":"ENG","playtime":1275,"items_purged":[],"score":246,"play_id":"50ddf8ef-fdf0-4f44-b9c7-3f35d4028834","local_time":"20210203205936","is_ascension_mode":true,"campfire_choices":[{"data":"Die Die Die","floor":6.0,"key":"SMITH"},{"data":"After Image","floor":10,"key":"SMITH"},{"floor":12,"key":"REST"},{"data":"Dagger Spray","floor":15,"key":"SMITH"},{"data":"Night Terror","floor":23,"key":"SMITH"}],"circlet_count":0,"master_deck":["Strike_G","Strike_G","Strike_G","Strike_G","Defend_G","Defend_G","Defend_G","Defend_G","Defend_G","Survivor","Neutralize","Doubt","Die Die Die+1","Sucker Punch","Footwork","Deflect","Dagger Spray+1","Well Laid Plans","After Image+1","Blade Dance","Leg Sweep","Night Terror+1","Cloak And Dagger","PiercingWail+1","Slice+1"],"relics":["Ring of the Snake","Meat on the Bone","Ornamental Fan","Akabeko","Smiling Mask","WristBlade","HornCleat"],"acts_visited":["Exordium","TheCity"],"potions_floor_usage":[16,16,25],"damage_taken":[{"damage":0.0,"enemies":"Small Slimes","floor":1.0,"turns":3.0},{"damage":0.0,"enemies":"Cultist","floor":3.0,"turns":5.0},{"damage":1.0,"enemies":"Jaw Worm","floor":4.0,"turns":2.0},{"damage":0.0,"enemies":"Exordium Wildlife","floor":5.0,"turns":2.0},{"damage":9,"enemies":"3 Sentries","floor":7,"turns":7},{"damage":11,"enemies":"3 Louse","floor":8,"turns":4},{"damage":7,"enemies":"Large Slime","floor":13,"turns":8},{"damage":0,"enemies":"2 Fungi Beasts","floor":14,"turns":1},{"damage":9,"enemies":"Hexaghost","floor":16,"turns":15},{"damage":10,"enemies":"Shell Parasite","floor":18,"turns":7},{"damage":0,"enemies":"Spheric Guardian","floor":22,"turns":3},{"damage":3,"enemies":"Shelled Parasite and Fungi","floor":24,"turns":9},{"damage":47,"enemies":"Gremlin Leader","floor":25,"turns":8}],"seed_played":"-5308132255113571838","potions_obtained":[{"floor":4.0,"key":"Swift Potion"},{"floor":7,"key":"Strength Potion"},{"floor":13,"key":"Regen Potion"}],"is_trial":false,"path_per_floor":["M","?","M","M","M","R","E","M","T","R","?","R","M","M","R","B",null,"M","?","?","?","M","R","M","E"],"character_chosen":"THE_SILENT","items_purchased":[],"campfire_rested":1,"item_purchase_floors":[],"current_hp_per_floor":[70,70,70,69,69,69,60,49,49,49,37,58,51,51,51,57,70,60,60,47,47,47,47,44,0,0],"gold":216,"neow_bonus":"THREE_RARE_CARDS","is_daily":false,"chose_seed":false,"campfire_upgraded":4,"win_rate":0.0,"timestamp":1612385976,"path_taken":["M","?","M","M","?","R","E","M","T","R","?","R","M","M","R","BOSS","M","?","?","?","M","R","M","E"],"items_purchased_type":[],"build_version":"2020-12-22","purchased_purges":0,"victory":false,"max_hp_per_floor":[70,70,70,70,70,70,70,70,70,70,70,70,70,70,70,70,70,70,70,75,75,75,75,75,75,75],"relic_stats":{"counters":[13,74],"Ornamental Fan":[96],"Smiling Mask":0,"obtain_stats":[{"HornCleat":19,"WristBlade":17,"Ornamental Fan":7,"Smiling Mask":11,"Akabeko":9,"Ring of the Snake":0,"Meat on the Bone":2},{"HornCleat":10,"WristBlade":9,"Ornamental Fan":5,"Smiling Mask":6,"Akabeko":6,"Ring of the Snake":0,"Meat on the Bone":1},{"HornCleat":54,"WristBlade":47,"Ornamental Fan":19,"Smiling Mask":23,"Akabeko":23,"Ring of the Snake":0,"Meat on the Bone":3}],"Ring of the Snake":[26],"Meat on the Bone":0},"card_choices":[{"not_picked":["Grand Finale","Glass Knife"],"picked":"Die Die Die","floor":0.0},{"not_picked":["Outmaneuver","Cloak And Dagger"],"picked":"Sucker Punch","floor":1.0},{"not_picked":["Prepared","Blade Dance"],"picked":"Footwork","floor":3.0},{"not_picked":["Slice","Flechettes"],"picked":"Deflect","floor":4.0},{"not_picked":["Dagger Throw","Bane"],"picked":"Dagger Spray","floor":5.0},{"not_picked":["Heel Hook","Acrobatics"],"picked":"Well Laid Plans","floor":7},{"not_picked":["Slice","Outmaneuver"],"picked":"After Image","floor":8},{"not_picked":["Slice","PiercingWail"],"picked":"Blade Dance","floor":13},{"not_picked":["Acrobatics","Outmaneuver"],"picked":"Leg Sweep","floor":14},{"not_picked":["Glass Knife","Tools of the Trade"],"picked":"Night Terror","floor":16},{"not_picked":["Reflex+1","Tactician"],"picked":"Cloak And Dagger","floor":18},{"not_picked":["Reflex+1","Backflip"],"picked":"PiercingWail+1","floor":22},{"not_picked":["Escape Plan","Heel Hook"],"picked":"Slice+1","floor":24}],"player_experience":1305166,"relics_obtained":[{"floor":7,"key":"Ornamental Fan"},{"floor":9,"key":"Akabeko"}],"event_choices":[{"damage_healed":0.0,"max_hp_gain":0.0,"max_hp_loss":0.0,"gold_gain":0.0,"event_name":"WeMeetAgain","player_choice":"Paid Gold","floor":2.0,"gold_loss":64.0,"damage_taken":0.0,"relics_obtained":["Meat on the Bone"]},{"damage_healed":0,"gold_gain":0,"player_choice":"Success","damage_taken":12,"relics_obtained":["Smiling Mask"],"max_hp_gain":0,"max_hp_loss":0,"event_name":"Scrap Ooze","floor":11,"gold_loss":0},{"damage_healed":0,"gold_gain":0,"player_choice":"Obtained Relic","damage_taken":0,"relics_obtained":["HornCleat"],"max_hp_gain":0,"max_hp_loss":0,"event_name":"Addict","floor":19,"gold_loss":85},{"damage_healed":0,"gold_gain":0,"player_choice":"Shed Blood","damage_taken":18,"max_hp_gain":5,"max_hp_loss":0,"event_name":"Forgotten Altar","floor":20,"gold_loss":0},{"cards_removed":["Strike_G"],"damage_healed":0,"gold_gain":0,"player_choice":"Gave Gold","damage_taken":0,"max_hp_gain":0,"max_hp_loss":0,"event_name":"Beggar","floor":21,"gold_loss":75}],"is_beta":false,"boss_relics":[{"not_picked":["Philosopher\u0027s Stone","Runic Pyramid"],"picked":"WristBlade"}],"items_purged_floors":[],"is_endless":false,"potions_floor_spawned":[4,7,13],"killed_by":"Gremlin Leader","ascension_level":4}}