{"host":"oigynbtg272c19pw","time":1612373316,"event":{"mods":["BaseMod","Colored Map","Minty Spire (QoL Compilation)","Relic Stats","Slay the Relics Exporter","StSLib"],"gold_per_floor":[113,69,69,79,79,107,107,139,139,139,154,181,181,198,198,270,270,286,286,286],"floor_reached":19,"playtime":612,"items_purged":[],"score":420,"play_id":"bccc8cdc-0769-4b5e-92e7-d526f0c4c7c1","local_time":"20210203182836","is_ascension_mode":true,"campfire_choices":[{"data":"Searing Blow","floor":7.0,"key":"SMITH"},{"data":"Searing Blow+1","floor":10.0,"key":"SMITH"},{"floor":13.0,"key":"REST"},{"data":"Searing Blow+2","floor":15.0,"key":"SMITH"}],"circlet_count":0,"master_deck":["AscendersBane","Strike_R","Strike_R","Strike_R","Defend_R","Defend_R","Defend_R","Bash","Shockwave","Searing Blow+3","Anger","Disarm","Burning Pact","Armaments","Armaments","Berserk+1","True Grit"],"relics":["Burning Blood","NeowsBlessing","Frozen Egg 2","Gremlin Horn","Ornamental Fan","Shuriken","Bottled Flame","Empty Cage"],"acts_visited":["Exordium","TheCity"],"potions_floor_usage":[],"damage_taken":[{"damage":0.0,"enemies":"Small Slimes","floor":1.0,"turns":1.0},{"damage":0.0,"enemies":"Cultist","floor":4.0,"turns":1.0},{"damage":0.0,"enemies":"Gremlin Nob","floor":6.0,"turns":1.0},{"damage":21.0,"enemies":"Lagavulin","floor":8.0,"turns":7.0},{"damage":4.0,"enemies":"2 Louse","floor":11.0,"turns":3.0},{"damage":48.0,"enemies":"Gremlin Nob","floor":12.0,"turns":6.0},{"damage":9.0,"enemies":"Lots of Slimes","floor":14.0,"turns":5.0},{"damage":29.0,"enemies":"Slime Boss","floor":16.0,"turns":9.0},{"damage":42.0,"enemies":"Spheric Guardian","floor":18.0,"turns":6.0},{"damage":24,"enemies":"Shell Parasite","floor":19,"turns":5}],"seed_played":"5275547001330618152","potions_obtained":[{"floor":1.0,"key":"SmokeBomb"},{"floor":8.0,"key":"GamblersBrew"},{"floor":11.0,"key":"AttackPotion"},{"floor":14.0,"key":"EssenceOfSteel"}],"is_trial":false,"path_per_floor":["M","$","?","M","T","E","R","E","T","R","M","E","R","M","R","B",null,"M","M"],"character_chosen":"IRONCLAD","items_purchased":["Searing Blow"],"campfire_rested":1,"item_purchase_floors":[2],"current_hp_per_floor":[74,74,74,75,75,75,75,60,60,60,62,20,42,39,39,16,60,24,0,0],"gold":286,"neow_bonus":"THREE_ENEMY_KILL","is_daily":false,"chose_seed":false,"campfire_upgraded":3,"win_rate":0.0,"timestamp":1612373316,"path_taken":["M","$","?","?","?","E","R","E","T","R","M","E","R","?","R","BOSS","M","M"],"items_purchased_type":["Card"],"build_version":"2020-12-13","purchased_purges":0,"victory":false,"max_hp_per_floor":[75,75,75,75,75,75,75,75,75,75,75,75,75,75,75,75,75,75,75,75],"relic_stats":{"Gremlin Horn":[8,8],"counters":[10,44],"Ornamental Fan":[36],"Shuriken":[9],"obtain_stats":[{"Bottled Flame":12,"NeowsBlessing":0,"Gremlin Horn":6,"Ornamental Fan":8,"Shuriken":9,"Frozen Egg 2":5,"Empty Cage":17,"Burning Blood":0},{"Bottled Flame":6,"NeowsBlessing":0,"Gremlin Horn":3,"Ornamental Fan":4,"Shuriken":4,"Frozen Egg 2":2,"Empty Cage":8,"Burning Blood":0},{"Bottled Flame":19,"NeowsBlessing":0,"Gremlin Horn":3,"Ornamental Fan":10,"Shuriken":10,"Frozen Egg 2":2,"Empty Cage":33,"Burning Blood":0}],"Burning Blood":43},"card_choices":[{"not_picked":["Perfected Strike","Anger"],"picked":"Shockwave","floor":1.0},{"not_picked":["Iron Wave","Sword Boomerang"],"picked":"Anger","floor":4.0},{"not_picked":["True Grit","Warcry"],"picked":"Disarm","floor":6.0},{"not_picked":["Clothesline","Heavy Blade"],"picked":"Burning Pact","floor":8.0},{"not_picked":["Dual Wield","Heavy Blade"],"picked":"Armaments","floor":11.0},{"not_picked":["Pummel","Sword Boomerang","Wild Strike"],"picked":"SKIP","floor":12.0},{"not_picked":["Iron Wave","Pommel Strike"],"picked":"Armaments","floor":14.0},{"not_picked":["Reaper","Impervious"],"picked":"Berserk+1","floor":16.0},{"not_picked":["Bloodletting","Twin Strike"],"picked":"True Grit","floor":18.0}],"player_experience":1530013,"relics_obtained":[{"floor":5.0,"key":"Frozen Egg 2"},{"floor":6.0,"key":"Gremlin Horn"},{"floor":8.0,"key":"Ornamental Fan"},{"floor":9.0,"key":"Shuriken"},{"floor":12.0,"key":"Bottled Flame"}],"event_choices":[{"cards_removed":["Strike_R"],"damage_healed":0.0,"max_hp_gain":0.0,"max_hp_loss":0.0,"gold_gain":0.0,"event_name":"Bonfire Elementals","player_choice":"Offered Basic","floor":3.0,"gold_loss":0.0,"damage_taken":0.0}],"is_beta":false,"boss_relics":[{"not_picked":["Sozu","Coffee Dripper"],"picked":"Empty Cage"}],"items_purged_floors":[],"is_endless":false,"potions_floor_spawned":[1,8,11,14],"killed_by":"Shell Parasite","ascension_level":20}}