{"host":"92108ef2q9tm8rod","time":1612361082,"event":{"mods":["BaseMod","Defuse TimeMaze Blight","Minty Spire (QoL Compilation)","StSLib","The Jungle"],"gold_per_floor":[111,111,122,135,155,155,155,173,197,209,209,209,240,148,148,244,244,264,264,189,204,216,216,244,244,267,267,267,296,328,345,345,441,441,459,471,353,367,378,378,378,378,402,402,429,429,463,476,476,476],"floor_reached":51,"language":"ENG","playtime":2611,"items_purged":["Steam"],"score":840,"play_id":"578210e8-203d-4486-890b-634425dbb250","local_time":"20210203140442","daily_mods":["SealedDeck","Green Cards","Heirloom","Flight"],"is_ascension_mode":false,"campfire_choices":[{"data":"Recycle","floor":6.0,"key":"SMITH"},{"data":"Redo","floor":7.0,"key":"SMITH"},{"data":"Loop","floor":11,"key":"SMITH"},{"data":"Loop","floor":12,"key":"SMITH"},{"floor":15,"key":"REST"},{"data":"Coolheaded","floor":23,"key":"SMITH"},{"data":"Corpse Explosion","floor":25,"key":"SMITH"},{"data":"Deadly Poison","floor":27,"key":"SMITH"},{"floor":28,"key":"REST"},{"floor":32,"key":"REST"},{"floor":40,"key":"REST"},{"data":"Finesse","floor":41,"key":"SMITH"},{"data":"Ball Lightning","floor":44,"key":"SMITH"},{"floor":46,"key":"REST"},{"floor":49,"key":"REST"}],"circlet_count":0,"master_deck":["Loop+1","Catalyst+1","Redo+1","Deadly Poison+1","Deflect+1","Gash","Coolheaded+1","Loop+1","Deflect+1","Recycle+1","Ball Lightning+1","Finesse+1","Corpse Explosion+1","Noxious Fumes+1"],"relics":["Cracked Core","Ginger","War Paint","Ancient Tea Set","Inserter","Centennial Puzzle","Juzu Bracelet","The Courier","Akabeko","ClockworkSouvenir","Mercury Hourglass","Art of War","Bronze Scales","Lizard Tail"],"acts_visited":["Exordium","Exordium","TheBeyond"],"potions_floor_usage":[8,16,22,38,39,45,48,50,50],"damage_taken":[{"damage":2.0,"enemies":"Jaw Worm","floor":1.0,"turns":4.0},{"damage":4.0,"enemies":"Cultist","floor":3.0,"turns":3.0},{"damage":0.0,"enemies":"Small Slimes","floor":4.0,"turns":3.0},{"damage":1.0,"enemies":"Red Slaver","floor":5.0,"turns":3.0},{"damage":4,"enemies":"Exordium Thugs","floor":8,"turns":4},{"damage":3,"enemies":"Large Slime","floor":10,"turns":5},{"damage":30,"enemies":"3 Sentries","floor":13,"turns":9},{"damage":0,"enemies":"Slime Boss","floor":16,"turns":7},{"damage":11,"enemies":"theJungle:5_Spyders","floor":18,"turns":8},{"damage":7,"enemies":"theJungle:GiantWrat","floor":21,"turns":4},{"damage":7,"enemies":"theJungle:SlimyTreeVines","floor":22,"turns":5},{"damage":1,"enemies":"theJungle:2_Phrogs","floor":24,"turns":6},{"damage":24,"enemies":"theJungle:MamaSnecko","floor":29,"turns":7},{"damage":3,"enemies":"theJungle:2_Phrogs","floor":30,"turns":3},{"damage":16,"enemies":"theJungle:JungleHuntersEncounter","floor":31,"turns":3},{"damage":28,"enemies":"theJungle:TotemBoss","floor":33,"turns":6},{"damage":5,"enemies":"3 Shapes","floor":35,"turns":3},{"damage":8,"enemies":"Orb Walker","floor":36,"turns":4},{"damage":9,"enemies":"Transient","floor":38,"turns":5},{"damage":22,"enemies":"3 Darklings","floor":39,"turns":3},{"damage":10,"enemies":"Nemesis","floor":45,"turns":5},{"damage":27,"enemies":"Giant Head","floor":47,"turns":7},{"damage":24,"enemies":"Jaw Worm Horde","floor":48,"turns":2},{"damage":36,"enemies":"Awakened One","floor":50,"turns":10}],"seed_played":"5554186833841813577","potions_obtained":[{"floor":1.0,"key":"Explosive Potion"},{"floor":5.0,"key":"Dexterity Potion"},{"floor":10,"key":"BlessingOfTheForge"},{"floor":13,"key":"SteroidPotion"},{"floor":16,"key":"Block Potion"},{"floor":24,"key":"PowerPotion"},{"floor":31,"key":"LiquidMemories"},{"floor":33,"key":"PowerPotion"},{"floor":38,"key":"Block Potion"},{"floor":47,"key":"Explosive Potion"},{"floor":48,"key":"SpeedPotion"}],"is_trial":true,"path_per_floor":["M","?","M","M","M","R","R","M","T","M","R","R","E","$","R","B",null,"M","?","$","M","M","R","E","R","T","R","R","E","E","M","R","B",null,"M","M","$","M","M","R","R","T","T","R","E","R","E","M","R","B",null],"character_chosen":"DEFECT","items_purchased":["Finesse","ClockworkSouvenir"],"campfire_rested":6,"item_purchase_floors":[14,37],"current_hp_per_floor":[73,73,69,69,68,68,68,64,64,61,61,61,31,31,53,53,75,64,64,64,57,56,56,55,55,55,55,75,51,48,32,54,26,75,70,62,62,53,31,53,53,53,53,53,43,65,38,14,36,37],"gold":476,"neow_bonus":"","is_daily":false,"chose_seed":false,"campfire_upgraded":9,"win_rate":0.0,"timestamp":1612361082,"path_taken":["M","?","M","?","M","R","R","M","T","M","R","R","E","$","R","BOSS","M","?","$","M","M","R","E","R","T","R","R","E","E","M","R","BOSS","M","M","$","M","M","R","R","?","T","R","E","R","E","M","R","BOSS"],"items_purchased_type":["Card","Relic"],"build_version":"2020-12-22","purchased_purges":1,"victory":true,"max_hp_per_floor":[75,75,75,75,75,75,75,75,75,75,75,75,75,75,75,75,75,75,75,75,75,75,75,75,75,75,75,75,75,75,75,75,75,75,75,75,75,75,75,75,75,75,75,75,75,75,75,75,75,75],"card_choices":[{"not_picked":["Cold Snap","Deadly Poison","Caltrops"],"picked":"SKIP","floor":1.0},{"not_picked":["Hologram","Reflex","Go for the Eyes"],"picked":"SKIP","floor":3.0},{"not_picked":["Double Energy","Reprogram","Storm of Steel"],"picked":"SKIP","floor":4.0},{"not_picked":["Prepared","Poisoned Stab"],"picked":"Recycle","floor":5.0},{"not_picked":["PiercingWail","Acrobatics","Barrage"],"picked":"SKIP","floor":8},{"not_picked":["Cold Snap","Amplify"],"picked":"Ball Lightning","floor":10},{"not_picked":["Stack","Auto Shields","Static Discharge"],"picked":"SKIP","floor":13},{"not_picked":["Gash","Scrape+1","Rebound+1"],"picked":"SKIP","floor":18},{"not_picked":["Sucker Punch","Dagger Throw","Flying Knee+1"],"picked":"SKIP","floor":21},{"not_picked":["Catalyst","Compile Driver"],"picked":"Corpse Explosion","floor":22},{"not_picked":["Sweeping Beam","Sucker Punch","Blade Dance"],"picked":"SKIP","floor":24},{"not_picked":["Hyperbeam","Cold Snap","Calculated Gamble"],"picked":"SKIP","floor":29},{"not_picked":["Fusion","Distraction","Gash"],"picked":"SKIP","floor":30},{"not_picked":["Compile Driver+1","Calculated Gamble","Gash+1"],"picked":"SKIP","floor":31},{"not_picked":["White Noise+1","Rebound","Skewer"],"picked":"SKIP","floor":35},{"not_picked":["Quick Slash+1","Eviscerate+1","Streamline+1"],"picked":"SKIP","floor":36},{"not_picked":["Sucker Punch","Turbo","Masterful Stab"],"picked":"SKIP","floor":38},{"not_picked":["Prepared+1","Deflect+1","Barrage"],"picked":"SKIP","floor":39},{"not_picked":["Calculated Gamble","Crippling Poison"],"picked":"Noxious Fumes+1","floor":45},{"not_picked":["Recycle","Turbo","Rainbow"],"picked":"SKIP","floor":47},{"not_picked":["Well Laid Plans+1","Slice+1","Reinforced Body"],"picked":"SKIP","floor":48}],"player_experience":3380871,"relics_obtained":[{"floor":9,"key":"War Paint"},{"floor":13,"key":"Ancient Tea Set"},{"floor":24,"key":"Centennial Puzzle"},{"floor":26,"key":"Juzu Bracelet"},{"floor":29,"key":"The Courier"},{"floor":30,"key":"Akabeko"},{"floor":42,"key":"Mercury Hourglass"},{"floor":43,"key":"Art of War"},{"floor":45,"key":"Bronze Scales"},{"floor":47,"key":"Lizard Tail"}],"event_choices":[{"damage_healed":0.0,"max_hp_gain":0.0,"max_hp_loss":0.0,"gold_gain":0.0,"event_name":"Accursed Blacksmith","player_choice":"Forge","floor":2.0,"gold_loss":0.0,"damage_taken":0.0,"cards_upgraded":["Catalyst"]},{"damage_healed":0,"gold_gain":0,"player_choice":"Ignored","damage_taken":0,"max_hp_gain":0,"max_hp_loss":0,"event_name":"NoteForYourself","floor":19,"gold_loss":0}],"is_beta":false,"boss_relics":[{"not_picked":["Cursed Key","Calling Bell"],"picked":"Inserter"},{"not_picked":["Snecko Eye","FrozenCore","Astrolabe"]}],"items_purged_floors":[20],"is_endless":false,"potions_floor_spawned":[1,5,10,13,16,24,31,33,35,38,47,48],"ascension_level":0}}