{"host":"6gl4z8x6qhx9xtfj","time":1612351622,"event":{"mods":["2.2 Compatiblity","AchievementEnabler","BaseMod","Bestiary","Colored Map","Colored Powertips","Evolution","Minty Spire (QoL Compilation)","Quick Restart","Relic Stats","StSLib","SuperFastMode"],"gold_per_floor":[111,125,138,149,168,203,213,245,245,245,260,288,288,312,312,443,443,459,479,429,169,188,219,233,233,233,249,249,272,272,38,38,166,166,186,227,270,318,651,708,708,214,238,265,281,322,381,199,199,199],"floor_reached":51,"language":"RUS","playtime":2119,"items_purged":[],"score":1361,"play_id":"a5ce7ce7-f116-4520-b7cd-e883e3ebe251","local_time":"20210203142702","is_ascension_mode":true,"campfire_choices":[{"data":"Eruption","floor":10.0,"key":"SMITH"},{"data":"Fasting2","floor":15.0,"key":"SMITH"},{"data":"Vigilance","floor":25.0,"key":"SMITH"},{"data":"Devotion","floor":28.0,"key":"SMITH"},{"data":"Wallop","floor":32.0,"key":"SMITH"},{"data":"Wish","floor":41.0,"key":"SMITH"},{"data":"WheelKick","floor":49,"key":"SMITH"}],"circlet_count":0,"master_deck":["FollowUp","FlyingSleeves","BowlingBash","EmptyFist+1","Evaluate","EmptyBody","ThirdEye","Evaluate","Eruption+1","Vigilance+1","Prostrate+1","WheelKick+1","ReachHeaven","TalkToTheHand+1","WheelKick","Fasting2+1","Prostrate","Wallop+1","DeusExMachina","Prostrate","Devotion+1","CutThroughFate+1","FollowUp+1","Ragnarok+1","Prostrate+1","Bite+1","Bite+1","Bite+1","Bite+1","Bite+1","Panacea","Wish+1","Prostrate+1","Dramatic Entrance+1","Parasite","Protect+1","LikeWater+1"],"relics":["EVO:Axolotl","Philosopher\u0027s Stone","Potion Belt","Happy Flower","Pocketwatch","Molten Egg 2","Coffee Dripper","Frozen Egg 2","Letter Opener","Mercury Hourglass","Damaru","Busted Crown","Prayer Wheel","Pear","Ancient Tea Set","Akabeko","Lantern","War Paint","Whetstone"],"acts_visited":["Exordium","TheCity","TheBeyond"],"potions_floor_usage":[50,50,50],"damage_taken":[{"damage":7.0,"enemies":"Small Slimes","floor":1.0,"turns":2.0},{"damage":0.0,"enemies":"2 Louse","floor":2.0,"turns":2.0},{"damage":0.0,"enemies":"Cultist","floor":3.0,"turns":2.0},{"damage":0.0,"enemies":"Large Slime","floor":4.0,"turns":2.0},{"damage":0.0,"enemies":"Blue Slaver","floor":5.0,"turns":2.0},{"damage":3.0,"enemies":"3 Sentries","floor":6.0,"turns":5.0},{"damage":0.0,"enemies":"Red Slaver","floor":7.0,"turns":3.0},{"damage":0.0,"enemies":"Gremlin Nob","floor":8.0,"turns":2.0},{"damage":5.0,"enemies":"3 Louse","floor":11.0,"turns":2.0},{"damage":11.0,"enemies":"3 Sentries","floor":12.0,"turns":3.0},{"damage":0.0,"enemies":"2 Fungi Beasts","floor":14.0,"turns":2.0},{"damage":7.0,"enemies":"Hexaghost","floor":16.0,"turns":6.0},{"damage":0.0,"enemies":"Spheric Guardian","floor":18.0,"turns":2.0},{"damage":0.0,"enemies":"3 Byrds","floor":19.0,"turns":2.0},{"damage":12.0,"enemies":"Snecko","floor":22.0,"turns":3.0},{"damage":12.0,"enemies":"Book of Stabbing","floor":23.0,"turns":4.0},{"damage":19.0,"enemies":"Snake Plant","floor":24.0,"turns":3.0},{"damage":5.0,"enemies":"Shelled Parasite and Fungi","floor":27.0,"turns":4.0},{"damage":0.0,"enemies":"Cultist and Chosen","floor":29.0,"turns":3.0},{"damage":0.0,"enemies":"Champ","floor":33.0,"turns":5.0},{"damage":13.0,"enemies":"Orb Walker","floor":35.0,"turns":3.0},{"damage":22.0,"enemies":"3 Darklings","floor":36.0,"turns":13.0},{"damage":5.0,"enemies":"4 Shapes","floor":37.0,"turns":3.0},{"damage":36.0,"enemies":"Jaw Worm Horde","floor":38.0,"turns":7.0},{"damage":25.0,"enemies":"Reptomancer","floor":40.0,"turns":4.0},{"damage":15.0,"enemies":"Giant Head","floor":44.0,"turns":6.0},{"damage":11,"enemies":"Writhing Mass","floor":45,"turns":5},{"damage":4,"enemies":"Transient","floor":46,"turns":5},{"damage":11,"enemies":"Reptomancer","floor":47,"turns":5},{"damage":27,"enemies":"Time Eater","floor":50,"turns":7}],"seed_played":"203503389128748437","potions_obtained":[{"floor":1.0,"key":"DistilledChaos"},{"floor":2.0,"key":"GamblersBrew"},{"floor":6.0,"key":"PowerPotion"},{"floor":7.0,"key":"DistilledChaos"},{"floor":8.0,"key":"BlessingOfTheForge"},{"floor":16.0,"key":"PowerPotion"},{"floor":23.0,"key":"Dexterity Potion"},{"floor":38.0,"key":"BottledMiracle"}],"is_trial":false,"path_per_floor":["M","M","M","M","M","E","M","E","T","R","M","E","?","M","R","B",null,"M","M","?","$","M","E","M","R","T","M","R","M","?","$","R","B",null,"M","M","M","M","?","E","R","$","T","E","M","M","E","$","R","B",null],"character_chosen":"WATCHER","items_purchased":["Frozen Egg 2","Damaru","Panacea","Pear","Ancient Tea Set","Dramatic Entrance+1","Whetstone","LikeWater+1"],"campfire_rested":0,"item_purchase_floors":[21,31,31,42,42,42,48,48],"current_hp_per_floor":[63,63,63,63,63,60,60,60,60,60,55,44,25,25,25,18,62,62,62,62,62,50,38,19,19,19,14,14,14,14,14,14,29,47,40,53,53,23,23,10,10,20,20,23,24,29,27,27,27,18],"gold":199,"neow_bonus":"BOSS_RELIC","is_daily":false,"chose_seed":false,"campfire_upgraded":7,"win_rate":0.0,"timestamp":1612351622,"path_taken":["M","M","M","M","M","E","M","E","T","R","M","E","?","M","R","BOSS","M","M","?","$","M","E","?","R","T","M","R","M","?","$","R","BOSS","M","M","M","M","?","E","R","$","T","E","M","M","E","$","R","BOSS"],"items_purchased_type":["Relic","Relic","Card","Relic","Relic","Card","Relic","Card"],"build_version":"2020-12-22","purchased_purges":0,"victory":true,"max_hp_per_floor":[77,77,77,77,77,77,77,77,77,77,77,77,77,77,77,77,77,77,77,77,77,77,77,77,77,77,77,77,77,53,53,53,53,53,53,53,53,53,53,53,53,63,63,63,63,63,63,63,63,63],"relic_stats":{"Busted Crown":22,"Happy Flower":[32],"counters":[30,117],"Prayer Wheel":2,"Letter Opener":[132],"Whetstone":["TalkToTheHand","EmptyFist"],"War Paint":["Prostrate","Prostrate"],"obtain_stats":[{"Potion Belt":6,"Lantern":44,"Pear":42,"Happy Flower":8,"Golden Idol":13,"Damaru":31,"EVO:Axolotl":0,"Letter Opener":23,"Whetstone":48,"Frozen Egg 2":21,"War Paint":47,"Ancient Tea Set":42,"Akabeko":43,"Mercury Hourglass":26,"Busted Crown":34,"Philosopher\u0027s Stone":0,"Molten Egg 2":12,"Prayer Wheel":40,"Coffee Dripper":17,"PureWater":0,"Pocketwatch":9},{"Potion Belt":6,"Lantern":26,"Pear":25,"Happy Flower":8,"Golden Idol":10,"Damaru":19,"EVO:Axolotl":0,"Letter Opener":16,"Whetstone":29,"Frozen Egg 2":14,"War Paint":29,"Ancient Tea Set":25,"Akabeko":25,"Mercury Hourglass":17,"Busted Crown":20,"Philosopher\u0027s Stone":0,"Molten Egg 2":10,"Prayer Wheel":25,"Coffee Dripper":12,"PureWater":0,"Pocketwatch":8},{"Potion Belt":15,"Lantern":95,"Pear":89,"Happy Flower":20,"Golden Idol":25,"Damaru":54,"EVO:Axolotl":0,"Letter Opener":44,"Whetstone":110,"Frozen Egg 2":37,"War Paint":110,"Ancient Tea Set":89,"Akabeko":89,"Mercury Hourglass":47,"Busted Crown":59,"Philosopher\u0027s Stone":0,"Molten Egg 2":25,"Prayer Wheel":89,"Coffee Dripper":33,"PureWater":0,"Pocketwatch":20}],"Pocketwatch":[47],"Mercury Hourglass":[265]},"card_choices":[{"not_picked":["SandsOfTime","FlyingSleeves"],"picked":"Prostrate","floor":1.0},{"not_picked":["Evaluate","CutThroughFate"],"picked":"WheelKick","floor":2.0},{"not_picked":["TalkToTheHand","InnerPeace"],"picked":"ReachHeaven","floor":3.0},{"not_picked":["Weave","Crescendo"],"picked":"TalkToTheHand","floor":4.0},{"not_picked":["Meditate","PathToVictory"],"picked":"WheelKick","floor":5.0},{"not_picked":["SandsOfTime","FollowUp"],"picked":"Fasting2","floor":6.0},{"not_picked":["ClearTheMind","WheelKick","EmptyFist"],"picked":"SKIP","floor":7.0},{"not_picked":["BowlingBash","EmptyBody"],"picked":"Prostrate","floor":8.0},{"not_picked":["Weave","BowlingBash"],"picked":"Wallop","floor":11.0},{"not_picked":["JustLucky+1","Conclude+1"],"picked":"DeusExMachina","floor":12.0},{"not_picked":["ThirdEye","Evaluate"],"picked":"Prostrate","floor":14.0},{"not_picked":["DeusExMachina","ConjureBlade"],"picked":"Devotion","floor":16.0},{"not_picked":["Crescendo","ClearTheMind","WheelKick+1"],"picked":"SKIP","floor":18.0},{"not_picked":["SandsOfTime+1","Sanctity"],"picked":"CutThroughFate+1","floor":19.0},{"not_picked":["SandsOfTime+1","Wallop+1"],"picked":"FollowUp+1","floor":22.0},{"not_picked":["ThirdEye+1","Fasting2+1"],"picked":"Ragnarok+1","floor":23.0},{"not_picked":["Evaluate","Conclude+1","ThirdEye+1"],"picked":"SKIP","floor":24.0},{"not_picked":["FlurryOfBlows+1","SignatureMove+1"],"picked":"Prostrate","floor":27.0},{"not_picked":["FlyingSleeves+1","DeceiveReality","EmptyFist+1"],"picked":"SKIP","floor":29.0},{"not_picked":["Blasphemy","Judgement"],"picked":"Wish","floor":33.0},{"not_picked":[],"picked":"Prostrate+1","floor":35.0},{"not_picked":["Vengeance"],"picked":"SKIP","floor":36.0},{"not_picked":["Indignation+1"],"picked":"SKIP","floor":37.0},{"not_picked":["Swivel"],"picked":"SKIP","floor":38.0},{"not_picked":["EmptyFist+1"],"picked":"SKIP","floor":40.0},{"not_picked":["ThirdEye"],"picked":"SKIP","floor":44.0},{"not_picked":["CrushJoints+1"],"picked":"SKIP","floor":45},{"not_picked":["Protect+1"],"picked":"SKIP","floor":45},{"not_picked":[],"picked":"Protect+1","floor":45},{"not_picked":["CrushJoints+1"],"picked":"SKIP","floor":45},{"not_picked":["JustLucky+1"],"picked":"SKIP","floor":46},{"not_picked":["EmptyBody"],"picked":"SKIP","floor":46},{"not_picked":["Perseverance+1"],"picked":"SKIP","floor":47}],"player_experience":131467,"relics_obtained":[{"floor":6.0,"key":"Potion Belt"},{"floor":8.0,"key":"Happy Flower"},{"floor":9.0,"key":"Pocketwatch"},{"floor":12.0,"key":"Molten Egg 2"},{"floor":23.0,"key":"Letter Opener"},{"floor":26.0,"key":"Mercury Hourglass"},{"floor":40.0,"key":"Prayer Wheel"},{"floor":43.0,"key":"Akabeko"},{"floor":44.0,"key":"Lantern"},{"floor":47,"key":"War Paint"}],"event_choices":[{"damage_healed":0.0,"max_hp_gain":0.0,"max_hp_loss":0.0,"gold_gain":0.0,"event_name":"Golden Idol","player_choice":"Take Damage","floor":13.0,"gold_loss":0.0,"damage_taken":19.0,"relics_obtained":["Golden Idol"]},{"damage_healed":0.0,"max_hp_gain":0.0,"max_hp_loss":0.0,"gold_gain":0.0,"event_name":"The Joust","player_choice":"Bet on Murderer","floor":20.0,"gold_loss":50.0,"damage_taken":0.0},{"damage_healed":0.0,"max_hp_gain":0.0,"max_hp_loss":24.0,"gold_gain":0.0,"event_name":"Vampires","player_choice":"Became a vampire","floor":30.0,"gold_loss":0.0,"damage_taken":0.0,"cards_obtained":["Bite","Bite","Bite","Bite","Bite"]},{"damage_healed":0.0,"max_hp_gain":0.0,"max_hp_loss":0.0,"gold_gain":333.0,"event_name":"The Moai Head","player_choice":"Gave Idol","floor":39.0,"relics_lost":["Golden Idol"],"gold_loss":0.0,"damage_taken":0.0}],"is_beta":false,"boss_relics":[{"not_picked":["SlaversCollar","Calling Bell"],"picked":"Coffee Dripper"},{"not_picked":["Snecko Eye","Fusion Hammer"],"picked":"Busted Crown"}],"items_purged_floors":[],"is_endless":false,"potions_floor_spawned":[1,2,6,7,8,12,16,23,24,35,38,40,44],"ascension_level":9}}