{"host":"uom2h1y0l20ikqvv","time":1612392740,"event":{"mods":["BaseMod","Downfall","Minty Spire (QoL Compilation)","StSLib"],"gold_per_floor":[116,291,291,307,382,407,407,434,434,434,2,2,34,49,49,152,152,167,167,82,82,94,94,113,41,92,109,126,126,126,126,126,225,275,286,286,298,311,69,94,7,40,63,63,63,74,86,102,102,102],"floor_reached":51,"language":"ENG","playtime":2221,"items_purged":[],"score":823,"play_id":"170899f2-199e-4cf2-b1e4-a8cc65d69c18","local_time":"20210203225220","is_ascension_mode":false,"campfire_choices":[{"data":"Go for the Eyes","floor":7.0,"key":"SMITH"},{"data":"Self Repair","floor":10.0,"key":"SMITH"},{"data":"Apotheosis","floor":12.0,"key":"SMITH"},{"data":"Chaos","floor":15.0,"key":"SMITH"},{"floor":23.0,"key":"REST"},{"floor":29.0,"key":"REST"},{"floor":32.0,"key":"REST"},{"data":"1","floor":44.0,"key":"LIFT"},{"floor":49,"key":"REST"}],"circlet_count":0,"master_deck":["Strike_B","Strike_B","Strike_B","Strike_B","Defend_B","Defend_B","Defend_B","Defend_B","Zap+1","Dualcast","Go for the Eyes+1","Gash","Auto Shields","Self Repair+1","Loop+1","Chaos+1","Apotheosis+1","Creative AI+1","Capacitor+1","Buffer+1","Self Repair+1","Conserve Battery","Leap+1","Defragment+1","Self Repair+1","Coolheaded","Writhe","Creative AI+1","Leap+1","Conserve Battery","Defragment+1","Static Discharge+1","Jack Of All Trades+1","Multi-Cast+1","Auto Shields+1","Amplify+1","Fusion+1"],"relics":["Cracked Core","NeowsBlessing","Pear","Shuriken","Frozen Egg 2","Lee\u0027s Waffle","Fusion Hammer","Enchiridion","Bag of Marbles","Nloth\u0027s Gift","Orichalcum","Du-Vu Doll","Tiny House","Toxic Egg 2","Girya","Meat on the Bone","Regal Pillow"],"acts_visited":["Exordium","TheCity","TheBeyond"],"potions_floor_usage":[],"damage_taken":[{"damage":0.0,"enemies":"2 Louse","floor":1.0,"turns":1.0},{"damage":0.0,"enemies":"Small Slimes","floor":4.0,"turns":1.0},{"damage":0.0,"enemies":"Lagavulin","floor":6.0,"turns":1.0},{"damage":4.0,"enemies":"Gremlin Nob","floor":8.0,"turns":4.0},{"damage":19.0,"enemies":"Lagavulin","floor":13.0,"turns":6.0},{"damage":6.0,"enemies":"Cultist","floor":14.0,"turns":4.0},{"damage":32.0,"enemies":"The Guardian","floor":16.0,"turns":10.0},{"damage":39.0,"enemies":"Spheric Guardian","floor":18.0,"turns":6.0},{"damage":23.0,"enemies":"2 Thieves","floor":22.0,"turns":4.0},{"damage":0.0,"enemies":"Centurion and Healer","floor":24.0,"turns":6.0},{"damage":21.0,"enemies":"Snake Plant","floor":27.0,"turns":6.0},{"damage":10.0,"enemies":"Chosen and Byrds","floor":28.0,"turns":5.0},{"damage":41.0,"enemies":"Automaton","floor":33.0,"turns":11.0},{"damage":20.0,"enemies":"3 Shapes","floor":35.0,"turns":7.0},{"damage":35.0,"enemies":"3 Darklings","floor":37.0,"turns":6.0},{"damage":8.0,"enemies":"Writhing Mass","floor":38.0,"turns":8.0},{"damage":13.0,"enemies":"Giant Head","floor":40.0,"turns":10.0},{"damage":13.0,"enemies":"Nemesis","floor":42.0,"turns":5.0},{"damage":59.0,"enemies":"Jaw Worm Horde","floor":46.0,"turns":6.0},{"damage":64.0,"enemies":"Spire Growth","floor":47.0,"turns":5.0},{"damage":16,"enemies":"Transient","floor":48,"turns":5},{"damage":38,"enemies":"Donu and Deca","floor":50,"turns":7}],"seed_played":"-7737305051103827408","potions_obtained":[{"floor":8.0,"key":"SteroidPotion"},{"floor":16.0,"key":"Block Potion"},{"floor":18.0,"key":"Weak Potion"},{"floor":22.0,"key":"SteroidPotion"},{"floor":34.0,"key":"Fire Potion"},{"floor":38.0,"key":"Explosive Potion"},{"floor":40.0,"key":"Regen Potion"},{"floor":47.0,"key":"EssenceOfDarkness"}],"is_trial":false,"path_per_floor":["M","?","?","M","?","E","R","E","T","R","$","R","E","M","R","B",null,"M","?","?","?","M","R","M","$","T","M","M","R","?","?","R","B",null,"M","?","M","M","$","E","$","E","T","R","?","M","M","M","R","B",null],"character_chosen":"DEFECT","items_purchased":["Lee\u0027s Waffle","Loop+1","Chaos","Apotheosis","Defragment+1","Toxic Egg 2","Jack Of All Trades+1"],"campfire_rested":4,"item_purchase_floors":[11,11,11,11,25,39,41],"current_hp_per_floor":[75,75,75,75,64,74,74,70,70,70,92,92,83,87,87,65,92,73,57,57,57,64,91,92,92,92,91,92,92,92,92,92,81,97,97,97,92,97,97,97,97,97,97,97,97,70,28,34,78,72],"gold":102,"neow_bonus":"THREE_ENEMY_KILL","is_daily":false,"chose_seed":false,"campfire_upgraded":4,"win_rate":0.0,"timestamp":1612392740,"path_taken":["M","?","?","?","?","E","R","E","T","R","$","R","E","M","R","BOSS","M","?","?","?","M","R","?","?","T","M","M","R","?","?","R","BOSS","M","?","M","M","?","E","$","E","T","R","?","?","M","M","R","BOSS"],"items_purchased_type":["Relic","Card","Card","Card","Card","Relic","Card"],"build_version":"2020-12-22","purchased_purges":0,"victory":true,"max_hp_per_floor":[75,75,75,75,75,85,85,85,85,85,92,92,92,92,92,92,92,92,92,92,92,92,92,92,92,92,92,92,92,92,92,92,92,97,97,97,97,97,97,97,97,97,97,97,97,97,97,97,97,97],"card_choices":[{"not_picked":["Redo","Turbo"],"picked":"Go for the Eyes","floor":1.0},{"not_picked":["Redo","Turbo"],"picked":"Gash","floor":4.0},{"not_picked":["Reinforced Body","Force Field"],"picked":"Auto Shields","floor":6.0},{"not_picked":["Lockon","Reinforced Body"],"picked":"Self Repair","floor":8.0},{"not_picked":["Skim","Turbo"],"picked":"Creative AI+1","floor":13.0},{"not_picked":["Cold Snap","Sweeping Beam"],"picked":"Capacitor+1","floor":14.0},{"not_picked":["Thunder Strike","Fission"],"picked":"Buffer+1","floor":16.0},{"not_picked":["Rebound","Steam"],"picked":"Self Repair+1","floor":18.0},{"not_picked":["Loop+1","Capacitor+1"],"picked":"Conserve Battery","floor":22.0},{"not_picked":["Stack+1","Go for the Eyes"],"picked":"Leap","floor":24.0},{"not_picked":["Stack","Force Field+1"],"picked":"Self Repair+1","floor":27.0},{"not_picked":["Barrage","Steam"],"picked":"Coolheaded","floor":28.0},{"not_picked":["Biased Cognition+1","Seek"],"picked":"Creative AI+1","floor":33.0},{"not_picked":["Ball Lightning","Sweeping Beam"],"picked":"Leap+1","floor":34.0},{"not_picked":["Auto Shields+1","Gash"],"picked":"Conserve Battery","floor":35.0},{"not_picked":["Rebound+1","Glacier+1"],"picked":"Defragment+1","floor":37.0},{"not_picked":["Ball Lightning+1","Rebound+1","Barrage+1"],"picked":"SKIP","floor":38.0},{"not_picked":["Heatsinks+1","Meteor Strike"],"picked":"Static Discharge+1","floor":40.0},{"not_picked":["Go for the Eyes","Chill+1"],"picked":"Multi-Cast+1","floor":42.0},{"not_picked":["Leap+1","Doom and Gloom+1"],"picked":"Auto Shields+1","floor":46.0},{"not_picked":["Buffer+1","Coolheaded+1"],"picked":"Amplify+1","floor":47.0},{"not_picked":["Aggregate+1","Steam+1"],"picked":"Fusion+1","floor":48}],"player_experience":59237,"relics_obtained":[{"floor":6.0,"key":"Pear"},{"floor":8.0,"key":"Shuriken"},{"floor":9.0,"key":"Frozen Egg 2"},{"floor":13.0,"key":"Centennial Puzzle"},{"floor":19.0,"key":"Enchiridion"},{"floor":26.0,"key":"Orichalcum"},{"floor":40.0,"key":"Girya"},{"floor":42.0,"key":"Meat on the Bone"},{"floor":43.0,"key":"Regal Pillow"}],"event_choices":[{"damage_healed":0.0,"max_hp_gain":0.0,"max_hp_loss":0.0,"gold_gain":175.0,"event_name":"Liars Game","player_choice":"AGREE","floor":2.0,"gold_loss":0.0,"damage_taken":0.0,"cards_obtained":["Doubt"]},{"cards_removed":["Doubt"],"damage_healed":0.0,"max_hp_gain":0.0,"max_hp_loss":0.0,"gold_gain":0.0,"event_name":"Purifier","player_choice":"Purged","floor":3.0,"gold_loss":0.0,"damage_taken":0.0},{"damage_healed":0.0,"max_hp_gain":0.0,"max_hp_loss":0.0,"gold_gain":75.0,"event_name":"World of Goop","player_choice":"Gather Gold","floor":5.0,"gold_loss":0.0,"damage_taken":11.0},{"damage_healed":0.0,"max_hp_gain":0.0,"max_hp_loss":0.0,"gold_gain":0.0,"event_name":"Cursed Tome","player_choice":"Obtained Book","floor":19.0,"gold_loss":0.0,"damage_taken":16.0},{"damage_healed":0.0,"max_hp_gain":0.0,"max_hp_loss":0.0,"gold_gain":0.0,"event_name":"Addict","player_choice":"Obtained Relic","floor":20.0,"gold_loss":85.0,"damage_taken":0.0,"relics_obtained":["Bag of Marbles"]},{"damage_healed":0.0,"max_hp_gain":0.0,"max_hp_loss":0.0,"gold_gain":0.0,"event_name":"N\u0027loth","player_choice":"Traded Relic","floor":21.0,"relics_lost":["Centennial Puzzle"],"gold_loss":0.0,"damage_taken":0.0,"relics_obtained":["Nloth\u0027s Gift"]},{"damage_healed":0.0,"max_hp_gain":0.0,"max_hp_loss":0.0,"gold_gain":0.0,"event_name":"The Mausoleum","player_choice":"Opened","floor":30.0,"gold_loss":0.0,"damage_taken":0.0,"relics_obtained":["Du-Vu Doll"],"cards_obtained":["Writhe"]},{"damage_healed":0.0,"max_hp_gain":0.0,"max_hp_loss":0.0,"gold_gain":0.0,"event_name":"Vampires","player_choice":"Ignored","floor":31.0,"gold_loss":0.0,"damage_taken":0.0},{"damage_healed":0.0,"max_hp_gain":0.0,"max_hp_loss":0.0,"gold_gain":0.0,"event_name":"Transmorgrifier","player_choice":"Ignored","floor":36.0,"gold_loss":0.0,"damage_taken":0.0},{"damage_healed":0.0,"max_hp_gain":0.0,"max_hp_loss":0.0,"gold_gain":0.0,"event_name":"Accursed Blacksmith","player_choice":"Forge","floor":45.0,"gold_loss":0.0,"damage_taken":0.0,"cards_upgraded":["Zap"]}],"is_beta":false,"boss_relics":[{"not_picked":["Velvet Choker","Coffee Dripper"],"picked":"Fusion Hammer"},{"not_picked":["Empty Cage","Runic Dome"],"picked":"Tiny House"}],"items_purged_floors":[],"is_endless":false,"potions_floor_spawned":[8,16,18,22,28,38,40,47],"ascension_level":0}}