{"host":"5spr8tig1ba228ju","time":1612341553,"event":{"mods":["BaseMod","Bestiary","Colored Map","Colored Powertips","Curses Come First","Energized Spire","Highlight Path","Hubris","Minty Spire (QoL Compilation)","Quick Restart","Relic Stats","Reliquary","Replay The Spire","Shop Mod","Spicy Shops","StSLib","SuperFastMode","The Jungle","¡¾ÒÅÎï¿¨ÅÆ¡¿REMEMod"],"gold_per_floor":[118,132,151,151,171,171,188,188,214,243,255,34,184,184,184,184,184],"floor_reached":16,"language":"ZHS","playtime":616,"items_purged":["CommonCold"],"score":204,"play_id":"23a845b2-7a84-4534-99a7-0d1703184c90","local_time":"20210203163913","is_ascension_mode":true,"campfire_choices":[{"data":"Feed","floor":6.0,"key":"SMITH"},{"data":"Night Terror","floor":8.0,"key":"SMITH"},{"floor":15.0,"key":"REST"}],"circlet_count":0,"master_deck":["AscendersBane","Strike_G","Strike_G","Strike_G","Strike_G","Strike_G","Defend_G","Defend_G","Defend_G","Defend_G","Defend_G","Survivor","Neutralize","Feed+1","Crippling Poison","Backflip","ReplayTheSpireMod:Scrap Shanks","Caltrops","Neutralize","Dodge and Roll","Night Terror+1","Acrobatics","Blade Dance"],"relics":["REME_ComplimentaryCards","energizedSpire:CursedPentagram","PreservedInsect","Pear","Oddly Smooth Stone"],"acts_visited":["Exordium"],"potions_floor_usage":[],"damage_taken":[{"damage":6.0,"enemies":"2 Louse","floor":1.0,"turns":3.0},{"damage":2.0,"enemies":"Cultist","floor":2.0,"turns":4.0},{"damage":0.0,"enemies":"Small Slimes","floor":3.0,"turns":3.0},{"damage":19.0,"enemies":"Exordium Thugs","floor":5.0,"turns":6.0},{"damage":4.0,"enemies":"Looter","floor":7.0,"turns":5.0},{"damage":15.0,"enemies":"Gremlin Nob","floor":10.0,"turns":4.0},{"damage":14.0,"enemies":"Exordium Wildlife","floor":11.0,"turns":5.0},{"damage":17,"enemies":"Slime Boss","floor":16,"turns":7}],"seed_played":"-6480256259513311104","potions_obtained":[{"floor":1.0,"key":"BlessingOfTheForge"},{"floor":5.0,"key":"REME_GoldPotion"}],"is_trial":false,"path_per_floor":["M","M","M","?","M","R","M","R","T","E","M","$","?","?","R","B"],"character_chosen":"THE_SILENT","items_purchased":["Oddly Smooth Stone"],"campfire_rested":1,"item_purchase_floors":[12],"current_hp_per_floor":[56,57,60,60,41,41,37,37,37,36,26,26,26,26,53,36,36],"gold":184,"neow_bonus":"BOSS_RELIC","is_daily":false,"chose_seed":false,"campfire_upgraded":2,"win_rate":0.0,"timestamp":1612341553,"path_taken":["M","M","M","?","M","R","?","R","T","E","M","$","?","?","R","BOSS"],"items_purchased_type":["Relic"],"build_version":"2020-12-22","purchased_purges":1,"victory":false,"max_hp_per_floor":[69,72,75,75,75,75,75,75,75,89,93,93,93,93,93,93,93],"relic_stats":{"counters":[8,37],"PreservedInsect":22,"obtain_stats":[{"energizedSpire:CursedPentagram":0,"Pear":10,"Oddly Smooth Stone":12,"PreservedInsect":9,"Ring of the Snake":0,"REME_ComplimentaryCards":0},{"energizedSpire:CursedPentagram":0,"Pear":6,"Oddly Smooth Stone":7,"PreservedInsect":5,"Ring of the Snake":0,"REME_ComplimentaryCards":0},{"energizedSpire:CursedPentagram":0,"Pear":25,"Oddly Smooth Stone":30,"PreservedInsect":21,"Ring of the Snake":0,"REME_ComplimentaryCards":0}]},"card_choices":[{"not_picked":["Hidden Blade","Bane"],"picked":"Crippling Poison","floor":1.0},{"not_picked":["Blade Dance","Outmaneuver"],"picked":"Backflip","floor":2.0},{"not_picked":["Sucker Punch","Hidden Blade"],"picked":"ReplayTheSpireMod:Scrap Shanks","floor":3.0},{"not_picked":["Outmaneuver","hubris:SlightOfHand"],"picked":"Acrobatics","floor":5.0},{"not_picked":["Fluid Movement","Deflect"],"picked":"Blade Dance","floor":7.0},{"not_picked":["Skewer","Heel Hook","Crippling Poison"],"picked":"SKIP","floor":10.0},{"not_picked":["Quick Slash","hubris:TrickCloak","REME_GreenPollution"],"picked":"SKIP","floor":11.0}],"player_experience":628643,"relics_obtained":[{"floor":9.0,"key":"PreservedInsect"},{"floor":10.0,"key":"Pear"}],"event_choices":[{"damage_healed":0.0,"max_hp_gain":0.0,"max_hp_loss":0.0,"gold_gain":0.0,"event_name":"Match and Keep!","player_choice":"4 cards matched","floor":4.0,"gold_loss":0.0,"damage_taken":0.0,"cards_obtained":["Caltrops","Neutralize","Dodge and Roll","Night Terror"]},{"damage_healed":0.0,"max_hp_gain":0.0,"max_hp_loss":0.0,"gold_gain":150.0,"event_name":"Liars Game","player_choice":"AGREE","floor":13.0,"gold_loss":0.0,"damage_taken":0.0,"cards_obtained":["Doubt"]},{"cards_removed":["Doubt"],"damage_healed":0.0,"max_hp_gain":0.0,"max_hp_loss":0.0,"gold_gain":0.0,"event_name":"Fountain of Cleansing","player_choice":"Removed Curses","floor":14.0,"gold_loss":0.0,"damage_taken":0.0}],"is_beta":false,"boss_relics":[],"items_purged_floors":[12],"is_endless":false,"potions_floor_spawned":[1,5],"killed_by":"Slime Boss","ascension_level":15}}