{"host":"p0hktren06injwdf","time":1612388134,"event":{"mods":["AchievementEnabler","BaseMod","Colored Map","DeckTracker","Minty Spire (QoL Compilation)","Permanent Neow","StSLib","SuperFastMode"],"gold_per_floor":[114,134,151,129,145,145,172,172,196,196,208,227,93,106,106,106,106],"floor_reached":16,"language":"KOR","playtime":246,"items_purged":["Strike_B"],"score":212,"play_id":"5ba49e9b-ecb8-4853-8766-abd29f812f68","local_time":"20210204063534","is_ascension_mode":true,"campfire_choices":[{"floor":6,"key":"REST"},{"floor":8,"key":"REST"},{"data":"Zap","floor":10,"key":"SMITH"},{"floor":15,"key":"REST"}],"circlet_count":0,"master_deck":["AscendersBane","Strike_B","Strike_B","Strike_B","Defend_B","Defend_B","Defend_B","Defend_B","Zap+1","Dualcast","Beam Cell","Gash","Hologram","Go for the Eyes","BootSequence"],"relics":["Cracked Core","Lizard Tail","Matryoshka","Orichalcum","Omamori"],"acts_visited":["Exordium"],"potions_floor_usage":[7,14,16],"damage_taken":[{"damage":3,"enemies":"Small Slimes","floor":1,"turns":4},{"damage":3,"enemies":"2 Louse","floor":2,"turns":3},{"damage":1,"enemies":"Cultist","floor":3,"turns":3},{"damage":26,"enemies":"Exordium Thugs","floor":4,"turns":5},{"damage":10,"enemies":"Blue Slaver","floor":5,"turns":2},{"damage":27,"enemies":"Lagavulin","floor":7,"turns":5},{"damage":24,"enemies":"Exordium Wildlife","floor":11,"turns":5},{"damage":6,"enemies":"Looter","floor":12,"turns":2},{"damage":1,"enemies":"Blue Slaver","floor":14,"turns":2},{"damage":48,"enemies":"Hexaghost","floor":16,"turns":11}],"seed_played":"1167354727040711323","potions_obtained":[{"floor":2,"key":"Strength Potion"},{"floor":3,"key":"Ancient Potion"},{"floor":12,"key":"Swift Potion"},{"floor":14,"key":"SpeedPotion"}],"is_trial":false,"path_per_floor":["M","M","M","M","M","R","E","R","T","R","M","M","$","M","R","B"],"character_chosen":"DEFECT","items_purchased":["Go for the Eyes"],"campfire_rested":3,"item_purchase_floors":[13],"current_hp_per_floor":[61,58,57,31,21,40,13,32,32,32,8,2,2,1,20,7,7],"gold":106,"neow_bonus":"ONE_RARE_RELIC","is_daily":false,"chose_seed":false,"campfire_upgraded":1,"win_rate":0.0,"timestamp":1612388134,"path_taken":["M","M","M","M","M","R","E","R","T","R","M","M","$","M","R","BOSS"],"items_purchased_type":["Card"],"build_version":"2020-12-22","purchased_purges":1,"victory":false,"max_hp_per_floor":[64,64,64,64,64,64,64,64,64,64,64,64,64,64,64,64,64],"card_choices":[{"not_picked":["Rebound","Blizzard"],"picked":"Beam Cell","floor":1},{"not_picked":["Conserve Battery","Hologram"],"picked":"Gash","floor":2},{"not_picked":["Beam Cell","Barrage","Stack"],"picked":"SKIP","floor":3},{"not_picked":["Coolheaded","Compile Driver"],"picked":"Hologram","floor":4},{"not_picked":["Hologram","Beam Cell","Machine Learning"],"picked":"SKIP","floor":5},{"not_picked":["Heatsinks","Hologram","Turbo"],"picked":"SKIP","floor":7},{"not_picked":["Steam","Rip and Tear","Beam Cell"],"picked":"SKIP","floor":11},{"not_picked":["Steam","Undo","Steam Power"],"picked":"SKIP","floor":12},{"not_picked":["Steam","Beam Cell"],"picked":"BootSequence","floor":14}],"player_experience":998834,"relics_obtained":[{"floor":7,"key":"Matryoshka"},{"floor":9,"key":"Orichalcum"},{"floor":9,"key":"Omamori"}],"event_choices":[],"is_beta":false,"boss_relics":[],"items_purged_floors":[13],"is_endless":false,"potions_floor_spawned":[2,3,4,12,14],"killed_by":"Hexaghost","ascension_level":20}}