{"host":"pyelotildgrd5mks","time":1612365749,"event":{"mods":["BaseMod","Downfall","Minty Spire (QoL Compilation)","Quick Restart","StSLib"],"gold_per_floor":[199,212,229,242,152,180,180,180,199,199,222,247,47,47,64,169,169,169,54,71,71,71,71,118,18,33,33,50,76,61,92,103,198,198,198,213,226,226,446,0,82,152,225,225,245,245,295,322,337,337,337,362,187,187,187,187],"floor_reached":57,"language":"ZHS","playtime":3313,"items_purged":["Guardian:Strike_Guardian","Guardian:Strike_Guardian","Guardian:Strike_Guardian","Guardian:Defend_Guardian","Guardian:Strike_Guardian"],"score":2010,"play_id":"0ae148cf-7118-4f0f-bbd0-88ddd0cd44cd","local_time":"20210203232229","is_ascension_mode":true,"campfire_choices":[{"data":"Guardian:TwinSlam","floor":1.0,"key":"SMITH"},{"data":"Guardian:SentryBeam","floor":8.0,"key":"SMITH"},{"floor":10.0,"key":"RECALL"},{"data":"Guardian:TemporalShield","floor":13.0,"key":"SMITH"},{"data":"Guardian:Suspension","floor":18.0,"key":"SMITH"},{"data":"Guardian:ExploitGems","floor":23.0,"key":"SMITH"},{"data":"Guardian:Defend_Guardian","floor":25.0,"key":"SMITH"},{"data":"Guardian:StasisEngine","floor":27.0,"key":"SMITH"},{"data":"Guardian:RevengeProtocol","floor":35.0,"key":"SMITH"},{"data":"Guardian:SphericShield","floor":44.0,"key":"SMITH"},{"data":"Guardian:Defend_Guardian","floor":46.0,"key":"SMITH"},{"data":"Guardian:Defend_Guardian","floor":54.0,"key":"SMITH"}],"circlet_count":0,"master_deck":["Guardian:Defend_Guardian+1","Guardian:Defend_Guardian+1","Guardian:Defend_Guardian+1","Guardian:CurlUp+1","Guardian:TwinSlam+1","Guardian:SentryBeam+1","Guardian:TemporalShield+1","Guardian:StasisEngine+1","Guardian:Suspension+1","Guardian:ExploitGems+1","Guardian:SphericShield+1","Guardian:RevengeProtocol+1","Guardian:ChargeCore+1","Guardian:Orbwalk+1","Guardian:FloatingOrbs+1"],"relics":["Guardian:ModeShifter","Toy Ornithopter","Singing Bowl","Odd Mushroom","downfall:HeartBlessingRed","downfall:HeartBlessingGreen","Coffee Dripper","downfall:HeartBlessingBlue","hexamod:BolsterEngine","Mummified Hand","sneckomod:SneckoTalon","hexamod:Sixitude","Gremlin Horn","Bottled Lightning","White Beast Statue","Turnip","Lantern","hexamod:CandleOfCauterizing"],"acts_visited":["Exordium","TheCity","TheBeyond","TheEnding"],"potions_floor_usage":[56,56],"damage_taken":[{"damage":6.0,"enemies":"Cultist","floor":2.0,"turns":4.0},{"damage":0.0,"enemies":"2 Louse","floor":3.0,"turns":2.0},{"damage":0.0,"enemies":"Jaw Worm","floor":4.0,"turns":4.0},{"damage":0.0,"enemies":"downfall:FleeingMerchant","floor":5.0,"turns":4.0},{"damage":17.0,"enemies":"3 Sentries","floor":6.0,"turns":11.0},{"damage":1.0,"enemies":"2 Fungi Beasts","floor":9.0,"turns":3.0},{"damage":10.0,"enemies":"The Mushroom Lair","floor":11.0,"turns":5.0},{"damage":7.0,"enemies":"Gremlin Nob","floor":12.0,"turns":3.0},{"damage":0.0,"enemies":"3 Louse","floor":15.0,"turns":3.0},{"damage":7.0,"enemies":"DF_ARCHETYPE_STREAMLINE","floor":16.0,"turns":11.0},{"damage":0.0,"enemies":"downfall:FleeingMerchant","floor":19.0,"turns":4.0},{"damage":0.0,"enemies":"Shell Parasite","floor":20.0,"turns":5.0},{"damage":0.0,"enemies":"Chosen","floor":26.0,"turns":3.0},{"damage":2.0,"enemies":"Snake Plant","floor":28.0,"turns":5.0},{"damage":18.0,"enemies":"Book of Stabbing","floor":29.0,"turns":4.0},{"damage":0.0,"enemies":"downfall:FleeingMerchant","floor":30.0,"turns":4.0},{"damage":2.0,"enemies":"Slavers","floor":31.0,"turns":7.0},{"damage":0.0,"enemies":"Centurion and Healer","floor":32.0,"turns":5.0},{"damage":10.0,"enemies":"IC_MUSHROOM_ARCHETYPE","floor":33.0,"turns":7.0},{"damage":0.0,"enemies":"Orb Walker","floor":36.0,"turns":5.0},{"damage":0.0,"enemies":"3 Shapes","floor":37.0,"turns":3.0},{"damage":0.0,"enemies":"downfall:FleeingMerchant","floor":39.0,"turns":3.0},{"damage":4.0,"enemies":"Writhing Mass","floor":45.0,"turns":3.0},{"damage":0.0,"enemies":"Writhing Mass","floor":47.0,"turns":3.0},{"damage":0.0,"enemies":"Reptomancer","floor":48.0,"turns":3.0},{"damage":0.0,"enemies":"4 Shapes","floor":49.0,"turns":5.0},{"damage":0.0,"enemies":"SI_POISON_ARCHETYPE","floor":50.0,"turns":4.0},{"damage":0.0,"enemies":"downfall:CharBossMerchant","floor":52.0,"turns":5.0},{"damage":0.0,"enemies":"downfall:NeowBoss","floor":55.0,"turns":9.0},{"damage":0,"enemies":"downfall:NeowBossFinal","floor":56,"turns":6}],"seed_played":"8373801670120664167","potions_obtained":[{"floor":2.0,"key":"Fire Potion"},{"floor":9.0,"key":"FearPotion"},{"floor":11.0,"key":"Ancient Potion"},{"floor":16.0,"key":"LiquidMemories"},{"floor":20.0,"key":"FearPotion"},{"floor":26.0,"key":"Fire Potion"},{"floor":29.0,"key":"Guardian:BlockOnCardUsePotion"}],"is_trial":false,"path_per_floor":["R","M","M","M","$","E","T","R","M","R","?","E","R","?","M","B",null,"R","$","M","?","?","R","T","R","M","R","M","E","$","E","M","B",null,"R","M","M","?","$","$","T","T","?","R","M","R","?","E","M","B",null,"E","$","R","B","B",null],"character_chosen":"GUARDIAN","items_purchased":["hexamod:Sixitude"],"campfire_rested":0,"item_purchase_floors":[40],"current_hp_per_floor":[72,66,66,66,66,49,49,49,50,50,40,38,38,38,38,31,69,69,71,71,71,71,71,71,81,81,81,81,63,65,65,65,55,89,89,89,89,89,91,91,91,91,91,91,89,89,91,93,95,95,106,106,106,106,106,110],"gold":187,"neow_bonus":"HUNDRED_GOLD","is_daily":false,"chose_seed":false,"campfire_upgraded":11,"win_rate":0.0,"timestamp":1612365749,"path_taken":["R","M","M","M","$","E","T","R","M","R","?","E","R","?","M","BOSS","R","$","M","?","?","R","T","R","M","R","?","E","$","E","M","BOSS","R","M","M","?","?","$","T","?","?","R","M","R","?","E","M","BOSS","E","$","R","BOSS","BOSS"],"items_purchased_type":["Relic"],"build_version":"2020-12-22","purchased_purges":5,"victory":true,"max_hp_per_floor":[80,80,80,80,80,80,80,80,82,82,82,82,82,82,82,82,82,82,84,84,84,84,84,84,94,94,94,96,96,98,100,100,100,100,100,100,100,100,102,102,102,102,102,102,104,104,106,108,110,110,110,110,110,110,110,110],"card_choices":[{"not_picked":["Guardian:PiercingHide","Guardian:Incinerate"],"picked":"Guardian:SentryBeam","floor":2.0},{"not_picked":["Guardian:Gem_Crimson","Guardian:ShieldCharger"],"picked":"Guardian:TemporalShield","floor":3.0},{"not_picked":["Guardian:Planning","Guardian:PrimingBeam"],"picked":"Guardian:Gem_Fragmented","floor":4.0},{"not_picked":["Guardian:RollAttack","Guardian:Gem_Green"],"picked":"Guardian:BronzeOrb","floor":5.0},{"not_picked":["Guardian:Repulse","Guardian:GuardianWhirl","Guardian:TemporalShield"],"picked":"SKIP","floor":6.0},{"not_picked":["Guardian:BodySlam","Guardian:Gem_Green","Guardian:PrismaticBarrier"],"picked":"Singing Bowl","floor":9.0},{"not_picked":["Guardian:AncientConstruct","Guardian:PiercingHide"],"picked":"Guardian:Gem_Fragmented","floor":11.0},{"not_picked":["Guardian:PrismaticBeam","Guardian:Gem_Crimson"],"picked":"Guardian:StasisEngine","floor":12.0},{"not_picked":["Guardian:Incinerate","Guardian:Planning"],"picked":"Guardian:Suspension","floor":15.0},{"not_picked":["Guardian:SphericShield","Guardian:BaubleBeam"],"picked":"Guardian:ExploitGems","floor":16.0},{"not_picked":["Guardian:ShieldCharger","Guardian:PiercingHide","Guardian:EvasiveProtocol+1"],"picked":"Singing Bowl","floor":19.0},{"not_picked":["Guardian:Gem_Green","Guardian:Incinerate"],"picked":"Guardian:Gem_Yellow","floor":20.0},{"not_picked":["Guardian:FloatingOrbs","Guardian:Planning"],"picked":"Guardian:Gem_Blue","floor":26.0},{"not_picked":["Guardian:Preprogram","Guardian:Incinerate","Guardian:Suspension"],"picked":"Singing Bowl","floor":28.0},{"not_picked":["Guardian:Gem_Green","Guardian:FloatingOrbs"],"picked":"Guardian:SphericShield","floor":29.0},{"not_picked":["Guardian:BronzeOrb","Guardian:Reroute","Guardian:Suspension"],"picked":"Singing Bowl","floor":30.0},{"not_picked":["Guardian:Gem_Lightblue","Guardian:VentSteam","Guardian:Emergency"],"picked":"Singing Bowl","floor":31.0},{"not_picked":["Guardian:VentSteam","Guardian:CrystalBeam"],"picked":"Guardian:Gem_Red","floor":32.0},{"not_picked":["Guardian:StasisField","Guardian:ExploitGems"],"picked":"Guardian:RevengeProtocol","floor":33.0},{"not_picked":["Guardian:CrystalBeam","Guardian:Planning"],"picked":"Guardian:ChargeCore+1","floor":36.0},{"not_picked":["Guardian:CrystalBeam+1","Guardian:Recover"],"picked":"Guardian:Orbwalk+1","floor":37.0},{"not_picked":["Guardian:Gem_Green","Guardian:Recover","Guardian:Incinerate"],"picked":"Singing Bowl","floor":39.0},{"not_picked":["Guardian:TemporalStrike","Guardian:Incinerate","Guardian:Gem_Yellow"],"picked":"Singing Bowl","floor":45.0},{"not_picked":["Guardian:Incinerate","Guardian:ChargeCore","Guardian:ShieldCharger+1"],"picked":"Singing Bowl","floor":47.0},{"not_picked":["Guardian:PrimingBeam+1","Guardian:Recover","Guardian:FuturePlans+1"],"picked":"Singing Bowl","floor":48.0},{"not_picked":["Guardian:Repulse","Guardian:PrimingBeam","Guardian:Harden+1"],"picked":"Singing Bowl","floor":49.0},{"not_picked":["Guardian:Reroute","Guardian:StasisEngine"],"picked":"Guardian:FloatingOrbs+1","floor":52.0}],"player_experience":701472,"relics_obtained":[{"floor":6.0,"key":"Toy Ornithopter"},{"floor":7.0,"key":"Singing Bowl"},{"floor":11.0,"key":"Odd Mushroom"},{"floor":29.0,"key":"hexamod:BolsterEngine"},{"floor":31.0,"key":"Mummified Hand"},{"floor":41.0,"key":"Gremlin Horn"},{"floor":42.0,"key":"Bottled Lightning"},{"floor":43.0,"key":"White Beast Statue"},{"floor":47.0,"key":"Turnip"},{"floor":48.0,"key":"Lantern"},{"floor":52.0,"key":"hexamod:CandleOfCauterizing"}],"event_choices":[{"damage_healed":0.0,"max_hp_gain":0.0,"max_hp_loss":0.0,"gold_gain":0.0,"event_name":"Mushrooms","player_choice":"Fought Mushrooms","floor":11.0,"gold_loss":0.0,"damage_taken":0.0},{"damage_healed":0.0,"max_hp_gain":0.0,"max_hp_loss":0.0,"gold_gain":0.0,"event_name":"Ghosts","player_choice":"Ignored","floor":21.0,"gold_loss":0.0,"damage_taken":0.0}],"is_beta":false,"boss_relics":[{"not_picked":["Calling Bell","Busted Crown"],"picked":"Coffee Dripper"},{"not_picked":["SacredBark","Cursed Key"],"picked":"sneckomod:SneckoTalon"}],"items_purged_floors":[5,19,39,40,53],"is_endless":false,"potions_floor_spawned":[2,9,11,16,20,26,29,31,45,47,48,49,52],"ascension_level":9}}