{"host":"rolltorest","time":1612394490,"event":{"mods":["BaseMod","Minty Spire (QoL Compilation)","Relic Stats","Slay the Relics Exporter","StSLib"],"gold_per_floor":[110,125,33,33,33,64,76,92,92,118,118,129,45,76,76,149,149,166,146,72,92,106,106,31,31,58,71,71,71],"floor_reached":28,"language":"ENG","playtime":669,"items_purged":["Strike_R"],"score":526,"play_id":"62f16adc-f7ee-469d-a850-3cb856fa1a21","local_time":"20210203152130","is_ascension_mode":true,"campfire_choices":[{"data":"Carnage","floor":11,"key":"SMITH"},{"data":"Combust","floor":15,"key":"SMITH"},{"floor":23,"key":"DIG"},{"floor":25,"key":"DIG"}],"circlet_count":0,"master_deck":["AscendersBane","Strike_R","Strike_R","Strike_R","Defend_R","Defend_R","Defend_R","Defend_R","Bash","Inflame","Trip+1","Burning Pact","Headbutt","Pummel","Combust+1","Carnage+1","Iron Wave","Reaper","Armaments","Exhume","CurseOfTheBell","Dark Embrace","Spot Weakness","Spot Weakness","Battle Trance"],"relics":["Burning Blood","NeowsBlessing","Blood Vial","Red Skull","Kunai","Boot","Calling Bell","Vajra","Eternal Feather","Shovel","Toy Ornithopter","Strawberry","MealTicket"],"acts_visited":["Exordium","TheCity"],"potions_floor_usage":[27,28],"damage_taken":[{"damage":0,"enemies":"Cultist","floor":1,"turns":1},{"damage":0,"enemies":"2 Louse","floor":2,"turns":1},{"damage":0,"enemies":"3 Sentries","floor":6,"turns":2},{"damage":7,"enemies":"Small Slimes","floor":7,"turns":3},{"damage":30,"enemies":"Exordium Thugs","floor":8,"turns":6},{"damage":36,"enemies":"Gremlin Nob","floor":10,"turns":4},{"damage":1,"enemies":"Exordium Wildlife","floor":12,"turns":2},{"damage":10,"enemies":"Lagavulin","floor":14,"turns":4},{"damage":13,"enemies":"Slime Boss","floor":16,"turns":6},{"damage":32,"enemies":"3 Byrds","floor":18,"turns":9},{"damage":30,"enemies":"Spheric Guardian","floor":21,"turns":4},{"damage":45,"enemies":"Snake Plant","floor":22,"turns":4},{"damage":46,"enemies":"Sentry and Sphere","floor":27,"turns":6},{"damage":46,"enemies":"Book of Stabbing","floor":28,"turns":4}],"seed_played":"-5740720378912813473","potions_obtained":[{"floor":6,"key":"BloodPotion"},{"floor":7,"key":"PowerPotion"}],"is_trial":false,"path_per_floor":["M","M","$","?","?","E","M","M","T","E","R","M","$","E","R","B",null,"M","?","$","M","M","R","$","R","T","M","E"],"character_chosen":"IRONCLAD","items_purchased":["Trip","Reaper","Spot Weakness"],"campfire_rested":0,"item_purchase_floors":[3,13,20],"current_hp_per_floor":[74,75,75,75,75,75,74,51,51,23,23,30,30,28,28,43,67,63,63,63,41,12,27,27,49,49,32,4,4],"gold":71,"neow_bonus":"THREE_ENEMY_KILL","is_daily":false,"chose_seed":false,"campfire_upgraded":2,"win_rate":0.0,"timestamp":1612394490,"path_taken":["M","M","$","?","?","E","M","M","T","E","R","?","?","E","R","BOSS","M","?","?","M","M","R","?","R","T","?","E"],"items_purchased_type":["Card","Card","Card"],"build_version":"2020-12-18","purchased_purges":1,"victory":false,"max_hp_per_floor":[75,75,75,75,75,75,75,75,75,75,75,75,75,75,75,75,75,75,75,75,75,75,75,75,82,82,82,82,82],"relic_stats":{"Blood Vial":19,"Shovel":2,"counters":[14,56],"Eternal Feather":30,"MealTicket":0,"Kunai":[0],"Boot":[22],"obtain_stats":[{"NeowsBlessing":0,"Vajra":17,"Eternal Feather":17,"Boot":14,"Burning Blood":0,"Blood Vial":6,"Calling Bell":17,"Shovel":17,"Strawberry":25,"MealTicket":26,"Kunai":10,"Red Skull":9,"Toy Ornithopter":23},{"NeowsBlessing":0,"Vajra":9,"Eternal Feather":9,"Boot":8,"Burning Blood":0,"Blood Vial":3,"Calling Bell":9,"Shovel":9,"Strawberry":12,"MealTicket":12,"Kunai":6,"Red Skull":5,"Toy Ornithopter":12},{"NeowsBlessing":0,"Vajra":29,"Eternal Feather":29,"Boot":23,"Burning Blood":0,"Blood Vial":4,"Calling Bell":29,"Shovel":29,"Strawberry":46,"MealTicket":46,"Kunai":17,"Red Skull":13,"Toy Ornithopter":46}],"Burning Blood":67,"Toy Ornithopter":10},"card_choices":[{"not_picked":["Warcry","Seeing Red","Flex"],"picked":"SKIP","floor":1},{"not_picked":["Feel No Pain","Thunderclap"],"picked":"Inflame","floor":2},{"not_picked":["Thunderclap","Entrench"],"picked":"Headbutt","floor":6},{"not_picked":["Thunderclap","Body Slam"],"picked":"Pummel","floor":7},{"not_picked":["Seeing Red","Thunderclap"],"picked":"Combust","floor":8},{"not_picked":["Flame Barrier","Thunderclap"],"picked":"Carnage","floor":10},{"not_picked":["Heavy Blade","Hemokinesis"],"picked":"Iron Wave","floor":12},{"not_picked":["Anger","True Grit"],"picked":"Armaments","floor":14},{"not_picked":["Juggernaut","Fiend Fire"],"picked":"Exhume","floor":16},{"not_picked":["Clash","Havoc"],"picked":"Dark Embrace","floor":18},{"not_picked":["Thunderclap","Headbutt"],"picked":"Spot Weakness","floor":21},{"not_picked":["Pommel Strike","Feel No Pain+1"],"picked":"Battle Trance","floor":22},{"not_picked":["Havoc","Entrench","Twin Strike"],"picked":"SKIP","floor":27}],"player_experience":1823578,"relics_obtained":[{"floor":6,"key":"Blood Vial"},{"floor":9,"key":"Red Skull"},{"floor":10,"key":"Kunai"},{"floor":14,"key":"Boot"},{"floor":17,"key":"Vajra"},{"floor":17,"key":"Eternal Feather"},{"floor":17,"key":"Shovel"},{"floor":23,"key":"Toy Ornithopter"},{"floor":25,"key":"Strawberry"},{"floor":26,"key":"MealTicket"}],"event_choices":[{"damage_healed":0,"gold_gain":0,"player_choice":"Grow","damage_taken":0,"max_hp_gain":0,"max_hp_loss":0,"event_name":"Living Wall","floor":4,"gold_loss":0,"cards_upgraded":["Trip"]},{"damage_healed":0,"gold_gain":0,"cards_transformed":["Strike_R"],"player_choice":"Transformed","damage_taken":0,"max_hp_gain":0,"max_hp_loss":0,"event_name":"Transmorgrifier","floor":5,"gold_loss":0,"cards_obtained":["Burning Pact"]},{"damage_healed":0,"gold_gain":0,"player_choice":"Bought 1 Potion","damage_taken":0,"max_hp_gain":0,"max_hp_loss":0,"event_name":"The Woman in Blue","floor":19,"gold_loss":0}],"is_beta":true,"boss_relics":[{"not_picked":["Black Blood","Empty Cage"],"picked":"Calling Bell"}],"items_purged_floors":[24],"is_endless":false,"potions_floor_spawned":[6,7,16,18,21],"killed_by":"Book of Stabbing","ascension_level":20}}