{"host":"q6r63elxu27obe7v","time":1612317708,"event":{"mods":["2.2 Compatiblity","AchievementEnabler","BaseMod","CapriCore","Colored Map","DeckTracker","KOR Keyword Fix","Keyboard Shortcuts","Minty Spire (QoL Compilation)","Permanent Neow","Quick Restart","Replay The Spire","StSLib","SuperFastMode","everything is the same but u backflip on backflip","¡¼?Úª?ø«¡½REMEMod"],"gold_per_floor":[119,132,132,148,159,185,199,199,199],"floor_reached":8,"language":"KOR","playtime":404,"items_purged":[],"score":63,"play_id":"4c19cf86-4a47-4e6f-acb5-2bf8d535543e","local_time":"20210203110148","is_ascension_mode":true,"campfire_choices":[],"circlet_count":0,"master_deck":["Strike_G","Strike_G","Strike_G","Strike_G","Defend_G","Defend_G","Defend_G","Defend_G","Survivor","Neutralize","Replay:Bag of Tricks","Expertise","ReplayTheSpireMod:Scrap Shanks","ReplayTheSpireMod:Trickstab","PiercingWail","Bouncing Flask","PiercingWail"],"relics":["Ring of the Snake","REME_ComplimentaryCards","Gremlin Horn"],"acts_visited":["Exordium"],"potions_floor_usage":[],"damage_taken":[{"damage":10.0,"enemies":"Small Slimes","floor":1.0,"turns":3.0},{"damage":0.0,"enemies":"Cultist","floor":2.0,"turns":4.0},{"damage":0.0,"enemies":"2 Louse","floor":4.0,"turns":2.0},{"damage":1.0,"enemies":"Blue Slaver","floor":5.0,"turns":5.0},{"damage":19,"enemies":"Gremlin Nob","floor":6,"turns":4},{"damage":12,"enemies":"3 Louse","floor":7,"turns":4},{"damage":13,"enemies":"Lagavulin","floor":8,"turns":4}],"seed_played":"1995860988301727237","potions_obtained":[{"floor":7,"key":"AttackPotion"}],"is_trial":false,"path_per_floor":["M","M","?","M","M","E","M","E"],"character_chosen":"THE_SILENT","items_purchased":[],"campfire_rested":0,"item_purchase_floors":[],"current_hp_per_floor":[39,39,39,39,38,19,7,0,0],"gold":199,"neow_bonus":"REMOVE_TWO","is_daily":false,"chose_seed":false,"campfire_upgraded":0,"win_rate":0.0,"timestamp":1612317708,"path_taken":["M","M","?","M","M","E","M","E"],"items_purchased_type":[],"build_version":"2020-12-22","purchased_purges":0,"victory":false,"max_hp_per_floor":[70,70,70,70,70,70,70,70,70],"card_choices":[{"not_picked":["Deadly Poison","Poisoned Stab"],"picked":"Expertise","floor":1.0},{"not_picked":["Caltrops","Quick Slash"],"picked":"ReplayTheSpireMod:Scrap Shanks","floor":2.0},{"not_picked":["Slice","Deflect"],"picked":"PiercingWail","floor":4.0},{"not_picked":["Acrobatics","Dodge and Roll"],"picked":"Bouncing Flask","floor":5.0},{"not_picked":["Sucker Punch","Flying Knee"],"picked":"PiercingWail","floor":6},{"not_picked":["PiercingWail","Dagger Spray","Underhanded Strike"],"picked":"SKIP","floor":7}],"player_experience":113114,"relics_obtained":[{"floor":6,"key":"Gremlin Horn"}],"event_choices":[{"damage_healed":0.0,"max_hp_gain":0.0,"max_hp_loss":0.0,"gold_gain":0.0,"event_name":"Match and Keep!","player_choice":"1 cards matched","floor":3.0,"gold_loss":0.0,"damage_taken":0.0,"cards_obtained":["ReplayTheSpireMod:Trickstab"]}],"is_beta":false,"boss_relics":[],"items_purged_floors":[],"is_endless":false,"potions_floor_spawned":[7],"killed_by":"Lagavulin","ascension_level":1}}