{"host":"64agj841g523yxf2","time":1612384083,"event":{"mods":["Aspiration","BaseMod","ChefMod","Downfall","Hermit","Koishi","Minty Spire (QoL Compilation)","Remilia??????","Replay The Spire","StSLib","SuperFastMode","The Administrix","The Animator","The Bug Knight","The Construct","The Cursed","The Disciple","The Hierophant","The Marked","The Mystic","The Necromancer","The Poker Player","The Senshi","The Servant 0.9.4","Yuyuko"],"gold_per_floor":[99,114,126,143,2,2,83,99,99,110,40,59,59,59,77,176,176,172,187,202,202,202,202,202,234,234,249,262,262,262,272,284,388,388,388,400,400,400,35,55,55,72,72,99,99,110,10,10,25,25,25,25],"floor_reached":50,"language":"ENG","playtime":3258,"items_purged":["champ:Strike","downfall:Malfunctioning"],"score":511,"play_id":"13dff2b7-8863-4869-8b4c-26a4bc4e824c","local_time":"20210203212803","is_ascension_mode":false,"campfire_choices":[{"floor":1,"key":"RECALL"},{"data":"champ:CrownThrow","floor":9,"key":"SMITH"},{"data":"champ:GutPunch","floor":13,"key":"SMITH"},{"floor":26,"key":"REST"},{"data":"champ:TornadoPunch","floor":29,"key":"SMITH"},{"data":"champ:SteelEdge","floor":35,"key":"SMITH"},{"data":"champ:TripleStrike","floor":43,"key":"SMITH"},{"data":"champ:Execute","floor":47,"key":"SMITH"}],"circlet_count":0,"master_deck":["champ:Strike","champ:Defend+1","champ:Defend","champ:Defend","champ:Execute+1","champ:Taunt+1","champ:PreciseThrust","champ:StanceDance","champ:PerfectedStrike","champ:VampiricStrike","champ:CrownThrow+1","champ:FancyFootwork","champ:BerserkersShout","champ:TripleStrike+1","champ:FocusedDefense","champ:FocusedDefense+1","champ:GutPunch+1","champ:Improvising","champ:Circumvent","champ:AdrenalArmor","Necronomicurse","champ:Encircle+1","champ:TornadoPunch+1","champ:FanOfKnives","champ:SteelEdge+1","champ:EnGarde","champ:Parry+1","champ:Shatter+1"],"relics":["champ:ChampionCrown","Empty Cage","downfall:HeartBlessingRed","downfall:RedIOU","Necronomicon","aspiration:HummingbirdHeart","Anchor","Sozu","Garlic","Omamori","MealTicket","downfall:HeartBlessingBlue","Ring of Panic"],"acts_visited":["TheCity","TheBeyond"],"potions_floor_usage":[20,50,50],"damage_taken":[{"damage":10,"enemies":"2 Louse","floor":2,"turns":4},{"damage":0,"enemies":"Small Slimes","floor":3,"turns":3},{"damage":21,"enemies":"Jaw Worm","floor":4,"turns":4},{"damage":0,"enemies":"downfall:FleeingMerchant","floor":5,"turns":4},{"damage":19,"enemies":"3 Louse","floor":8,"turns":3},{"damage":2,"enemies":"Blue Slaver","floor":10,"turns":3},{"damage":15,"enemies":"downfall:FleeingMerchant","floor":11,"turns":4},{"damage":30,"enemies":"Large Slime","floor":12,"turns":3},{"damage":21,"enemies":"2 Fungi Beasts","floor":15,"turns":3},{"damage":44,"enemies":"SI_SHIV_ARCHETYPE","floor":16,"turns":7},{"damage":27,"enemies":"Spheric Guardian","floor":19,"turns":4},{"damage":19,"enemies":"3 Byrds","floor":20,"turns":4},{"damage":23,"enemies":"Replay:Snechameleon","floor":25,"turns":4},{"damage":32,"enemies":"Shelled Parasite and Fungi","floor":27,"turns":5},{"damage":6,"enemies":"3 Cultists","floor":28,"turns":5},{"damage":10,"enemies":"Chosen and Byrds","floor":31,"turns":3},{"damage":45,"enemies":"Centurion and Healer","floor":32,"turns":2},{"damage":36,"enemies":"IC_MUSHROOM_ARCHETYPE","floor":33,"turns":7},{"damage":39,"enemies":"Orb Walker","floor":36,"turns":3},{"damage":55,"enemies":"downfall:FleeingMerchant","floor":39,"turns":4},{"damage":0,"enemies":"3 Shapes","floor":40,"turns":5},{"damage":35,"enemies":"3 Darklings","floor":42,"turns":3},{"damage":14,"enemies":"Reptomancer","floor":44,"turns":4},{"damage":10,"enemies":"Jaw Worm Horde","floor":46,"turns":4},{"damage":8,"enemies":"Sphere and 2 Shapes","floor":49,"turns":6},{"damage":118,"enemies":"WA_ARCHETYPE_DIVINITY","floor":50,"turns":7}],"seed_played":"7793146881252439869","potions_obtained":[{"floor":4,"key":"CultistPotion"},{"floor":10,"key":"bronze:BurnAndBuffPotion"},{"floor":12,"key":"Fire Potion"},{"floor":20,"key":"champ:CounterPotion"}],"is_trial":false,"path_per_floor":["R","M","M","M","$","?","T","M","R","M","$","M","R","?","M","B",null,"R","M","M","?","?","?","T","E","R","M","M","R","?","M","M","B",null,"R","M","?","?","$","M","T","M","R","E","?","M","R","?","M","B"],"character_chosen":"THE_CHAMP","items_purchased":["champ:CrownThrow","champ:FocusedDefense","Garlic"],"campfire_rested":1,"item_purchase_floors":[5,11,39],"current_hp_per_floor":[99,99,99,98,98,98,98,89,89,89,91,93,93,93,96,95,99,99,99,92,92,92,76,76,73,99,92,91,91,91,81,81,75,99,99,90,90,90,90,90,90,90,90,86,86,86,96,96,88,0,0,0],"gold":25,"neow_bonus":"TEN_PERCENT_HP_BONUS","is_daily":false,"chose_seed":false,"campfire_upgraded":6,"win_rate":0.0,"timestamp":1612384083,"path_taken":["R","M","M","M","$","?","T","M","R","M","$","M","R","?","M","BOSS","R","M","M","?","?","?","T","E","R","M","M","R","?","M","M","BOSS","R","M","?","?","$","M","T","?","R","E","?","M","R","?","M","BOSS"],"items_purchased_type":["Card","Card","Relic"],"build_version":"2020-12-22","purchased_purges":2,"victory":false,"max_hp_per_floor":[99,99,99,99,99,99,99,99,99,99,99,99,99,99,99,99,99,99,99,99,99,99,99,99,99,99,99,99,99,99,99,99,99,99,99,99,99,99,99,99,99,99,99,99,99,99,109,109,109,109,109,109],"card_choices":[{"not_picked":["champ:GladiatorStyle","champ:Backstep"],"picked":"champ:PreciseThrust","floor":2},{"not_picked":["champ:DefensiveShout","champ:PerfectedStrike"],"picked":"champ:StanceDance","floor":3},{"not_picked":["champ:StanceDance","champ:PreciseThrust"],"picked":"champ:PerfectedStrike","floor":4},{"not_picked":["champ:EndlessRage","champ:Circumvent"],"picked":"champ:VampiricStrike","floor":5},{"not_picked":["champ:CalledShot","champ:SetATrap"],"picked":"champ:FancyFootwork","floor":8},{"not_picked":["champ:FaceSlap","champ:BladeFlurry"],"picked":"champ:BerserkersShout","floor":10},{"not_picked":["champ:RisingSlash","champ:CrownThrow"],"picked":"champ:TripleStrike","floor":11},{"not_picked":["champ:TornadoPunch","champ:Shatter"],"picked":"champ:GutPunch","floor":12},{"not_picked":["champ:BladeFlurry","champ:CrownThrow","champ:BringItOn"],"picked":"SKIP","floor":15},{"not_picked":["champ:Devastate","champ:IgnorePain"],"picked":"champ:Improvising","floor":16},{"not_picked":["champ:DefensiveShout","champ:StanceDance+1"],"picked":"champ:Circumvent","floor":19},{"not_picked":["champ:DefensiveShout","champ:CalledShot"],"picked":"champ:AdrenalArmor","floor":20},{"not_picked":["champ:SetATrap","champ:DeathBlow+1"],"picked":"champ:Encircle+1","floor":25},{"not_picked":["champ:FlashCut+1","champ:BladeFlurry"],"picked":"champ:TornadoPunch","floor":27},{"not_picked":["champ:PreemptiveStrike+1","champ:FancyFootwork+1"],"picked":"champ:FanOfKnives","floor":28},{"not_picked":["champ:PerfectedStrike","champ:Shatter","champ:BringItOn"],"picked":"SKIP","floor":31},{"not_picked":["champ:ShieldWall","champ:Endure","champ:SetATrap"],"picked":"SKIP","floor":32},{"not_picked":["champ:VampiricStrike","champ:Improvising"],"picked":"champ:SteelEdge","floor":33},{"not_picked":["champ:CrownThrow","champ:BerserkersShout+1"],"picked":"champ:EnGarde","floor":36},{"not_picked":["champ:PreciseThrust","champ:FanOfKnives","champ:SkillfulDodge"],"picked":"SKIP","floor":39},{"not_picked":["champ:PerfectedStrike","champ:GutPunch"],"picked":"champ:Parry+1","floor":40},{"not_picked":["champ:FanOfKnives+1","champ:ShieldThrow","champ:CalledShot+1"],"picked":"SKIP","floor":42},{"not_picked":["champ:FlashCut+1","champ:Encircle","champ:GladiatorStyle"],"picked":"SKIP","floor":44},{"not_picked":["champ:PerfectedStrike+1","champ:SetATrap+1","champ:FaceSlap+1"],"picked":"SKIP","floor":46},{"not_picked":["champ:CrownThrow","champ:BerserkersShout"],"picked":"champ:Shatter+1","floor":49}],"player_experience":320815,"relics_obtained":[{"floor":7,"key":"Snack Pack"},{"floor":23,"key":"Necronomicon"},{"floor":24,"key":"aspiration:HummingbirdHeart"},{"floor":25,"key":"Anchor"},{"floor":44,"key":"Omamori"},{"floor":45,"key":"MealTicket"},{"floor":48,"key":"Ring of Panic"}],"event_choices":[{"cards_removed":["champ:Strike"],"damage_healed":0,"gold_gain":0,"player_choice":"Card Removal","damage_taken":0,"max_hp_gain":0,"max_hp_loss":0,"event_name":"The Cleric","floor":6,"gold_loss":0},{"damage_healed":0,"gold_gain":0,"player_choice":"Got Potions","damage_taken":0,"max_hp_gain":0,"max_hp_loss":0,"event_name":"Lab","floor":38,"gold_loss":0}],"is_beta":false,"boss_relics":[{"not_picked":["aspiration:IroncladSkillbook","Runic Pyramid"],"picked":"Empty Cage"},{"not_picked":["Cursed Key","Runic Dome"],"picked":"Sozu"}],"items_purged_floors":[5,39],"is_endless":false,"potions_floor_spawned":[4,10,12,15,16,19,20,28,36,42,49],"killed_by":"WA_ARCHETYPE_DIVINITY","ascension_level":0}}