{"host":"i9o3eksapkmftcbs","time":1612333184,"event":{"mods":["2.2 Compatiblity","AchievementEnabler","Act Like it!","Arknights","Bard","BaseMod","BetterRewards","Colored Map","Colored Powertips","Conspire","Duelist Mod","Halation","Hubris","Infinite Spire","Lobotomy","Minty Spire (QoL Compilation)","Rare Cards Sparkle","Reliquary","Robot Space Explorer","StSLib","The Blackbeard","The Clintock","The Dragon Tamer","The Mystic","Transform Curses"],"gold_per_floor":[210,230,230,243,262,262,288,299,299,309,322,342,376,387,387,484,484,502,519,519,519,568,568,568],"floor_reached":23,"language":"ENG","playtime":1579,"items_purged":[],"score":228,"play_id":"0a55cda1-9cd9-47f0-8844-e21d26d2f44a","local_time":"20210203001944","is_ascension_mode":true,"campfire_choices":[{"data":"Iron Wave","floor":6,"key":"SMITH"},{"floor":15,"key":"RECALL"}],"circlet_count":0,"master_deck":["Strike_R","Strike_R","Strike_R","Strike_R","Strike_R","Defend_R","Defend_R","Defend_R","Defend_R","Bash","Flex","Rage+1","Dropkick","Iron Wave+1","Reaper","Clash","Inflame","Anger","Infernal Blade","Dual Wield","Dual Wield","Barricade","Clash+1","Twin Strike","Thunderclap","hubris:CleavingFinish+1"],"relics":["Burning Blood","Pen Nib","conspire:DeflatedDodgeball","Gremlin Horn","Sozu","hubris:Icosahedron","CeramicFish"],"acts_visited":["Exordium","TheCity"],"potions_floor_usage":[7,7,14,16],"damage_taken":[{"damage":8,"enemies":"Jaw Worm","floor":1,"turns":4},{"damage":11,"enemies":"Cultist","floor":2,"turns":4},{"damage":7,"enemies":"Small Slimes","floor":4,"turns":4},{"damage":6,"enemies":"Looter","floor":5,"turns":3},{"damage":18,"enemies":"3 Sentries","floor":7,"turns":12},{"damage":5,"enemies":"2 Fungi Beasts","floor":8,"turns":3},{"damage":0,"enemies":"Blue Slaver","floor":10,"turns":2},{"damage":19,"enemies":"Large Slime","floor":11,"turns":5},{"damage":0,"enemies":"Looter","floor":12,"turns":2},{"damage":21,"enemies":"Lagavulin","floor":13,"turns":7},{"damage":12,"enemies":"2 Fungi Beasts","floor":14,"turns":3},{"damage":32,"enemies":"Hexaghost","floor":16,"turns":9},{"damage":6,"enemies":"3 Byrds","floor":18,"turns":6},{"damage":0,"enemies":"Chosen","floor":19,"turns":3},{"damage":55,"enemies":"conspire:MimicChest","floor":22,"turns":8},{"damage":35,"enemies":"Nightmare","floor":23,"turns":3}],"seed_played":"1222670236627028880","potions_obtained":[{"floor":4,"key":"BlessingOfTheForge"},{"floor":5,"key":"Weak Potion"},{"floor":10,"key":"ElixirPotion"},{"floor":13,"key":"SkillPotion"},{"floor":14,"key":"ColorlessPotion"}],"is_trial":false,"path_per_floor":["M","M","?","M","M","R","E","M","T","M","M","M","E","M","R","B",null,"M","M","?","?","?","NM"],"character_chosen":"IRONCLAD","items_purchased":[],"campfire_rested":0,"item_purchase_floors":[],"current_hp_per_floor":[78,73,73,72,72,72,60,69,69,75,68,74,59,57,57,37,80,80,80,80,80,31,0,0],"gold":568,"neow_bonus":"HUNDRED_GOLD","is_daily":false,"chose_seed":false,"campfire_upgraded":1,"win_rate":0.0,"timestamp":1612333184,"path_taken":["M","M","?","M","M","R","E","M","T","M","M","M","E","M","R","BOSS","M","M","?","?","?","NM"],"items_purchased_type":[],"build_version":"2020-12-22","purchased_purges":0,"victory":false,"max_hp_per_floor":[80,80,80,80,80,80,80,80,80,80,80,80,80,80,80,80,80,80,80,80,80,80,80,80],"card_choices":[{"not_picked":["Heavy Blade","Cleave"],"picked":"Flex","floor":1},{"not_picked":["True Grit","Body Slam"],"picked":"Rage","floor":2},{"not_picked":["Second Wind","Sword Boomerang"],"picked":"Dropkick","floor":4},{"not_picked":["Pommel Strike","Body Slam"],"picked":"Iron Wave","floor":5},{"not_picked":["Armaments","hubris:CleavingFinish"],"picked":"Reaper","floor":7},{"not_picked":["Iron Wave","Pommel Strike"],"picked":"Clash","floor":8},{"not_picked":["Clothesline","Armaments"],"picked":"Inflame","floor":10},{"not_picked":["Immolate","Seeing Red"],"picked":"Anger","floor":11},{"not_picked":["conspire:Charge","Flex"],"picked":"Infernal Blade","floor":12},{"not_picked":["Perfected Strike","Rupture"],"picked":"Dual Wield","floor":13},{"not_picked":["Wild Strike","Flex"],"picked":"Dual Wield","floor":14},{"not_picked":["Corruption","hubris:StunningStrike"],"picked":"Barricade","floor":16},{"not_picked":["Rupture","Wild Strike"],"picked":"Clash+1","floor":18},{"not_picked":["Clothesline+1","Shrug It Off+1"],"picked":"Twin Strike","floor":19},{"not_picked":["Shrug It Off+1","Havoc"],"picked":"hubris:CleavingFinish+1","floor":22}],"player_experience":384603,"relics_obtained":[{"floor":7,"key":"Pen Nib"},{"floor":9,"key":"conspire:DeflatedDodgeball"},{"floor":13,"key":"Gremlin Horn"},{"floor":22,"key":"CeramicFish"}],"event_choices":[{"damage_healed":0,"gold_gain":0,"player_choice":"Upgraded","damage_taken":0,"max_hp_gain":0,"max_hp_loss":0,"event_name":"Upgrade Shrine","floor":3,"gold_loss":0,"cards_upgraded":["Rage"]}],"is_beta":false,"boss_relics":[{"not_picked":["hubris:HollowSoul","Ectoplasm"],"picked":"Sozu"}],"items_purged_floors":[],"is_endless":false,"potions_floor_spawned":[4,5,10,13,14,19,22],"killed_by":"Nightmare","ascension_level":2}}