{"host":"1mv6gj0zv8k9e9tz","time":1612373859,"event":{"mods":["AchievementEnabler","BaseMod","Better Third Choice","Colored Map","DeckTracker","Highlight Path","KOR Keyword Fix","Keyboard Shortcuts","Minty Spire (QoL Compilation)","Permanent Neow","Quick Restart","Rare Cards Sparkle","StSLib","SuperFastMode","everything is the same but u backflip on backflip"],"gold_per_floor":[417,428,428,441,455,468,502,502,502,502,340,340,369,339,339,411,461,481,243,256,256,269,269,296,296,366,381,431,450,450,477,477,548,548,558,608,623,72,91,118,118,138,185,185,13,13,13,29,29,29,29,29,29,62,62],"floor_reached":56,"language":"KOR","playtime":1621,"items_purged":["Strike_B"],"score":1999,"play_id":"646525cd-b51a-41af-8429-691e8054fcd0","local_time":"20210204023739","is_ascension_mode":true,"campfire_choices":[{"data":"Tempest","floor":8.0,"key":"SMITH"},{"data":"Zap","floor":10.0,"key":"SMITH"},{"data":"Defragment","floor":15.0,"key":"SMITH"},{"data":"Coolheaded","floor":23.0,"key":"SMITH"},{"data":"Coolheaded","floor":25.0,"key":"SMITH"},{"data":"Seek","floor":30.0,"key":"SMITH"},{"data":"Capacitor","floor":32.0,"key":"SMITH"},{"data":"Defragment","floor":41.0,"key":"SMITH"},{"floor":44.0,"key":"RECALL"},{"data":"Buffer","floor":46,"key":"SMITH"},{"data":"Dualcast","floor":49,"key":"SMITH"},{"data":"Loop","floor":52,"key":"SMITH"}],"circlet_count":0,"master_deck":["AscendersBane","Strike_B","Strike_B","Strike_B","Defend_B","Defend_B","Defend_B","Defend_B","Zap+1","Dualcast+1","Tempest+1","Ball Lightning","Coolheaded+1","Auto Shields+1","Coolheaded+1","Biased Cognition+1","Defragment+1","Ball Lightning","Conserve Battery","White Noise","Core Surge","Glacier","Capacitor+1","Seek+1","Self Repair","Loop+1","Buffer+1","Glacier","Stack","Defragment+1","Parasite","Blizzard+1","Capacitor+1"],"relics":["Cracked Core","Old Coin","TungstenRod","Emotion Chip","Tiny House","Mummified Hand","Eternal Feather","Red Mask","Velvet Choker","Bird Faced Urn","Chemical X","Toy Ornithopter","Pen Nib","DataDisk","StrikeDummy"],"acts_visited":["Exordium","TheCity","TheBeyond","TheEnding"],"potions_floor_usage":[48,55,55],"damage_taken":[{"damage":4.0,"enemies":"Small Slimes","floor":1.0,"turns":3.0},{"damage":5.0,"enemies":"2 Louse","floor":2.0,"turns":2.0},{"damage":0.0,"enemies":"Cultist","floor":4.0,"turns":3.0},{"damage":4.0,"enemies":"Red Slaver","floor":5.0,"turns":4.0},{"damage":1.0,"enemies":"2 Fungi Beasts","floor":6.0,"turns":3.0},{"damage":9.0,"enemies":"Gremlin Nob","floor":7.0,"turns":3.0},{"damage":15.0,"enemies":"Lagavulin","floor":13.0,"turns":4.0},{"damage":0.0,"enemies":"Slime Boss","floor":16.0,"turns":5.0},{"damage":0.0,"enemies":"Spheric Guardian","floor":18.0,"turns":3.0},{"damage":12.0,"enemies":"Shell Parasite","floor":20.0,"turns":3.0},{"damage":16.0,"enemies":"Cultist and Chosen","floor":22.0,"turns":4.0},{"damage":20.0,"enemies":"Slavers","floor":24.0,"turns":5.0},{"damage":0.0,"enemies":"3 Cultists","floor":27.0,"turns":3.0},{"damage":5.0,"enemies":"Sentry and Sphere","floor":29.0,"turns":3.0},{"damage":22.0,"enemies":"Masked Bandits","floor":31.0,"turns":3.0},{"damage":11.0,"enemies":"Champ","floor":33.0,"turns":12.0},{"damage":16.0,"enemies":"3 Darklings","floor":35.0,"turns":5.0},{"damage":2.0,"enemies":"Orb Walker","floor":37.0,"turns":3.0},{"damage":7.0,"enemies":"Writhing Mass","floor":39.0,"turns":5.0},{"damage":7.0,"enemies":"Giant Head","floor":40.0,"turns":11.0},{"damage":12.0,"enemies":"Sphere and 2 Shapes","floor":42.0,"turns":8.0},{"damage":13,"enemies":"4 Shapes","floor":48,"turns":5},{"damage":33,"enemies":"Time Eater","floor":50,"turns":7},{"damage":6,"enemies":"Shield and Spear","floor":54,"turns":6},{"damage":79,"enemies":"The Heart","floor":55,"turns":10}],"seed_played":"7317519280095251109","potions_obtained":[{"floor":1.0,"key":"PowerPotion"},{"floor":2.0,"key":"Swift Potion"},{"floor":6.0,"key":"SkillPotion"},{"floor":14.0,"key":"SteroidPotion"},{"floor":14.0,"key":"Strength Potion"},{"floor":17.0,"key":"FocusPotion"},{"floor":20.0,"key":"Explosive Potion"},{"floor":27.0,"key":"SneckoOil"},{"floor":29.0,"key":"SpeedPotion"},{"floor":37.0,"key":"Ancient Potion"},{"floor":40.0,"key":"Fire Potion"},{"floor":54,"key":"Block Potion"}],"is_trial":false,"path_per_floor":["M","M","?","M","M","M","E","R","T","R","$","?","E","?","R","B",null,"M","$","M","?","M","R","E","R","T","M","?","M","R","?","R","B",null,"M","?","M","$","M","E","R","M","T","R","$","R","?","M","R","B",null,"R","$","E","B",null],"character_chosen":"DEFECT","items_purchased":["Defragment","Ball Lightning","Conserve Battery","Capacitor","Seek","Bird Faced Urn","Defragment","Chemical X","DataDisk"],"campfire_rested":0,"item_purchase_floors":[11,11,11,19,19,38,38,38,45],"current_hp_per_floor":[60,55,55,55,51,50,41,41,41,41,41,46,31,31,31,31,65,65,65,53,53,37,37,24,24,24,31,31,33,48,26,41,37,65,56,56,61,61,73,74,74,73,73,74,74,74,74,63,74,56,70,74,74,74,10],"gold":62,"neow_bonus":"ONE_RARE_RELIC","is_daily":false,"chose_seed":false,"campfire_upgraded":11,"win_rate":0.0,"timestamp":1612373859,"path_taken":["M","M","?","M","M","M","E","R","T","R","$","?","E","?","R","BOSS","M","$","M","?","?","R","E","R","T","M","?","M","R","?","R","BOSS","M","?","M","$","?","E","R","M","T","R","$","R","?","M","R","BOSS","R","$","E","BOSS"],"items_purchased_type":["Card","Card","Card","Card","Card","Relic","Card","Relic","Relic"],"build_version":"2020-12-22","purchased_purges":1,"victory":true,"max_hp_per_floor":[64,64,64,64,64,64,64,64,64,64,64,69,69,69,69,69,74,74,74,74,74,74,74,74,74,74,74,74,74,74,74,74,74,74,74,74,74,74,74,74,74,74,74,74,74,74,74,74,74,74,74,74,74,74,74],"card_choices":[{"not_picked":["Doom and Gloom","Gash"],"picked":"Tempest","floor":1.0},{"not_picked":["Turbo","Sweeping Beam"],"picked":"Ball Lightning","floor":2.0},{"not_picked":["Aggregate","Steam"],"picked":"Coolheaded","floor":4.0},{"not_picked":["Barrage","Go for the Eyes"],"picked":"Auto Shields","floor":5.0},{"not_picked":["Turbo","Scrape"],"picked":"Coolheaded","floor":6.0},{"not_picked":["Conserve Battery","Steam Power"],"picked":"Biased Cognition","floor":7.0},{"not_picked":["Conserve Battery","Steam"],"picked":"White Noise","floor":13.0},{"not_picked":["Hyperbeam","Reboot"],"picked":"Core Surge","floor":16.0},{"not_picked":["Gash","Coolheaded"],"picked":"Glacier","floor":17.0},{"not_picked":["Barrage","Genetic Algorithm","Gash"],"picked":"SKIP","floor":18.0},{"not_picked":["White Noise","Compile Driver"],"picked":"Self Repair","floor":20.0},{"not_picked":["Consume","Meteor Strike","Static Discharge"],"picked":"SKIP","floor":22.0},{"not_picked":["Tempest","Turbo"],"picked":"Loop","floor":24.0},{"not_picked":["Leap","Genetic Algorithm","Rebound"],"picked":"SKIP","floor":27.0},{"not_picked":["Cold Snap+1","Lockon","Chaos"],"picked":"SKIP","floor":29.0},{"not_picked":["Machine Learning","Biased Cognition"],"picked":"Buffer","floor":33.0},{"not_picked":["Recycle","Turbo+1"],"picked":"Glacier","floor":35.0},{"not_picked":["Loop","Conserve Battery"],"picked":"Stack","floor":37.0},{"not_picked":["Darkness","Beam Cell","Cold Snap"],"picked":"SKIP","floor":39.0},{"not_picked":["Turbo","Leap","Coolheaded"],"picked":"SKIP","floor":40.0},{"not_picked":["Go for the Eyes","Steam+1"],"picked":"Blizzard+1","floor":42.0},{"not_picked":["Sweeping Beam","Sunder","Coolheaded"],"picked":"SKIP","floor":48},{"not_picked":["Leap","Redo","Ball Lightning+1"],"picked":"SKIP","floor":54}],"player_experience":619720,"relics_obtained":[{"floor":7.0,"key":"TungstenRod"},{"floor":13.0,"key":"Emotion Chip"},{"floor":24.0,"key":"Mummified Hand"},{"floor":26.0,"key":"Eternal Feather"},{"floor":31.0,"key":"Red Mask"},{"floor":40.0,"key":"Toy Ornithopter"},{"floor":43.0,"key":"Pen Nib"},{"floor":54,"key":"StrikeDummy"}],"event_choices":[{"damage_healed":0.0,"max_hp_gain":0.0,"max_hp_loss":0.0,"gold_gain":0.0,"event_name":"betterThird:BetterSerpent","player_choice":"Ignored","floor":3.0,"gold_loss":0.0,"damage_taken":428.0},{"damage_healed":0.0,"max_hp_gain":5.0,"max_hp_loss":0.0,"gold_gain":0.0,"event_name":"Big Fish","player_choice":"Donut","floor":12.0,"gold_loss":0.0,"damage_taken":0.0},{"damage_healed":0.0,"max_hp_gain":0.0,"max_hp_loss":0.0,"gold_gain":0.0,"event_name":"The Woman in Blue","player_choice":"Bought 2 Potions","floor":14.0,"gold_loss":0.0,"damage_taken":0.0},{"damage_healed":0.0,"max_hp_gain":0.0,"max_hp_loss":0.0,"gold_gain":0.0,"event_name":"Accursed Blacksmith","player_choice":"Forge","floor":21.0,"gold_loss":0.0,"damage_taken":0.0,"cards_upgraded":["Biased Cognition"]},{"damage_healed":0.0,"max_hp_gain":0.0,"max_hp_loss":0.0,"gold_gain":50.0,"event_name":"betterThird:BetterNest","player_choice":"Steal","floor":28.0,"gold_loss":0.0,"damage_taken":0.0},{"damage_healed":0.0,"max_hp_gain":0.0,"max_hp_loss":0.0,"gold_gain":0.0,"event_name":"Masked Bandits","player_choice":"Fought Bandits","floor":31.0,"gold_loss":0.0,"damage_taken":0.0},{"damage_healed":0.0,"max_hp_gain":0.0,"max_hp_loss":0.0,"gold_gain":50.0,"event_name":"Golden Shrine","player_choice":"Pray","floor":36.0,"gold_loss":0.0,"damage_taken":0.0},{"damage_healed":0,"gold_gain":0,"player_choice":"Copied","damage_taken":0,"max_hp_gain":0,"max_hp_loss":0,"event_name":"Duplicator","floor":47,"gold_loss":0,"cards_obtained":["Capacitor"]}],"is_beta":false,"boss_relics":[{"not_picked":["Cursed Key","SacredBark"],"picked":"Tiny House"},{"not_picked":["Black Star","Fusion Hammer"],"picked":"Velvet Choker"}],"items_purged_floors":[19],"is_endless":false,"potions_floor_spawned":[1,2,6,20,27,29,37,40,54],"ascension_level":16}}