{"host":"815dqs41i1y8uxms","time":1612383448,"event":{"mods":["Act Like it!","BaseMod","Dark Map","GungeonMod","Minty Spire (QoL Compilation)","Rare Cards Sparkle","Shop Mod","Spire Arcade","StSLib"],"gold_per_floor":[118,132,8,22,32,32,51,51,77,2,177,221,235,5,5,134,134,150,169,169,62,80,80,80,80,80,80,98,123,137,157,181,181,181,181],"floor_reached":34,"language":"ENG","playtime":3671,"items_purged":["Injury"],"score":258,"play_id":"9f2f9ce8-5b7a-4285-ad21-45710f0a9caa","local_time":"20210203211728","is_ascension_mode":false,"campfire_choices":[{"data":"DemoMod:Polaris","floor":6,"key":"SMITH"},{"floor":15,"key":"REST"},{"floor":23,"key":"REST"},{"floor":25,"key":"RECALL"},{"data":"DemoMod:FullFirepower","floor":27,"key":"SMITH"},{"floor":33,"key":"REST"}],"circlet_count":0,"master_deck":["DemoMod:Strike_Huntress","DemoMod:Strike_Huntress","DemoMod:Defend_Huntress","DemoMod:Defend_Huntress","DemoMod:Defend_Huntress","DemoMod:Defend_Huntress","DemoMod:Roll","DemoMod:ManualReload","DemoMod:RustySidearm","DemoMod:CrossBow","DemoMod:Polaris+1","DemoMod:TableSutra","DemoMod:JK47","DemoMod:Ejector","DemoMod:MachoBrace","DemoMod:PotionOfGunFriendShip","DemoMod:LifeOrb","DemoMod:TripleGun","DemoMod:HuntsMan","DemoMod:Slinger","DemoMod:FullFirepower+1","DemoMod:SkilledReload+1","DemoMod:HighKaliber+1","DemoMod:JK47+1","DemoMod:FastSwitch+1","DemoMod:GunShield","DemoMod:TripleGun+1","DemoMod:ZorGun+1","DemoMod:DoubleSwitch+1"],"relics":["DemoMod:Dog","NeowsBlessing","Golden Idol","Bag of Marbles","Meat on the Bone","MerchantsRug","Empty Cage","DemoMod:Plus1Bullets","Strawberry","DemoMod:Ammonomicon"],"acts_visited":["Exordium","TheCity","TheCity"],"potions_floor_usage":[5,12,29,29,30,31],"damage_taken":[{"damage":0,"enemies":"Cultist","floor":1,"turns":1},{"damage":0,"enemies":"2 Louse","floor":2,"turns":1},{"damage":0,"enemies":"Jaw Worm","floor":4,"turns":1},{"damage":1,"enemies":"Large Slime","floor":5,"turns":9},{"damage":14,"enemies":"2 Fungi Beasts","floor":7,"turns":4},{"damage":1,"enemies":"Lagavulin","floor":12,"turns":7},{"damage":20,"enemies":"Blue Slaver","floor":13,"turns":6},{"damage":53,"enemies":"Slime Boss","floor":16,"turns":14},{"damage":16,"enemies":"Shell Parasite","floor":18,"turns":5},{"damage":29,"enemies":"Spheric Guardian","floor":19,"turns":4},{"damage":0,"enemies":"Centurion and Healer","floor":22,"turns":4},{"damage":0,"enemies":"DemoMod:4_Bullet_Kins","floor":28,"turns":3},{"damage":15,"enemies":"DemoMod:Red_and_blue_shotgun_kin","floor":29,"turns":2},{"damage":23,"enemies":"DemoMod:Veteran_shot_gun_kin_and_red_shotgun_kin_with_gunsinger","floor":30,"turns":4},{"damage":26,"enemies":"DemoMod:Red_and_blue_shotgun_kin_with_gunsinger","floor":31,"turns":4},{"damage":24,"enemies":"DemoMod:2_Mousers","floor":32,"turns":9},{"damage":70,"enemies":"DemoMod:ResourcefulRat","floor":34,"turns":5}],"seed_played":"-4759487508937402127","potions_obtained":[{"floor":1,"key":"Block Potion"},{"floor":4,"key":"SpeedPotion"},{"floor":7,"key":"DemoMod:LeadSkinPotion"},{"floor":13,"key":"Fire Potion"},{"floor":16,"key":"LiquidBronze"},{"floor":18,"key":"Weak Potion"},{"floor":19,"key":"DistilledChaos"},{"floor":22,"key":"SpeedPotion"},{"floor":28,"key":"DuplicationPotion"},{"floor":30,"key":"GamblersBrew"}],"is_trial":false,"path_per_floor":["M","M","$","M","M","R","M","?","T","$","?","E","M","$","R","B",null,"M","M","?","$","M","R","?","R","T","R","M","M","M","M","M","R","B"],"character_chosen":"HUNTRESS","items_purchased":["DemoMod:JK47","DemoMod:Ejector","DemoMod:MachoBrace","MerchantsRug","DemoMod:GnawedKey","Strawberry"],"campfire_rested":3,"item_purchase_floors":[3,3,3,14,14,21],"current_hp_per_floor":[70,70,70,70,69,69,55,55,55,55,55,54,46,46,67,26,70,54,37,37,44,44,67,67,67,77,77,77,62,39,25,13,36,0,0],"gold":181,"neow_bonus":"THREE_ENEMY_KILL","is_daily":false,"chose_seed":false,"campfire_upgraded":2,"win_rate":0.0,"timestamp":1612383448,"path_taken":["M","M","$","?","M","R","M","?","T","?","?","E","M","$","R","BOSS","M","M","?","$","M","R","?","R","T","R","M","M","M","M","M","R","BOSS"],"items_purchased_type":["Card","Card","Card","Relic","Relic","Relic"],"build_version":"2020-12-22","purchased_purges":1,"victory":false,"max_hp_per_floor":[70,70,70,70,70,70,70,70,70,70,70,70,70,70,70,70,70,70,70,70,77,77,77,77,77,77,77,77,77,77,77,77,77,77,77],"card_choices":[{"not_picked":["DemoMod:MegaHand","DemoMod:JK47"],"picked":"DemoMod:Polaris","floor":1},{"not_picked":["DemoMod:HungryBullets","DemoMod:FastSwitch"],"picked":"DemoMod:TableSutra","floor":2},{"not_picked":["DemoMod:ProbeStrike","DemoMod:AWP"],"picked":"DemoMod:PotionOfGunFriendShip","floor":4},{"not_picked":["DemoMod:FastSwitch","DemoMod:ZorGun"],"picked":"DemoMod:LifeOrb","floor":5},{"not_picked":["DemoMod:HardPowerCard","DemoMod:BulletBore"],"picked":"DemoMod:TripleGun","floor":7},{"not_picked":["DemoMod:ConditionalReflex","DemoMod:AWP"],"picked":"DemoMod:HuntsMan","floor":12},{"not_picked":["DemoMod:HardPowerCard","DemoMod:BattleInHaste"],"picked":"DemoMod:Slinger","floor":13},{"not_picked":["DemoMod:Elimentaler","DemoMod:BlankBullets"],"picked":"DemoMod:FullFirepower","floor":16},{"not_picked":["DemoMod:BoxingGlove","DemoMod:StickyCrossBow"],"picked":"DemoMod:SkilledReload+1","floor":18},{"not_picked":["DemoMod:Ejector","DemoMod:Unmoved"],"picked":"DemoMod:HighKaliber+1","floor":19},{"not_picked":["DemoMod:PracticeMakesPerfect","DemoMod:RadGun+1"],"picked":"DemoMod:JK47+1","floor":22},{"not_picked":["DemoMod:LifeOrb","DemoMod:ThirdPartyController"],"picked":"DemoMod:FastSwitch+1","floor":28},{"not_picked":["DemoMod:SkilledReload","DemoMod:Polaris"],"picked":"DemoMod:GunShield","floor":29},{"not_picked":["DemoMod:Ejector","DemoMod:CombinedRifle"],"picked":"DemoMod:TripleGun+1","floor":30},{"not_picked":["DemoMod:PotionOfGunFriendShip","DemoMod:HighKaliber+1"],"picked":"DemoMod:ZorGun+1","floor":31},{"not_picked":["DemoMod:DirectionalPad+1","DemoMod:JK47+1"],"picked":"DemoMod:DoubleSwitch+1","floor":32}],"player_experience":3723621,"relics_obtained":[{"floor":9,"key":"Bag of Marbles"},{"floor":12,"key":"Meat on the Bone"}],"event_choices":[{"damage_healed":0,"gold_gain":0,"player_choice":"Take Wound","damage_taken":0,"relics_obtained":["Golden Idol"],"max_hp_gain":0,"max_hp_loss":0,"event_name":"Golden Idol","floor":8,"gold_loss":0,"cards_obtained":["Injury"]},{"damage_healed":0,"gold_gain":175,"player_choice":"AGREE","damage_taken":0,"max_hp_gain":0,"max_hp_loss":0,"event_name":"Liars Game","floor":11,"gold_loss":0,"cards_obtained":["Doubt"]}],"is_beta":false,"boss_relics":[{"not_picked":["Runic Dome","Sozu"],"picked":"Empty Cage"}],"items_purged_floors":[10],"is_endless":false,"potions_floor_spawned":[1,4,7,13,16,18,19,22,28,30],"killed_by":"DemoMod:ResourcefulRat","ascension_level":0}}