{"host":"359hz4210ybch7ku","time":1612320186,"event":{"mods":["BaseMod","Block Reminder","Colored Map","Colored Powertips","Highlight Path","Minty Spire (QoL Compilation)","Slay the Relics Exporter","StSLib"],"gold_per_floor":[119,137,24,24,24,24,55,55,80,100,131,131,148,218,218,314,314,331,331,331,256,256,256,256,256],"floor_reached":24,"language":"ENG","playtime":1391,"items_purged":["Strike_G"],"score":270,"play_id":"b63f1b1e-77b6-42ed-9715-de3bfdc7d0a0","local_time":"20210202184306","is_ascension_mode":true,"campfire_choices":[{"floor":6,"key":"REST"},{"data":"Blur","floor":8,"key":"SMITH"},{"data":"Dodge and Roll","floor":12,"key":"SMITH"},{"data":"Backflip","floor":15,"key":"SMITH"},{"data":"Night Terror","floor":23,"key":"SMITH"}],"circlet_count":0,"master_deck":["Strike_G","Strike_G","Strike_G","Strike_G","Defend_G","Defend_G","Defend_G","Defend_G","Survivor","Neutralize+1","Backstab","Blur+1","Escape Plan+1","Acrobatics","Dodge and Roll+1","Adrenaline","Backflip+1","Night Terror+1","Bane+1","Die Die Die"],"relics":["Ring of the Snake","NeowsBlessing","StrikeDummy","Lizard Tail","Oddly Smooth Stone","Regal Pillow","Runic Dome"],"acts_visited":["Exordium","TheCity"],"potions_floor_usage":[16,16,16,24],"damage_taken":[{"damage":0,"enemies":"Small Slimes","floor":1,"turns":1},{"damage":0,"enemies":"2 Louse","floor":2,"turns":1},{"damage":0,"enemies":"3 Sentries","floor":7,"turns":1},{"damage":0,"enemies":"Jaw Worm","floor":10,"turns":3},{"damage":8,"enemies":"Lagavulin","floor":11,"turns":11},{"damage":0,"enemies":"Blue Slaver","floor":13,"turns":3},{"damage":41,"enemies":"Slime Boss","floor":16,"turns":19},{"damage":0,"enemies":"Spheric Guardian","floor":18,"turns":4},{"damage":108,"enemies":"Gremlin Leader","floor":24,"turns":15}],"seed_played":"-3597029118988807999","potions_obtained":[{"floor":2,"key":"Dexterity Potion"},{"floor":10,"key":"GamblersBrew"},{"floor":13,"key":"LiquidBronze"},{"floor":18,"key":"FearPotion"}],"is_trial":false,"path_per_floor":["M","M","$","?","?","R","E","R","T","M","E","R","M","?","R","B",null,"M","?","?","?","?","R","E"],"character_chosen":"THE_SILENT","items_purchased":["Escape Plan"],"campfire_rested":1,"item_purchase_floors":[3],"current_hp_per_floor":[70,70,70,56,38,59,59,59,59,59,51,51,51,51,51,10,70,70,70,70,70,70,70,0,0],"gold":256,"neow_bonus":"THREE_ENEMY_KILL","is_daily":false,"chose_seed":false,"campfire_upgraded":4,"win_rate":0.0,"timestamp":1612320186,"path_taken":["M","M","$","?","?","R","E","R","T","M","E","R","M","?","R","BOSS","M","?","?","?","?","R","E"],"items_purchased_type":["Card"],"build_version":"2020-12-22","purchased_purges":1,"victory":false,"max_hp_per_floor":[70,70,70,70,70,70,70,70,70,70,70,70,70,70,70,70,70,70,70,70,70,70,70,70,70],"card_choices":[{"not_picked":["Acrobatics","Bane"],"picked":"Backstab","floor":1},{"not_picked":["Masterful Stab","Predator"],"picked":"Blur","floor":2},{"not_picked":["Sucker Punch","Flying Knee"],"picked":"Acrobatics","floor":7},{"not_picked":["Outmaneuver","Prepared"],"picked":"Dodge and Roll","floor":10},{"not_picked":["Distraction","Endless Agony"],"picked":"Adrenaline","floor":11},{"not_picked":["Dagger Throw","Endless Agony"],"picked":"Backflip","floor":13},{"not_picked":["A Thousand Cuts","Corpse Explosion"],"picked":"Night Terror","floor":16},{"not_picked":["Dagger Throw","Tactician"],"picked":"Bane+1","floor":18}],"player_experience":306529,"relics_obtained":[{"floor":7,"key":"Lizard Tail"},{"floor":9,"key":"Oddly Smooth Stone"},{"floor":11,"key":"Regal Pillow"}],"event_choices":[{"damage_healed":0,"gold_gain":0,"player_choice":"Entered Light","damage_taken":14,"max_hp_gain":0,"max_hp_loss":0,"event_name":"Shining Light","floor":4,"gold_loss":0,"cards_upgraded":["Escape Plan","Neutralize"]},{"damage_healed":0,"gold_gain":0,"player_choice":"Success","damage_taken":18,"relics_obtained":["StrikeDummy"],"max_hp_gain":0,"max_hp_loss":0,"event_name":"Scrap Ooze","floor":5,"gold_loss":0},{"damage_healed":0,"gold_gain":70,"player_choice":"Gained Gold","damage_taken":0,"max_hp_gain":0,"max_hp_loss":0,"event_name":"Golden Wing","floor":14,"gold_loss":0},{"damage_healed":0,"gold_gain":0,"player_choice":"Smashed Altar","damage_taken":0,"max_hp_gain":0,"max_hp_loss":0,"event_name":"Forgotten Altar","floor":19,"gold_loss":0,"cards_obtained":["Decay"]},{"damage_healed":0,"gold_gain":0,"player_choice":"Ignored","damage_taken":0,"max_hp_gain":0,"max_hp_loss":0,"event_name":"Vampires","floor":20,"gold_loss":0},{"cards_removed":["Decay"],"damage_healed":0,"gold_gain":0,"player_choice":"Gave Gold","damage_taken":0,"max_hp_gain":0,"max_hp_loss":0,"event_name":"Beggar","floor":21,"gold_loss":75},{"damage_healed":0,"gold_gain":0,"cards_transformed":["Defend_G"],"player_choice":"Transformed","damage_taken":0,"max_hp_gain":0,"max_hp_loss":0,"event_name":"Transmorgrifier","floor":22,"gold_loss":0,"cards_obtained":["Die Die Die"]}],"is_beta":false,"boss_relics":[{"not_picked":["Calling Bell","WristBlade"],"picked":"Runic Dome"}],"items_purged_floors":[3],"is_endless":false,"potions_floor_spawned":[2,10,13,18],"killed_by":"Gremlin Leader","ascension_level":4}}