{"host":"ibckqdmmf9y74ymf","time":1612381727,"event":{"mods":["2.2 Compatiblity","BaseMod","Colored Map","Curses Come First","Highlight Path","Minty Spire (QoL Compilation)","Quick Restart","Rare Cards Sparkle","Relic Stats","StSLib"],"gold_per_floor":[117,127,127,151,151,151,171,196,196,196,221,259,259,320,320,410,410,425,106,106,152,195,195,213,213,213],"floor_reached":25,"language":"ENG","playtime":1782,"items_purged":["Strike_P"],"score":430,"play_id":"547d2e43-5637-47aa-aa50-7c4607f63ef4","local_time":"20210203204847","is_ascension_mode":true,"campfire_choices":[{"data":"FlurryOfBlows","floor":6.0,"key":"SMITH"},{"data":"Wish","floor":10.0,"key":"SMITH"},{"floor":13.0,"key":"REST"},{"data":"WheelKick","floor":15.0,"key":"SMITH"},{"floor":23.0,"key":"REST"}],"circlet_count":0,"master_deck":["AscendersBane","Strike_P","Strike_P","Strike_P","Defend_P","Defend_P","Defend_P","Defend_P","Eruption","Vigilance","WheelKick+1","EmptyFist","FlurryOfBlows+1","FollowUp","Wish+1","Adaptation+1","LikeWater+1","BowlingBash+1","Tantrum","RitualDagger","JustLucky+1","MentalFortress+1","Halt+1"],"relics":["PureWater","NeowsBlessing","Golden Idol","Frozen Egg 2","Orichalcum","GoldenEye","Cursed Key","Akabeko"],"acts_visited":["Exordium","TheCity"],"potions_floor_usage":[],"damage_taken":[{"damage":0.0,"enemies":"Jaw Worm","floor":1.0,"turns":1.0},{"damage":0.0,"enemies":"2 Louse","floor":2.0,"turns":1.0},{"damage":0.0,"enemies":"Cultist","floor":4.0,"turns":1.0},{"damage":0.0,"enemies":"Large Slime","floor":7.0,"turns":2.0},{"damage":7.0,"enemies":"Looter","floor":8.0,"turns":3.0},{"damage":2.0,"enemies":"Exordium Wildlife","floor":11.0,"turns":5.0},{"damage":22.0,"enemies":"Gremlin Nob","floor":12.0,"turns":3.0},{"damage":22.0,"enemies":"3 Sentries","floor":14.0,"turns":10.0},{"damage":24.0,"enemies":"Slime Boss","floor":16.0,"turns":7.0},{"damage":0.0,"enemies":"Spheric Guardian","floor":18.0,"turns":2.0},{"damage":15.0,"enemies":"Shell Parasite","floor":21.0,"turns":3.0},{"damage":12.0,"enemies":"Centurion and Healer","floor":22.0,"turns":3.0},{"damage":0.0,"enemies":"Cultist and Chosen","floor":24.0,"turns":5.0},{"damage":73,"enemies":"Book of Stabbing","floor":25,"turns":6}],"seed_played":"-1887376197463866430","potions_obtained":[{"floor":1.0,"key":"Ancient Potion"},{"floor":7.0,"key":"Fruit Juice"},{"floor":14.0,"key":"Block Potion"},{"floor":22.0,"key":"Explosive Potion"},{"floor":24.0,"key":"FairyPotion"}],"is_trial":false,"path_per_floor":["M","M","?","M","?","R","M","M","T","R","M","E","R","E","R","B",null,"M","$","?","M","M","R","M","E"],"character_chosen":"WATCHER","items_purchased":["Akabeko","Tantrum"],"campfire_rested":2,"item_purchase_floors":[19,19],"current_hp_per_floor":[61,61,61,61,66,66,66,59,59,59,57,35,55,38,38,14,58,58,58,52,37,25,46,46,0,0],"gold":213,"neow_bonus":"THREE_ENEMY_KILL","is_daily":false,"chose_seed":false,"campfire_upgraded":3,"win_rate":0.0,"timestamp":1612381727,"path_taken":["M","M","?","M","?","R","M","M","T","R","?","E","R","E","R","BOSS","M","$","?","M","M","R","M","E"],"items_purchased_type":["Relic","Card"],"build_version":"2020-12-22","purchased_purges":1,"victory":false,"max_hp_per_floor":[68,68,62,62,67,67,67,67,67,67,67,67,67,72,72,72,72,72,72,72,72,72,72,72,72,72],"relic_stats":{"counters":[14,52],"Golden Idol":64,"Orichalcum":[84],"GoldenEye":[7],"Cursed Key":0,"obtain_stats":[{"NeowsBlessing":0,"Golden Idol":3,"PureWater":0,"Frozen Egg 2":9,"Orichalcum":12,"GoldenEye":14,"Cursed Key":17,"Akabeko":19},{"NeowsBlessing":0,"Golden Idol":2,"PureWater":0,"Frozen Egg 2":5,"Orichalcum":7,"GoldenEye":8,"Cursed Key":9,"Akabeko":10},{"NeowsBlessing":0,"Golden Idol":2,"PureWater":0,"Frozen Egg 2":8,"Orichalcum":16,"GoldenEye":26,"Cursed Key":33,"Akabeko":35}]},"card_choices":[{"not_picked":["Pray","PathToVictory"],"picked":"WheelKick","floor":1.0},{"not_picked":["PathToVictory","Prostrate"],"picked":"EmptyFist","floor":2.0},{"not_picked":["EmptyFist","FlyingSleeves"],"picked":"FlurryOfBlows","floor":4.0},{"not_picked":["Protect","ForeignInfluence"],"picked":"FollowUp","floor":7.0},{"not_picked":["Perseverance","CutThroughFate"],"picked":"Wish","floor":8.0},{"not_picked":["Pray","FollowUp","Crescendo"],"picked":"SKIP","floor":11.0},{"not_picked":["Crescendo","InnerPeace"],"picked":"Adaptation+1","floor":12.0},{"not_picked":["WaveOfTheHand","Prostrate"],"picked":"LikeWater+1","floor":14.0},{"not_picked":["FlurryOfBlows","ReachHeaven"],"picked":"BowlingBash+1","floor":18.0},{"not_picked":["SashWhip","Fasting2+1"],"picked":"JustLucky+1","floor":21.0},{"not_picked":["WaveOfTheHand","Wireheading+1"],"picked":"MentalFortress+1","floor":22.0},{"not_picked":["CutThroughFate+1","JustLucky"],"picked":"Halt+1","floor":24.0}],"player_experience":677132,"relics_obtained":[{"floor":9.0,"key":"Frozen Egg 2"},{"floor":12.0,"key":"Orichalcum"},{"floor":14.0,"key":"GoldenEye"}],"event_choices":[{"damage_healed":0.0,"max_hp_gain":0.0,"max_hp_loss":6.0,"gold_gain":0.0,"event_name":"Golden Idol","player_choice":"Lose Max HP","floor":3.0,"gold_loss":0.0,"damage_taken":0.0,"relics_obtained":["Golden Idol"]},{"damage_healed":0.0,"max_hp_gain":5.0,"max_hp_loss":0.0,"gold_gain":0.0,"event_name":"Big Fish","player_choice":"Donut","floor":5.0,"gold_loss":0.0,"damage_taken":0.0},{"damage_healed":0.0,"max_hp_gain":0.0,"max_hp_loss":0.0,"gold_gain":0.0,"event_name":"Nest","player_choice":"Joined the Cult","floor":20.0,"gold_loss":0.0,"damage_taken":6.0,"cards_obtained":["RitualDagger"]}],"is_beta":false,"boss_relics":[{"not_picked":["Busted Crown","Philosopher\u0027s Stone"],"picked":"Cursed Key"}],"items_purged_floors":[19],"is_endless":false,"potions_floor_spawned":[1,7,14,22,24],"killed_by":"Book of Stabbing","ascension_level":20}}