{"host":"6bsan6hkua32tfq7","time":1612315881,"event":{"mods":["BaseMod","Better Third Choice","Colored Map","Highlight Path","Minty Spire (QoL Compilation)","StSLib"],"gold_per_floor":[13,13,13,27,27,56,56,56,80,80,100,133,150,150,150,244,244,258,282,282,282,42,42,75,75,75,102,102,129,140,140,140,219,219,237,237,1236,1255,939,939,967,967,967,992,1006,1019,1019,1019],"floor_reached":47,"language":"ENG","playtime":3481,"items_purged":["Strike_R","Normality"],"score":1244,"play_id":"2b4d7622-d0fd-426e-9e32-0b0e6b302199","local_time":"20210203023121","is_ascension_mode":true,"campfire_choices":[{"data":"Magnetism","floor":8.0,"key":"SMITH"},{"data":"Intimidate","floor":10.0,"key":"SMITH"},{"data":"Fire Breathing","floor":15.0,"key":"SMITH"},{"floor":23.0,"key":"REST"},{"floor":25.0,"key":"REST"},{"data":"Barricade","floor":28.0,"key":"SMITH"},{"floor":32.0,"key":"REST"},{"floor":40.0,"key":"RECALL"},{"floor":42,"key":"REST"}],"circlet_count":0,"master_deck":["AscendersBane","Defend_R","Defend_R","Defend_R","Bash","Magnetism+1","Headbutt","Metallicize","Intimidate+1","Fire Breathing+1","Metallicize","Barricade+1","Flame Barrier+1","Combust+1","True Grit+1","Battle Trance","Feel No Pain","Sentinel+1","Havoc+1","Shrug It Off+1","Insight","Metallicize+1","Normality","Entrench","Dark Embrace","Bandage Up","Dark Embrace+1","Metallicize"],"relics":["Burning Blood","Question Card","Bronze Scales","Strawberry","Bloody Idol","Astrolabe","Membership Card","Eternal Feather","Letter Opener","StrikeDummy","Kunai","Philosopher\u0027s Stone","Gremlin Horn","Vajra","Bag of Preparation"],"acts_visited":["Exordium","TheCity","TheBeyond"],"potions_floor_usage":[41,47,47],"damage_taken":[{"damage":2.0,"enemies":"Cultist","floor":1.0,"turns":4.0},{"damage":14.0,"enemies":"Jaw Worm","floor":4.0,"turns":5.0},{"damage":23.0,"enemies":"Lagavulin","floor":6.0,"turns":7.0},{"damage":10.0,"enemies":"Small Slimes","floor":11.0,"turns":4.0},{"damage":19.0,"enemies":"3 Sentries","floor":12.0,"turns":5.0},{"damage":7.0,"enemies":"Blue Slaver","floor":13.0,"turns":5.0},{"damage":26.0,"enemies":"Hexaghost","floor":16.0,"turns":8.0},{"damage":47.0,"enemies":"Chosen","floor":18.0,"turns":5.0},{"damage":5.0,"enemies":"3 Byrds","floor":19.0,"turns":4.0},{"damage":66.0,"enemies":"Gremlin Leader","floor":24.0,"turns":7.0},{"damage":39.0,"enemies":"Slavers","floor":27.0,"turns":5.0},{"damage":22.0,"enemies":"Gremlin Leader","floor":29.0,"turns":6.0},{"damage":24.0,"enemies":"Sentry and Sphere","floor":30.0,"turns":7.0},{"damage":39.0,"enemies":"Collector","floor":33.0,"turns":13.0},{"damage":7.0,"enemies":"Orb Walker","floor":35.0,"turns":4.0},{"damage":48.0,"enemies":"3 Darklings","floor":38.0,"turns":6.0},{"damage":64,"enemies":"Reptomancer","floor":41,"turns":7},{"damage":0,"enemies":"Giant Head","floor":44,"turns":14},{"damage":9,"enemies":"4 Shapes","floor":45,"turns":5},{"damage":24,"enemies":"Maw","floor":46,"turns":13},{"damage":79,"enemies":"2 Orb Walkers","floor":47,"turns":4}],"seed_played":"628235135903337375","potions_obtained":[{"floor":1.0,"key":"FairyPotion"},{"floor":6.0,"key":"BlessingOfTheForge"},{"floor":13.0,"key":"PowerPotion"},{"floor":18.0,"key":"BloodPotion"},{"floor":27.0,"key":"SneckoOil"},{"floor":33.0,"key":"AttackPotion"},{"floor":41,"key":"Fire Potion"},{"floor":44,"key":"PowerPotion"}],"is_trial":false,"path_per_floor":["M","?","?","M","?","E","$","R","T","R","M","E","M","?","R","B",null,"M","M","?","?","$","R","E","R","T","E","R","E","M","?","R","B",null,"M","?","?","M","$","R","E","R","T","E","M","M","?"],"character_chosen":"IRONCLAD","items_purchased":["Membership Card","Feel No Pain","Gremlin Horn","EssenceOfSteel","Dark Embrace","Bandage Up"],"campfire_rested":4,"item_purchase_floors":[22,22,39,39,39,39],"current_hp_per_floor":[72,72,65,57,57,40,40,40,40,40,36,30,29,29,29,9,58,17,18,18,33,33,55,29,60,60,32,41,30,17,17,51,23,61,65,65,70,33,33,48,13,50,50,65,71,62,0,0],"gold":1019,"neow_bonus":"RANDOM_COLORLESS_2","is_daily":false,"chose_seed":false,"campfire_upgraded":4,"win_rate":0.0,"timestamp":1612315881,"path_taken":["M","?","?","M","?","E","$","R","T","R","M","E","M","?","R","BOSS","M","M","?","?","?","R","E","R","T","E","R","E","M","?","R","BOSS","M","?","?","M","$","R","E","R","T","E","M","M","?"],"items_purchased_type":["Relic","Card","Relic","Potion","Card","Card"],"build_version":"2020-12-22","purchased_purges":2,"victory":false,"max_hp_per_floor":[75,75,75,75,75,75,75,75,75,75,75,82,82,74,74,74,74,74,74,74,74,74,74,74,74,74,74,74,74,74,74,74,74,74,74,74,74,74,74,74,74,74,74,74,74,74,74,74],"card_choices":[{"not_picked":["Violence","Master of Strategy"],"picked":"Magnetism","floor":0.0},{"not_picked":["Rampage","Pommel Strike"],"picked":"Headbutt","floor":1.0},{"not_picked":["Dark Embrace","Blood for Blood"],"picked":"Metallicize","floor":4.0},{"not_picked":["Exhume","Carnage"],"picked":"Intimidate","floor":6.0},{"not_picked":["Pommel Strike","Wild Strike","Spot Weakness"],"picked":"Fire Breathing","floor":11.0},{"not_picked":["Power Through","Cleave","Rupture"],"picked":"Metallicize","floor":12.0},{"not_picked":["Wild Strike","Flex","Rupture","Clothesline"],"picked":"SKIP","floor":13.0},{"not_picked":["Limit Break","Offering","Immolate"],"picked":"Barricade","floor":16.0},{"not_picked":["Sword Boomerang","Pommel Strike","Entrench"],"picked":"True Grit+1","floor":18.0},{"not_picked":["Iron Wave","Heavy Blade","Clothesline"],"picked":"Battle Trance","floor":19.0},{"not_picked":["Thunderclap","Whirlwind","Twin Strike"],"picked":"Sentinel+1","floor":24.0},{"not_picked":["Havoc","Anger","Cleave","Rupture"],"picked":"SKIP","floor":27.0},{"not_picked":["Seeing Red","True Grit","Immolate"],"picked":"Havoc+1","floor":29.0},{"not_picked":["Fire Breathing","Perfected Strike","Iron Wave"],"picked":"Shrug It Off+1","floor":30.0},{"not_picked":["Battle Trance","Cleave+1","True Grit"],"picked":"Metallicize+1","floor":35.0},{"not_picked":["Rampage","Sword Boomerang","Havoc"],"picked":"Entrench","floor":38.0},{"not_picked":["Wild Strike","Sword Boomerang","Pommel Strike+1"],"picked":"Dark Embrace+1","floor":41},{"not_picked":["Combust","Heavy Blade","Flame Barrier+1","Sword Boomerang"],"picked":"SKIP","floor":44},{"not_picked":["Wild Strike","Havoc","Rupture"],"picked":"Metallicize","floor":45},{"not_picked":["Heavy Blade","Entrench","Sword Boomerang","Reaper"],"picked":"SKIP","floor":46}],"player_experience":5400616,"relics_obtained":[{"floor":6.0,"key":"Question Card"},{"floor":9.0,"key":"Bronze Scales"},{"floor":12.0,"key":"Strawberry"},{"floor":24.0,"key":"Eternal Feather"},{"floor":26.0,"key":"Letter Opener"},{"floor":27.0,"key":"StrikeDummy"},{"floor":29.0,"key":"Kunai"},{"floor":41,"key":"Vajra"},{"floor":44,"key":"Bag of Preparation"}],"event_choices":[{"cards_removed":["Strike_R"],"damage_healed":0.0,"max_hp_gain":0.0,"max_hp_loss":0.0,"gold_gain":0.0,"event_name":"Living Wall","player_choice":"Forget","floor":2.0,"gold_loss":0.0,"damage_taken":0.0},{"cards_removed":["Defend_R"],"damage_healed":0.0,"max_hp_gain":0.0,"max_hp_loss":0.0,"gold_gain":0.0,"event_name":"Golden Wing","player_choice":"Card Removal","floor":3.0,"gold_loss":0.0,"damage_taken":7.0},{"damage_healed":0.0,"max_hp_gain":0.0,"max_hp_loss":0.0,"gold_gain":0.0,"event_name":"betterThird:BetterSerpent","player_choice":"Ignored","floor":5.0,"gold_loss":0.0,"damage_taken":27.0},{"damage_healed":0.0,"max_hp_gain":0.0,"max_hp_loss":8.0,"gold_gain":0.0,"event_name":"Golden Idol","player_choice":"Lose Max HP","floor":14.0,"gold_loss":0.0,"damage_taken":0.0,"relics_obtained":["Golden Idol"]},{"damage_healed":0.0,"max_hp_gain":0.0,"max_hp_loss":0.0,"gold_gain":0.0,"event_name":"Forgotten Altar","player_choice":"Gave Idol","floor":20.0,"relics_lost":["Golden Idol"],"gold_loss":0.0,"damage_taken":0.0,"relics_obtained":["Bloody Idol"]},{"damage_healed":15.0,"max_hp_gain":0.0,"max_hp_loss":0.0,"gold_gain":0.0,"event_name":"The Library","player_choice":"Heal","floor":21.0,"gold_loss":0.0,"damage_taken":0.0},{"damage_healed":0.0,"max_hp_gain":0.0,"max_hp_loss":0.0,"gold_gain":0.0,"event_name":"betterThird:BetterWriting","player_choice":"Insight","floor":31.0,"gold_loss":0.0,"damage_taken":0.0,"cards_obtained":["Insight"]},{"cards_removed":["Sever Soul"],"damage_healed":0.0,"max_hp_gain":0.0,"max_hp_loss":0.0,"gold_gain":0.0,"event_name":"Falling","player_choice":"Removed Attack","floor":36.0,"gold_loss":0.0,"damage_taken":0.0},{"damage_healed":0.0,"max_hp_gain":0.0,"max_hp_loss":0.0,"gold_gain":999.0,"event_name":"MindBloom","player_choice":"Gold","floor":37.0,"gold_loss":0.0,"damage_taken":0.0,"cards_obtained":["Normality","Normality"]},{"damage_healed":0,"gold_gain":0,"player_choice":"Fight","damage_taken":0,"max_hp_gain":0,"max_hp_loss":0,"event_name":"Mysterious Sphere","floor":47,"gold_loss":0}],"is_beta":false,"boss_relics":[{"not_picked":["Snecko Eye","SacredBark"],"picked":"Astrolabe"},{"not_picked":["Empty Cage","Tiny House"],"picked":"Philosopher\u0027s Stone"}],"items_purged_floors":[22,39],"is_endless":false,"potions_floor_spawned":[1,6,11,13,18,27,33,35,41,44],"killed_by":"2 Orb Walkers","ascension_level":20}}