{"host":"c1ih99nde5rm1bm8","time":1612362616,"event":{"mods":["ATMod(∞¢Ë™Mod)","Act Like it!","BaseMod","Colored Powertips","FoggyMod","Gensokyo","Highlight Path","Marisa£®ÏF”Í°°ƒß¿Ì…≥£©","Minty Spire (QoL Compilation)","MostiFishMod","Quick Restart","Reimu£®≤©¿ˆ¡È√Œ£©","Remilia£®¿Ÿ√◊¿Ú—«£©","Replay The Spire","StSLib","UnlockEverythingMod","Waifu the Spire","Youmu£®ªÍ∆«—˝√Œ£©","Yuri Mod","noobMod","°æ“≈ŒÔø®≈∆°øREMEMod"],"gold_per_floor":[153,153,153,228,270,360,360,435,435,440,440,440,440,500,500,806,806,854,814,814,814,814,814,866,947,1000,1168,1093,1033,1033,1033,1033,1342,1342,1390,1665,1665,1665,1665,1815,1815,1956,1981,1981,1981,2203,2203,2203,2203,2328,2328,2328,2328,2453,2478],"floor_reached":56,"language":"ZHS","playtime":1201,"items_purged":["yuri:DragonForm","ReplayTheSpireMod:Splinters","Dagger Throw","Amnesia","BatForm","Backflip","Regret","MostiFishMod:Confrontation","Overencumbered","MostiFishMod:GrandStart+1","Languid"],"score":1635,"play_id":"896e4ce5-346f-4e21-81af-9a040c006cf0","local_time":"20210203223016","daily_mods":["Draft","Time Dilation","Flight","Cursed Run","Lethality","Midas","Binary"],"is_ascension_mode":false,"campfire_choices":[{"floor":32,"key":"RECALL"},{"floor":52,"key":"REST"}],"circlet_count":0,"master_deck":["Demon Form","Wraith Form v2","Echo Form","DevaForm","yuri:GhostForm","KamiRite:ReiMu","AT_FocusSwordFire","Masterful Stab","Blade Dance+1","Blade Dance+1","Backflip","Cloak And Dagger","Acrobatics","Dagger Spray","Hidden Blade","Dagger Spray","Quick Slash","Endless Agony+1","Apotheosis","MostiFishMod:OneDayCity","ReplayTheSpireMod:Faulty Equipment","ReplayTheSpireMod:Faulty Equipment","Spreading Infection","Writhe","CommonCold","ReplayTheSpireMod:Faulty Equipment"],"relics":["Cursed Key","Darkstone Periapt","Du-Vu Doll","Busted Crown","DaveBox","ice","REME_ComplimentaryCards","AT_ATBox","DiscerningMonocle","SynthV:TestCard","Ninja Scroll","TheAbacus","Boot","AT_DeathDance","AT_PhaseBoots","Whetstone","AT_EbonyIvory","InkBottle","BirthdayGift-Tetrahedron","Blue Candle","Basket Of Snakes","SynthV","ReplayTheSpireMod:Ring of Collecting","Ring of Panic","WristBlade","ZunR:ReiMu","Toy Ornithopter","Mastiff:ReiMu","MostiFishMod:AdaptiveDefenses","AT_GoldPhoenixTree","Pet Ghost","Technique","AT_ChloranthyRing","Bottled Lightning","ClockworkSouvenir","Ring of Peace","Juzu Bracelet","Red Mask","ReplayTheSpireMod:Ring of Exchange","Art of War","Snake Skull","MutagenicStrength","ReplayTheSpireMod:Ring of Challenge","SentryEyes","AT_TrinityForce","ReplayTheSpireMod:Ninjato","ReplayTheSpireMod:TigerMarble","MetatronsCube","Ring of Fangs","Replay:Bottled Snecko","Mango","CatCart","Ring of Fury","Ancient Tea Set","Kunai","AT_Manta","TwistedFunnel","AT_MibuBalloonWealth","GuanYuAspect","ImprovedEquipment","Replay:PocketPolymizer","Replay:Arrowhead","Snecko Heart","Ring of Chaos","Ring of Hypnosis","AT_BellDemon","Vampiric Spirits","Chemical X","AT_SilvercatRing","AT_BladeRuinedKing"],"acts_visited":["Exordium","TheCity","TheBeyond","TheEnding"],"potions_floor_usage":[55,55,55],"damage_taken":[{"damage":0,"enemies":"2 Louse","floor":1,"turns":1},{"damage":0,"enemies":"Jaw Worm","floor":5,"turns":1},{"damage":0,"enemies":"Gremlin Nob","floor":6,"turns":1},{"damage":5,"enemies":"Lagavulin","floor":10,"turns":2},{"damage":0,"enemies":"Small Slimes","floor":14,"turns":1},{"damage":0,"enemies":"Slime Boss","floor":16,"turns":1},{"damage":0,"enemies":"3 Byrds","floor":18,"turns":1},{"damage":0,"enemies":"Masked Bandits","floor":25,"turns":1},{"damage":0,"enemies":"Collector","floor":33,"turns":1},{"damage":0,"enemies":"3 Shapes","floor":35,"turns":1},{"damage":0,"enemies":"2 Orb Walkers","floor":40,"turns":1},{"damage":3,"enemies":"Orin","floor":42,"turns":2},{"damage":6,"enemies":"Awakened One","floor":50,"turns":2},{"damage":3,"enemies":"Shield and Spear","floor":54,"turns":1},{"damage":9,"enemies":"The Heart","floor":55,"turns":3}],"seed_played":"-764774970783756769","potions_obtained":[{"floor":5,"key":"Regen Potion"},{"floor":6,"key":"FearPotion"}],"is_trial":true,"path_per_floor":["M","$","?","T","M","E","?","?","T","E","$","?","$","M","R","B",null,"M","?","$","$","?","$","T","?","T","?","?","?","?","T","R","B",null,"M","?","$","?","T","?","?","?","T","$","$","?","$","?","R","B",null,"R","$","E","B",null],"character_chosen":"THE_SILENT","items_purchased":["Ninja Scroll","TheAbacus","Boot","Endless Agony","Apotheosis","AT_EbonyIvory","InkBottle","BirthdayGift-Tetrahedron","MostiFishMod:Confrontation","Blue Candle","Basket Of Snakes","SynthV","Swift Potion","Toy Ornithopter","Mastiff:ReiMu","MostiFishMod:AdaptiveDefenses","MostiFishMod:OneDayCity","AT_GoldPhoenixTree","Pet Ghost","Technique","AT_ChloranthyRing","Bottled Lightning","ClockworkSouvenir","ReplayTheSpireMod:Ninjato","ReplayTheSpireMod:TigerMarble","MetatronsCube","Kunai","AT_Manta","TwistedFunnel","AT_MibuBalloonWealth","GuanYuAspect","ImprovedEquipment","Replay:PocketPolymizer","Replay:Arrowhead","Snecko Heart","AT_BellDemon","Vampiric Spirits","Chemical X"],"campfire_rested":1,"item_purchase_floors":[2,2,2,2,2,11,11,11,11,13,13,13,13,20,20,20,20,21,21,21,23,23,23,37,37,37,44,44,44,45,45,45,47,47,47,53,53,53],"current_hp_per_floor":[70,70,70,76,76,76,72,65,71,66,66,66,66,66,66,72,86,86,86,86,86,86,86,92,92,98,98,98,98,98,104,104,110,110,110,116,116,116,122,136,136,133,139,139,71,71,71,71,74,80,83,89,89,89,90],"gold":2478,"neow_bonus":"","is_daily":false,"chose_seed":false,"campfire_upgraded":0,"win_rate":0.0,"timestamp":1612362616,"path_taken":["M","$","?","?","?","E","?","?","T","E","$","?","$","?","R","BOSS","M","?","$","$","?","$","?","?","T","?","?","?","?","?","R","BOSS","M","?","?","?","?","?","?","?","T","?","$","?","$","?","R","BOSS","R","$","E","BOSS"],"items_purchased_type":["Relic","Relic","Relic","Card","Card","Relic","Relic","Relic","Card","Relic","Relic","Relic","Potion","Relic","Relic","Relic","Card","Relic","Relic","Relic","Relic","Relic","Relic","Relic","Relic","Relic","Relic","Relic","Relic","Relic","Relic","Relic","Relic","Relic","Relic","Relic","Relic","Relic"],"build_version":"2020-12-22","purchased_purges":11,"victory":true,"max_hp_per_floor":[70,70,70,76,76,76,76,76,82,82,82,82,82,82,82,86,86,86,86,86,86,86,86,92,92,98,98,98,98,98,104,104,110,110,110,116,116,116,122,136,136,136,142,142,71,71,71,71,77,83,83,89,89,89,93],"card_choices":[{"not_picked":["Underhanded Strike","Bane"],"picked":"Masterful Stab","floor":0},{"not_picked":["Quick Slash","Distraction"],"picked":"Blade Dance","floor":0},{"not_picked":["PiercingWail","Dodge and Roll"],"picked":"Blade Dance","floor":0},{"not_picked":["Dodge and Roll","Predator"],"picked":"Backflip","floor":0},{"not_picked":["ReplayTheSpireMod:The Works","AT_TwilightShroud"],"picked":"Cloak And Dagger","floor":0},{"not_picked":["ReplayTheSpireMod:Shiv Toss","Outmaneuver"],"picked":"Slice","floor":0},{"not_picked":["Dodge and Roll","AT_WindFlip"],"picked":"Acrobatics","floor":0},{"not_picked":["PiercingWail","Outmaneuver"],"picked":"Finisher","floor":0},{"not_picked":["AT_KneejerkReflex","Leg Sweep"],"picked":"Dagger Throw","floor":0},{"not_picked":["AT_WomanClash","Fluid Movement"],"picked":"Dagger Spray","floor":0},{"not_picked":["Sneak Up","Backflip"],"picked":"Poisoned Stab","floor":0},{"not_picked":["AT_WindFlip","Dash"],"picked":"Hidden Blade","floor":0},{"not_picked":["Dagger Throw","Terror"],"picked":"Dagger Spray","floor":0},{"not_picked":["Dodge and Roll","Backflip"],"picked":"Dagger Throw","floor":0},{"not_picked":["Cloak And Dagger","Concentrate"],"picked":"Quick Slash","floor":0},{"not_picked":["Dagger Throw","Noxious Fumes"],"picked":"SKIP","floor":5},{"not_picked":["Underhanded Strike","Sucker Punch"],"picked":"SKIP","floor":6},{"not_picked":["MostiFishMod:PoisonShield","PiercingWail"],"picked":"SKIP","floor":10},{"not_picked":["Dagger Throw","MostiFishMod:PerfectParry"],"picked":"SKIP","floor":14},{"not_picked":["Outmaneuver","Dagger Throw+1"],"picked":"SKIP","floor":18},{"not_picked":["Burst"],"picked":"MostiFishMod:GrandStart","floor":33},{"not_picked":["ReplayTheSpireMod:Tripwire+1","Caltrops+1"],"picked":"SKIP","floor":35},{"not_picked":["Deadly Poison+1","Sucker Punch"],"picked":"SKIP","floor":54}],"player_experience":41108,"relics_obtained":[{"floor":1,"key":"SynthV:TestCard"},{"floor":6,"key":"AT_DeathDance"},{"floor":9,"key":"AT_SpeedBoots"},{"floor":10,"key":"Whetstone"},{"floor":15,"key":"ReplayTheSpireMod:Ring of Collecting"},{"floor":15,"key":"Ring of Panic"},{"floor":24,"key":"Ring of Peace"},{"floor":24,"key":"Juzu Bracelet"},{"floor":25,"key":"Red Mask"},{"floor":26,"key":"ReplayTheSpireMod:Ring of Exchange"},{"floor":26,"key":"Art of War"},{"floor":27,"key":"Snake Skull"},{"floor":31,"key":"ReplayTheSpireMod:Ring of Challenge"},{"floor":31,"key":"SentryEyes"},{"floor":39,"key":"Ring of Fangs"},{"floor":39,"key":"Replay:Bottled Snecko"},{"floor":40,"key":"Mango"},{"floor":42,"key":"CatCart"},{"floor":43,"key":"Ring of Fury"},{"floor":43,"key":"Ancient Tea Set"},{"floor":49,"key":"Ring of Chaos"},{"floor":49,"key":"Ring of Hypnosis"},{"floor":54,"key":"AT_SilvercatRing"},{"floor":54,"key":"AT_BladeRuinedKing"}],"event_choices":[{"damage_healed":0,"gold_gain":0,"cards_transformed":["Dagger Throw"],"player_choice":"Change","damage_taken":0,"max_hp_gain":0,"max_hp_loss":0,"event_name":"Living Wall","floor":3,"gold_loss":0,"cards_obtained":["Backflip"]},{"cards_removed":["Poisoned Stab"],"damage_healed":0,"gold_gain":0,"player_choice":"Card Removal","damage_taken":7,"max_hp_gain":0,"max_hp_loss":0,"event_name":"Golden Wing","floor":7,"gold_loss":0},{"damage_healed":0,"gold_gain":75,"player_choice":"Gather Gold","damage_taken":11,"max_hp_gain":0,"max_hp_loss":0,"event_name":"World of Goop","floor":8,"gold_loss":0},{"damage_healed":0,"gold_gain":0,"player_choice":"π∫¬Ú…Òæ∆","damage_taken":0,"relics_obtained":["ZunR:ReiMu"],"max_hp_gain":0,"max_hp_loss":0,"event_name":"ZunEvent","floor":19,"gold_loss":40},{"damage_healed":0,"gold_gain":0,"player_choice":"Ignored","damage_taken":0,"max_hp_gain":0,"max_hp_loss":0,"event_name":"Ghosts","floor":22,"gold_loss":0},{"damage_healed":0,"gold_gain":0,"player_choice":"Fought Bandits","damage_taken":0,"max_hp_gain":0,"max_hp_loss":0,"event_name":"Masked Bandits","floor":25,"gold_loss":0},{"cards_removed":["yuri:RhapsodyCurse"],"damage_healed":0,"gold_gain":0,"player_choice":"Gave Gold","damage_taken":0,"max_hp_gain":0,"max_hp_loss":0,"event_name":"Beggar","floor":28,"gold_loss":75},{"damage_healed":0,"gold_gain":0,"player_choice":"Inject Mutagens","damage_taken":0,"relics_obtained":["MutagenicStrength"],"max_hp_gain":0,"max_hp_loss":0,"event_name":"Drug Dealer","floor":30,"gold_loss":0},{"damage_healed":0,"gold_gain":275,"player_choice":"Desecrate","damage_taken":0,"max_hp_gain":0,"max_hp_loss":0,"event_name":"Golden Shrine","floor":36,"gold_loss":0,"cards_obtained":["Regret"]},{"damage_healed":0,"gold_gain":0,"player_choice":"Upgraded","damage_taken":0,"max_hp_gain":0,"max_hp_loss":0,"event_name":"Upgrade Shrine","floor":38,"gold_loss":0,"cards_upgraded":["MostiFishMod:GrandStart"]},{"damage_healed":0,"gold_gain":0,"player_choice":"Fight","damage_taken":0,"max_hp_gain":0,"max_hp_loss":0,"event_name":"Mysterious Sphere","floor":40,"gold_loss":0},{"cards_removed":["Slice"],"damage_healed":0,"gold_gain":0,"player_choice":"Removed Attack","damage_taken":0,"max_hp_gain":0,"max_hp_loss":0,"event_name":"Falling","floor":41,"gold_loss":0},{"damage_healed":0,"gold_gain":0,"player_choice":"Fight","damage_taken":0,"max_hp_gain":0,"max_hp_loss":0,"event_name":"OrinTheCat","floor":42,"gold_loss":0},{"damage_healed":0,"gold_gain":222,"player_choice":"Wore Mask","damage_taken":0,"max_hp_gain":0,"max_hp_loss":0,"event_name":"Tomb of Lord Red Mask","floor":46,"gold_loss":0},{"damage_healed":0,"gold_gain":0,"player_choice":"Memory 1","damage_taken":0,"max_hp_gain":0,"max_hp_loss":0,"event_name":"SensoryStone","floor":48,"gold_loss":0}],"is_beta":false,"boss_relics":[{"not_picked":["Replay:Bronze Core","ReplayTheSpireMod:DimensionalGlitch"],"picked":"WristBlade"},{"not_picked":["xbg","Frozen Eye"],"picked":"AT_TrinityForce"}],"items_purged_floors":[2,11,13,20,21,23,37,44,45,47,53],"is_endless":false,"potions_floor_spawned":[5,6,25,33,35],"ascension_level":0}}