{"host":"zwezhz46a5cjkxff","time":1612334780,"event":{"mods":["AchievementEnabler","BaseMod","Colored Map","Colored Powertips","DeckTracker","Hermit","Marisa????????","Minty Spire (QoL Compilation)","Permanent Neow","Quick Restart","Rare Cards Sparkle","Relic Stats","Robot Space Explorer","StSLib","SuperFastMode","The Hierophant","The Servant 0.9.4","Weighted Paths","slay the spire mod where everything is the same but ironclad has a cowboy hat"],"gold_per_floor":[13,24,24,24,48,89,89,104,130,202,202,152,152,171,171,300,300,300,300,300,300,300,300,300],"floor_reached":23,"language":"ENG","playtime":844,"items_purged":[],"score":193,"play_id":"b5885a4f-616b-4b46-88c5-96d2960cc2c0","local_time":"20210203004620","is_ascension_mode":false,"campfire_choices":[{"data":"Judgement","floor":7,"key":"SMITH"},{"floor":11,"key":"RECALL"},{"data":"ClearTheMind","floor":13,"key":"SMITH"},{"floor":15,"key":"REST"}],"circlet_count":0,"master_deck":["Strike_P","Strike_P","Strike_P","Strike_P","Defend_P","Defend_P","Defend_P","Eruption","Vigilance","Judgement+1","Crescendo","Tantrum","ClearTheMind+1","MentalFortress","Conclude","Devotion","EmptyBody","LikeWater","Indignation+1"],"relics":["PureWater","Golden Idol","Ancient Tea Set","Kunai","Ectoplasm"],"acts_visited":["Exordium","TheCity"],"potions_floor_usage":[6,6,6,16,22,22],"damage_taken":[{"damage":0,"enemies":"2 Louse","floor":1,"turns":1},{"damage":1,"enemies":"Cultist","floor":2,"turns":4},{"damage":0,"enemies":"Jaw Worm","floor":5,"turns":1},{"damage":11,"enemies":"Lagavulin","floor":6,"turns":5},{"damage":4,"enemies":"2 Fungi Beasts","floor":8,"turns":3},{"damage":0,"enemies":"Blue Slaver","floor":14,"turns":1},{"damage":36,"enemies":"The Guardian","floor":16,"turns":11},{"damage":10,"enemies":"3 Byrds","floor":18,"turns":4},{"damage":0,"enemies":"Spheric Guardian","floor":20,"turns":2},{"damage":35,"enemies":"Centurion and Healer","floor":21,"turns":5},{"damage":7,"enemies":"Snake Plant","floor":22,"turns":4},{"damage":38,"enemies":"Gremlin Leader","floor":23,"turns":6}],"seed_played":"4012798335396153054","potions_obtained":[{"floor":2,"key":"BlessingOfTheForge"},{"floor":4,"key":"SkillPotion"},{"floor":4,"key":"EssenceOfSteel"},{"floor":14,"key":"GamblersBrew"},{"floor":16,"key":"Strength Potion"},{"floor":21,"key":"DistilledChaos"}],"is_trial":false,"path_per_floor":["M","M","?","?","M","E","R","M","T","T","R","?","R","M","R","B",null,"M","?","M","M","M","E"],"character_chosen":"WATCHER","items_purchased":[],"campfire_rested":1,"item_purchase_floors":[],"current_hp_per_floor":[72,71,53,53,53,42,42,38,38,38,38,38,38,38,59,23,72,62,62,62,27,20,0,0],"gold":300,"neow_bonus":"THREE_RARE_CARDS","is_daily":false,"chose_seed":false,"campfire_upgraded":2,"win_rate":0.0,"timestamp":1612334780,"path_taken":["M","M","?","?","?","E","R","M","T","?","R","?","R","M","R","BOSS","M","?","M","M","M","E"],"items_purchased_type":[],"build_version":"2020-12-22","purchased_purges":0,"victory":false,"max_hp_per_floor":[72,72,72,72,72,72,72,72,72,72,72,72,72,72,72,72,72,72,72,72,72,72,72,72],"relic_stats":{"counters":[12,47],"Golden Idol":63,"Ectoplasm":79,"Kunai":[10],"obtain_stats":[{"Golden Idol":3,"Ectoplasm":17,"Kunai":10,"PureWater":0,"Ancient Tea Set":6},{"Golden Idol":2,"Ectoplasm":7,"Kunai":5,"PureWater":0,"Ancient Tea Set":4},{"Golden Idol":5,"Ectoplasm":26,"Kunai":14,"PureWater":0,"Ancient Tea Set":11}]},"card_choices":[{"not_picked":["MasterReality","Ragnarok"],"picked":"Judgement","floor":0},{"not_picked":["EmptyBody","Crescendo","Fasting2"],"picked":"SKIP","floor":1},{"not_picked":["EmptyFist","FlyingSleeves"],"picked":"Crescendo","floor":2},{"not_picked":["Halt","Swivel"],"picked":"Tantrum","floor":5},{"not_picked":["Halt","Worship"],"picked":"ClearTheMind","floor":6},{"not_picked":["Worship","Nirvana"],"picked":"MentalFortress","floor":8},{"not_picked":["FlyingSleeves","EmptyFist"],"picked":"Conclude","floor":14},{"not_picked":["Omniscience","MasterReality"],"picked":"Devotion","floor":16},{"not_picked":["Evaluate","Nirvana+1"],"picked":"EmptyBody","floor":18},{"not_picked":["WaveOfTheHand","ClearTheMind"],"picked":"Indignation+1","floor":20},{"not_picked":["BowlingBash","Crescendo","Prostrate"],"picked":"SKIP","floor":21},{"not_picked":["Prostrate","JustLucky","Perseverance"],"picked":"SKIP","floor":22}],"player_experience":62534,"relics_obtained":[{"floor":6,"key":"Ancient Tea Set"},{"floor":10,"key":"Kunai"}],"event_choices":[{"damage_healed":0,"gold_gain":0,"player_choice":"Take Damage","damage_taken":18,"relics_obtained":["Golden Idol"],"max_hp_gain":0,"max_hp_loss":0,"event_name":"Golden Idol","floor":3,"gold_loss":0},{"damage_healed":0,"gold_gain":0,"player_choice":"Got Potions","damage_taken":0,"max_hp_gain":0,"max_hp_loss":0,"event_name":"Lab","floor":4,"gold_loss":0},{"cards_removed":["Defend_P"],"damage_healed":0,"gold_gain":0,"player_choice":"Card Removal","damage_taken":0,"max_hp_gain":0,"max_hp_loss":0,"event_name":"The Cleric","floor":12,"gold_loss":50},{"damage_healed":0,"gold_gain":0,"player_choice":"Read","damage_taken":0,"max_hp_gain":0,"max_hp_loss":0,"event_name":"The Library","floor":19,"gold_loss":0,"cards_obtained":["LikeWater"]}],"is_beta":false,"boss_relics":[{"not_picked":["SacredBark","Velvet Choker"],"picked":"Ectoplasm"}],"items_purged_floors":[],"is_endless":false,"potions_floor_spawned":[2,5,14,16,20,21],"killed_by":"Gremlin Leader","ascension_level":0}}