{"host":"e4udrxcgdvpx3wcj","time":1612389872,"event":{"mods":["Act Like it!","Aspiration","Astrologer","BaseMod","Gensokyo","Highlight Path","Infinite Spire","Koishi","Marisa????????","Minty Spire (QoL Compilation)","Replay The Spire","StSLib","SuperFastMode","The Bug Knight","The Construct","The Jungle","The Runesmith","The Servant 0.9.4","TheBandit"],"gold_per_floor":[109,119,23,73,73,73,101,121,194,194,220,234,251,251,251,327,327,346,45,62,162,178,178,197,197,246,119,149,169,200,200,200,274,274,288,308,328,341,353,353,353,380,380,380,380,397,397,425,425,425,425,425,76,101,101,101],"floor_reached":55,"language":"ENG","playtime":4669,"items_purged":["Strike_B","Defend_B"],"score":1530,"play_id":"8a5bcc37-f66a-442f-a77a-8fe5f055b81b","local_time":"20210203170432","is_ascension_mode":true,"campfire_choices":[{"data":"Runesmith:HammerThrow","floor":6.0,"key":"SMITH"},{"data":"Runesmith:Grindstone","floor":10.0,"key":"SMITH"},{"data":"Genetic Algorithm","floor":23.0,"key":"SMITH"},{"data":"InstantArmor","floor":32.0,"key":"SMITH"},{"floor":40.0,"key":"REST"},{"data":"Hightail","floor":41.0,"key":"SMITH"},{"data":"Buffer","floor":44,"key":"SMITH"},{"data":"Consume","floor":47,"key":"SMITH"},{"floor":49,"key":"RECALL"},{"data":"Creative AI","floor":52,"key":"SMITH"}],"circlet_count":0,"master_deck":["AscendersBane","Defend_B","Defend_B","Defend_B","Zap","Dualcast","Runesmith:HammerThrow+1","Runesmith:Grindstone+1","Cold Snap","Crystallizer","Panic Button","Genetic Algorithm+1","Buffer+1","infinitespire:SevenWalls+1","Seek","Consume+1","Panic Button","FIFO Queue","Core Surge","Hightail+1","Manipulate","Cold Snap","InstantArmor+1","Initiator","ForgedInTime","Seek","Revamp+1","Creative AI+1","BasicCrystalCard","Consume"],"relics":["FrozenCore","aspiration:Nostalgia","m_RuneBlood","PreservedInsect","Singing Bowl","HollowMod:QueensCombRelic","aspiration:ServantSkillbook","Prayer Wheel","Lee\u0027s Waffle","theJungle:SpiritDisease","HollowMod:PaleOreRelic","WingedGreaves","aspiration:HummingbirdHeart","Prayer Wheel","infinitespire:Satchel","Frozen Eye","infinitespire:WardingShard"],"acts_visited":["Exordium","theJungle:Jungle","TheBeyond","TheEnding"],"potions_floor_usage":[42,42,54,54],"damage_taken":[{"damage":1.0,"enemies":"Cultist","floor":1.0,"turns":3.0},{"damage":1.0,"enemies":"2 Louse","floor":2.0,"turns":3.0},{"damage":22.0,"enemies":"Lagavulin","floor":7.0,"turns":9.0},{"damage":2.0,"enemies":"Jaw Worm","floor":8.0,"turns":4.0},{"damage":17.0,"enemies":"HollowMod:MossKnight","floor":11.0,"turns":7.0},{"damage":8.0,"enemies":"3 Louse","floor":12.0,"turns":2.0},{"damage":7.0,"enemies":"Large Slime","floor":13.0,"turns":6.0},{"damage":8.0,"enemies":"Hexaghost","floor":16.0,"turns":12.0},{"damage":29.0,"enemies":"Shell Parasite","floor":18.0,"turns":7.0},{"damage":6.0,"enemies":"theJungle:MUSHROOMGANG","floor":20.0,"turns":6.0},{"damage":0.0,"enemies":"theJungle:SlimyTreeVines","floor":22.0,"turns":9.0},{"damage":44.0,"enemies":"theJungle:2_Flameangoes","floor":24.0,"turns":7.0},{"damage":0.0,"enemies":"theJungle:2_Phrogs","floor":28.0,"turns":7.0},{"damage":23.0,"enemies":"theJungle:Lyon","floor":29.0,"turns":5.0},{"damage":8.0,"enemies":"theJungle:MamaSnecko","floor":30.0,"turns":8.0},{"damage":0.0,"enemies":"theJungle:TotemBoss","floor":33.0,"turns":14.0},{"damage":8.0,"enemies":"Orb Walker","floor":35.0,"turns":7.0},{"damage":0.0,"enemies":"3 Shapes","floor":36.0,"turns":12.0},{"damage":0.0,"enemies":"Writhing Mass","floor":37.0,"turns":13.0},{"damage":30.0,"enemies":"Jaw Worm Horde","floor":38.0,"turns":9.0},{"damage":75.0,"enemies":"Transient","floor":39.0,"turns":6.0},{"damage":55,"enemies":"Giant Head","floor":42,"turns":13},{"damage":22,"enemies":"4 Shapes","floor":46,"turns":11},{"damage":0,"enemies":"Nemesis","floor":48,"turns":13},{"damage":1,"enemies":"Time Eater","floor":50,"turns":15},{"damage":20,"enemies":"Shield and Spear","floor":54,"turns":15},{"damage":91,"enemies":"The Heart","floor":55,"turns":15}],"seed_played":"8307187661798968513","potions_obtained":[{"floor":2.0,"key":"BlessingOfTheForge"},{"floor":7.0,"key":"AttackPotion"},{"floor":8.0,"key":"Flashbang"},{"floor":28.0,"key":"Weak Potion"},{"floor":29.0,"key":"SteroidPotion"},{"floor":30.0,"key":"Regen Potion"},{"floor":33.0,"key":"Dexterity Potion"},{"floor":39.0,"key":"PowerPotion"},{"floor":42,"key":"LiquidMemories"},{"floor":46,"key":"Swift Potion"}],"is_trial":false,"path_per_floor":["M","M","$","?","$","R","E","M","T","R","E","M","M","?","R","B",null,"M","$","M","?","M","R","M","?","T","$","E","M","E","?","R","B",null,"M","M","M","M","M","R","R","E","T","R","?","M","R","E","R","B",null,"R","$","E","B"],"character_chosen":"DEFECT","items_purchased":["Cold Snap","Crystallizer","Panic Button","Lee\u0027s Waffle","FIFO Queue","Cold Snap","Consume","Frozen Eye"],"campfire_rested":1,"item_purchase_floors":[3,3,19,19,19,27,53,53],"current_hp_per_floor":[66,68,68,61,61,61,42,43,43,43,31,30,30,17,31,43,47,24,57,56,39,59,59,22,22,22,22,55,45,62,62,62,67,67,66,75,77,69,13,38,38,24,24,24,24,19,19,74,74,80,84,84,84,70,0,0],"gold":101,"neow_bonus":"NOSTALGIA","is_daily":false,"chose_seed":false,"campfire_upgraded":8,"win_rate":0.0,"timestamp":1612389872,"path_taken":["M","M","?","?","$","R","E","?","T","R","E","M","M","?","R","BOSS","M","$","M","?","M","R","M","?","T","?","E","?","E","?","R","BOSS","M","M","M","?","M","R","R","E","T","R","?","M","R","E","R","BOSS","R","$","E","BOSS"],"items_purchased_type":["Card","Card","Card","Relic","Card","Card","Card","Relic"],"build_version":"2020-12-22","purchased_purges":2,"victory":false,"max_hp_per_floor":[71,71,71,71,71,71,71,71,71,71,48,48,48,48,48,48,48,50,57,59,59,59,59,63,63,63,63,65,67,67,67,67,67,67,71,75,77,81,85,85,85,87,87,87,83,85,85,85,85,85,85,85,85,87,87,87],"card_choices":[{"not_picked":["Double Energy","Bash"],"picked":"Runesmith:HammerThrow","floor":1.0},{"not_picked":["Perfected Strike","Redo"],"picked":"Runesmith:Grindstone","floor":2.0},{"not_picked":["Runesmith:Grindstone","Barrage"],"picked":"Panic Button","floor":7.0},{"not_picked":["Sweeping Beam","ReplaySolidLightProjector","Consume"],"picked":"SKIP","floor":8.0},{"not_picked":["Turbo","Lockon","Coolheaded"],"picked":"Singing Bowl","floor":11.0},{"not_picked":["BasicCrystalCard","Double Energy"],"picked":"Genetic Algorithm","floor":12.0},{"not_picked":["Panic Button","Go for the Eyes"],"picked":"Buffer","floor":13.0},{"not_picked":["infinitespire:DeathsTouch","ReplayTheSpireMod:Haul"],"picked":"infinitespire:SevenWalls","floor":14.0},{"not_picked":["Rainbow","Echo Form"],"picked":"ReplayTheSpireMod:Fabricate Wheel","floor":16.0},{"not_picked":["Revamp+1","Potential","Beam Cell"],"picked":"Consume","floor":18.0},{"not_picked":["Spin+1","Ball Lightning+1","Rebound","Contraction"],"picked":"Singing Bowl","floor":18.0},{"not_picked":["ShatteredReality","Barrage+1","Conserve Battery","BottledTime"],"picked":"Singing Bowl","floor":20.0},{"not_picked":["Steam","Leap","Aggregate"],"picked":"Core Surge","floor":20.0},{"not_picked":["Go for the Eyes+1","Capacitor+1","Ball Lightning"],"picked":"Hightail","floor":22.0},{"not_picked":["TimeWarp","DoubleEdge","Leap"],"picked":"Manipulate","floor":22.0},{"not_picked":["ReplayTheSpireMod:Reroute Power","Revamp","Doom and Gloom+1","Auto Shields"],"picked":"Singing Bowl","floor":24.0},{"not_picked":["Fusion","FTL","Alleviate+1","MurderousAura"],"picked":"Singing Bowl","floor":24.0},{"not_picked":["Hologram","Compile Driver","Sweeping Beam","Alleviate+1"],"picked":"Singing Bowl","floor":28.0},{"not_picked":["Defy","Steam","Collapse"],"picked":"InstantArmor","floor":29.0},{"not_picked":["ReplaySolidLightProjector","Snipe","Revamp+1","Gash"],"picked":"Singing Bowl","floor":29.0},{"not_picked":["ShatteredReality","Hologram","Go for the Eyes"],"picked":"Initiator","floor":30.0},{"not_picked":["Seek","ReplayRNGCard","TrueSight"],"picked":"ReplayTheSpireMod:Fabricate Wheel","floor":33.0},{"not_picked":["Double Energy","Beam Cell","FastForward+1","SilverBlades+1"],"picked":"Singing Bowl","floor":35.0},{"not_picked":["Spin","ReplaySort","Melter+1","Potential+1"],"picked":"Singing Bowl","floor":35.0},{"not_picked":["Coolheaded","Streamline","Gash","Compile Driver+1"],"picked":"Singing Bowl","floor":36.0},{"not_picked":["ShatteredReality","FastForward+1","Rewind","ReplayTheSpireMod:System Scan"],"picked":"Singing Bowl","floor":36.0},{"not_picked":["MoonPhase","Defy","InstantArmor"],"picked":"Seek","floor":37.0},{"not_picked":["Double Energy","Gash","Rewind","ShatteredReality"],"picked":"Singing Bowl","floor":37.0},{"not_picked":["Revamp+1","Ball Lightning","Potential","Tempest"],"picked":"Singing Bowl","floor":38.0},{"not_picked":["Potential","DoubleEdge","Redo","Skim"],"picked":"Singing Bowl","floor":38.0},{"not_picked":["Scrape","All For One","Turbo","Replace"],"picked":"Singing Bowl","floor":39.0},{"not_picked":["Barrage","Lockon+1","Doom and Gloom","Go for the Eyes"],"picked":"Singing Bowl","floor":39.0},{"not_picked":["ReplayTheSpireMod:Repulse+1","ReplayTheSpireMod:LeadingStrike+1","Crystallizer+1","TimeWarp+1"],"picked":"Singing Bowl","floor":42},{"not_picked":["Barrage+1","Runesmith:CraftFirestone+1","Beam Cell+1","Streamline"],"picked":"Singing Bowl","floor":46},{"not_picked":["Snipe+1","ReplaySolidLightProjector","DualDimension"],"picked":"Revamp+1","floor":46},{"not_picked":["TheWorld","Compile Driver","Runesmith:CraftFirestone"],"picked":"BasicCrystalCard","floor":48},{"not_picked":["Beam Cell","LightFlow","StarChef","Defy"],"picked":"Singing Bowl","floor":54}],"player_experience":2366818,"relics_obtained":[{"floor":7.0,"key":"PreservedInsect"},{"floor":9.0,"key":"Singing Bowl"},{"floor":11.0,"key":"HollowMod:QueensCombRelic"},{"floor":28.0,"key":"HollowMod:PaleOreRelic"},{"floor":30.0,"key":"WingedGreaves"},{"floor":42,"key":"aspiration:HummingbirdHeart"},{"floor":48,"key":"infinitespire:Satchel"},{"floor":54,"key":"infinitespire:WardingShard"}],"event_choices":[{"damage_healed":0.0,"max_hp_gain":0.0,"max_hp_loss":0.0,"gold_gain":50.0,"event_name":"FaceTrader","player_choice":"Touch","floor":4.0,"gold_loss":0.0,"damage_taken":7.0},{"damage_healed":0.0,"max_hp_gain":0.0,"max_hp_loss":0.0,"gold_gain":0.0,"event_name":"Match and Keep!","player_choice":"1 cards matched","floor":31.0,"gold_loss":0.0,"damage_taken":0.0,"cards_obtained":["ForgedInTime"]},{"damage_healed":0,"gold_gain":0,"player_choice":"Max HP","damage_taken":0,"max_hp_gain":0,"max_hp_loss":4,"event_name":"Winding Halls","floor":45,"gold_loss":0}],"is_beta":false,"boss_relics":[{"not_picked":["Replay:Drink Me","Busted Crown"],"picked":"aspiration:ServantSkillbook"},{"not_picked":["SlaversCollar","Runic Pyramid"],"picked":"FrozenCore"}],"items_purged_floors":[27,53],"is_endless":false,"potions_floor_spawned":[2,7,8,28,29,30,33,37,39,42,46,48],"killed_by":"The Heart","ascension_level":17}}