{"host":"wuernuywc9gl215o","time":1612351005,"event":{"mods":["AchievementEnabler","BaseMod","Block Reminder","Highlight Path","Key Reminder","Minty Spire (QoL Compilation)","Permanent Neow","Potion Indicator Mod","Quick Restart","Relic Stats"],"gold_per_floor":[13,24,40,58,72,91,91,108,108,142,142,142,142,156,156,232,232,247,247,261,276,294,294,294],"floor_reached":23,"language":"ENG","playtime":1548,"items_purged":[],"score":411,"play_id":"6afdd820-cffd-46c3-8532-9c8142e9b612","local_time":"20210203111645","is_ascension_mode":true,"campfire_choices":[{"floor":7.0,"key":"REST"},{"floor":11.0,"key":"DIG"},{"floor":13.0,"key":"REST"},{"data":"Underhanded Strike","floor":15.0,"key":"SMITH"}],"circlet_count":0,"master_deck":["AscendersBane","Strike_G","Strike_G","Strike_G","Strike_G","Strike_G","Defend_G","Defend_G","Defend_G","Defend_G","Defend_G","Survivor","Neutralize","Underhanded Strike","Flechettes","Dagger Throw","Prepared","Dagger Spray","Tactician","Masterful Stab","Tactician","Underhanded Strike+1","Wraith Form v2","Escape Plan+1","Poisoned Stab+1","Eviscerate"],"relics":["Ring of the Snake","Pocketwatch","Bottled Flame","Shovel","Dream Catcher","Runic Pyramid","Anchor"],"acts_visited":["Exordium","TheCity"],"potions_floor_usage":[21,21,23],"damage_taken":[{"damage":1.0,"enemies":"2 Louse","floor":1.0,"turns":5.0},{"damage":0.0,"enemies":"Cultist","floor":2.0,"turns":4.0},{"damage":5.0,"enemies":"Small Slimes","floor":3.0,"turns":4.0},{"damage":2.0,"enemies":"2 Fungi Beasts","floor":4.0,"turns":3.0},{"damage":5.0,"enemies":"Large Slime","floor":5.0,"turns":6.0},{"damage":0.0,"enemies":"3 Louse","floor":6.0,"turns":2.0},{"damage":4.0,"enemies":"Looter","floor":8.0,"turns":4.0},{"damage":25.0,"enemies":"Lagavulin","floor":10.0,"turns":5.0},{"damage":3.0,"enemies":"Blue Slaver","floor":14.0,"turns":3.0},{"damage":0.0,"enemies":"Slime Boss","floor":16.0,"turns":6.0},{"damage":6.0,"enemies":"Spheric Guardian","floor":18.0,"turns":3.0},{"damage":1.0,"enemies":"Shell Parasite","floor":20.0,"turns":4.0},{"damage":4,"enemies":"Cultist and Chosen","floor":21,"turns":8},{"damage":1,"enemies":"Snecko","floor":22,"turns":3},{"damage":60,"enemies":"Book of Stabbing","floor":23,"turns":5}],"seed_played":"3808348764116395718","potions_obtained":[{"floor":5.0,"key":"CultistPotion"},{"floor":6.0,"key":"BlessingOfTheForge"},{"floor":8.0,"key":"SkillPotion"},{"floor":16.0,"key":"SkillPotion"},{"floor":21,"key":"Poison Potion"}],"is_trial":false,"path_per_floor":["M","M","M","M","M","M","R","M","T","E","R","?","R","M","R","B",null,"M","?","M","M","M","E"],"character_chosen":"THE_SILENT","items_purchased":[],"campfire_rested":2,"item_purchase_floors":[],"current_hp_per_floor":[62,62,57,55,50,50,70,66,66,41,41,41,62,59,59,59,67,61,61,60,56,55,0,0],"gold":294,"neow_bonus":"ONE_RARE_RELIC","is_daily":false,"chose_seed":false,"campfire_upgraded":1,"win_rate":0.0,"timestamp":1612351005,"path_taken":["M","M","M","M","M","M","R","M","T","E","R","?","R","M","R","BOSS","M","?","?","M","M","E"],"items_purchased_type":[],"build_version":"2020-12-22","purchased_purges":0,"victory":false,"max_hp_per_floor":[70,70,70,70,70,70,70,70,70,70,70,70,70,70,70,70,70,70,70,70,70,70,70,70],"relic_stats":{"Dream Catcher":1,"Shovel":1,"counters":[15,65],"obtain_stats":[{"Bottled Flame":9,"Dream Catcher":11,"Anchor":19,"Shovel":10,"Ring of the Snake":0,"Pocketwatch":0,"Runic Pyramid":17},{"Bottled Flame":7,"Dream Catcher":8,"Anchor":11,"Shovel":8,"Ring of the Snake":0,"Pocketwatch":0,"Runic Pyramid":10},{"Bottled Flame":28,"Dream Catcher":33,"Anchor":45,"Shovel":33,"Ring of the Snake":0,"Pocketwatch":0,"Runic Pyramid":42}],"Ring of the Snake":[30],"Pocketwatch":[53]},"card_choices":[{"not_picked":["Acrobatics","Reflex"],"picked":"Underhanded Strike","floor":1.0},{"not_picked":["Dodge and Roll","Distraction"],"picked":"Flechettes","floor":2.0},{"not_picked":["Flying Knee","Sucker Punch"],"picked":"Dagger Throw","floor":3.0},{"not_picked":["Doppelganger","Noxious Fumes"],"picked":"Prepared","floor":4.0},{"not_picked":["Backflip","Slice"],"picked":"Dagger Spray","floor":5.0},{"not_picked":["Footwork","Bane"],"picked":"Tactician","floor":6.0},{"not_picked":["Bane","Calculated Gamble"],"picked":"Masterful Stab","floor":8.0},{"not_picked":["Escape Plan","Blade Dance"],"picked":"Tactician","floor":10.0},{"not_picked":["Riddle With Holes","Deflect"],"picked":"Underhanded Strike","floor":14.0},{"not_picked":["Bullet Time","After Image"],"picked":"Wraith Form v2","floor":16.0},{"not_picked":["Skewer","Deflect"],"picked":"Escape Plan+1","floor":18.0},{"not_picked":["Dodge and Roll","Reflex"],"picked":"Poisoned Stab+1","floor":20.0},{"not_picked":["Accuracy","Quick Slash"],"picked":"Eviscerate","floor":21},{"not_picked":["Backflip","Blade Dance","Sucker Punch"],"picked":"SKIP","floor":22}],"player_experience":791691,"relics_obtained":[{"floor":9.0,"key":"Bottled Flame"},{"floor":10.0,"key":"Shovel"},{"floor":11.0,"key":"Dream Catcher"},{"floor":19.0,"key":"Anchor"}],"event_choices":[{"damage_healed":0.0,"max_hp_gain":0.0,"max_hp_loss":0.0,"gold_gain":0.0,"event_name":"Liars Game","player_choice":"Ignored","floor":12.0,"gold_loss":0.0,"damage_taken":0.0},{"damage_healed":0.0,"max_hp_gain":0.0,"max_hp_loss":0.0,"gold_gain":0.0,"event_name":"Wheel of Change","player_choice":"Relic","floor":19.0,"gold_loss":0.0,"damage_taken":0.0}],"is_beta":false,"boss_relics":[{"not_picked":["HoveringKite","Cursed Key"],"picked":"Runic Pyramid"}],"items_purged_floors":[],"is_endless":false,"potions_floor_spawned":[5,6,8,16,18,21],"killed_by":"Book of Stabbing","ascension_level":13}}