{"host":"lklj3eidp7g5an38","time":1612382715,"event":{"mods":["AchievementEnabler","BaseMod","Colored Map","Colored Powertips","Curses Come First","Dark Map","DeckTracker","Highlight Path","Minty Spire (QoL Compilation)","Relic Stats","StSLib"],"gold_per_floor":[367,367,384,65,80,108,121,148,224,224,249,249,269,351,351,444,444,468,60,74,90,90,90,40,71,143,179,229,354,354,377,377,473,473,491,512,82,415,415,415,450,465,488,515,515,546,156,167,167,167,167,167,12,47,47],"floor_reached":56,"language":"ENG","playtime":7539,"items_purged":["Strike_R","Strike_R","Defend_R","Defend_R"],"score":2289,"play_id":"f117484d-04b3-4e5c-b8eb-1cda9da8d032","local_time":"20210203200515","is_ascension_mode":true,"campfire_choices":[{"data":"Feed","floor":10.0,"key":"SMITH"},{"data":"Disarm","floor":15.0,"key":"SMITH"},{"data":"Dark Embrace","floor":23.0,"key":"SMITH"},{"data":"Shockwave","floor":30.0,"key":"SMITH"},{"data":"Seeing Red","floor":32.0,"key":"SMITH"},{"floor":40,"key":"RECALL"},{"floor":49,"key":"REST"},{"floor":52,"key":"REST"}],"circlet_count":0,"master_deck":["AscendersBane","Strike_R+1","Defend_R","Bash","Whirlwind+1","Flame Barrier","Disarm+1","Feed+1","Feel No Pain","Reckless Charge","Impervious","Rampage+1","Power Through+1","Battle Trance+1","Pummel","Shockwave+1","Twin Strike","Dark Embrace+1","True Grit","Seeing Red+1","Shrug It Off","Impervious+1","Corruption","Dropkick+1","Shrug It Off+1","Shockwave+1","Warcry+1","Sentinel+1","Flex+1","Second Wind+1","Warcry+1","Shrug It Off+1"],"relics":["Burning Blood","Whetstone","Dead Branch","Ice Cream","Eternal Feather","Pen Nib","StrikeDummy","Astrolabe","OrangePellets","Omamori","Bottled Lightning","Bottled Flame","Mango","Toxic Egg 2","Fusion Hammer","Gremlin Horn","Medical Kit","Torii","Charon\u0027s Ashes","Smiling Mask","Akabeko","Oddly Smooth Stone","Orichalcum"],"acts_visited":["Exordium","TheCity","TheBeyond","TheEnding"],"potions_floor_usage":[50,55,55],"damage_taken":[{"damage":12.0,"enemies":"Small Slimes","floor":1.0,"turns":4.0},{"damage":6.0,"enemies":"Cultist","floor":3.0,"turns":4.0},{"damage":0.0,"enemies":"Jaw Worm","floor":5.0,"turns":5.0},{"damage":13.0,"enemies":"Lagavulin","floor":6.0,"turns":9.0},{"damage":3.0,"enemies":"Blue Slaver","floor":7.0,"turns":6.0},{"damage":12.0,"enemies":"Gremlin Nob","floor":8.0,"turns":4.0},{"damage":3.0,"enemies":"3 Sentries","floor":11.0,"turns":12.0},{"damage":0.0,"enemies":"2 Fungi Beasts","floor":13.0,"turns":5.0},{"damage":15.0,"enemies":"The Guardian","floor":16.0,"turns":13.0},{"damage":0.0,"enemies":"Chosen","floor":18.0,"turns":5.0},{"damage":9.0,"enemies":"Shell Parasite","floor":20.0,"turns":6.0},{"damage":0.0,"enemies":"Snake Plant","floor":21.0,"turns":5.0},{"damage":40.0,"enemies":"Slavers","floor":25.0,"turns":7.0},{"damage":7.0,"enemies":"Book of Stabbing","floor":27.0,"turns":10.0},{"damage":1.0,"enemies":"Colosseum Slavers","floor":29.0,"turns":4.0},{"damage":18.0,"enemies":"Colosseum Nobs","floor":29.0,"turns":8.0},{"damage":21.0,"enemies":"Cultist and Chosen","floor":31.0,"turns":9.0},{"damage":73.0,"enemies":"Collector","floor":33.0,"turns":15.0},{"damage":23,"enemies":"3 Darklings","floor":35,"turns":6},{"damage":0,"enemies":"Orb Walker","floor":36,"turns":3},{"damage":0,"enemies":"Nemesis","floor":41,"turns":5},{"damage":3,"enemies":"Transient","floor":42,"turns":4},{"damage":0,"enemies":"Giant Head","floor":44,"turns":5},{"damage":6,"enemies":"Reptomancer","floor":46,"turns":4},{"damage":0,"enemies":"Writhing Mass","floor":48,"turns":5},{"damage":7,"enemies":"Time Eater","floor":50,"turns":5},{"damage":23,"enemies":"Shield and Spear","floor":54,"turns":3},{"damage":32,"enemies":"The Heart","floor":55,"turns":5}],"seed_played":"-2698281612391374231","potions_obtained":[{"floor":1.0,"key":"Block Potion"},{"floor":5.0,"key":"BlessingOfTheForge"},{"floor":8.0,"key":"Energy Potion"},{"floor":16.0,"key":"LiquidMemories"},{"floor":18.0,"key":"GamblersBrew"},{"floor":20.0,"key":"Regen Potion"},{"floor":21.0,"key":"SkillPotion"},{"floor":36,"key":"DistilledChaos"},{"floor":42,"key":"HeartOfIron"},{"floor":46,"key":"BloodPotion"},{"floor":54,"key":"LiquidBronze"}],"is_trial":false,"path_per_floor":["M","?","M","$","M","E","M","E","T","R","E","?","M","T","R","B",null,"M","$","M","M","?","R","$","E","T","E","?","?","R","M","R","B",null,"M","M","$","?","?","R","E","M","T","E","?","E","$","M","R","B",null,"R","$","E","B",null],"character_chosen":"IRONCLAD","items_purchased":["Whetstone","Disarm","Shockwave","Twin Strike","OrangePellets","True Grit","Gremlin Horn","Medical Kit","Akabeko","Oddly Smooth Stone","Warcry+1","Shrug It Off+1"],"campfire_rested":2,"item_purchase_floors":[4,4,19,19,19,24,37,37,47,47,53,53],"current_hp_per_floor":[62,62,62,62,68,61,64,58,58,67,76,50,60,60,69,64,79,88,88,89,96,82,94,94,76,76,75,75,86,98,91,103,36,104,87,97,97,97,97,112,122,125,125,131,131,131,131,135,135,134,135,135,135,118,119],"gold":47,"neow_bonus":"TWO_FIFTY_GOLD","is_daily":false,"chose_seed":false,"campfire_upgraded":5,"win_rate":0.0,"timestamp":1612382715,"path_taken":["M","?","M","$","M","E","?","E","T","R","E","?","M","?","R","BOSS","M","$","M","M","?","R","?","E","T","E","?","?","R","M","R","BOSS","M","M","$","?","?","R","E","M","T","E","?","E","?","?","R","BOSS","R","$","E","BOSS"],"items_purchased_type":["Relic","Card","Card","Card","Relic","Card","Relic","Relic","Relic","Relic","Card","Card"],"build_version":"2020-12-22","purchased_purges":4,"victory":true,"max_hp_per_floor":[68,68,68,68,68,68,68,68,68,68,76,76,80,80,80,84,84,88,88,92,96,96,96,96,100,100,100,100,118,118,126,126,126,126,126,130,130,130,123,123,127,127,127,131,131,131,131,135,135,135,135,135,135,135,135],"relic_stats":{"Gremlin Horn":[4,5],"Torii":1,"counters":[28,176],"Dead Branch":[458],"Astrolabe":["Rampage","Power Through","Battle Trance"],"Eternal Feather":69,"Pen Nib":[22],"Charon\u0027s Ashes":[486],"Whetstone":["Strike_R","Whirlwind"],"Orichalcum":[0],"Medical Kit":[16],"Smiling Mask":175,"Burning Blood":152,"OrangePellets":[32],"obtain_stats":[{"Ice Cream":8,"Gremlin Horn":37,"Torii":41,"Golden Idol":12,"Dead Branch":6,"Astrolabe":17,"Oddly Smooth Stone":47,"Eternal Feather":9,"Mango":29,"Pen Nib":11,"Charon\u0027s Ashes":44,"Omamori":25,"Whetstone":4,"Orichalcum":54,"Medical Kit":37,"Smiling Mask":46,"Burning Blood":0,"Akabeko":47,"OrangePellets":19,"Bottled Flame":27,"Fusion Hammer":34,"Bottled Lightning":26,"Toxic Egg 2":29,"StrikeDummy":14},{"Ice Cream":6,"Gremlin Horn":20,"Torii":21,"Golden Idol":7,"Dead Branch":4,"Astrolabe":9,"Oddly Smooth Stone":24,"Eternal Feather":6,"Mango":16,"Pen Nib":7,"Charon\u0027s Ashes":23,"Omamori":13,"Whetstone":2,"Orichalcum":27,"Medical Kit":20,"Smiling Mask":24,"Burning Blood":0,"Akabeko":24,"OrangePellets":10,"Bottled Flame":14,"Fusion Hammer":18,"Bottled Lightning":13,"Toxic Egg 2":16,"StrikeDummy":8},{"Ice Cream":32,"Gremlin Horn":140,"Torii":145,"Golden Idol":44,"Dead Branch":22,"Astrolabe":62,"Oddly Smooth Stone":158,"Eternal Feather":32,"Mango":107,"Pen Nib":44,"Charon\u0027s Ashes":154,"Omamori":85,"Whetstone":8,"Orichalcum":171,"Medical Kit":140,"Smiling Mask":158,"Burning Blood":0,"Akabeko":158,"OrangePellets":67,"Bottled Flame":95,"Fusion Hammer":131,"Bottled Lightning":85,"Toxic Egg 2":107,"StrikeDummy":49}]},"card_choices":[{"not_picked":["Thunderclap","Twin Strike"],"picked":"Whirlwind","floor":1.0},{"not_picked":["Fire Breathing","Twin Strike"],"picked":"Flame Barrier","floor":3.0},{"not_picked":["Cleave","Dropkick","Pommel Strike"],"picked":"SKIP","floor":5.0},{"not_picked":["Body Slam","Twin Strike","Sentinel"],"picked":"SKIP","floor":6.0},{"not_picked":["Reckless Charge","Flex"],"picked":"Feed","floor":7.0},{"not_picked":["Intimidate","Reckless Charge"],"picked":"Feel No Pain","floor":8.0},{"not_picked":["Pommel Strike","Thunderclap"],"picked":"Reckless Charge","floor":11.0},{"not_picked":["Cleave","Clash","Heavy Blade"],"picked":"SKIP","floor":13.0},{"not_picked":["Berserk","Barricade"],"picked":"Impervious","floor":16.0},{"not_picked":["Armaments","Dropkick"],"picked":"Pummel","floor":18.0},{"not_picked":["Intimidate","Havoc"],"picked":"Dark Embrace","floor":20.0},{"not_picked":["Blood for Blood","Sword Boomerang","Clash"],"picked":"SKIP","floor":21.0},{"not_picked":["Blood for Blood","Sword Boomerang","Clash"],"picked":"SKIP","floor":21.0},{"not_picked":["Whirlwind","Clothesline"],"picked":"Seeing Red","floor":25.0},{"not_picked":["Pommel Strike","Intimidate"],"picked":"Shrug It Off","floor":27.0},{"not_picked":["Twin Strike+1","Pommel Strike"],"picked":"Impervious+1","floor":31.0},{"not_picked":["Barricade","Offering+1"],"picked":"Corruption","floor":33.0},{"not_picked":["Searing Blow+1","Battle Trance+1"],"picked":"Dropkick+1","floor":35},{"not_picked":["Iron Wave+1","Twin Strike+1"],"picked":"Shrug It Off+1","floor":36},{"not_picked":["Sword Boomerang+1","Perfected Strike+1"],"picked":"Shockwave+1","floor":41},{"not_picked":["Ghostly Armor+1","True Grit+1"],"picked":"Warcry+1","floor":42},{"not_picked":["Heavy Blade+1","Entrench+1"],"picked":"Sentinel+1","floor":44},{"not_picked":["Body Slam","Sword Boomerang"],"picked":"Flex+1","floor":46},{"not_picked":["Carnage","Iron Wave"],"picked":"Second Wind+1","floor":48},{"not_picked":["Intimidate+1","Body Slam","Combust+1"],"picked":"SKIP","floor":54}],"player_experience":917085,"relics_obtained":[{"floor":6.0,"key":"Dead Branch"},{"floor":8.0,"key":"Ice Cream"},{"floor":9.0,"key":"Eternal Feather"},{"floor":11.0,"key":"Pen Nib"},{"floor":14.0,"key":"StrikeDummy"},{"floor":25.0,"key":"Omamori"},{"floor":26.0,"key":"Bottled Lightning"},{"floor":27.0,"key":"Bottled Flame"},{"floor":29.0,"key":"Mango"},{"floor":29.0,"key":"Toxic Egg 2"},{"floor":41,"key":"Torii"},{"floor":44,"key":"Charon\u0027s Ashes"},{"floor":46,"key":"Smiling Mask"},{"floor":54,"key":"Orichalcum"}],"event_choices":[{"damage_healed":0.0,"max_hp_gain":0.0,"max_hp_loss":0.0,"gold_gain":0.0,"event_name":"Match and Keep!","player_choice":"0 cards matched","floor":2.0,"gold_loss":0.0,"damage_taken":0.0,"cards_obtained":[]},{"damage_healed":0.0,"max_hp_gain":0.0,"max_hp_loss":0.0,"gold_gain":0.0,"event_name":"Golden Idol","player_choice":"Take Damage","floor":12.0,"gold_loss":0.0,"damage_taken":26.0,"relics_obtained":["Golden Idol"]},{"damage_healed":0.0,"max_hp_gain":0.0,"max_hp_loss":0.0,"gold_gain":0.0,"event_name":"Wheel of Change","player_choice":"Damaged","floor":22.0,"gold_loss":0.0,"damage_taken":14.0},{"damage_healed":0.0,"max_hp_gain":0.0,"max_hp_loss":0.0,"gold_gain":50.0,"event_name":"Nest","player_choice":"Stole From Cult","floor":28.0,"gold_loss":0.0,"damage_taken":0.0},{"damage_healed":0.0,"max_hp_gain":0.0,"max_hp_loss":0.0,"gold_gain":0.0,"event_name":"Colosseum","player_choice":"Fight","floor":29.0,"gold_loss":0.0,"damage_taken":0.0},{"damage_healed":0.0,"max_hp_gain":0.0,"max_hp_loss":0.0,"gold_gain":0.0,"event_name":"Colosseum","player_choice":"Fought Nobs","floor":29.0,"gold_loss":0.0,"damage_taken":0.0},{"damage_healed":0,"gold_gain":333,"player_choice":"Gave Idol","damage_taken":0,"max_hp_gain":0,"max_hp_loss":0,"event_name":"The Moai Head","floor":38,"relics_lost":["Golden Idol"],"gold_loss":0},{"damage_healed":0,"gold_gain":0,"player_choice":"Max HP","damage_taken":0,"max_hp_gain":0,"max_hp_loss":7,"event_name":"Winding Halls","floor":39,"gold_loss":0},{"damage_healed":0,"gold_gain":0,"player_choice":"Ignored","damage_taken":0,"max_hp_gain":0,"max_hp_loss":0,"event_name":"Tomb of Lord Red Mask","floor":45,"gold_loss":0}],"is_beta":false,"boss_relics":[{"not_picked":["Runic Cube","Black Star"],"picked":"Astrolabe"},{"not_picked":["Mark of Pain","Runic Dome"],"picked":"Fusion Hammer"}],"items_purged_floors":[4,19,47,53],"is_endless":false,"potions_floor_spawned":[1,5,8,16,18,20,21,36,42,46,48,54],"ascension_level":16}}