{"host":"lehbxtjrpalkmwwj","time":1612355302,"event":{"mods":["Aspiration","BaseMod","Colored Map","Colored Powertips","Conspire","GungeonMod","KomeijiMod","Lobotomy","Minty Spire (QoL Compilation)","Quick Restart","Replay The Spire","Shop Mod","StSLib","The Cursed","The Poker Player","[IsaacMod]ÒÔÈö¼âËþ"],"gold_per_floor":[114,128,128,128,143,169,169,55,55,73,99,114,114,130,130,230,230,230,230],"floor_reached":18,"language":"ZHS","playtime":827,"items_purged":["Injury"],"score":172,"play_id":"a7d2d732-0a27-47ad-a358-bb60886d1daf","local_time":"20210203202822","is_ascension_mode":false,"campfire_choices":[{"data":"Mishyaguji+1","floor":7.0,"key":"SWEEP"},{"floor":13.0,"key":"RECALL"},{"data":"NingyouFukuhei+1","floor":15.0,"key":"SWEEP"}],"circlet_count":0,"master_deck":["Strike_Komeiji","Strike_Komeiji","Strike_Komeiji","Defend_Komeiji","Defend_Komeiji","Defend_Komeiji","Dash_Komeiji","WumiGaWareru","KouPou+1","NingyouSP+1","Mishyaguji+1","FreezeTouchMe+1","MajikuruSanhai+1","SemiAutomaton","HenyouMirume+1","NingyouFukuhei+1","EverywhereHibernate"],"relics":["KomeijisEye","SpellCardsRule","MusicBox","HushsDoor","aspiration:Nostalgia","Sizzling Blood","DeathBook","ThirstyCross","Toxic Egg 2","Ornamental Fan","ReplayTheSpireMod:CursedCoin","DemoMod:GnawedKey","Centennial Puzzle","DemoMod:JetPack","CrystalOfMemory","Replay:Drink Me","MyShadow","GuppysPaw","GuppysTail"],"acts_visited":["Exordium","TheCity"],"potions_floor_usage":[],"damage_taken":[{"damage":0.0,"enemies":"Cultist","floor":1.0,"turns":3.0},{"damage":2.0,"enemies":"2 Louse","floor":2.0,"turns":6.0},{"damage":0.0,"enemies":"Jaw Worm","floor":5.0,"turns":1.0},{"damage":35.0,"enemies":"Lagavulin","floor":6.0,"turns":9.0},{"damage":0.0,"enemies":"3 Louse","floor":10.0,"turns":3.0},{"damage":13.0,"enemies":"Gremlin Nob","floor":11.0,"turns":8.0},{"damage":4.0,"enemies":"Exordium Wildlife","floor":12.0,"turns":3.0},{"damage":0.0,"enemies":"Looter","floor":14.0,"turns":3.0},{"damage":38.0,"enemies":"The Guardian","floor":16.0,"turns":8.0},{"damage":10,"enemies":"Spheric Guardian","floor":18,"turns":3}],"seed_played":"-9044695223764210942","potions_obtained":[{"floor":5.0,"key":"PowerPotion"},{"floor":14.0,"key":"BlessingOfTheForge"},{"floor":16.0,"key":"Elixir"}],"is_trial":false,"path_per_floor":["M","M","?","?","M","E","R","$","T","M","E","M","R","M","R","B",null,"M"],"character_chosen":"KomeijiSatori","items_purchased":["ReplayTheSpireMod:CursedCoin","DemoMod:GnawedKey","FreezeTouchMe+1","MyShadow","GuppysPaw","GuppysTail"],"campfire_rested":0,"item_purchase_floors":[8,8,8,17,17,17],"current_hp_per_floor":[54,54,54,54,54,23,28,28,28,32,35,35,35,39,44,10,9,0,0],"gold":230,"neow_bonus":"NOSTALGIA","is_daily":false,"chose_seed":false,"campfire_upgraded":0,"win_rate":0.0,"timestamp":1612355302,"path_taken":["M","M","?","?","M","E","R","$","T","M","E","M","R","M","R","BOSS","M"],"items_purchased_type":["Relic","Relic","Card","Relic","Relic","Relic"],"build_version":"2020-12-22","purchased_purges":1,"victory":false,"max_hp_per_floor":[54,54,54,54,54,54,54,54,54,54,54,54,54,54,54,54,9,9,9],"card_choices":[{"not_picked":[],"picked":"ChaosCard","floor":0.0},{"not_picked":["Bomb","Melting"],"picked":"Agarareta+1","floor":1.0},{"not_picked":["HagoromoMizu","JyouchiJin+1"],"picked":"WumiGaWareru","floor":2.0},{"not_picked":["Agarareta+1","HisouNoKen"],"picked":"KouPou+1","floor":5.0},{"not_picked":["RikonNoKama+1","KeiseiJin+1"],"picked":"NingyouSP+1","floor":6.0},{"not_picked":["KokorosuKi+1","DochyakuKami+1"],"picked":"MajikuruSanhai+1","floor":10.0},{"not_picked":["Melting","KeiseiJin+1"],"picked":"SemiAutomaton","floor":11.0},{"not_picked":["NingyouKisou+1","HagoromoMizu"],"picked":"HenyouMirume+1","floor":12.0},{"not_picked":["RikonNoKama+1","KeiseiJin+1"],"picked":"NingyouKisou+1","floor":14.0},{"not_picked":["MiraiBunraku","MunenMusou"],"picked":"EverywhereHibernate","floor":16.0}],"player_experience":108512,"relics_obtained":[{"floor":6.0,"key":"Ornamental Fan"},{"floor":9.0,"key":"Centennial Puzzle"},{"floor":11.0,"key":"DemoMod:JetPack"},{"floor":11.0,"key":"CrystalOfMemory"}],"event_choices":[],"is_beta":false,"boss_relics":[{"not_picked":["Ring of Chaos","Philosopher\u0027s Stone"],"picked":"Replay:Drink Me"},{"not_picked":[]}],"items_purged_floors":[8],"is_endless":false,"potions_floor_spawned":[5,14,16],"killed_by":"Spheric Guardian","ascension_level":0}}