{"host":"czzthkrvfe6r7fjf","time":1612347505,"event":{"mods":["ATMod(∞¢Ë™Mod)","Act Like it!","BaseMod","Downfall","GungeonMod","Marisa£®ÏF”Í°°ƒß¿Ì…≥£©","Minty Spire (QoL Compilation)","Quick Restart","StSLib","The Servant 0.9.4","Waifu the Spire","°æπ¶ƒ‹Mod°øªÏ„Á÷Æª∑–ﬁ∏¥≤π∂°"],"gold_per_floor":[113,15,290,309,66,98,115,115,115,190,5,19,46,63,63,141,141,152,171,171,171,171],"floor_reached":21,"language":"ZHS","playtime":479,"items_purged":["Regret"],"score":388,"play_id":"bb357c30-aea9-414e-b296-30f8b2e173ed","local_time":"20210203181825","is_ascension_mode":true,"campfire_choices":[{"data":"Discovery","floor":8,"key":"SMITH"},{"data":"Apotheosis","floor":15,"key":"SMITH"}],"circlet_count":0,"master_deck":["AscendersBane","Strike_R","Strike_R","Strike_R","Strike_R","Strike_R","Defend_R","Defend_R","Defend_R","Defend_R","Bash","AT_FamilyPortrait","Inflame","Discovery+1","Rampage","Apotheosis+1","Demon Form","Impervious","Necronomicurse"],"relics":["Burning Blood","AT_ATBox","NeowsBlessing","Bag of Preparation","DemoMod:WhiteGuonStone","Potion Belt","Odd Mushroom","Cursed Key","Necronomicon"],"acts_visited":["Exordium","TheCity"],"potions_floor_usage":[14],"damage_taken":[{"damage":0,"enemies":"Jaw Worm","floor":1,"turns":1},{"damage":0,"enemies":"Cultist","floor":4,"turns":1},{"damage":0,"enemies":"3 Sentries","floor":6,"turns":2},{"damage":0,"enemies":"2 Louse","floor":7,"turns":2},{"damage":9,"enemies":"Blue Slaver","floor":12,"turns":2},{"damage":29,"enemies":"The Mushroom Lair","floor":13,"turns":5},{"damage":0,"enemies":"Lots of Slimes","floor":14,"turns":4},{"damage":18,"enemies":"Hexaghost","floor":16,"turns":7},{"damage":13,"enemies":"Chosen","floor":18,"turns":5},{"damage":20,"enemies":"Spheric Guardian","floor":19,"turns":4},{"damage":18,"enemies":"Centurion and Healer","floor":21,"turns":3}],"seed_played":"-186276143862495716","potions_obtained":[{"floor":6,"key":"SteroidPotion"},{"floor":16,"key":"Weak Potion"},{"floor":18,"key":"Weak Potion"}],"is_trial":false,"path_per_floor":["M","$","?","M","$","E","M","R","T","?","$","M","?","M","R","B",null,"M","M","?","M"],"character_chosen":"IRONCLAD","items_purchased":["Discovery","Bag of Preparation","Apotheosis"],"campfire_rested":0,"item_purchase_floors":[2,5,11],"current_hp_per_floor":[74,74,74,75,75,75,75,75,75,64,64,61,38,44,44,32,64,57,43,22,16,16],"gold":171,"neow_bonus":"THREE_ENEMY_KILL","is_daily":false,"chose_seed":false,"campfire_upgraded":2,"win_rate":0.0,"timestamp":1612347505,"path_taken":["M","$","?","M","?","E","M","R","T","?","?","?","?","M","R","BOSS","M","M","?","M"],"items_purchased_type":["Card","Relic","Card"],"build_version":"2020-12-22","purchased_purges":1,"victory":false,"max_hp_per_floor":[75,75,75,75,75,75,75,75,75,75,75,75,75,75,75,75,75,75,75,75,75,75],"card_choices":[{"not_picked":["Armaments","Pommel Strike"],"picked":"Inflame","floor":1},{"not_picked":["Pommel Strike","Flex"],"picked":"Rampage","floor":4},{"not_picked":["Power Through","Perfected Strike","AT_IchimonjiDouble"],"picked":"SKIP","floor":6},{"not_picked":["Clash","Blood for Blood","Cleave"],"picked":"SKIP","floor":7},{"not_picked":["Rage","Hemokinesis"],"picked":"Demon Form","floor":12},{"not_picked":["Blood for Blood","Wild Strike","Cleave"],"picked":"SKIP","floor":14},{"not_picked":["Barricade","Brutality"],"picked":"Impervious","floor":16},{"not_picked":["AT_IchimonjiDouble","Warcry","Sword Boomerang"],"picked":"SKIP","floor":18},{"not_picked":["Sword Boomerang","Clothesline+1","Combust"],"picked":"SKIP","floor":19}],"player_experience":498328,"relics_obtained":[{"floor":6,"key":"DemoMod:WhiteGuonStone"},{"floor":9,"key":"Potion Belt"},{"floor":13,"key":"Odd Mushroom"},{"floor":20,"key":"Necronomicon"}],"event_choices":[{"damage_healed":0,"gold_gain":275,"player_choice":"Desecrate","damage_taken":0,"max_hp_gain":0,"max_hp_loss":0,"event_name":"Golden Shrine","floor":3,"gold_loss":0,"cards_obtained":["Regret"]},{"damage_healed":0,"gold_gain":75,"player_choice":"Gather Gold","damage_taken":11,"max_hp_gain":0,"max_hp_loss":0,"event_name":"World of Goop","floor":10,"gold_loss":0},{"damage_healed":0,"gold_gain":0,"player_choice":"Fought Mushrooms","damage_taken":0,"max_hp_gain":0,"max_hp_loss":0,"event_name":"Mushrooms","floor":13,"gold_loss":0},{"damage_healed":0,"gold_gain":0,"player_choice":"Obtained Book","damage_taken":21,"max_hp_gain":0,"max_hp_loss":0,"event_name":"Cursed Tome","floor":20,"gold_loss":0}],"is_beta":false,"boss_relics":[{"not_picked":["Sozu","Coffee Dripper"],"picked":"Cursed Key"}],"items_purged_floors":[5],"is_endless":false,"potions_floor_spawned":[6,7,16,18,19],"killed_by":"Centurion and Healer","ascension_level":18}}