{"host":"tjq6rykv202u6iqx","time":1612313586,"event":{"mods":["AchievementEnabler","BaseMod","Minty Spire (QoL Compilation)","Rare Cards Sparkle","Relic Stats"],"gold_per_floor":[111,124,25,43,43,75,88,88,88,108,120,120,153,153,153,256,256,266,278,278,292,304,304,304],"floor_reached":23,"language":"ENG","playtime":1610,"items_purged":[],"score":205,"play_id":"ca83f76b-a076-4cad-8a76-b304ba8a0710","local_time":"20210202185306","is_ascension_mode":false,"campfire_choices":[{"data":"All Out Attack","floor":12,"key":"SMITH"},{"data":"Poisoned Stab","floor":15,"key":"SMITH"}],"circlet_count":0,"master_deck":["Strike_G","Strike_G","Strike_G","Strike_G","Strike_G","Defend_G","Defend_G","Defend_G","Defend_G","Defend_G","Survivor","Neutralize","Quick Slash","Footwork","Dodge and Roll","Quick Slash","Sucker Punch","All Out Attack+1","Poisoned Stab+1","Deadly Poison","Flying Knee","Tools of the Trade","Burst","Acrobatics+1","Eviscerate","Backflip","Crippling Poison+1"],"relics":["Ring of the Snake"],"acts_visited":["Exordium","TheCity"],"potions_floor_usage":[13,16,16,20,20,22],"damage_taken":[{"damage":0.0,"enemies":"Jaw Worm","floor":1.0,"turns":4.0},{"damage":0.0,"enemies":"Small Slimes","floor":2.0,"turns":2.0},{"damage":0.0,"enemies":"2 Louse","floor":4.0,"turns":4.0},{"damage":23.0,"enemies":"3 Sentries","floor":6.0,"turns":11.0},{"damage":4.0,"enemies":"Exordium Thugs","floor":7.0,"turns":4.0},{"damage":4,"enemies":"Looter","floor":10,"turns":3},{"damage":4,"enemies":"Red Slaver","floor":11,"turns":4},{"damage":10,"enemies":"Gremlin Nob","floor":13,"turns":3},{"damage":34,"enemies":"Slime Boss","floor":16,"turns":12},{"damage":14,"enemies":"Chosen","floor":18,"turns":6},{"damage":14,"enemies":"3 Byrds","floor":19,"turns":6},{"damage":7,"enemies":"Masked Bandits","floor":20,"turns":3},{"damage":23,"enemies":"Centurion and Healer","floor":21,"turns":8},{"damage":11,"enemies":"Snecko","floor":22,"turns":7},{"damage":2,"enemies":"3 Cultists","floor":23,"turns":2}],"seed_played":"2138925969831347633","potions_obtained":[{"floor":0.0,"key":"GhostInAJar"},{"floor":0.0,"key":"DistilledChaos"},{"floor":0.0,"key":"Regen Potion"},{"floor":10,"key":"Energy Potion"},{"floor":13,"key":"Regen Potion"},{"floor":16,"key":"SmokeBomb"},{"floor":19,"key":"BlessingOfTheForge"}],"is_trial":false,"path_per_floor":["M","M","$","M","?","E","M","?","T","M","M","R","E","?","R","B",null,"M","M","?","M","M","M"],"character_chosen":"THE_SILENT","items_purchased":["Dodge and Roll","Quick Slash"],"campfire_rested":0,"item_purchase_floors":[3,3],"current_hp_per_floor":[70,70,70,70,70,62,58,58,58,54,50,50,40,40,40,21,70,56,42,35,12,1,0,0],"gold":304,"neow_bonus":"THREE_SMALL_POTIONS","is_daily":false,"chose_seed":false,"campfire_upgraded":2,"win_rate":0.0,"timestamp":1612313586,"path_taken":["M","M","$","M","?","E","M","?","T","M","M","R","E","?","R","BOSS","M","M","?","M","M","M"],"items_purchased_type":["Card","Card"],"build_version":"2020-12-22","purchased_purges":0,"victory":false,"max_hp_per_floor":[70,70,70,70,70,70,70,70,70,70,70,70,70,70,70,70,70,70,70,70,70,70,70,70],"relic_stats":{"counters":[15,79],"obtain_stats":[{"Ring of the Snake":0},{"Ring of the Snake":0},{"Ring of the Snake":0}],"Ring of the Snake":[30]},"card_choices":[{"not_picked":["Well Laid Plans","Deflect"],"picked":"Quick Slash","floor":1.0},{"not_picked":["PiercingWail","Choke"],"picked":"Footwork","floor":2.0},{"not_picked":["Quick Slash","Footwork"],"picked":"Sucker Punch","floor":4.0},{"not_picked":["Underhanded Strike","Sucker Punch"],"picked":"All Out Attack","floor":6.0},{"not_picked":["Escape Plan","Calculated Gamble"],"picked":"Poisoned Stab","floor":7.0},{"not_picked":["Prepared","Quick Slash"],"picked":"Deadly Poison","floor":10},{"not_picked":["Deflect","Deadly Poison"],"picked":"Flying Knee","floor":11},{"not_picked":["Bane","Well Laid Plans"],"picked":"Tools of the Trade","floor":13},{"not_picked":["Grand Finale","Storm of Steel"],"picked":"Burst","floor":16},{"not_picked":["Outmaneuver","Prepared"],"picked":"Acrobatics+1","floor":18},{"not_picked":["Flying Knee","PiercingWail"],"picked":"Eviscerate","floor":19},{"not_picked":["Dagger Throw","Underhanded Strike"],"picked":"Backflip","floor":21},{"not_picked":["Backflip","Deadly Poison"],"picked":"Crippling Poison+1","floor":22}],"player_experience":913574,"relics_obtained":[],"event_choices":[{"damage_healed":0.0,"max_hp_gain":0.0,"max_hp_loss":0.0,"gold_gain":0.0,"event_name":"The Cleric","player_choice":"Leave","floor":5.0,"gold_loss":0.0,"damage_taken":0.0},{"damage_healed":0,"gold_gain":0,"player_choice":"Searched \u00270\u0027 times","damage_taken":0,"max_hp_gain":0,"max_hp_loss":0,"event_name":"Dead Adventurer","floor":8,"gold_loss":0},{"damage_healed":0,"gold_gain":0,"player_choice":"Ignored","damage_taken":0,"max_hp_gain":0,"max_hp_loss":0,"event_name":"Liars Game","floor":14,"gold_loss":0},{"damage_healed":0,"gold_gain":0,"player_choice":"Fought Bandits","damage_taken":0,"max_hp_gain":0,"max_hp_loss":0,"event_name":"Masked Bandits","floor":20,"gold_loss":0}],"is_beta":false,"boss_relics":[{"not_picked":[]}],"items_purged_floors":[],"is_endless":false,"potions_floor_spawned":[2,10,13,16,19],"killed_by":"3 Cultists","ascension_level":0}}