{"host":"3gs8qmxwk42q8db2","time":1612388771,"event":{"mods":["2.2 Compatiblity","AchievementEnabler","Act Like it!","BaseMod","Better Note","Better Third Choice","Colored Map","Colored Powertips","Defuse TimeMaze Blight","Downfall","Friendly Minions","GifTheSpireLib","Gold Saver","Highlight Path","Hubris","Infinite Spire","Jedi Mod","Marisa????????","Minty Spire (QoL Compilation)","Permanent Neow","Replay The Spire","Shop Mod","Spikes Relics","StSLib","Stuff the Spire","The Animator","The Blackbeard","The Disciple","The Dragon Tamer","yUi"],"gold_per_floor":[488,488,502,513,613,613,664,464,487,487,502,527,527,200,223,323,323,323,346,364,384,384,384,384,402,426,451,451,159,109,148,172,290,290,290,307,307,195,245,271,271,43,59,77,111,11,26,46,60,60,60,86,11,11,11,11,11,11],"floor_reached":56,"language":"ENG","playtime":5686,"items_purged":["Spreading Infection","Injury","hexamod:Defend","hexamod:Strike","hubris:Greed","Thunderclap","hexamod:Strike","hexamod:Defend"],"score":945,"play_id":"115d6723-426b-48db-96bc-2da06e522730","local_time":"20210203224611","is_ascension_mode":false,"campfire_choices":[{"floor":1,"key":"RECALL"},{"data":"hexamod:GhostShield","floor":8,"key":"SMITH"},{"floor":13,"key":"REST"},{"data":"hexamod:GhostflameInferno","floor":18,"key":"SMITH"},{"data":"infinitespire:OneForAll","floor":28,"key":"SMITH"},{"data":"downfall:Bewildered","floor":35,"key":"PURGE"},{"data":"hubris:DuctTapeCard","floor":46,"key":"SMITH"},{"floor":54,"key":"REST"}],"circlet_count":0,"master_deck":["hexamod:Strike","hexamod:Strike","hexamod:Defend","hexamod:Defend","hexamod:Float","hexamod:GhostShield+1","hexamod:NightmareStrike","hexamod:HauntingEcho","CurseOfTheBell","CurseOfTheBell","hexamod:FifthSeal","hexamod:GhostLash","hexamod:HauntingEcho","hexamod:SpectersWail","hexamod:RecurringNightmare","hexamod:GhostShield","hexamod:GhostShield","hexamod:ParanormalForm","hexamod:GhostLash","hexamod:SpectersWail+1","hexamod:SpectersWail","hexamod:GhostLash","hexamod:GhostflameInferno+1","hexamod:SecondSeal","hexamod:SpectersWail+1","hexamod:SixthSeal","hexamod:NightmareStrike+1","hexamod:NecessarySacrifice+1","hexamod:RecurringNightmare","hexamod:GhostLash","hexamod:GhostLash","hexamod:Hexaguard","hexamod:Hexaguard","hexamod:ForkedFlame+1","hexamod:RecurringNightmare","downfall:Bewildered","hubris:DuctTapeCard+2","hexamod:Hexaguard+1"],"relics":["Honey Jar","downfall:ExtraCursedBell","Centennial Puzzle","Oddly Smooth Stone","downfall:HeartBlessingRed","downfall:HeartBlessingBlue","hubris:EvacipatedBox","Onion Ring","jedi:cryingmask","Membership Card","ReplayFunnel","Toy Ornithopter","CosmicIsotope","sneckomod:BabySnecko","Pondfish Scales","SnailShell","MerchantsRug","Cursed Key","hubris:Towel","hubris:TinFlute","StuffTheSpire:Experiment12","Cauldron","ZombieTooth","hubris:DuctTape","Simple Rune","hubris:EmptyBottle","StuffTheSpire:HeavyRock","Whetstone","downfall:HeartBlessingGreen","Anchor","StuffTheSpire:GrapeVine"],"acts_visited":["Exordium","TheCity","TheBeyond","TheEnding"],"potions_floor_usage":[16,27,29,31,33,43,43,50,50,50,50,52,55,55,55,55,55,55,56,56,56,56,56,56,56,56,56],"damage_taken":[{"damage":5,"enemies":"Jaw Worm","floor":3,"turns":3},{"damage":1,"enemies":"Cultist","floor":4,"turns":3},{"damage":0,"enemies":"2 Louse","floor":9,"turns":2},{"damage":4,"enemies":"Gremlin Gang","floor":11,"turns":3},{"damage":4,"enemies":"Exordium Thugs","floor":12,"turns":2},{"damage":0,"enemies":"downfall:FleeingMerchant","floor":14,"turns":4},{"damage":7,"enemies":"Red Slaver","floor":15,"turns":3},{"damage":8,"enemies":"IC_STATUS_ARCHETYPE","floor":16,"turns":4},{"damage":0,"enemies":"Shell Parasite","floor":19,"turns":4},{"damage":15,"enemies":"Snecko","floor":20,"turns":3},{"damage":0,"enemies":"Chosen and Byrds","floor":21,"turns":4},{"damage":3,"enemies":"Shelled Parasite and Fungi","floor":25,"turns":3},{"damage":0,"enemies":"Centurion and Healer","floor":26,"turns":3},{"damage":30,"enemies":"Snake Plant","floor":27,"turns":3},{"damage":0,"enemies":"downfall:FleeingMerchant","floor":29,"turns":4},{"damage":0,"enemies":"Slavers","floor":31,"turns":3},{"damage":0,"enemies":"Snecko","floor":32,"turns":3},{"damage":13,"enemies":"DF_ARCHETYPE_CLAW","floor":33,"turns":6},{"damage":6,"enemies":"3 Shapes","floor":36,"turns":1},{"damage":0,"enemies":"downfall:FleeingMerchant","floor":38,"turns":3},{"damage":8,"enemies":"2 Orb Walkers","floor":39,"turns":3},{"damage":0,"enemies":"3 Darklings","floor":40,"turns":3},{"damage":0,"enemies":"Maw","floor":43,"turns":5},{"damage":0,"enemies":"Jaw Worm Horde","floor":44,"turns":3},{"damage":8,"enemies":"Giant Head","floor":45,"turns":6},{"damage":2,"enemies":"Writhing Mass","floor":47,"turns":3},{"damage":0,"enemies":"Spire Growth","floor":48,"turns":3},{"damage":0,"enemies":"Maw","floor":49,"turns":5},{"damage":12,"enemies":"SI_POISON_ARCHETYPE","floor":50,"turns":6},{"damage":58,"enemies":"downfall:CharBossMerchant","floor":52,"turns":7},{"damage":17,"enemies":"downfall:NeowBoss","floor":55,"turns":13},{"damage":148,"enemies":"downfall:NeowBossFinal","floor":56,"turns":11}],"seed_played":"-1165494667336360483","potions_obtained":[{"floor":11,"key":"Elixir"},{"floor":15,"key":"hexamod:EctoCoolerPotion"},{"floor":21,"key":"AttackPotion"},{"floor":25,"key":"Weak Potion"},{"floor":31,"key":"jedi:tentaclejuice"},{"floor":32,"key":"hexamod:DoubleChargePotion"},{"floor":36,"key":"ColorlessPotion"},{"floor":38,"key":"EntropicBrew"},{"floor":38,"key":"hexamod:EctoCoolerPotion"},{"floor":38,"key":"Swift Potion"},{"floor":45,"key":"AttackPotion"}],"is_trial":false,"path_per_floor":["R","?","M","M","?","?","T","R","M","$","M","M","R","$","M","B",null,"R","M","M","M","?","?","T","M","M","M","R","$","?","E","M","B",null,"R_BF","M","?","$","?","M","T","$","M","M","E","R","M","M","M","B",null,"E","$","R","B","B"],"character_chosen":"THE_SPIRIT","items_purchased":["hubris:EvacipatedBox","Onion Ring","jedi:cryingmask","Membership Card","ReplayFunnel","Toy Ornithopter","hexamod:GhostLash","hexamod:SpectersWail+1","expansioncontent:AwakenDeath","SnailShell","MerchantsRug","Bag of Preparation","Adrenaline Potion","hubris:TinFlute","StuffTheSpire:Experiment12","Cauldron","hexamod:RecurringNightmare","Simple Rune","hubris:EmptyBottle","StuffTheSpire:HeavyRock","StuffTheSpire:GrapeVine"],"campfire_rested":2,"item_purchase_floors":[10,10,10,10,14,14,14,14,14,29,29,29,29,38,38,38,38,42,42,42,53],"current_hp_per_floor":[70,70,65,64,69,57,57,67,67,11,7,3,28,28,21,18,85,85,85,70,70,70,70,70,67,67,42,42,47,78,83,83,75,85,85,79,79,79,71,71,71,71,81,81,73,73,71,71,71,79,85,32,32,57,68,0,0,0],"gold":11,"neow_bonus":"BOSS_RELIC","is_daily":false,"chose_seed":false,"campfire_upgraded":4,"win_rate":0.0,"timestamp":1612388771,"path_taken":["R","?","M","?","?","?","T","R","M","?","?","M","R","?","M","BOSS","R","M","M","M","?","?","T","M","M","?","R","$","?","E","M","BOSS","R_BF","M","?","?","?","M","T","$","?","M","E","R","M","M","M","BOSS","E","$","R","BOSS","BOSS"],"items_purchased_type":["Relic","Relic","Relic","Relic","Relic","Relic","Card","Card","Card","Relic","Relic","Relic","Potion","Relic","Relic","Relic","Card","Relic","Relic","Relic","Relic"],"build_version":"2020-12-22","purchased_purges":8,"victory":false,"max_hp_per_floor":[70,70,70,70,75,75,75,85,85,85,85,85,85,85,85,85,85,85,85,85,85,85,85,85,85,85,85,85,85,85,85,85,85,85,85,85,85,85,85,85,85,85,85,85,85,85,85,85,85,85,85,85,85,85,85,85,85,85],"card_choices":[{"not_picked":["hexamod:GhostOfSpirePast","hexamod:SkipABeat","hexamod:HauntingEcho"],"picked":"hexamod:NightmareStrike","floor":3},{"not_picked":["hexamod:Incineration","hexamod:Hexaguard","hexamod:BurningTouch"],"picked":"hexamod:HauntingEcho","floor":4},{"not_picked":["hexamod:GhostOfSpirePresent","hexamod:FastForward","hexamod:GhostShield","Entrench"],"picked":"hexamod:GhostLash","floor":9},{"not_picked":["hexamod:SoulSteal","hexamod:HeatMetal","hexamod:ShieldOfDarkness","True Grit"],"picked":"hexamod:HauntingEcho","floor":9},{"not_picked":["hexamod:EmpoweredFlame","hexamod:FastForward","hexamod:HauntingEcho","jedi:collectorstrike"],"picked":"hexamod:SpectersWail","floor":11},{"not_picked":["hexamod:NightmareGuise","hexamod:Hexaguard","hexamod:HeatShield","Havoc"],"picked":"hexamod:RecurringNightmare","floor":11},{"not_picked":["hexamod:Hexaguard","hexamod:PhantomCloak","hexamod:NightmareStrike","Offering"],"picked":"hexamod:GhostShield","floor":12},{"not_picked":["hexamod:ThirdSeal","hexamod:Rewind","hexamod:NightmareGuise","jedi:MakeshiftSword"],"picked":"hexamod:GhostShield","floor":12},{"not_picked":["hexamod:GhostLash","hexamod:SkipABeat","hexamod:NightmareStrike","Heavy Blade"],"picked":"hexamod:ParanormalForm","floor":14},{"not_picked":["hexamod:ShieldOfDarkness","hexamod:Hexaguard","hexamod:StepThrough","Clothesline"],"picked":"hexamod:SpectersWail","floor":15},{"not_picked":["hexamod:NecessarySacrifice","hexamod:BacktrackSmack","hexamod:InspiringFlames","ReplayTheSpireMod:Limb From Limb"],"picked":"hexamod:GhostLash","floor":15},{"not_picked":["hexamod:WildfireWeapon","hexamod:FifthSeal","hexamod:HexaLevel","Fiend Fire"],"picked":"hexamod:GhostflameInferno","floor":16},{"not_picked":["hexamod:ThirdSeal","hexamod:FourthSeal"],"picked":"hexamod:SecondSeal","floor":19},{"not_picked":["hexamod:BacktrackSmack+1","hexamod:ChargedBarrage","hexamod:HeatMetal","hexamod:PhantomFireball"],"picked":"Thunderclap","floor":19},{"not_picked":["hexamod:HeatMetal","hexamod:HeatCrush","hexamod:CatchUp","Whirlwind"],"picked":"hexamod:SpectersWail+1","floor":19},{"not_picked":["hexamod:ThirdSeal","hexamod:SecondSeal"],"picked":"hexamod:SixthSeal","floor":20},{"not_picked":["hexamod:GhostflameBarrier","hexamod:FourthSeal","hexamod:RainOfEmbers+1","hexamod:GhostOfSpireFuture"],"picked":"infinitespire:OneForAll","floor":20},{"not_picked":["hexamod:FourthSeal","hexamod:BacktrackSmack","hexamod:CatchUp","Rupture"],"picked":"hexamod:NightmareStrike","floor":20},{"not_picked":["hexamod:FastForward+1","hexamod:NightmareGuise","hexamod:SpectralAdrenaline","Clothesline"],"picked":"hexamod:NecessarySacrifice+1","floor":21},{"not_picked":["hexamod:HeatCrush","hexamod:SecondSeal","hexamod:GhostflameBarrier","Headbutt"],"picked":"hexamod:RecurringNightmare","floor":21},{"not_picked":["hexamod:BacktrackSmack+1","hexamod:FastForward","hexamod:BurningTouch","Perfected Strike"],"picked":"hexamod:GhostLash","floor":25},{"not_picked":["hexamod:BurningTouch+1","hexamod:InspiringFlames","hexamod:Firestarter","StuffTheSpire:BloodClot"],"picked":"hexamod:GhostLash","floor":25},{"not_picked":["hexamod:HauntingEcho","hexamod:AdvancingGuard+1","hexamod:NightmareStrike","Sentinel"],"picked":"hexamod:Hexaguard","floor":26},{"not_picked":["hexamod:ChargedBarrage","hexamod:Again+1","hexamod:GhostShield","ReplayTheSpireMod:LeadingStrike"],"picked":"hexamod:Hexaguard","floor":26},{"not_picked":["hexamod:GhostLash","hexamod:SkipABeat+1","hexamod:RainOfEmbers","hexamod:SearingWound","StuffTheSpire:Slingshot"],"picked":"SKIP","floor":27},{"not_picked":["hexamod:HeatMetal","hexamod:FastForward","hexamod:SpectersWail","hexamod:InspiringFlames","Headbutt"],"picked":"SKIP","floor":27},{"not_picked":["hexamod:NightmareStrike+1","hexamod:FastForward","hexamod:VolcanoVisage","hexamod:HeatMetal","Reckless Charge"],"picked":"SKIP","floor":29},{"not_picked":["hexamod:SwordOfDarkness","hexamod:NecessarySacrifice","hexamod:SoulSteal","hexamod:HexaLevel"],"picked":"SKIP","floor":31},{"not_picked":["hexamod:SecondSeal","hexamod:SwordOfDarkness","hexamod:GhostLash","hexamod:CatchUp+1"],"picked":"SKIP","floor":32},{"not_picked":["hexamod:GhostLash","hexamod:NightmareGuise","hexamod:NightmareStrike","hexamod:SwordOfDarkness"],"picked":"SKIP","floor":32},{"not_picked":["hexamod:WildfireWeapon","hexamod:TurnItUp","hexamod:VolcanoVisage"],"picked":"hexamod:ForkedFlame","floor":33},{"not_picked":["hexamod:GhostLash","hexamod:Hexaguard+1","hexamod:Again","hexamod:BacktrackSmack"],"picked":"SKIP","floor":36},{"not_picked":["hexamod:NightmareGuise+1","hexamod:SoulSteal","hexamod:HauntingEcho","hexamod:FastForward"],"picked":"SKIP","floor":36},{"not_picked":["hexamod:SecondSeal","hexamod:GhostOfSpirePast","hexamod:InspiringFlames+1","hexamod:FastForward"],"picked":"SKIP","floor":38},{"not_picked":["hexamod:BurningTouch+1","hexamod:HauntingEcho+1","hexamod:HeatMetal","hexamod:FastForward+1"],"picked":"SKIP","floor":40},{"not_picked":["hexamod:GhostLash+1","hexamod:RadiantFlame+1","hexamod:GhostflameBarrier+1","hexamod:BacktrackSmack"],"picked":"SKIP","floor":40},{"not_picked":["hexamod:AdvancingGuard","hexamod:Hexaguard","hexamod:StepThrough","hexamod:FirstSeal"],"picked":"SKIP","floor":43},{"not_picked":["hexamod:BurningTouch+1","hexamod:SecondSeal","hexamod:FourthSeal","hexamod:SkipABeat"],"picked":"SKIP","floor":44},{"not_picked":["hexamod:SpectersWail","hexamod:BurningTouch","hexamod:NightmareGuise+1","hexamod:NightmareStrike+1"],"picked":"SKIP","floor":45},{"not_picked":["hexamod:BacktrackSmack+1","hexamod:FourthSeal","hexamod:SpectersWail","hexamod:GhostShield+1"],"picked":"SKIP","floor":47},{"not_picked":["hexamod:InspiringFlames+1","hexamod:HeatMetal+1","hexamod:PhantomCloak+1","hexamod:SpectersWail+1"],"picked":"SKIP","floor":48},{"not_picked":["hexamod:HeatMetal+1","hexamod:SoulSteal","hexamod:ShieldOfDarkness","hexamod:Again+1"],"picked":"SKIP","floor":49},{"not_picked":["hexamod:HauntingEcho","hexamod:EmpoweredFlame+1","hexamod:BacktrackSmack"],"picked":"hexamod:Hexaguard+1","floor":52}],"player_experience":143630,"relics_obtained":[{"floor":5,"key":"Centennial Puzzle"},{"floor":5,"key":"hubris:DisguiseKit"},{"floor":5,"key":"Prayer Wheel"},{"floor":24,"key":"Pondfish Scales"},{"floor":31,"key":"RollingBoulder"},{"floor":39,"key":"ZombieTooth"},{"floor":41,"key":"hubris:DuctTape"},{"floor":45,"key":"Whetstone"},{"floor":52,"key":"Anchor"}],"event_choices":[{"damage_healed":0,"gold_gain":0,"player_choice":"Relic ","damage_taken":12,"max_hp_gain":0,"max_hp_loss":0,"event_name":"betterThird:BetterScrap","floor":6,"gold_loss":0,"cards_obtained":["jedi:readyaimfire"]},{"cards_removed":["hubris:Greed"],"damage_healed":0,"gold_gain":0,"player_choice":"Give","damage_taken":0,"max_hp_gain":0,"max_hp_loss":0,"event_name":"betterNote:BetterNote","floor":22,"gold_loss":0,"cards_obtained":["DTMod:Strike"]},{"damage_healed":0,"gold_gain":0,"player_choice":"Fight","damage_taken":0,"max_hp_gain":0,"max_hp_loss":0,"event_name":"Mysterious Sphere","floor":39,"gold_loss":0}],"is_beta":false,"boss_relics":[{"not_picked":["Replay:Grab Bag","Replay:Drink Me","Tiny House"],"picked":"CosmicIsotope"},{"not_picked":["hubris:CrackedHourglass","hubris:VirtuousBlindfold","Runic Dome"],"picked":"Cursed Key"}],"items_purged_floors":[14,14,29,29,38,38,42,42],"is_endless":false,"potions_floor_spawned":[11,15,21,25,31,32,36,39,45,49],"killed_by":"downfall:NeowBossFinal","ascension_level":0}}