{"host":"0k696jvpnlqjk4gh","time":1612366459,"event":{"mods":["AchievementEnabler","BaseMod","Colored Map","Colored Powertips","Minty Spire (QoL Compilation)","Quick Restart"],"gold_per_floor":[116,291,291,366,386,386,386,386,409,442,457,195,212,246,246,351,351,338,253,253,272,296,296,322,322,346,362,362,362],"floor_reached":28,"language":"ENG","playtime":774,"items_purged":[],"score":353,"play_id":"1f53e3cf-ab58-4447-aecf-bda5d693309c","local_time":"20210203153419","is_ascension_mode":true,"campfire_choices":[{"data":"Redo","floor":6,"key":"SMITH"},{"data":"Zap","floor":8,"key":"SMITH"},{"data":"Apotheosis","floor":15,"key":"SMITH"},{"floor":23,"key":"REST"},{"floor":25,"key":"REST"}],"circlet_count":0,"master_deck":["Strike_B","Strike_B","Strike_B","Strike_B","Defend_B","Defend_B","Defend_B","Defend_B","Zap+1","Dualcast","Redo+1","Doubt","Regret","Ball Lightning","White Noise","Apotheosis+1","Static Discharge","White Noise","Defragment","Amplify","Conserve Battery","Self Repair","Echo Form"],"relics":["Cracked Core","NeowsBlessing","Orichalcum","NlothsMask","White Beast Statue","Prayer Wheel","SlaversCollar","Question Card","Lantern","Molten Egg 2","MealTicket"],"acts_visited":["Exordium","TheCity"],"potions_floor_usage":[14,14,14,14,14,14,15,16,16,16,24,24,27,28,28],"damage_taken":[{"damage":0,"enemies":"Jaw Worm","floor":1,"turns":1},{"damage":0,"enemies":"Small Slimes","floor":5,"turns":1},{"damage":0,"enemies":"Gremlin Nob","floor":10,"turns":1},{"damage":2,"enemies":"2 Louse","floor":11,"turns":2},{"damage":8,"enemies":"Red Slaver","floor":13,"turns":2},{"damage":0,"enemies":"3 Sentries","floor":14,"turns":3},{"damage":33,"enemies":"The Guardian","floor":16,"turns":6},{"damage":34,"enemies":"2 Thieves","floor":18,"turns":4},{"damage":21,"enemies":"Shell Parasite","floor":21,"turns":6},{"damage":22,"enemies":"Book of Stabbing","floor":24,"turns":5},{"damage":27,"enemies":"Shelled Parasite and Fungi","floor":27,"turns":4},{"damage":55,"enemies":"Slavers","floor":28,"turns":3}],"seed_played":"5342926339861848423","potions_obtained":[{"floor":1,"key":"EntropicBrew"},{"floor":11,"key":"Ancient Potion"},{"floor":13,"key":"LiquidMemories"},{"floor":14,"key":"EntropicBrew"},{"floor":16,"key":"FearPotion"},{"floor":18,"key":"EssenceOfSteel"},{"floor":21,"key":"Energy Potion"},{"floor":24,"key":"Dexterity Potion"},{"floor":27,"key":"Swift Potion"}],"is_trial":false,"path_per_floor":["M","?","?","?","M","R","?","R","T","E","M","$","M","E","R","B",null,"M","?","?","M","T","R","E","R","T","M","E"],"character_chosen":"DEFECT","items_purchased":["Apotheosis","Static Discharge"],"campfire_rested":2,"item_purchase_floors":[12,12],"current_hp_per_floor":[75,75,75,64,64,64,64,64,64,64,62,62,54,54,54,21,75,41,41,35,34,34,56,44,66,66,49,0,0],"gold":362,"neow_bonus":"THREE_ENEMY_KILL","is_daily":false,"chose_seed":false,"campfire_upgraded":3,"win_rate":0.0,"timestamp":1612366459,"path_taken":["M","?","?","?","M","R","?","R","T","E","M","$","?","E","R","BOSS","M","?","?","?","?","R","E","R","T","M","E"],"items_purchased_type":["Card","Card"],"build_version":"2020-12-22","purchased_purges":0,"victory":false,"max_hp_per_floor":[75,75,75,75,75,75,75,75,75,75,75,75,75,75,75,75,75,75,75,75,75,75,75,75,75,75,75,75,75],"card_choices":[{"not_picked":["Capacitor","Double Energy"],"picked":"Redo","floor":1},{"not_picked":["Barrage","Undo","Steam Power"],"picked":"SKIP","floor":5},{"not_picked":["Steam Power","Stack"],"picked":"Ball Lightning","floor":10},{"not_picked":["Redo","Leap"],"picked":"White Noise","floor":11},{"not_picked":["Streamline","Capacitor"],"picked":"White Noise","floor":13},{"not_picked":["Sweeping Beam","Conserve Battery"],"picked":"Defragment","floor":14},{"not_picked":["Fission","Meteor Strike"],"picked":"Amplify","floor":16},{"not_picked":["Hologram","Turbo+1"],"picked":"Conserve Battery","floor":18},{"not_picked":["Consume","Turbo"],"picked":"Self Repair","floor":18},{"not_picked":["Ball Lightning+1","Sweeping Beam","Gash+1"],"picked":"Echo Form","floor":21},{"not_picked":["Beam Cell","Steam","Storm","Compile Driver"],"picked":"SKIP","floor":21},{"not_picked":["Rip and Tear+1","Scrape+1","Go for the Eyes+1","FTL+1"],"picked":"SKIP","floor":24},{"not_picked":["Fission","FTL+1","Go for the Eyes+1","Heatsinks+1"],"picked":"SKIP","floor":27},{"not_picked":["Coolheaded+1","Melter+1","Gash+1","Chaos"],"picked":"SKIP","floor":27}],"player_experience":127393,"relics_obtained":[{"floor":10,"key":"White Beast Statue"},{"floor":14,"key":"Prayer Wheel"},{"floor":22,"key":"Lantern"},{"floor":24,"key":"Molten Egg 2"},{"floor":26,"key":"MealTicket"}],"event_choices":[{"damage_healed":0,"gold_gain":175,"player_choice":"AGREE","damage_taken":0,"max_hp_gain":0,"max_hp_loss":0,"event_name":"Liars Game","floor":2,"gold_loss":0,"cards_obtained":["Doubt"]},{"damage_healed":0,"gold_gain":0,"player_choice":"Box","damage_taken":0,"relics_obtained":["Orichalcum"],"max_hp_gain":0,"max_hp_loss":0,"event_name":"Big Fish","floor":3,"gold_loss":0,"cards_obtained":["Regret"]},{"damage_healed":0,"gold_gain":75,"player_choice":"Gather Gold","damage_taken":11,"max_hp_gain":0,"max_hp_loss":0,"event_name":"World of Goop","floor":4,"gold_loss":0},{"damage_healed":0,"gold_gain":0,"player_choice":"Trade","damage_taken":0,"relics_obtained":["NlothsMask"],"max_hp_gain":0,"max_hp_loss":0,"event_name":"FaceTrader","floor":7,"gold_loss":0},{"damage_healed":0,"gold_gain":0,"player_choice":"Obtained Relic","damage_taken":0,"relics_obtained":["Question Card"],"max_hp_gain":0,"max_hp_loss":0,"event_name":"Addict","floor":19,"gold_loss":85},{"damage_healed":0,"gold_gain":0,"player_choice":"","damage_taken":6,"max_hp_gain":0,"max_hp_loss":0,"event_name":"Knowing Skull","floor":20,"potions_obtained":[],"gold_loss":0,"cards_obtained":[]}],"is_beta":false,"boss_relics":[{"not_picked":["Coffee Dripper","Cursed Key"],"picked":"SlaversCollar"}],"items_purged_floors":[],"is_endless":false,"potions_floor_spawned":[1,11,13,14,16,18,21,24,27],"killed_by":"Slavers","ascension_level":4}}