{"host":"at5iok8t9zvyuazy","time":1612392303,"event":{"mods":["Act Like it!","BaseMod","Better Third Choice","Downfall","Hallownest","Minty Spire (QoL Compilation)","Replay The Spire","StSLib"],"gold_per_floor":[99,115,134,134,61,71,152,176,218,245,245,130,59,59,94,136,170,278,278,278,304,336,81,110,110,186,186,141,141,212,241,166,195,220,244,360,360,360,388,388,78,108,108,133,133,83,113,113,154,154,180,215,253,269],"floor_reached":55,"language":"ENG","playtime":3110,"items_purged":["hexamod:Strike","hexamod:Strike","Regret"],"score":685,"play_id":"384ebd97-2c2d-4c47-9611-485c9f981798","local_time":"20210203164503","is_ascension_mode":false,"campfire_choices":[{"data":"hexamod:Sear","floor":1.0,"key":"SMITH"},{"data":"hexamod:HeatCrush","floor":11.0,"key":"SMITH"},{"data":"hexamod:ForkedFlame","floor":14.0,"key":"SMITH"},{"data":"hexamod:SearingWound","floor":20,"key":"SMITH"},{"data":"hexamod:ThermalTransfer","floor":29,"key":"SMITH"},{"data":"hexamod:GhostOfSpirePresent","floor":38,"key":"SMITH"},{"data":"hexamod:BurningTouch","floor":43,"key":"SMITH"},{"floor":50,"key":"REST"}],"circlet_count":0,"master_deck":["hexamod:Strike","hexamod:Defend","hexamod:Defend","hexamod:Defend","hexamod:Defend","hexamod:Sear+1","hexamod:Float","hexamod:Firestarter","hexamod:SpectersWail","hexamod:BurningTouch+1","hexamod:PhantomFireball","hexamod:GhostShield","hexamod:ThermalTransfer+1","hexamod:HeatCrush+1","hexamod:ForkedFlame+1","hexamod:GhostLash","hexamod:SearingWound+1","hexamod:Hexaguard","hexamod:GhostOfSpirePresent+1","hexamod:DynamicBlow+1","hexamod:SoulSteal+1","Writhe","hexamod:GhostShield+1","hexamod:ChargedBarrage+1"],"relics":["hexamod:SpiritBrand","NeowsBlessing","Sling","Strawberry","Mercury Hourglass","Replay:Bandana","Replay:Bottled Snecko","Odd Mushroom","Pet Ghost","Busted Crown","HornCleat","Matryoshka","Dream Catcher","Onion Ring","Art of War","Snack Pack","Replay:Grab Bag","Cursed Key","bronze:MakeshiftBattery","SacredBark","Blood Vial","Smiling Mask","Prayer Wheel"],"acts_visited":["Hallownest:Greenpath","Hallownest:CityofTears","Hallownest:KingdomsEdge"],"potions_floor_usage":[54,54],"damage_taken":[{"damage":0.0,"enemies":"2_ Uuma","floor":2.0,"turns":1.0},{"damage":0.0,"enemies":"Hallownest:2_Baldur","floor":3.0,"turns":1.0},{"damage":0.0,"enemies":"downfall:FleeingMerchant","floor":5.0,"turns":1.0},{"damage":3.0,"enemies":"Hallownest:monsterHuskWarrior","floor":6.0,"turns":3.0},{"damage":13.0,"enemies":"Hallownest:eliteMossKnight","floor":9.0,"turns":4.0},{"damage":0.0,"enemies":"Hallownest:monsterAspidMother","floor":10.0,"turns":3.0},{"damage":0.0,"enemies":"Hallownest:1_Baldur_1_Crawlid_1_Warrior","floor":15.0,"turns":3.0},{"damage":6.0,"enemies":"Hallownest:eliteCrystalGuardian","floor":16.0,"turns":4.0},{"damage":0.0,"enemies":"Hallownest:Wandering_and_Horned","floor":17.0,"turns":3.0},{"damage":25.0,"enemies":"DF_ARCHETYPE_STREAMLINE","floor":18.0,"turns":8.0},{"damage":4,"enemies":"Hallownest:Guard_and_Sentry","floor":21,"turns":3},{"damage":10,"enemies":"Hallownest:2_Mistakes","floor":22,"turns":5},{"damage":0,"enemies":"Hallownest:monsterShrumalOgre","floor":24,"turns":3},{"damage":0,"enemies":"Hallownest:Warrior_and_Youth","floor":31,"turns":3},{"damage":20,"enemies":"Hallownest:2_Flukemon","floor":33,"turns":4},{"damage":0,"enemies":"Hallownest:monsterMisterMushroom","floor":34,"turns":3},{"damage":0,"enemies":"Hallownest:monsterShrumalOgre","floor":35,"turns":3},{"damage":32,"enemies":"IC_MUSHROOM_ARCHETYPE","floor":36,"turns":5},{"damage":11,"enemies":"Hallownest:2_Littles","floor":39,"turns":5},{"damage":11,"enemies":"Hallownest:3_Siblings","floor":42,"turns":7},{"damage":17,"enemies":"Hallownest:2_Wing_and_1_Kings","floor":47,"turns":6},{"damage":3,"enemies":"Hallownest:Xero_Hu_Marmu","floor":49,"turns":4},{"damage":6,"enemies":"Hallownest:monsterPrimalAspid","floor":51,"turns":3},{"damage":0,"enemies":"Hallownest:2_Great","floor":52,"turns":3},{"damage":0,"enemies":"Hallownest:2_Wing_and_1_Kings","floor":53,"turns":6},{"damage":117,"enemies":"WA_ARCHETYPE_DIVINITY","floor":54,"turns":8}],"seed_played":"1556307916551834242","potions_obtained":[{"floor":9.0,"key":"Ancient Potion"},{"floor":10.0,"key":"FairyPotion"},{"floor":15.0,"key":"PowerPotion"},{"floor":18.0,"key":"Flashbang"},{"floor":53,"key":"hexamod:SoulburnPotion"}],"is_trial":false,"path_per_floor":["R","M","M","?","$","M","T","T","E","M","R","?","$","R","M","?","M","B",null,"R","M","M","$","M","?","T","T","?","R","T","M","$","M","M","M","B",null,"R","M","?","$","M","R","T","T","$","M","?","M","R","M","M","M","B",null],"character_chosen":"THE_SPIRIT","items_purchased":["hexamod:PhantomFireball","Sling","Strawberry","hexamod:ForkedFlame","HornCleat","Blood Vial","hexamod:SoulSteal+1"],"campfire_rested":1,"item_purchase_floors":[5,5,5,13,23,41,41],"current_hp_per_floor":[70,70,70,61,68,65,65,65,52,52,52,52,52,52,52,46,46,21,77,77,73,63,63,63,59,59,59,59,59,59,59,59,43,43,45,17,77,77,66,66,66,57,57,57,57,57,44,44,45,66,64,70,72,10],"gold":269,"neow_bonus":"THREE_ENEMY_KILL","is_daily":false,"chose_seed":false,"campfire_upgraded":7,"win_rate":0.0,"timestamp":1612392303,"path_taken":["R","M","M","?","$","M","T","T","E","M","R","?","?","R","M","?","M","BOSS","R","M","M","$","M","?","T","T","?","R","?","?","$","M","M","M","BOSS","R","M","?","$","M","R","T","T","$","M","?","M","R","?","M","M","BOSS"],"items_purchased_type":["Card","Relic","Relic","Card","Relic","Relic","Card"],"build_version":"2020-12-22","purchased_purges":3,"victory":true,"max_hp_per_floor":[70,70,70,70,77,77,77,77,77,77,77,77,77,77,77,77,77,77,77,77,77,77,77,77,77,77,77,77,77,77,77,77,77,77,77,77,77,77,77,77,77,77,77,77,77,77,77,72,72,72,72,72,72,72],"card_choices":[{"not_picked":["hexamod:SwordOfDarkness","hexamod:Rewind"],"picked":"hexamod:Firestarter","floor":2.0},{"not_picked":["hexamod:InspiringFlames","hexamod:FirstSeal"],"picked":"hexamod:SpectersWail","floor":3.0},{"not_picked":["hexamod:TurnItUp","hexamod:FastForward"],"picked":"hexamod:BurningTouch","floor":5.0},{"not_picked":["hexamod:SpectersWail","hexamod:NightmareGuise"],"picked":"hexamod:GhostShield","floor":6.0},{"not_picked":["hexamod:Firestarter","hexamod:RecurringNightmare"],"picked":"hexamod:ThermalTransfer","floor":9.0},{"not_picked":["hexamod:StepThrough","hexamod:SpectralAdrenaline"],"picked":"hexamod:HeatCrush","floor":10.0},{"not_picked":["hexamod:GhostOfSpirePast","hexamod:PhantomFireball"],"picked":"hexamod:GhostLash","floor":15.0},{"not_picked":["hexamod:SpectralAdrenaline","hexamod:ExtraCrispy","hexamod:HauntingEcho"],"picked":"SKIP","floor":16.0},{"not_picked":["hexamod:StepThrough","hexamod:NightmareStrike","hexamod:AdvancingGuard"],"picked":"SKIP","floor":17.0},{"not_picked":["hexamod:SixthSeal","hexamod:ParanormalForm"],"picked":"hexamod:SearingWound","floor":18.0},{"not_picked":["hexamod:Hexaguard"],"picked":"SKIP","floor":21},{"not_picked":[],"picked":"hexamod:Hexaguard","floor":21},{"not_picked":["hexamod:Hexaguard"],"picked":"SKIP","floor":22},{"not_picked":["hexamod:GhostOfSpirePast+1"],"picked":"SKIP","floor":24},{"not_picked":["hexamod:SpectersWail"],"picked":"SKIP","floor":31},{"not_picked":["hexamod:ParanormalForm"],"picked":"SKIP","floor":33},{"not_picked":["hexamod:HauntingEcho"],"picked":"SKIP","floor":34},{"not_picked":["hexamod:FastForward+1"],"picked":"SKIP","floor":35},{"not_picked":[],"picked":"hexamod:GhostOfSpirePresent","floor":36},{"not_picked":[],"picked":"hexamod:DynamicBlow+1","floor":39},{"not_picked":["hexamod:SkipABeat+1"],"picked":"SKIP","floor":42},{"not_picked":["hexamod:ThermalTransfer"],"picked":"SKIP","floor":47},{"not_picked":["hexamod:NightmareGuise"],"picked":"SKIP","floor":47},{"not_picked":[],"picked":"hexamod:GhostShield+1","floor":49},{"not_picked":["hexamod:Hexaguard"],"picked":"SKIP","floor":49},{"not_picked":[],"picked":"hexamod:ChargedBarrage+1","floor":51},{"not_picked":["hexamod:FastForward+1"],"picked":"SKIP","floor":51},{"not_picked":["hexamod:Haunt"],"picked":"SKIP","floor":52},{"not_picked":["hexamod:BurningTouch"],"picked":"SKIP","floor":52},{"not_picked":["hexamod:HeatMetal"],"picked":"SKIP","floor":53},{"not_picked":["hexamod:Firestarter+1"],"picked":"SKIP","floor":53}],"player_experience":1011824,"relics_obtained":[{"floor":7.0,"key":"Mercury Hourglass"},{"floor":8.0,"key":"Replay:Bandana"},{"floor":9.0,"key":"Replay:Bottled Snecko"},{"floor":16.0,"key":"Pet Ghost"},{"floor":26,"key":"Matryoshka"},{"floor":27,"key":"Dream Catcher"},{"floor":27,"key":"Onion Ring"},{"floor":30,"key":"Art of War"},{"floor":30,"key":"Snack Pack"},{"floor":44,"key":"Smiling Mask"},{"floor":45,"key":"Prayer Wheel"}],"event_choices":[],"is_beta":false,"boss_relics":[{"not_picked":["Snecko Eye","Replay:Ancient Bell"],"picked":"Busted Crown"},{"not_picked":["Runic Dome","Painkiller Herb"],"picked":"Replay:Grab Bag"},{"not_picked":["Velvet Choker","ReplayTheSpireMod:DimensionalGlitch"],"picked":"Cursed Key"},{"not_picked":["ChewingGum","Coffee Dripper"],"picked":"bronze:MakeshiftBattery"},{"not_picked":["Empty Cage","Ring of Chaos"],"picked":"SacredBark"}],"items_purged_floors":[32,41,46],"is_endless":false,"potions_floor_spawned":[9,10,15,17,18,22,24,31,39,42,47,53],"ascension_level":0}}