{"host":"hszimsrtxxc2k25w","time":1612387900,"event":{"mods":["AchievementEnabler","BaseMod","Colored Map","DeckTracker","Minty Spire (QoL Compilation)","Rare Cards Sparkle","SuperFastMode"],"gold_per_floor":[110,124,39,39,50,77,97,43,68,68,79,79,79,79,79,152,152,165,184,184,73,23,23,23,23],"floor_reached":24,"language":"KOR","playtime":407,"items_purged":["Strike_G"],"score":388,"play_id":"a50cc3cb-d372-48d7-bafe-a0d2da1055b0","local_time":"20210204063140","is_ascension_mode":true,"campfire_choices":[{"data":"Blade Dance","floor":12,"key":"SMITH"},{"data":"Prepared","floor":15,"key":"SMITH"},{"data":"Infinite Blades","floor":23,"key":"SMITH"}],"circlet_count":0,"master_deck":["AscendersBane","Strike_G","Strike_G","Strike_G","Defend_G+1","Defend_G","Defend_G","Defend_G","Defend_G+1","Survivor","Neutralize","Reflex","Blade Dance+1","Accuracy","Footwork","Accuracy","Blade Dance","Prepared+1","Corpse Explosion","Dodge and Roll+1","Infinite Blades+1"],"relics":["Ring of the Snake","NeowsBlessing","Tiny Chest","Omamori","War Paint","CaptainsWheel","Calling Bell","Art of War","Toxic Egg 2","Unceasing Top","Mango"],"acts_visited":["Exordium","TheCity"],"potions_floor_usage":[19],"damage_taken":[{"damage":0,"enemies":"Cultist","floor":1,"turns":1},{"damage":0,"enemies":"2 Louse","floor":2,"turns":1},{"damage":0,"enemies":"Jaw Worm","floor":5,"turns":1},{"damage":10,"enemies":"Lagavulin","floor":6,"turns":10},{"damage":15,"enemies":"2 Fungi Beasts","floor":7,"turns":4},{"damage":5,"enemies":"Blue Slaver","floor":11,"turns":3},{"damage":28,"enemies":"Slime Boss","floor":16,"turns":7},{"damage":0,"enemies":"3 Byrds","floor":18,"turns":2},{"damage":31,"enemies":"2 Thieves","floor":19,"turns":3},{"damage":0,"enemies":"Slavers","floor":24,"turns":1}],"seed_played":"771709826036498857","potions_obtained":[{"floor":2,"key":"Ancient Potion"},{"floor":16,"key":"Poison Potion"},{"floor":18,"key":"Ancient Potion"}],"is_trial":false,"path_per_floor":["M","M","$","?","M","E","M","$","T","$","M","R","?","T","R","B",null,"M","M","T","$","?","R","E"],"character_chosen":"THE_SILENT","items_purchased":["Accuracy","Prepared","Infinite Blades"],"campfire_rested":0,"item_purchase_floors":[3,8,21],"current_hp_per_floor":[59,59,59,59,59,49,34,34,34,34,29,29,29,29,29,1,50,50,19,33,33,33,33,33,33],"gold":23,"neow_bonus":"THREE_ENEMY_KILL","is_daily":false,"chose_seed":false,"campfire_upgraded":3,"win_rate":0.0,"timestamp":1612387900,"path_taken":["M","?","?","?","M","E","M","$","T","$","?","R","?","?","R","BOSS","M","M","?","$","?","R","E"],"items_purchased_type":["Card","Card","Card"],"build_version":"2020-12-22","purchased_purges":1,"victory":false,"max_hp_per_floor":[66,66,66,66,66,66,66,66,66,66,66,66,66,66,66,66,66,66,66,80,80,80,80,80,80],"card_choices":[{"not_picked":["PiercingWail","Slice"],"picked":"Reflex","floor":1},{"not_picked":["Backflip","Dagger Throw"],"picked":"Blade Dance","floor":2},{"not_picked":["Bane","Flying Knee"],"picked":"Footwork","floor":5},{"not_picked":["PiercingWail","Doppelganger"],"picked":"Accuracy","floor":6},{"not_picked":["Underhanded Strike","Bouncing Flask"],"picked":"Blade Dance","floor":7},{"not_picked":["Dagger Throw","PiercingWail","Acrobatics"],"picked":"SKIP","floor":11},{"not_picked":["Burst","Malaise"],"picked":"Corpse Explosion","floor":16},{"not_picked":["Terror+1","Quick Slash"],"picked":"Dodge and Roll+1","floor":18},{"not_picked":["Bane","Concentrate+1","Underhanded Strike"],"picked":"SKIP","floor":19}],"player_experience":663858,"relics_obtained":[{"floor":6,"key":"Omamori"},{"floor":9,"key":"War Paint"},{"floor":14,"key":"CaptainsWheel"},{"floor":17,"key":"Art of War"},{"floor":17,"key":"Toxic Egg 2"},{"floor":17,"key":"Unceasing Top"},{"floor":20,"key":"Mango"}],"event_choices":[{"damage_healed":0,"gold_gain":0,"player_choice":"Gave Potion","damage_taken":0,"relics_obtained":["Tiny Chest"],"max_hp_gain":0,"max_hp_loss":0,"event_name":"WeMeetAgain","floor":4,"gold_loss":0},{"cards_removed":["Strike_G"],"damage_healed":0,"gold_gain":0,"player_choice":"Forget","damage_taken":0,"max_hp_gain":0,"max_hp_loss":0,"event_name":"Living Wall","floor":13,"gold_loss":0},{"damage_healed":0,"gold_gain":0,"player_choice":"Bet on Owner","damage_taken":0,"max_hp_gain":0,"max_hp_loss":0,"event_name":"The Joust","floor":22,"gold_loss":50}],"is_beta":false,"boss_relics":[{"not_picked":["Busted Crown","Tiny House"],"picked":"Calling Bell"}],"items_purged_floors":[21],"is_endless":false,"potions_floor_spawned":[2,16,18],"killed_by":"Slavers","ascension_level":20}}