{"host":"q6r63elxu27obe7v","time":1612358714,"event":{"mods":["2.2 Compatiblity","AchievementEnabler","BaseMod","CapriCore","Colored Map","DeckTracker","KOR Keyword Fix","Keyboard Shortcuts","Minty Spire (QoL Compilation)","Permanent Neow","Quick Restart","Replay The Spire","StSLib","SuperFastMode","everything is the same but u backflip on backflip","¡¼?Úª?ø«¡½REMEMod"],"gold_per_floor":[109,17,30,44,58,58,76,93,116,116,136,154,154,187,187,288,288,308,11,26,26,41,41,69,69,118,152,152,152],"floor_reached":28,"language":"KOR","playtime":1016,"items_purged":["Strike_R"],"score":344,"play_id":"60f28576-b642-47db-abf6-715c7cdbe526","local_time":"20210203222514","is_ascension_mode":true,"campfire_choices":[{"data":"True Grit","floor":6,"key":"SMITH"},{"data":"Blood for Blood","floor":10,"key":"SMITH"},{"data":"Battle Trance","floor":13,"key":"SMITH"},{"data":"Body Slam","floor":23,"key":"SMITH"},{"floor":25,"key":"REST"}],"circlet_count":0,"master_deck":["Strike_R","Strike_R","Strike_R","Strike_R","Defend_R","Defend_R","Defend_R","Defend_R","Bash","Cleave","True Grit+1","Blood for Blood+1","Sword Boomerang+1","Disarm","Fire Breathing","Battle Trance+1","Body Slam+1","REME_TheLastStrike","Body Slam+1","Feel No Pain","Flame Barrier+1","Sentinel+1"],"relics":["Burning Blood","REME_ComplimentaryCards","Dead Branch","Bird Faced Urn","Runic Cube","Toolbox","Bag of Marbles","REME_PuzzleBoxRelic","ReplayTheSpireMod:Spearhead"],"acts_visited":["Exordium","TheCity"],"potions_floor_usage":[14,14,16,20,24,24,28],"damage_taken":[{"damage":11,"enemies":"Cultist","floor":1,"turns":4},{"damage":17,"enemies":"Jaw Worm","floor":3,"turns":4},{"damage":7,"enemies":"2 Louse","floor":4,"turns":2},{"damage":2,"enemies":"Exordium Wildlife","floor":5,"turns":4},{"damage":14,"enemies":"Exordium Thugs","floor":7,"turns":5},{"damage":13,"enemies":"Blue Slaver","floor":8,"turns":5},{"damage":0,"enemies":"Large Slime","floor":11,"turns":4},{"damage":14,"enemies":"2 Fungi Beasts","floor":12,"turns":4},{"damage":17,"enemies":"3 Sentries","floor":14,"turns":4},{"damage":38,"enemies":"Slime Boss","floor":16,"turns":5},{"damage":33,"enemies":"2 Thieves","floor":18,"turns":3},{"damage":17,"enemies":"Shell Parasite","floor":20,"turns":7},{"damage":11,"enemies":"Snecko","floor":22,"turns":4},{"damage":48,"enemies":"Gremlin Leader","floor":24,"turns":8},{"damage":34,"enemies":"Slavers","floor":27,"turns":2},{"damage":18,"enemies":"Centurion and Healer","floor":28,"turns":3}],"seed_played":"-4764803165046721589","potions_obtained":[{"floor":3,"key":"SneckoOil"},{"floor":8,"key":"Elixir"},{"floor":12,"key":"PowerPotion"},{"floor":16,"key":"Fire Potion"},{"floor":18,"key":"Flashbang"},{"floor":20,"key":"BloodPotion"},{"floor":27,"key":"Dexterity Potion"}],"is_trial":false,"path_per_floor":["M","$","M","M","M","R","M","M","T","R","M","M","R","E","R_BF","B",null,"M","$","M","?","M","R","E","R","T","E","M"],"character_chosen":"IRONCLAD","items_purchased":["True Grit","Blood for Blood","Feel No Pain","Toolbox"],"campfire_rested":1,"item_purchase_floors":[2,2,19,19],"current_hp_per_floor":[67,67,56,55,59,59,51,44,44,44,50,42,42,31,52,24,72,45,45,38,38,39,39,15,36,36,10,0,0],"gold":152,"neow_bonus":"ONE_RARE_RELIC","is_daily":false,"chose_seed":false,"campfire_upgraded":4,"win_rate":0.0,"timestamp":1612358714,"path_taken":["M","$","M","M","M","R","M","M","T","R","M","?","R","E","R_BF","BOSS","M","$","M","?","M","R","E","R","T","E","M"],"items_purchased_type":["Card","Card","Card","Relic"],"build_version":"2020-12-22","purchased_purges":1,"victory":false,"max_hp_per_floor":[72,72,72,72,72,72,72,72,72,72,72,72,72,72,72,72,72,72,72,72,72,72,72,72,72,72,72,72,72],"card_choices":[{"not_picked":["Armaments","Iron Wave"],"picked":"Cleave","floor":1},{"not_picked":["Searing Blow","Uppercut"],"picked":"Sword Boomerang","floor":3},{"not_picked":["ReplayTheSpireMod:Strike From Hell","Run Through"],"picked":"Disarm","floor":4},{"not_picked":["Ghostly Armor","Heavy Blade","REME_Scribble"],"picked":"SKIP","floor":5},{"not_picked":["Ghostly Armor","Heavy Blade","REME_Scribble"],"picked":"SKIP","floor":5},{"not_picked":["Flex","Perfected Strike"],"picked":"Fire Breathing","floor":7},{"not_picked":["Demon Form","Cleave","Flex"],"picked":"SKIP","floor":8},{"not_picked":["Thunderclap","Heavy Blade"],"picked":"Battle Trance","floor":11},{"not_picked":["ReplayTheSpireMod:Corrosion Curse","Flex","ReplayTheSpireMod:Strike From Hell"],"picked":"SKIP","floor":12},{"not_picked":["Demonic Infusion","Heavy Blade"],"picked":"Body Slam","floor":14},{"not_picked":["Berserk","Feed"],"picked":"REME_TheLastStrike","floor":16},{"not_picked":["REME_Scribble","Clothesline"],"picked":"Body Slam+1","floor":18},{"not_picked":["Cleave","Ghostly Armor"],"picked":"Flame Barrier+1","floor":20},{"not_picked":["Armaments","Wild Strike+1","Hemokinesis"],"picked":"SKIP","floor":22},{"not_picked":["Sever Soul","Disarm","Intimidate"],"picked":"SKIP","floor":24},{"not_picked":["Feed","Heavy Blade"],"picked":"Sentinel+1","floor":27}],"player_experience":134320,"relics_obtained":[{"floor":14,"key":"Bird Faced Urn"},{"floor":24,"key":"Bag of Marbles"},{"floor":26,"key":"REME_PuzzleBoxRelic"},{"floor":27,"key":"ReplayTheSpireMod:Spearhead"}],"event_choices":[{"damage_healed":0,"gold_gain":0,"player_choice":"Ignored","damage_taken":0,"max_hp_gain":0,"max_hp_loss":0,"event_name":"Vampires","floor":21,"gold_loss":0}],"is_beta":false,"boss_relics":[{"not_picked":["ReplayTheSpireMod:DimensionalGlitch","Replay:Bronze Core"],"picked":"Runic Cube"}],"items_purged_floors":[19],"is_endless":false,"potions_floor_spawned":[3,8,12,16,18,20,27],"killed_by":"Centurion and Healer","ascension_level":4}}