{"host":"dztixnx9b0gu6w9i","time":1612393761,"event":{"mods":["BaseMod","Bestiary","Minty Spire (QoL Compilation)","Relic Stats","Slay the Relics Exporter","SpireBot","ojb\u0027s Better Paths Mod","ojb\u0027s Info Mod"],"gold_per_floor":[118,118,132,145,165,165,180,180,180,198,198,198],"floor_reached":11,"language":"ENG","playtime":2403,"items_purged":[],"score":134,"play_id":"57ad584e-c524-4bed-a6af-7844bb7cc58a","local_time":"20210203180921","is_ascension_mode":true,"campfire_choices":[{"data":"Loop","floor":6,"key":"SMITH"}],"circlet_count":0,"master_deck":["AscendersBane","Strike_B","Strike_B","Strike_B","Strike_B","Defend_B","Defend_B","Defend_B","Defend_B","Zap","Dualcast","Cold Snap","Genetic Algorithm","Loop+1","Melter","Defragment"],"relics":["Black Star","Pantograph"],"acts_visited":["Exordium"],"potions_floor_usage":[2,5,10,11],"damage_taken":[{"damage":11,"enemies":"Jaw Worm","floor":1,"turns":5},{"damage":0,"enemies":"Cultist","floor":3,"turns":5},{"damage":5,"enemies":"2 Louse","floor":4,"turns":3},{"damage":15,"enemies":"Red Slaver","floor":5,"turns":5},{"damage":14,"enemies":"Lots of Slimes","floor":7,"turns":9},{"damage":0,"enemies":"Large Slime","floor":10,"turns":8},{"damage":36,"enemies":"Gremlin Nob","floor":11,"turns":4}],"seed_played":"768399938921841454","potions_obtained":[{"floor":1,"key":"LiquidBronze"},{"floor":2,"key":"Fruit Juice"},{"floor":2,"key":"CultistPotion"},{"floor":7,"key":"DuplicationPotion"},{"floor":10,"key":"PotionOfCapacity"}],"is_trial":false,"path_per_floor":["M","?","M","M","M","R","M","?","T","M","E"],"character_chosen":"DEFECT","items_purchased":[],"campfire_rested":0,"item_purchase_floors":[],"current_hp_per_floor":[53,58,58,53,38,38,24,13,13,13,0,0],"gold":198,"neow_bonus":"BOSS_RELIC","is_daily":false,"chose_seed":false,"campfire_upgraded":1,"win_rate":0.0,"timestamp":1612393761,"path_taken":["M","?","M","M","?","R","M","?","T","?","E"],"items_purchased_type":[],"build_version":"2020-12-22","purchased_purges":0,"victory":false,"max_hp_per_floor":[71,76,76,76,76,76,76,76,76,76,76,76],"relic_stats":{"counters":[7,39],"Pantograph":0,"Black Star":0,"obtain_stats":[{"Pantograph":9,"Black Star":0,"Cracked Core":0},{"Pantograph":5,"Black Star":0,"Cracked Core":0},{"Pantograph":27,"Black Star":0,"Cracked Core":0}]},"card_choices":[{"not_picked":["Double Energy","Go for the Eyes"],"picked":"Cold Snap","floor":1},{"not_picked":["Aggregate","Turbo","Coolheaded"],"picked":"SKIP","floor":3},{"not_picked":["Conserve Battery","Leap"],"picked":"Genetic Algorithm","floor":4},{"not_picked":["Hologram","Turbo"],"picked":"Loop","floor":5},{"not_picked":["Turbo","Reprogram"],"picked":"Melter","floor":7},{"not_picked":["Beam Cell","Barrage"],"picked":"Defragment","floor":10}],"player_experience":8414817,"relics_obtained":[{"floor":9,"key":"Pantograph"}],"event_choices":[{"damage_healed":0,"gold_gain":0,"player_choice":"Got Potions","damage_taken":0,"max_hp_gain":0,"max_hp_loss":0,"event_name":"Lab","floor":2,"gold_loss":0},{"damage_healed":0,"gold_gain":0,"player_choice":"Damaged","damage_taken":11,"max_hp_gain":0,"max_hp_loss":0,"event_name":"Wheel of Change","floor":8,"gold_loss":0}],"is_beta":false,"boss_relics":[],"items_purged_floors":[],"is_endless":false,"potions_floor_spawned":[1,7,10],"killed_by":"Gremlin Nob","ascension_level":20}}