{"host":"4g8vayc9pwrwu92h","time":1612357229,"event":{"mods":["Act Like it!","Aspiration","BaseMod","Conspire","Downfall","Hallownest","Marked Mod","Minty Spire (QoL Compilation)","Quick Restart","StSLib","The Bug Knight","The Jungle","TheHeartMod"],"gold_per_floor":[118,118,118,118,138,138,56,91,165,190,204,204,204,224,224,326,326,341,341,352,367,189,189,205,160,160,192,216,254,267,303,303,408,408,434,434,434],"floor_reached":36,"language":"ZHS","playtime":2465,"items_purged":["Writhe"],"score":493,"play_id":"501678ee-a953-4ee5-9e78-c2f689396399","local_time":"20210203210029","is_ascension_mode":true,"campfire_choices":[{"floor":6,"key":"REST"},{"data":"HollowMod:FastStrike","floor":15,"key":"SMITH"},{"floor":23,"key":"RECALL"},{"data":"HollowMod:RecoilStrike","floor":32,"key":"SMITH"}],"circlet_count":0,"master_deck":["HollowMod:NailStrikeStart","HollowMod:NailStrikeStart","HollowMod:NailStrikeStart","HollowMod:NailStrikeStart","HollowMod:QuickDashStart","HollowMod:QuickDashStart","HollowMod:QuickDashStart","HollowMod:QuickDashStart","HollowMod:FocusHealStart+1","HollowMod:PogoStrike","HollowMod:CoiledNail","HollowMod:CycloneSlash","HollowMod:FastStrike+1","HollowMod:SoulMaster","HollowMod:SoulStrike","HollowMod:HornetsHelp","HollowMod:MantisMark+1","HollowMod:MonomonsArchive","HollowMod:RecoilStrike+1","HollowMod:MonarchWings","HollowMod:PureVessel","HollowMod:HuntersJournal+1","HollowMod:HerrahsAnger","Battle Trance+1"],"relics":["HollowMod:VesselMask","NeowsBlessing","Tiny Chest","Blue Candle","HornCleat","TungstenRod","Lantern","aspiration:IroncladSkillbook","Thread and Needle","Potion Belt","CeramicFish","HollowMod:KingsBrand","Du-Vu Doll","conspire:SlowCooker"],"acts_visited":["Exordium","Hallownest:Greenpath","Hallownest:CityofTears"],"potions_floor_usage":[16,16,21,22,27,33,35],"damage_taken":[{"damage":0,"enemies":"Hallownest:2_Tiktiks_and_1_Crawlid","floor":1,"turns":1},{"damage":0,"enemies":"2_ Uuma","floor":5,"turns":1},{"damage":0,"enemies":"Hallownest:eliteMossKnight","floor":8,"turns":1},{"damage":10,"enemies":"Hallownest:eliteCrystalGuardian","floor":10,"turns":4},{"damage":0,"enemies":"Hallownest:monsterHuskWarrior","floor":11,"turns":1},{"damage":0,"enemies":"Hallownest:Wandering_and_Horned","floor":14,"turns":4},{"damage":44,"enemies":"Hallownest:BossFalseKnight","floor":16,"turns":7},{"damage":10,"enemies":"Hallownest:2_Mistakes","floor":18,"turns":5},{"damage":5,"enemies":"Hallownest:3_Youths","floor":20,"turns":5},{"damage":1,"enemies":"Hallownest:Master_and_Novice","floor":21,"turns":3},{"damage":10,"enemies":"Hallownest:3_Mistakes","floor":24,"turns":5},{"damage":18,"enemies":"Hallownest:eliteWatcherKnight","floor":27,"turns":10},{"damage":18,"enemies":"Hallownest:Nosk","floor":29,"turns":6},{"damage":7,"enemies":"Hallownest:monsterMisterMushroom","floor":30,"turns":5},{"damage":8,"enemies":"Hallownest:eliteSoulWarrior","floor":31,"turns":6},{"damage":31,"enemies":"Hallownest:BossGrimm","floor":33,"turns":9},{"damage":46,"enemies":"Hallownest:2_Littles","floor":35,"turns":9},{"damage":54,"enemies":"Hallownest:3_Siblings","floor":36,"turns":5}],"seed_played":"-7271610944740459855","potions_obtained":[{"floor":11,"key":"Dexterity Potion"},{"floor":14,"key":"AttackPotion"},{"floor":16,"key":"SteroidPotion"},{"floor":20,"key":"GamblersBrew"},{"floor":24,"key":"bronze:BurnAndBuffPotion"},{"floor":31,"key":"ColorlessPotion"},{"floor":33,"key":"Guardian:BlockOnCardUsePotion"}],"is_trial":false,"path_per_floor":["M","?","?","?","M","R","$","E","T","E","M","?","T","M","R","B",null,"M","?","M","M","$","R","M","?","T","E","T","E","M","E","R","B",null,"M","M"],"character_chosen":"THE_BUGKNIGHT","items_purchased":["HollowMod:FastStrike","Fruit Juice"],"campfire_rested":1,"item_purchase_floors":[7,22],"current_hp_per_floor":[75,75,35,43,43,65,65,65,65,55,55,64,64,70,70,26,84,84,84,83,84,89,89,83,83,83,79,79,71,74,70,70,49,89,47,0,0],"gold":434,"neow_bonus":"THREE_ENEMY_KILL","is_daily":false,"chose_seed":false,"campfire_upgraded":2,"win_rate":0.0,"timestamp":1612357229,"path_taken":["M","?","?","?","?","R","$","E","T","E","M","?","?","M","R","BOSS","M","?","M","M","?","R","M","?","T","E","?","E","?","E","R","BOSS","M","M"],"items_purchased_type":["Card","Potion"],"build_version":"2020-12-22","purchased_purges":1,"victory":false,"max_hp_per_floor":[75,75,75,75,75,75,75,75,75,75,75,84,84,84,84,84,84,84,84,84,84,89,89,89,89,89,89,89,89,89,89,89,89,89,89,89,89],"card_choices":[{"not_picked":["HollowMod:SoulSplash","HollowMod:MonomonsArchive"],"picked":"HollowMod:CoiledNail","floor":1},{"not_picked":["HollowMod:HowlingWraiths","HollowMod:DashSlash"],"picked":"HollowMod:CycloneSlash","floor":5},{"not_picked":["HollowMod:LifebloodCocoon","HollowMod:DungDefenderAura","HollowMod:NewJinnsSoul"],"picked":"SKIP","floor":8},{"not_picked":["HollowMod:ChannelNail","HollowMod:SharpenedNail"],"picked":"HollowMod:SoulMaster","floor":10},{"not_picked":["HollowMod:SharpenedNail","HollowMod:TaintedHusks"],"picked":"HollowMod:SoulStrike","floor":11},{"not_picked":["HollowMod:InfectedCysts","HollowMod:DreamGate","HollowMod:SharpenedShadows"],"picked":"SKIP","floor":14},{"not_picked":["HollowMod:MidwifesHunger","HollowMod:HerrahsAnger"],"picked":"HollowMod:HornetsHelp","floor":16},{"not_picked":["HollowMod:VengefulVoid","HollowMod:NewJinnsSoul","Clash+1"],"picked":"HollowMod:MantisMark+1","floor":18},{"not_picked":["Cleave","Clothesline+1","Body Slam"],"picked":"HollowMod:MonomonsArchive","floor":20},{"not_picked":["Searing Blow","HollowMod:DescendingDark","HollowMod:CloakDash"],"picked":"HollowMod:RecoilStrike","floor":21},{"not_picked":["True Grit+1","Iron Wave","Thunderclap+1"],"picked":"HollowMod:MonarchWings","floor":24},{"not_picked":["Sword Boomerang","Rupture+1","HollowMod:LuriensSpire","Reckless Charge"],"picked":"SKIP","floor":27},{"not_picked":["HollowMod:DashSlash","Second Wind","Flame Barrier"],"picked":"HollowMod:PureVessel","floor":29},{"not_picked":["HollowMod:TaintedHusks","Thunderclap","HollowMod:CloakDash","HollowMod:SiblingsShadow"],"picked":"SKIP","floor":30},{"not_picked":["Anger+1","HollowMod:NewLittleFool","conspire:HitWhereItHurts"],"picked":"HollowMod:HuntersJournal+1","floor":31},{"not_picked":["HollowMod:LifebloodCore","Fiend Fire","Reaper"],"picked":"HollowMod:HerrahsAnger","floor":33},{"not_picked":["Dark Embrace","HollowMod:LifebloodCocoon","Warcry+1"],"picked":"Battle Trance+1","floor":35}],"player_experience":453694,"relics_obtained":[{"floor":8,"key":"HornCleat"},{"floor":10,"key":"TungstenRod"},{"floor":13,"key":"Lantern"},{"floor":26,"key":"Thread and Needle"},{"floor":27,"key":"Potion Belt"},{"floor":28,"key":"CeramicFish"},{"floor":29,"key":"HollowMod:KingsBrand"},{"floor":31,"key":"Du-Vu Doll"}],"event_choices":[],"is_beta":false,"boss_relics":[{"not_picked":["Snecko Eye","Sozu"],"picked":"aspiration:IroncladSkillbook"},{"not_picked":["SlaversCollar","aspiration:RitualDagger"],"picked":"conspire:SlowCooker"}],"items_purged_floors":[22],"is_endless":false,"potions_floor_spawned":[11,14,16,20,24,31,33],"killed_by":"Hallownest:3_Siblings","ascension_level":2}}