{"host":"lne8wiuoeo5kx55p","time":1612328524,"event":{"mods":["BaseMod","Colored Map","Colored Powertips","Googly Eyes","Minty Spire (QoL Compilation)"],"gold_per_floor":[116,34,34,34,50,50,63,78,103,117,117,145,145,69,69,166,166,183,214,139,152,152,152,162,87,87,103,103,103],"floor_reached":28,"language":"ZHS","playtime":2127,"items_purged":["Defend_G"],"score":243,"play_id":"132cb55e-56a2-485a-9ef4-d3013266135a","local_time":"20210203130204","is_ascension_mode":false,"campfire_choices":[{"data":"Infinite Blades","floor":6,"key":"SMITH"},{"data":"Tools of the Trade","floor":11,"key":"SMITH"},{"floor":15,"key":"REST"},{"data":"RitualDagger","floor":23,"key":"SMITH"}],"circlet_count":0,"master_deck":["Strike_G","Strike_G","Strike_G","Strike_G","Defend_G","Defend_G","Defend_G","Survivor","Neutralize","Deadly Poison","Infinite Blades+1","Dagger Spray","Tools of the Trade+1","Finisher","Deadly Poison","Prepared","Terror","Venomology","CurseOfTheBell","Deadly Poison","Tactician+1","Quick Slash","RitualDagger+1","Endless Agony+1","Die Die Die"],"relics":["Ring of the Snake","FaceOfCleric","Ancient Tea Set","Blood Vial","Orichalcum","Calling Bell","Shuriken","StoneCalendar","Juzu Bracelet","Red Mask","Incense Burner"],"acts_visited":["Exordium","TheCity"],"potions_floor_usage":[8,18,19,21,27,27,28,28,28,28],"damage_taken":[{"damage":4,"enemies":"Cultist","floor":1,"turns":5},{"damage":0,"enemies":"Jaw Worm","floor":5,"turns":4},{"damage":5,"enemies":"2 Louse","floor":7,"turns":2},{"damage":18,"enemies":"Gremlin Gang","floor":8,"turns":3},{"damage":5,"enemies":"2 Fungi Beasts","floor":10,"turns":3},{"damage":13,"enemies":"Lagavulin","floor":12,"turns":5},{"damage":37,"enemies":"The Guardian","floor":16,"turns":9},{"damage":7,"enemies":"Shell Parasite","floor":18,"turns":4},{"damage":38,"enemies":"Masked Bandits","floor":19,"turns":5},{"damage":11,"enemies":"3 Byrds","floor":21,"turns":5},{"damage":11,"enemies":"Snecko","floor":24,"turns":4},{"damage":12,"enemies":"Snake Plant","floor":27,"turns":4},{"damage":15,"enemies":"Centurion and Healer","floor":28,"turns":3}],"seed_played":"-2092228368535108544","potions_obtained":[{"floor":1,"key":"DistilledChaos"},{"floor":8,"key":"DistilledChaos"},{"floor":24,"key":"BlessingOfTheForge"},{"floor":27,"key":"Weak Potion"}],"is_trial":false,"path_per_floor":["M","$","?","?","M","R","M","M","T","M","R","E","?","$","R","B",null,"M","?","$","M","?","R","M","?","T","M","M"],"character_chosen":"THE_SILENT","items_purchased":["Infinite Blades","Terror"],"campfire_rested":1,"item_purchase_floors":[2,14],"current_hp_per_floor":[73,73,73,73,74,74,70,53,53,49,49,37,37,37,61,27,83,77,42,42,34,28,28,20,20,20,11,0,0],"gold":103,"neow_bonus":"TEN_PERCENT_HP_BONUS","is_daily":false,"chose_seed":false,"campfire_upgraded":3,"win_rate":0.0,"timestamp":1612328524,"path_taken":["M","?","?","?","M","R","?","M","T","M","R","E","?","?","R","BOSS","M","?","$","M","?","R","M","?","T","M","M"],"items_purchased_type":["Card","Card"],"build_version":"2020-12-22","purchased_purges":1,"victory":false,"max_hp_per_floor":[77,77,77,77,78,78,79,80,80,81,81,82,82,82,82,83,83,84,85,85,86,86,86,87,87,87,88,88,88],"card_choices":[{"not_picked":["Blur","Masterful Stab"],"picked":"Deadly Poison","floor":1},{"not_picked":["Acrobatics","Underhanded Strike"],"picked":"Dagger Spray","floor":5},{"not_picked":["Eviscerate","Backstab"],"picked":"Tools of the Trade","floor":7},{"not_picked":["Masterful Stab","Dagger Throw"],"picked":"Finisher","floor":8},{"not_picked":["Dodge and Roll","PiercingWail"],"picked":"Deadly Poison","floor":10},{"not_picked":["Bouncing Flask","Dagger Throw"],"picked":"Prepared","floor":12},{"not_picked":["Malaise","Burst"],"picked":"Venomology","floor":16},{"not_picked":["Predator","Caltrops"],"picked":"Deadly Poison","floor":18},{"not_picked":["Crippling Poison","Backflip"],"picked":"Tactician+1","floor":19},{"not_picked":["Dodge and Roll","Dash"],"picked":"Quick Slash","floor":21},{"not_picked":["Flying Knee","Slice"],"picked":"Endless Agony+1","floor":24},{"not_picked":["Calculated Gamble","Deflect"],"picked":"Die Die Die","floor":27}],"player_experience":6785,"relics_obtained":[{"floor":9,"key":"Ancient Tea Set"},{"floor":12,"key":"Blood Vial"},{"floor":17,"key":"Shuriken"},{"floor":17,"key":"StoneCalendar"},{"floor":17,"key":"Juzu Bracelet"},{"floor":19,"key":"Red Mask"},{"floor":26,"key":"Incense Burner"}],"event_choices":[{"cards_removed":["Defend_G"],"damage_healed":0,"gold_gain":0,"player_choice":"Forget","damage_taken":0,"max_hp_gain":0,"max_hp_loss":0,"event_name":"Living Wall","floor":3,"gold_loss":0},{"damage_healed":0,"gold_gain":0,"player_choice":"Trade","damage_taken":0,"relics_obtained":["FaceOfCleric"],"max_hp_gain":0,"max_hp_loss":0,"event_name":"FaceTrader","floor":4,"gold_loss":0},{"damage_healed":0,"gold_gain":0,"player_choice":"Searched \u00272\u0027 times","damage_taken":0,"relics_obtained":["Orichalcum"],"max_hp_gain":0,"max_hp_loss":0,"event_name":"Dead Adventurer","floor":13,"gold_loss":0},{"damage_healed":0,"gold_gain":0,"player_choice":"Fought Bandits","damage_taken":0,"max_hp_gain":0,"max_hp_loss":0,"event_name":"Masked Bandits","floor":19,"gold_loss":0},{"damage_healed":0,"gold_gain":0,"player_choice":"Joined the Cult","damage_taken":6,"max_hp_gain":0,"max_hp_loss":0,"event_name":"Nest","floor":22,"gold_loss":0,"cards_obtained":["RitualDagger"]},{"cards_removed":["Strike_G"],"damage_healed":0,"gold_gain":0,"player_choice":"Gave Gold","damage_taken":0,"max_hp_gain":0,"max_hp_loss":0,"event_name":"Beggar","floor":25,"gold_loss":75}],"is_beta":false,"boss_relics":[{"not_picked":["Ectoplasm","Tiny House"],"picked":"Calling Bell"}],"items_purged_floors":[20],"is_endless":false,"potions_floor_spawned":[1,8,24,27],"killed_by":"Centurion and Healer","ascension_level":0}}