{"host":"k73jsiy5lznhl6mk","time":1612335660,"event":{"mods":["BaseMod","Colored Map","Colored Powertips","Hermit","Highlight Path","Infinite Spire","Ironclad Rager","JesterMod","Minty Spire (QoL Compilation)","Retaliation","Spicy Shops","StSLib","The Blue Laboratory","The Jungle","Uncapped"],"gold_per_floor":[109,109,120,131,131,148,168,232,232,232,232,38,56,70,70,174,174,99,99,119,41,41,53,53,53],"floor_reached":24,"language":"ENG","playtime":2649,"items_purged":[],"score":188,"play_id":"dac43aef-a995-436d-8018-59df71238121","local_time":"20210202230100","is_ascension_mode":false,"campfire_choices":[{"data":"jesterMod:BouncingKnife","floor":10,"key":"SMITH"},{"floor":15,"key":"REST"}],"circlet_count":0,"master_deck":["jesterMod:Strike+1","jesterMod:Strike+1","jesterMod:Strike+1","jesterMod:Strike+1","jesterMod:Sickle","jesterMod:Defend+1","jesterMod:Defend+1","jesterMod:Defend+1","jesterMod:Defend+1","jesterMod:Dodge","jesterMod:Unleash","jesterMod:BouncingKnife+1","jesterMod:TrickyDodge","jesterMod:Anticipation","jesterMod:Rebuff","jesterMod:SwiftDodge","jesterMod:Hide","jesterMod:DanceOfChaos","jesterMod:TrickyDodge","CurseOfTheBell","jesterMod:Swiftness+1","jesterMod:DancingMad","jesterMod:Pillage"],"relics":["jesterMod:JesterCap","NeowsBlessing","jesterMod:LargeSleeves","White Beast Statue","Pen Nib","Meat on the Bone","Smiling Mask","Juzu Bracelet","Calling Bell","MealTicket","Frozen Egg 2","TungstenRod","Chemical X"],"acts_visited":["Exordium","TheCity"],"potions_floor_usage":[7,8,16,16,16,18,23,23,24],"damage_taken":[{"damage":0,"enemies":"Jaw Worm","floor":1,"turns":1},{"damage":0,"enemies":"2 Louse","floor":3,"turns":1},{"damage":0,"enemies":"Small Slimes","floor":4,"turns":1},{"damage":2,"enemies":"Looter","floor":6,"turns":5},{"damage":0,"enemies":"Exordium Wildlife","floor":7,"turns":5},{"damage":14,"enemies":"3 Sentries","floor":8,"turns":10},{"damage":17,"enemies":"Large Slime","floor":13,"turns":7},{"damage":3,"enemies":"Gremlin Gang","floor":14,"turns":6},{"damage":49,"enemies":"Slime Boss","floor":16,"turns":26},{"damage":10,"enemies":"2 Thieves","floor":18,"turns":5},{"damage":7,"enemies":"Chosen","floor":20,"turns":8},{"damage":77,"enemies":"3 Cultists","floor":23,"turns":11},{"damage":0,"enemies":"Nightmare","floor":24,"turns":1}],"seed_played":"-889890990148420509","potions_obtained":[{"floor":3,"key":"blueLaboratory:HorrorPotion"},{"floor":6,"key":"Dexterity Potion"},{"floor":7,"key":"DistilledChaos"},{"floor":8,"key":"DDmod:CleansePotion"},{"floor":13,"key":"Weak Potion"},{"floor":16,"key":"SkillPotion"},{"floor":18,"key":"blueLaboratory:PyrophylliteBrew"},{"floor":20,"key":"blueLaboratory:EmptyBottle"},{"floor":23,"key":"DuplicationPotion"}],"is_trial":false,"path_per_floor":["M","?","M","M","?","M","M","?","T","R","T","$","M","M","R","B",null,"M","?","M","$","?","M","NM"],"character_chosen":"THE_JESTER","items_purchased":["Juzu Bracelet","jesterMod:Hide","Chemical X"],"campfire_rested":1,"item_purchase_floors":[12,12,21],"current_hp_per_floor":[70,70,70,70,45,43,43,29,29,29,29,29,24,33,54,17,70,60,60,53,68,80,15,15,15],"gold":53,"neow_bonus":"THREE_ENEMY_KILL","is_daily":false,"chose_seed":false,"campfire_upgraded":1,"win_rate":0.0,"timestamp":1612335660,"path_taken":["M","?","M","M","?","M","M","?","T","R","?","$","M","M","R","BOSS","M","?","M","$","?","M","NM"],"items_purchased_type":["Relic","Card","Relic"],"build_version":"2020-12-22","purchased_purges":0,"victory":false,"max_hp_per_floor":[70,70,70,70,70,70,70,70,70,70,70,70,70,70,70,70,70,70,70,70,70,80,80,80,80],"card_choices":[{"not_picked":["jesterMod:Pause","jesterMod:ButterKnife"],"picked":"jesterMod:Unleash","floor":1},{"not_picked":["jesterMod:SelfMockery","jesterMod:DaggerRain"],"picked":"jesterMod:BouncingKnife","floor":3},{"not_picked":["jesterMod:SmokeScreen","jesterMod:MudBall"],"picked":"jesterMod:TrickyDodge","floor":4},{"not_picked":["jesterMod:ExperimentalTreatment","jesterMod:SmokeScreen"],"picked":"jesterMod:Anticipation","floor":6},{"not_picked":["jesterMod:QuickStrike","jesterMod:ButterKnife"],"picked":"jesterMod:Rebuff","floor":7},{"not_picked":["jesterMod:DaggerRain","jesterMod:Talion"],"picked":"jesterMod:SwiftDodge","floor":8},{"not_picked":["jesterMod:Discretion","jesterMod:DancingMad"],"picked":"jesterMod:DanceOfChaos","floor":13},{"not_picked":["jesterMod:RecklessStrike","jesterMod:Precipitation"],"picked":"jesterMod:TrickyDodge","floor":14},{"not_picked":["jesterMod:Trance","jesterMod:ButterflyDance"],"picked":"jesterMod:HedgehogForm","floor":16},{"not_picked":["jesterMod:BouncingKnife+1","jesterMod:Taunt"],"picked":"jesterMod:Swiftness+1","floor":18},{"not_picked":["jesterMod:QuickStrike","jesterMod:TrickyDodge"],"picked":"jesterMod:DancingMad","floor":20},{"not_picked":["jesterMod:Flee","jesterMod:LightTheWick"],"picked":"jesterMod:Pillage","floor":23}],"player_experience":440442,"relics_obtained":[{"floor":9,"key":"Meat on the Bone"},{"floor":11,"key":"Smiling Mask"},{"floor":17,"key":"MealTicket"},{"floor":17,"key":"Frozen Egg 2"},{"floor":17,"key":"TungstenRod"}],"event_choices":[{"damage_healed":0,"gold_gain":0,"player_choice":"Success","damage_taken":25,"relics_obtained":["White Beast Statue"],"max_hp_gain":0,"max_hp_loss":0,"event_name":"Scrap Ooze","floor":5,"gold_loss":0},{"damage_healed":0,"gold_gain":0,"player_choice":"Searched \u00272\u0027 times","damage_taken":0,"relics_obtained":["Pen Nib"],"max_hp_gain":0,"max_hp_loss":0,"event_name":"Dead Adventurer","floor":8,"gold_loss":0},{"damage_healed":0,"gold_gain":0,"player_choice":"Simplicity","damage_taken":0,"max_hp_gain":0,"max_hp_loss":0,"event_name":"Back to Basics","floor":19,"gold_loss":0,"cards_upgraded":["jesterMod:Strike","jesterMod:Strike","jesterMod:Strike","jesterMod:Strike","jesterMod:Defend","jesterMod:Defend","jesterMod:Defend","jesterMod:Defend"]},{"cards_removed":["jesterMod:HedgehogForm"],"damage_healed":2,"gold_gain":0,"player_choice":"Offered Rare","damage_taken":0,"max_hp_gain":10,"max_hp_loss":0,"event_name":"Bonfire Elementals","floor":22,"gold_loss":0}],"is_beta":false,"boss_relics":[{"not_picked":["Sozu","Velvet Choker"],"picked":"Calling Bell"}],"items_purged_floors":[],"is_endless":false,"potions_floor_spawned":[3,6,7,8,13,14,16,18,20,23],"killed_by":"Nightmare","ascension_level":0}}