{"host":"ibckqdmmf9y74ymf","time":1612310563,"event":{"mods":["2.2 Compatiblity","BaseMod","Colored Map","Curses Come First","Highlight Path","Minty Spire (QoL Compilation)","Quick Restart","Rare Cards Sparkle","Relic Stats","StSLib"],"gold_per_floor":[368,378,46,59,72,72,72,72],"floor_reached":7,"language":"ENG","playtime":248,"items_purged":[],"score":86,"play_id":"3aa6668f-944c-4a38-95a6-88c65b02e532","local_time":"20210203010243","is_ascension_mode":true,"campfire_choices":[{"data":"Cloak And Dagger","floor":6,"key":"SMITH"}],"circlet_count":0,"master_deck":["AscendersBane","Strike_G","Strike_G","Strike_G","Strike_G","Strike_G","Defend_G","Defend_G","Defend_G","Defend_G","Defend_G","Survivor","Neutralize","Poisoned Stab","Deadly Poison","Masterful Stab","Cloak And Dagger+1"],"relics":["Ring of the Snake","Girya"],"acts_visited":["Exordium"],"potions_floor_usage":[7],"damage_taken":[{"damage":1,"enemies":"Cultist","floor":1,"turns":5},{"damage":9,"enemies":"Small Slimes","floor":2,"turns":3},{"damage":9,"enemies":"Jaw Worm","floor":4,"turns":4},{"damage":0,"enemies":"Blue Slaver","floor":5,"turns":5},{"damage":14,"enemies":"Lagavulin","floor":7,"turns":5}],"seed_played":"-4848183866770070043","potions_obtained":[{"floor":1,"key":"LiquidMemories"}],"is_trial":false,"path_per_floor":["M","M","$","M","M","R","E"],"character_chosen":"THE_SILENT","items_purchased":["Girya"],"campfire_rested":0,"item_purchase_floors":[3],"current_hp_per_floor":[43,34,34,25,25,25,11,11],"gold":72,"neow_bonus":"TWO_FIFTY_GOLD","is_daily":false,"chose_seed":false,"campfire_upgraded":1,"win_rate":0.0,"timestamp":1612310563,"path_taken":["M","M","$","?","M","R","E"],"items_purchased_type":["Relic"],"build_version":"2020-12-22","purchased_purges":0,"victory":false,"max_hp_per_floor":[66,66,66,66,66,66,66,66],"relic_stats":{"counters":[5,22],"obtain_stats":[{"Girya":3,"Ring of the Snake":0},{"Girya":2,"Ring of the Snake":0},{"Girya":8,"Ring of the Snake":0}],"Ring of the Snake":[10]},"card_choices":[{"not_picked":["Quick Slash","Flying Knee"],"picked":"Poisoned Stab","floor":1},{"not_picked":["Masterful Stab","Heel Hook"],"picked":"Deadly Poison","floor":2},{"not_picked":["Choke","Quick Slash"],"picked":"Masterful Stab","floor":4},{"not_picked":["Calculated Gamble","Noxious Fumes"],"picked":"Cloak And Dagger","floor":5}],"player_experience":674839,"relics_obtained":[],"event_choices":[],"is_beta":false,"boss_relics":[],"items_purged_floors":[],"is_endless":false,"potions_floor_spawned":[1],"killed_by":"Lagavulin","ascension_level":20}}