{"host":"md0dejzd6k70gl1f","time":1612390768,"event":{"mods":["BaseMod","Minty Spire (QoL Compilation)","Quick Restart"],"gold_per_floor":[109,109,109,126,140,140,185,185,185,185,198,218,218,251,251,251,251],"floor_reached":16,"language":"ENG","playtime":783,"items_purged":[],"score":220,"play_id":"3bbb85ec-03e9-4618-99ef-68b80863afa5","local_time":"20210203231928","is_ascension_mode":true,"campfire_choices":[{"data":"Dash","floor":6,"key":"SMITH"},{"data":"Dagger Spray","floor":8,"key":"SMITH"},{"floor":10,"key":"REST"},{"floor":15,"key":"REST"}],"circlet_count":0,"master_deck":["AscendersBane","Strike_G","Strike_G+1","Strike_G+1","Strike_G","Defend_G","Defend_G","Defend_G","Defend_G","Defend_G","Survivor","Neutralize+1","Crippling Poison+1","Dash+1","Dagger Spray+1","Deadly Poison","Acrobatics","Dagger Throw"],"relics":["Ring of the Snake","Ice Cream","Tough Bandages","Whetstone"],"acts_visited":["Exordium"],"potions_floor_usage":[7,14,16],"damage_taken":[{"damage":4.0,"enemies":"Small Slimes","floor":1.0,"turns":5.0},{"damage":4,"enemies":"Jaw Worm","floor":4,"turns":4},{"damage":0,"enemies":"Cultist","floor":5,"turns":3},{"damage":35,"enemies":"Lagavulin","floor":7,"turns":8},{"damage":3,"enemies":"Looter","floor":11,"turns":3},{"damage":4,"enemies":"Blue Slaver","floor":12,"turns":3},{"damage":4,"enemies":"3 Sentries","floor":14,"turns":7},{"damage":56,"enemies":"Slime Boss","floor":16,"turns":8}],"seed_played":"-4113542402403185111","potions_obtained":[{"floor":1.0,"key":"ColorlessPotion"},{"floor":11,"key":"Explosive Potion"},{"floor":14,"key":"PowerPotion"}],"is_trial":false,"path_per_floor":["M","?","?","M","M","R","E","R","T","R","M","M","?","E","R","B"],"character_chosen":"THE_SILENT","items_purchased":[],"campfire_rested":2,"item_purchase_floors":[],"current_hp_per_floor":[61,61,61,57,57,57,22,22,22,43,40,36,29,25,46,0,0],"gold":251,"neow_bonus":"TEN_PERCENT_HP_BONUS","is_daily":false,"chose_seed":false,"campfire_upgraded":2,"win_rate":0.0,"timestamp":1612390768,"path_taken":["M","?","?","M","M","R","E","R","T","R","?","M","?","E","R","BOSS"],"items_purchased_type":[],"build_version":"2020-12-22","purchased_purges":0,"victory":false,"max_hp_per_floor":[72,72,72,72,72,72,72,72,72,72,72,72,72,72,72,72,72],"card_choices":[{"not_picked":["Slice","Quick Slash"],"picked":"Crippling Poison","floor":1.0},{"not_picked":["Deflect","Outmaneuver"],"picked":"Dash","floor":4},{"not_picked":["Expertise","Sucker Punch","Outmaneuver"],"picked":"SKIP","floor":5},{"not_picked":["A Thousand Cuts","Eviscerate"],"picked":"Dagger Spray","floor":7},{"not_picked":["Underhanded Strike","Outmaneuver"],"picked":"Deadly Poison","floor":11},{"not_picked":["Accuracy","Blade Dance"],"picked":"Acrobatics","floor":12},{"not_picked":["Dodge and Roll","Riddle With Holes"],"picked":"Dagger Throw","floor":14}],"player_experience":463680,"relics_obtained":[{"floor":7,"key":"Ice Cream"},{"floor":9,"key":"Tough Bandages"},{"floor":14,"key":"Whetstone"}],"event_choices":[{"damage_healed":0.0,"max_hp_gain":0.0,"max_hp_loss":0.0,"gold_gain":0.0,"event_name":"Living Wall","player_choice":"Grow","floor":2.0,"gold_loss":0.0,"damage_taken":0.0,"cards_upgraded":["Crippling Poison"]},{"damage_healed":0,"gold_gain":0,"player_choice":"Forge","damage_taken":0,"max_hp_gain":0,"max_hp_loss":0,"event_name":"Accursed Blacksmith","floor":3,"gold_loss":0,"cards_upgraded":["Neutralize"]},{"cards_removed":["Strike_G"],"damage_healed":0,"gold_gain":0,"player_choice":"Card Removal","damage_taken":7,"max_hp_gain":0,"max_hp_loss":0,"event_name":"Golden Wing","floor":13,"gold_loss":0}],"is_beta":false,"boss_relics":[],"items_purged_floors":[],"is_endless":false,"potions_floor_spawned":[1,11,14],"killed_by":"Slime Boss","ascension_level":20}}