{"host":"5ezk7t18wcb10u1o","time":1612321560,"event":{"mods":["BaseMod","Bestiary","Colored Powertips","Minty Spire (QoL Compilation)","Relic Sorter"],"gold_per_floor":[15,32,32,32,32,32,65,65,65,84,101,101,114,130,130,229,229,242,11,11,30,43,43,43,43,66,93,53,53,53,66,66,171,171,187,202,221,121,141,141,169,169,193,193,274,294,307,317,317,317],"floor_reached":51,"language":"ENG","playtime":4663,"items_purged":["Strike_G","Strike_G"],"score":974,"play_id":"14be73f5-7c3b-4fb1-a33e-42dbad6819db","local_time":"20210203030600","is_ascension_mode":true,"campfire_choices":[{"floor":6.0,"key":"DIG"},{"data":"Cloak And Dagger","floor":8.0,"key":"SMITH"},{"floor":12.0,"key":"DIG"},{"floor":15.0,"key":"REST"},{"floor":23.0,"key":"DIG"},{"data":"Caltrops","floor":25.0,"key":"SMITH"},{"floor":29.0,"key":"REST"},{"floor":32.0,"key":"DIG"},{"floor":40.0,"key":"DIG"},{"data":"Dodge and Roll","floor":42.0,"key":"SMITH"},{"floor":49,"key":"REST"}],"circlet_count":0,"master_deck":["AscendersBane","Strike_G","Defend_G","Defend_G+1","Defend_G","Defend_G","Defend_G","Survivor","Neutralize+1","Dagger Spray","Flying Knee","Cloak And Dagger+1","Dodge and Roll+1","Well Laid Plans+1","Deadly Poison","Cloak And Dagger","Venomology","Caltrops+1","Sucker Punch+1","Endless Agony+1","Doppelganger","Cloak And Dagger+1","Skewer+1","Deadly Poison+1","Slice+1","PiercingWail+1","Caltrops"],"relics":["Ring of the Snake","Paper Crane","Toy Ornithopter","Ancient Tea Set","Matryoshka","Akabeko","Philosopher\u0027s Stone","Darkstone Periapt","Tiny Chest","Shovel","Boot","Ornamental Fan","Nunchaku","Kunai","SlaversCollar","Ninja Scroll","White Beast Statue","Bronze Scales","Bag of Preparation","Mercury Hourglass"],"acts_visited":["Exordium","TheCity","TheBeyond"],"potions_floor_usage":[48,50,50,50,50],"damage_taken":[{"damage":2.0,"enemies":"Cultist","floor":1.0,"turns":5.0},{"damage":0.0,"enemies":"Jaw Worm","floor":2.0,"turns":4.0},{"damage":16.0,"enemies":"Lagavulin","floor":7.0,"turns":8.0},{"damage":9.0,"enemies":"2 Louse","floor":10.0,"turns":2.0},{"damage":0.0,"enemies":"Lots of Slimes","floor":11.0,"turns":2.0},{"damage":0.0,"enemies":"Looter","floor":13.0,"turns":4.0},{"damage":0.0,"enemies":"Gremlin Gang","floor":14.0,"turns":3.0},{"damage":25.0,"enemies":"Hexaghost","floor":16.0,"turns":14.0},{"damage":15.0,"enemies":"Shell Parasite","floor":18.0,"turns":6.0},{"damage":0.0,"enemies":"3 Byrds","floor":21.0,"turns":5.0},{"damage":10.0,"enemies":"Snake Plant","floor":22.0,"turns":5.0},{"damage":15.0,"enemies":"Slavers","floor":27.0,"turns":6.0},{"damage":0.0,"enemies":"3 Cultists","floor":31.0,"turns":4.0},{"damage":5.0,"enemies":"Champ","floor":33.0,"turns":22.0},{"damage":12.0,"enemies":"3 Shapes","floor":35.0,"turns":7.0},{"damage":16.0,"enemies":"Orb Walker","floor":36.0,"turns":4.0},{"damage":10.0,"enemies":"Jaw Worm Horde","floor":37.0,"turns":5.0},{"damage":0.0,"enemies":"Transient","floor":39.0,"turns":5.0},{"damage":6.0,"enemies":"Giant Head","floor":41.0,"turns":11.0},{"damage":0.0,"enemies":"Sphere and 2 Shapes","floor":46.0,"turns":3.0},{"damage":23.0,"enemies":"Writhing Mass","floor":47.0,"turns":5.0},{"damage":21,"enemies":"Maw","floor":48,"turns":7},{"damage":56,"enemies":"Time Eater","floor":50,"turns":12}],"seed_played":"8942321415976697817","potions_obtained":[{"floor":1.0,"key":"PowerPotion"},{"floor":11.0,"key":"Weak Potion"},{"floor":14.0,"key":"SteroidPotion"},{"floor":18.0,"key":"DuplicationPotion"},{"floor":27.0,"key":"Ancient Potion"},{"floor":37.0,"key":"CunningPotion"},{"floor":41.0,"key":"Swift Potion"},{"floor":46.0,"key":"Poison Potion"},{"floor":47.0,"key":"LiquidMemories"},{"floor":48,"key":"SpeedPotion"}],"is_trial":false,"path_per_floor":["M","M","?","$","?","R","E","R","T","M","M","R","M","M","R","B",null,"M","$","?","M","M","R","T","R","T","E","?","R","$","M","R","B",null,"M","M","M","$","M","R","E","R","T","?","T","M","M","M","R","B",null],"character_chosen":"THE_SILENT","items_purchased":["Toy Ornithopter"],"campfire_rested":3,"item_purchase_floors":[19],"current_hp_per_floor":[61,61,61,61,61,61,45,45,45,36,36,36,36,36,57,32,61,46,46,46,46,46,46,46,46,46,36,36,57,57,62,62,65,69,58,42,37,37,47,47,46,46,46,46,46,56,48,32,53,17],"gold":317,"neow_bonus":"ONE_RARE_RELIC","is_daily":false,"chose_seed":false,"campfire_upgraded":3,"win_rate":0.0,"timestamp":1612321560,"path_taken":["M","M","?","$","?","R","E","R","T","M","M","R","?","M","R","BOSS","M","$","?","M","?","R","?","R","T","E","?","R","$","?","R","BOSS","M","M","M","$","M","R","E","R","T","?","?","M","M","M","R","BOSS"],"items_purchased_type":["Relic"],"build_version":"2020-12-22","purchased_purges":2,"victory":true,"max_hp_per_floor":[70,70,70,70,70,70,70,70,70,70,70,70,70,70,70,70,70,70,70,70,70,70,70,70,70,70,70,70,70,70,70,70,70,70,70,70,70,70,70,70,70,70,70,70,70,70,70,70,70,70],"card_choices":[{"not_picked":["PiercingWail","Sucker Punch"],"picked":"Dagger Spray","floor":1.0},{"not_picked":["Outmaneuver","Acrobatics"],"picked":"Flying Knee","floor":2.0},{"not_picked":["Tactician","Doppelganger"],"picked":"Cloak And Dagger","floor":7.0},{"not_picked":["Quick Slash","Deflect"],"picked":"Dodge and Roll","floor":10.0},{"not_picked":["Prepared","Quick Slash"],"picked":"Well Laid Plans","floor":11.0},{"not_picked":["Flying Knee","Underhanded Strike"],"picked":"Deadly Poison","floor":13.0},{"not_picked":["Acrobatics","Dash"],"picked":"Cloak And Dagger","floor":14.0},{"not_picked":["Tools of the Trade","Wraith Form v2"],"picked":"Venomology","floor":16.0},{"not_picked":["Skewer","Flying Knee+1"],"picked":"Caltrops","floor":18.0},{"not_picked":["Reflex+1","Crippling Poison"],"picked":"Sucker Punch+1","floor":21.0},{"not_picked":["Sucker Punch","Underhanded Strike"],"picked":"Endless Agony+1","floor":22.0},{"not_picked":["Dash","Dagger Spray","Deadly Poison"],"picked":"SKIP","floor":27.0},{"not_picked":["Well Laid Plans","Bane","Expertise"],"picked":"SKIP","floor":31.0},{"not_picked":["Tools of the Trade","Bullet Time"],"picked":"Doppelganger","floor":33.0},{"not_picked":["Outmaneuver+1","Deadly Poison"],"picked":"Cloak And Dagger+1","floor":35.0},{"not_picked":["Dodge and Roll+1","Corpse Explosion"],"picked":"Skewer+1","floor":36.0},{"not_picked":["Flechettes","Deflect"],"picked":"Deadly Poison+1","floor":37.0},{"not_picked":["Underhanded Strike","Eviscerate+1","Well Laid Plans"],"picked":"SKIP","floor":39.0},{"not_picked":["Poisoned Stab","Riddle With Holes+1"],"picked":"Slice+1","floor":41.0},{"not_picked":["Masterful Stab","Underhanded Strike+1"],"picked":"PiercingWail+1","floor":46.0},{"not_picked":["Setup+1","Prepared+1"],"picked":"Caltrops","floor":47.0},{"not_picked":["Well Laid Plans+1","Heel Hook+1","Flying Knee"],"picked":"SKIP","floor":48},{"not_picked":["Well Laid Plans+1","Heel Hook+1","Flying Knee"],"picked":"SKIP","floor":48}],"player_experience":1192381,"relics_obtained":[{"floor":6.0,"key":"Boot"},{"floor":7.0,"key":"Ornamental Fan"},{"floor":9.0,"key":"Darkstone Periapt"},{"floor":12.0,"key":"Tiny Chest"},{"floor":23.0,"key":"Ancient Tea Set"},{"floor":24.0,"key":"Matryoshka"},{"floor":26.0,"key":"Akabeko"},{"floor":26.0,"key":"Nunchaku"},{"floor":27.0,"key":"Kunai"},{"floor":32.0,"key":"Paper Crane"},{"floor":40.0,"key":"Ninja Scroll"},{"floor":41.0,"key":"White Beast Statue"},{"floor":43.0,"key":"Bronze Scales"},{"floor":43.0,"key":"Bag of Preparation"},{"floor":45.0,"key":"Mercury Hourglass"}],"event_choices":[{"damage_healed":0.0,"max_hp_gain":0.0,"max_hp_loss":0.0,"gold_gain":0.0,"event_name":"Living Wall","player_choice":"Grow","floor":3.0,"gold_loss":0.0,"damage_taken":0.0,"cards_upgraded":["Neutralize"]},{"cards_removed":["Strike_G"],"damage_healed":0.0,"max_hp_gain":0.0,"max_hp_loss":0.0,"gold_gain":0.0,"event_name":"Purifier","player_choice":"Purged","floor":5.0,"gold_loss":0.0,"damage_taken":0.0},{"damage_healed":0.0,"max_hp_gain":0.0,"max_hp_loss":0.0,"gold_gain":0.0,"event_name":"N\u0027loth","player_choice":"Ignored","floor":20.0,"gold_loss":0.0,"damage_taken":0.0},{"damage_healed":0.0,"max_hp_gain":0.0,"max_hp_loss":0.0,"gold_gain":0.0,"event_name":"Designer","player_choice":"Upgraded Two","floor":28.0,"gold_loss":40.0,"damage_taken":0.0,"cards_upgraded":["Defend_G","Well Laid Plans"]},{"cards_removed":["Strike_G"],"damage_healed":0.0,"max_hp_gain":0.0,"max_hp_loss":0.0,"gold_gain":0.0,"event_name":"Wheel of Change","player_choice":"Card Removal","floor":44.0,"gold_loss":0.0,"damage_taken":0.0}],"is_beta":false,"boss_relics":[{"not_picked":["Snecko Eye","Ectoplasm"],"picked":"Philosopher\u0027s Stone"},{"not_picked":["Ring of the Serpent","HoveringKite"],"picked":"SlaversCollar"}],"items_purged_floors":[19,38],"is_endless":false,"potions_floor_spawned":[1,11,14,18,27,31,37,41,46,47,48],"ascension_level":10}}