{"host":"y1nstw52wejfnhs9","time":1612325801,"event":{"mods":["BaseMod","Bestiary","Better Note","Better Skull","Better Third Choice","Custom Start","Minty Spire (QoL Compilation)","Practice Mode","Replay The Spire","SOS???????","StSLib","SuperFastMode","The Bug Knight","The Forsaken","The Wild Card"],"gold_per_floor":[112,187,31,50,102,127,127,155,200,200,232,317,317,70,70,165,165,177,194,194,206,108,108,136,136,136,136,152,152,187,43,43,148,148,160,211,211,211,211,211,247,306,352,352,352,139,149,160,160,160],"floor_reached":51,"language":"ENG","playtime":2871,"items_purged":["Pain","ReplayTheSpireMod:Strike From Hell+1"],"score":907,"play_id":"6193373f-b157-4980-b3c7-7b16f2fe0bd4","local_time":"20210202201641","is_ascension_mode":true,"campfire_choices":[{"data":"Twin Strike","floor":7.0,"key":"SMITH"},{"floor":15.0,"key":"DIG"},{"data":"Feed","floor":23.0,"key":"SMITH"},{"data":"Bash","floor":25.0,"key":"SMITH"},{"data":"Flame Barrier","floor":27.0,"key":"SMITH"},{"data":"Run Through","floor":29.0,"key":"SMITH"},{"floor":32.0,"key":"DIG"},{"data":"Battle Trance","floor":40,"key":"SMITH"},{"data":"ReplayTheSpireMod:Strike From Hell+1","floor":44,"key":"PURGE"},{"data":"Strike_R+1","floor":49,"key":"PURGE"}],"circlet_count":0,"master_deck":["Strike_R+1","Strike_R+1","Strike_R+1","Strike_R+1","Defend_R","Defend_R+1","Defend_R","Defend_R","Bash+1","Twin Strike+1","Run Through+1","Flex+1","Flame Barrier+1","Cleave","Reaper","theWildCard:PaleRider","Feed+1","ReplayTheSpireMod:Stacked","Battle Trance+1","Bloodletting+1","Exhume","Spot Weakness+1","Body Slam+1","Pummel+1"],"relics":["Burning Blood","theForsaken:Lifeblossom","Orichalcum","Blue Doll","War Paint","Replay:Wax Seal","Akabeko","Happy Flower","ReplayTheSpireMod:Lightbulb","Replay:Bottled Eggs","Juzu Bracelet","Busted Crown","WarpedTongs","Blood Vial","Lantern","theForsaken:Gavel","Membership Card","Bag of Marbles","theForsaken:PaleLantern","Thread and Needle","CeramicFish","Peace Pipe","Replay:Mystery Machine","Vajra","Red Skull"],"acts_visited":["Exordium","TheCity","TheBeyond"],"potions_floor_usage":[50,50,50],"damage_taken":[{"damage":6.0,"enemies":"2 Louse","floor":1.0,"turns":3.0},{"damage":8.0,"enemies":"Jaw Worm","floor":4.0,"turns":4.0},{"damage":15.0,"enemies":"Gremlin Nob","floor":6.0,"turns":4.0},{"damage":8.0,"enemies":"HollowMod:MossKnight","floor":8.0,"turns":7.0},{"damage":10.0,"enemies":"3 Sentries","floor":11.0,"turns":5.0},{"damage":10.0,"enemies":"Slime Boss","floor":16.0,"turns":7.0},{"damage":0.0,"enemies":"3 Byrds","floor":18.0,"turns":5.0},{"damage":4.0,"enemies":"2 Thieves","floor":19.0,"turns":3.0},{"damage":19.0,"enemies":"Sentry and Sphere","floor":21.0,"turns":4.0},{"damage":13.0,"enemies":"Slavers","floor":24.0,"turns":4.0},{"damage":8.0,"enemies":"Cultist and Chosen","floor":28.0,"turns":5.0},{"damage":4.0,"enemies":"HollowMod:Nosk","floor":30.0,"turns":5.0},{"damage":88.0,"enemies":"Champ","floor":33.0,"turns":11.0},{"damage":0.0,"enemies":"Orb Walker","floor":35.0,"turns":3.0},{"damage":41.0,"enemies":"2 Orb Walkers","floor":36.0,"turns":5.0},{"damage":23,"enemies":"Reptomancer","floor":41,"turns":9},{"damage":0,"enemies":"Mind Bloom Boss Battle","floor":42,"turns":4},{"damage":7,"enemies":"3 Shapes","floor":47,"turns":4},{"damage":3,"enemies":"Spire Growth","floor":48,"turns":3},{"damage":56,"enemies":"Awakened One","floor":50,"turns":8}],"seed_played":"-5740262541014011136","potions_obtained":[{"floor":4.0,"key":"AttackPotion"},{"floor":6.0,"key":"SkillPotion"},{"floor":24.0,"key":"SkillPotion"},{"floor":28.0,"key":"Strength Potion"},{"floor":47,"key":"PowerPotion"}],"is_trial":false,"path_per_floor":["M","?","$","M","T","E","R","E","T","?","E","?","?","$","R","B",null,"M","M","?","M","$","R","E","R","T","R","M","R","E","$","R","B",null,"M","?","?","?","?","R","E","?","T","R","?","$","M","M","R","B",null],"character_chosen":"IRONCLAD","items_purchased":["theForsaken:Lifeblossom","Replay:Bottled Eggs","ReplayTheSpireMod:Strike From Hell+1","Membership Card","Vajra","Red Skull","Pummel+1"],"campfire_rested":0,"item_purchase_floors":[3,14,22,31,46,46,46],"current_hp_per_floor":[80,69,69,73,73,70,70,74,74,64,66,66,66,66,66,68,80,83,86,86,79,79,79,82,82,82,82,91,91,97,97,97,15,97,97,72,72,72,72,72,72,97,97,97,92,92,95,96,96,81],"gold":160,"neow_bonus":"THREE_CARDS","is_daily":false,"chose_seed":false,"campfire_upgraded":6,"win_rate":0.0,"timestamp":1612325801,"path_taken":["M","?","?","M","?","E","R","E","T","?","E","?","?","$","R","BOSS","M","M","?","M","$","R","E","R","T","R","M","R","E","$","R","BOSS","M","?","?","?","?","R","E","?","T","R","?","$","M","M","R","BOSS"],"items_purchased_type":["Relic","Relic","Card","Relic","Relic","Relic","Card"],"build_version":"2020-12-22","purchased_purges":2,"victory":true,"max_hp_per_floor":[80,80,80,80,80,80,80,80,80,80,80,80,80,80,80,80,80,83,86,86,89,89,89,93,93,93,93,93,93,97,97,97,97,97,97,97,97,97,97,97,97,97,97,97,92,92,96,96,96,96],"card_choices":[{"not_picked":["Ghostly Armor","Seeing Red"],"picked":"Twin Strike","floor":0.0},{"not_picked":["Pommel Strike","Clash"],"picked":"Run Through","floor":1.0},{"not_picked":["Run Through","Rupture"],"picked":"Flex","floor":4.0},{"not_picked":["Clash","Offering"],"picked":"Flame Barrier","floor":6.0},{"not_picked":["Clash","Entrench"],"picked":"Cleave","floor":8.0},{"not_picked":["Pommel Strike","Combust","ReplayReversal"],"picked":"SKIP","floor":11.0},{"not_picked":["Entrench","Second Wind"],"picked":"Reaper","floor":12.0},{"not_picked":["Fiend Fire","Bludgeon"],"picked":"Feed","floor":16.0},{"not_picked":[],"picked":"ReplayTheSpireMod:Stacked","floor":18.0},{"not_picked":[],"picked":"ReplayTheSpireMod:Strike From Hell+1","floor":19.0},{"not_picked":["Rage"],"picked":"SKIP","floor":21.0},{"not_picked":["Pummel"],"picked":"SKIP","floor":24.0},{"not_picked":[],"picked":"Battle Trance","floor":28.0},{"not_picked":[],"picked":"Bloodletting+1","floor":30.0},{"not_picked":[],"picked":"Exhume","floor":33.0},{"not_picked":["Power Through"],"picked":"SKIP","floor":35.0},{"not_picked":[],"picked":"Spot Weakness+1","floor":41},{"not_picked":[],"picked":"Body Slam+1","floor":42},{"not_picked":["Clothesline"],"picked":"SKIP","floor":47},{"not_picked":["Twin Strike+1"],"picked":"SKIP","floor":48}],"player_experience":445928,"relics_obtained":[{"floor":5.0,"key":"Orichalcum"},{"floor":6.0,"key":"Blue Doll"},{"floor":8.0,"key":"War Paint"},{"floor":9.0,"key":"Replay:Wax Seal"},{"floor":11.0,"key":"ReplayTheSpireMod:Lightbulb"},{"floor":15.0,"key":"Juzu Bracelet"},{"floor":24.0,"key":"Blood Vial"},{"floor":26.0,"key":"Lantern"},{"floor":30.0,"key":"theForsaken:Gavel"},{"floor":32.0,"key":"Bag of Marbles"},{"floor":36.0,"key":"Thread and Needle"},{"floor":41,"key":"CeramicFish"},{"floor":42,"key":"Peace Pipe"},{"floor":43,"key":"Replay:Mystery Machine"}],"event_choices":[{"damage_healed":0.0,"max_hp_gain":0.0,"max_hp_loss":0.0,"gold_gain":75.0,"event_name":"betterThird:BetterGoop","player_choice":"Gold","floor":2.0,"gold_loss":0.0,"damage_taken":11.0},{"damage_healed":0.0,"max_hp_gain":0.0,"max_hp_loss":0.0,"gold_gain":1.0,"event_name":"betterThird:BetterScrap","player_choice":"Relic Relic ","floor":10.0,"gold_loss":0.0,"damage_taken":10.0,"cards_obtained":["Scrape"]},{"damage_healed":0.0,"max_hp_gain":0.0,"max_hp_loss":0.0,"gold_gain":0.0,"event_name":"Accursed Blacksmith","player_choice":"Rummage","floor":20.0,"gold_loss":0.0,"damage_taken":0.0,"relics_obtained":["WarpedTongs"],"cards_obtained":["Pain"]},{"damage_healed":0.0,"max_hp_gain":0.0,"max_hp_loss":0.0,"gold_gain":0.0,"event_name":"Mysterious Sphere","player_choice":"Fight","floor":36.0,"gold_loss":0.0,"damage_taken":0.0},{"damage_healed":0.0,"max_hp_gain":0.0,"max_hp_loss":0.0,"gold_gain":0.0,"event_name":"SensoryStone","player_choice":"Memory 1","floor":37.0,"gold_loss":0.0,"damage_taken":0.0},{"damage_healed":0,"gold_gain":0,"player_choice":"Ignored","damage_taken":0,"max_hp_gain":0,"max_hp_loss":0,"event_name":"Tomb of Lord Red Mask","floor":39,"gold_loss":0},{"damage_healed":0,"gold_gain":0,"player_choice":"Fight","damage_taken":0,"max_hp_gain":0,"max_hp_loss":0,"event_name":"MindBloom","floor":42,"gold_loss":0},{"damage_healed":0,"gold_gain":0,"player_choice":"Max HP","damage_taken":0,"max_hp_gain":0,"max_hp_loss":5,"event_name":"Winding Halls","floor":45,"gold_loss":0}],"is_beta":false,"boss_relics":[{"not_picked":["Fusion Hammer","Electric Blood"],"picked":"Busted Crown"},{"not_picked":["Replay:Bronze Core","SlaversCollar"],"picked":"theForsaken:PaleLantern"}],"items_purged_floors":[22,46],"is_endless":false,"potions_floor_spawned":[4,6,24,28,33,36,41,47],"ascension_level":1}}