{"host":"746m694if73h3gai","time":1612358841,"event":{"mods":["2.2 Compatiblity","AchievementEnabler","Act Like it!","BaseMod","Colored Map","Colored Powertips","Downfall","Minty Spire (QoL Compilation)","Quick Restart","Rare Cards Sparkle","Relic Stats","StSLib","everything is the same but u backflip on backflip","slay the spire mod where everything is the same but ironclad has a cowboy hat"],"gold_per_floor":[360,360,360,380,83,111,122,154,154,170,186,186,219,219,219,319,319,332,342,358,358,371,406,406,434,434,447,464,476,476,489,489,586,586,596,596,596,612,667,698,698,712,712,744,744,744,744,341,341,341,341,341,18,52,52],"floor_reached":56,"language":"ENG","playtime":2857,"items_purged":[],"score":1548,"play_id":"6474f3bc-e0ea-4437-810c-033977943bd5","local_time":"20210203142721","is_ascension_mode":true,"campfire_choices":[{"data":"Chill","floor":12,"key":"SMITH"},{"data":"Barrage","floor":15,"key":"SMITH"},{"data":"Barrage","floor":24,"key":"SMITH"},{"data":"Capacitor","floor":30,"key":"SMITH"},{"data":"Streamline","floor":32,"key":"SMITH"},{"floor":41,"key":"RECALL"},{"data":"Coolheaded","floor":45,"key":"SMITH"},{"data":"Aggregate","floor":47,"key":"SMITH"},{"data":"Blizzard","floor":49,"key":"SMITH"},{"data":"Tempest","floor":52,"key":"SMITH"}],"circlet_count":0,"master_deck":["Zap+1","Dualcast","Cold Snap+1","Conserve Battery","Core Surge","Glacier","Chill+1","Barrage+1","Genetic Algorithm","Ball Lightning","Self Repair","Coolheaded+1","Glacier","Barrage+1","Undo","Capacitor+1","Self Repair","Darkness+1","Sweeping Beam+1","Consume+1","Streamline+1","Streamline+1","Doom and Gloom+1","Echo Form","Reprogram","All For One+1","Echo Form","Glacier","Coolheaded+1","Tempest+1","Self Repair","Sweeping Beam+1","Capacitor+1","Stack+1","Echo Form","Aggregate+1","Doom and Gloom+1","Blizzard+1","Aggregate","Echo Form"],"relics":["Cracked Core","Orrery","MealTicket","Mummified Hand","Matryoshka","Kunai","Snecko Eye","Ornamental Fan","White Beast Statue","Tiny Chest","War Paint","Pandora\u0027s Box","Happy Flower","Nunchaku","Question Card","Strawberry","Cables","Whetstone","Dead Branch"],"acts_visited":["Exordium","TheCity","TheBeyond","TheEnding"],"potions_floor_usage":[8,16,16,22,33,50,55,55,55],"damage_taken":[{"damage":0,"enemies":"Cultist","floor":1,"turns":4},{"damage":7,"enemies":"Jaw Worm","floor":4,"turns":3},{"damage":9,"enemies":"Lagavulin","floor":6,"turns":6},{"damage":5,"enemies":"2 Louse","floor":7,"turns":3},{"damage":0,"enemies":"3 Sentries","floor":8,"turns":6},{"damage":0,"enemies":"Exordium Thugs","floor":10,"turns":6},{"damage":29,"enemies":"Gremlin Gang","floor":11,"turns":5},{"damage":5,"enemies":"Lagavulin","floor":13,"turns":7},{"damage":0,"enemies":"Slime Boss","floor":16,"turns":8},{"damage":11,"enemies":"Shell Parasite","floor":18,"turns":5},{"damage":26,"enemies":"3 Byrds","floor":19,"turns":5},{"damage":25,"enemies":"Snake Plant","floor":20,"turns":5},{"damage":25,"enemies":"Shelled Parasite and Fungi","floor":22,"turns":7},{"damage":64,"enemies":"Gremlin Leader","floor":23,"turns":13},{"damage":15,"enemies":"Book of Stabbing","floor":25,"turns":6},{"damage":5,"enemies":"Centurion and Healer","floor":27,"turns":8},{"damage":0,"enemies":"Snecko","floor":28,"turns":5},{"damage":3,"enemies":"Sentry and Sphere","floor":29,"turns":5},{"damage":7,"enemies":"3 Cultists","floor":31,"turns":5},{"damage":32,"enemies":"Champ","floor":33,"turns":12},{"damage":39,"enemies":"3 Darklings","floor":35,"turns":4},{"damage":0,"enemies":"Orb Walker","floor":38,"turns":4},{"damage":18,"enemies":"Giant Head","floor":40,"turns":6},{"damage":27,"enemies":"Jaw Worm Horde","floor":42,"turns":3},{"damage":21,"enemies":"Nemesis","floor":44,"turns":7},{"damage":32,"enemies":"Awakened One","floor":50,"turns":11},{"damage":25,"enemies":"Shield and Spear","floor":54,"turns":7},{"damage":70,"enemies":"The Heart","floor":55,"turns":10}],"seed_played":"884715241501303267","potions_obtained":[{"floor":1,"key":"PotionOfCapacity"},{"floor":6,"key":"DistilledChaos"},{"floor":8,"key":"SkillPotion"},{"floor":11,"key":"Swift Potion"},{"floor":14,"key":"BlessingOfTheForge"},{"floor":22,"key":"Ancient Potion"},{"floor":23,"key":"champ:CounterPotion"},{"floor":27,"key":"ColorlessPotion"},{"floor":28,"key":"FearPotion"},{"floor":33,"key":"Weak Potion"},{"floor":35,"key":"GamblersBrew"}],"is_trial":false,"path_per_floor":["M","?","?","M","$","E","M","E","T","M","M","R","E","?","R","B",null,"M","M","M","?","M","E","R","E","T","M","M","M","R","M","R","B",null,"M","?","?","M","T","E","R","M","T","E","R","?","R","$","R","B",null,"R","$","E","B",null],"character_chosen":"DEFECT","items_purchased":["Core Surge","Orrery","Cables","Doom and Gloom","Blizzard","Whetstone","Aggregate","ColorlessPotion","SpeedPotion"],"campfire_rested":0,"item_purchase_floors":[5,5,48,48,48,53,53,53,53],"current_hp_per_floor":[54,39,64,57,57,48,50,57,57,64,42,42,44,44,44,51,75,71,52,34,85,74,24,24,23,23,32,46,57,57,57,57,39,85,46,46,46,60,60,77,77,64,64,85,85,85,85,92,92,67,92,92,92,92,43],"gold":52,"neow_bonus":"TWO_FIFTY_GOLD","is_daily":false,"chose_seed":false,"campfire_upgraded":9,"win_rate":0.0,"timestamp":1612358841,"path_taken":["M","?","?","?","$","E","M","E","T","M","M","R","E","?","R","BOSS","M","M","M","?","M","E","R","E","T","?","M","M","R","M","R","BOSS","M","?","?","M","?","E","R","M","T","E","R","?","R","$","R","BOSS","R","$","E","BOSS"],"items_purchased_type":["Card","Relic","Relic","Card","Card","Relic","Card","Potion","Potion"],"build_version":"2020-12-22","purchased_purges":0,"victory":true,"max_hp_per_floor":[75,75,75,75,75,75,75,75,75,75,75,75,75,75,75,75,75,75,75,75,85,85,85,85,85,85,85,85,85,85,85,85,85,85,85,85,85,85,85,85,85,85,85,92,92,92,92,92,92,92,92,92,92,92,92],"relic_stats":{"Happy Flower":[14],"counters":[28,176],"Dead Branch":[9],"Whetstone":["Doom and Gloom","All For One"],"War Paint":["Zap","Coolheaded"],"Question Card":2,"Cables":[25,2,18,5,0],"Nunchaku":[10],"Mummified Hand":[159],"Ornamental Fan":[144],"Snecko Eye":[258,222,230,234],"MealTicket":7,"Tiny Chest":1,"Pandora\u0027s Box":["Reprogram","All For One","Echo Form","Glacier","Coolheaded","Tempest","Chaos","Self Repair"],"Kunai":[42],"obtain_stats":[{"Happy Flower":39,"Dead Branch":54,"Whetstone":53,"War Paint":26,"Question Card":43,"White Beast Statue":25,"Cables":48,"Nunchaku":40,"Matryoshka":9,"Mummified Hand":8,"Ornamental Fan":23,"Strawberry":44,"Orrery":5,"Snecko Eye":17,"MealTicket":6,"Tiny Chest":26,"Pandora\u0027s Box":34,"Kunai":13,"Cracked Core":0},{"Happy Flower":22,"Dead Branch":27,"Whetstone":26,"War Paint":15,"Question Card":24,"White Beast Statue":15,"Cables":25,"Nunchaku":23,"Matryoshka":5,"Mummified Hand":5,"Ornamental Fan":14,"Strawberry":25,"Orrery":2,"Snecko Eye":9,"MealTicket":3,"Tiny Chest":15,"Pandora\u0027s Box":20,"Kunai":8,"Cracked Core":0},{"Happy Flower":132,"Dead Branch":166,"Whetstone":159,"War Paint":89,"Question Card":141,"White Beast Statue":89,"Cables":148,"Nunchaku":138,"Matryoshka":22,"Mummified Hand":22,"Ornamental Fan":83,"Strawberry":148,"Orrery":7,"Snecko Eye":48,"MealTicket":13,"Tiny Chest":89,"Pandora\u0027s Box":124,"Kunai":40,"Cracked Core":0}]},"card_choices":[{"not_picked":["Melter","Chaos"],"picked":"Cold Snap","floor":1},{"not_picked":["Redo","Steam"],"picked":"Conserve Battery","floor":4},{"not_picked":["Conserve Battery","Leap"],"picked":"Glacier","floor":5},{"not_picked":["Sweeping Beam","Streamline"],"picked":"Chill","floor":5},{"not_picked":["Hologram","Auto Shields"],"picked":"Barrage","floor":5},{"not_picked":["Reinforced Body","Scrape"],"picked":"Genetic Algorithm","floor":5},{"not_picked":["Reprogram","Compile Driver"],"picked":"Ball Lightning","floor":5},{"not_picked":["Rebound","Rainbow"],"picked":"Self Repair","floor":6},{"not_picked":["Turbo","Lockon"],"picked":"Coolheaded","floor":7},{"not_picked":["Rip and Tear","Leap"],"picked":"Glacier","floor":8},{"not_picked":["Sweeping Beam","Beam Cell","Force Field"],"picked":"SKIP","floor":10},{"not_picked":["Beam Cell","Auto Shields","Coolheaded"],"picked":"SKIP","floor":11},{"not_picked":["Beam Cell","Heatsinks"],"picked":"Barrage","floor":13},{"not_picked":["Fission","Reboot"],"picked":"Rainbow","floor":16},{"not_picked":["Gash+1","Rebound+1"],"picked":"Undo","floor":18},{"not_picked":["Lockon+1","FTL"],"picked":"Capacitor","floor":19},{"not_picked":["Genetic Algorithm","Go for the Eyes"],"picked":"Self Repair","floor":20},{"not_picked":["Beam Cell","Consume"],"picked":"Darkness+1","floor":22},{"not_picked":["Steam+1","Stack+1"],"picked":"Sweeping Beam+1","floor":23},{"not_picked":["Go for the Eyes","Gash"],"picked":"Consume+1","floor":25},{"not_picked":["Blizzard","Conserve Battery"],"picked":"Streamline+1","floor":27},{"not_picked":["Rebound","Creative AI"],"picked":"Streamline","floor":28},{"not_picked":["Chill","Stack"],"picked":"Doom and Gloom+1","floor":29},{"not_picked":["Leap+1","Static Discharge+1","Steam"],"picked":"SKIP","floor":31},{"not_picked":["Electrodynamics","Buffer"],"picked":"Echo Form","floor":33},{"not_picked":["Coolheaded+1","Leap+1"],"picked":"Sweeping Beam+1","floor":35},{"not_picked":["Beam Cell+1","Rip and Tear+1"],"picked":"Capacitor+1","floor":38},{"not_picked":["Barrage","Rebound+1","Steam"],"picked":"SKIP","floor":40},{"not_picked":["Hologram","BootSequence"],"picked":"Stack+1","floor":42},{"not_picked":["Blizzard","Coolheaded","Redo"],"picked":"Echo Form","floor":44},{"not_picked":["Auto Shields+1","Leap","Sweeping Beam+1"],"picked":"Echo Form","floor":54}],"player_experience":159680,"relics_obtained":[{"floor":6,"key":"MealTicket"},{"floor":8,"key":"Mummified Hand"},{"floor":9,"key":"Matryoshka"},{"floor":13,"key":"Kunai"},{"floor":23,"key":"Ornamental Fan"},{"floor":25,"key":"White Beast Statue"},{"floor":26,"key":"Tiny Chest"},{"floor":26,"key":"War Paint"},{"floor":39,"key":"Happy Flower"},{"floor":40,"key":"Nunchaku"},{"floor":43,"key":"Question Card"},{"floor":44,"key":"Strawberry"},{"floor":54,"key":"Dead Branch"}],"event_choices":[{"damage_healed":0,"gold_gain":0,"player_choice":"Entered Light","damage_taken":15,"max_hp_gain":0,"max_hp_loss":0,"event_name":"Shining Light","floor":2,"gold_loss":0,"cards_upgraded":["Cold Snap","Strike_B"]},{"damage_healed":25,"gold_gain":0,"player_choice":"Banana","damage_taken":0,"max_hp_gain":0,"max_hp_loss":0,"event_name":"Big Fish","floor":3,"gold_loss":0},{"damage_healed":0,"gold_gain":0,"player_choice":"Got Potions","damage_taken":0,"max_hp_gain":0,"max_hp_loss":0,"event_name":"Lab","floor":14,"gold_loss":0},{"cards_removed":["Rainbow"],"damage_healed":41,"gold_gain":0,"player_choice":"Offered Rare","damage_taken":0,"max_hp_gain":10,"max_hp_loss":0,"event_name":"Bonfire Elementals","floor":21,"gold_loss":0},{"damage_healed":0,"gold_gain":0,"player_choice":"Ignored","damage_taken":0,"max_hp_gain":0,"max_hp_loss":0,"event_name":"Tomb of Lord Red Mask","floor":36,"gold_loss":0},{"damage_healed":0,"gold_gain":0,"player_choice":"Memory 1","damage_taken":0,"max_hp_gain":0,"max_hp_loss":0,"event_name":"SensoryStone","floor":37,"gold_loss":0},{"damage_healed":0,"gold_gain":0,"cards_transformed":["Chaos"],"player_choice":"Transformed","damage_taken":0,"max_hp_gain":0,"max_hp_loss":0,"event_name":"Transmorgrifier","floor":46,"gold_loss":0,"cards_obtained":["Aggregate"]}],"is_beta":false,"boss_relics":[{"not_picked":["Fusion Hammer","Black Star"],"picked":"Snecko Eye"},{"not_picked":["Velvet Choker","Runic Pyramid"],"picked":"Pandora\u0027s Box"}],"items_purged_floors":[],"is_endless":false,"potions_floor_spawned":[1,6,8,11,22,23,27,28,29,31,33,35,38,40,42,44,54],"ascension_level":3}}