{"host":"4eao2pkwlmv012cz","time":1612337345,"event":{"mods":["BaseMod","Colored Powertips","Minty Spire (QoL Compilation)","Permanent Neow","Quick Restart","Random Character Button","StSLib"],"gold_per_floor":[219,229,229,209,1,35,35,46,46,46,71,135,135,154,154,248,248,262,312,9,9,9,9],"floor_reached":22,"language":"ENG","playtime":888,"items_purged":[],"score":380,"play_id":"47ccb71d-cfdc-4565-b430-a7ec7b1ec663","local_time":"20210203022905","is_ascension_mode":true,"campfire_choices":[{"floor":7.0,"key":"REST"},{"data":"Echo Form","floor":10.0,"key":"SMITH"},{"floor":15.0,"key":"REST"}],"circlet_count":0,"master_deck":["AscendersBane","Strike_B","Strike_B","Strike_B+1","Defend_B","Defend_B+1","Defend_B","Defend_B","Zap","Dualcast","Glacier","Static Discharge","Meteor Strike","Turbo","Glacier","Echo Form+1","Go for the Eyes","Undo","Rebound+1","Fusion","Meteor Strike+1","Cold Snap+1","Panache","Defragment","Tempest"],"relics":["Cracked Core","Darkstone Periapt","Happy Flower","Molten Egg 2","Omamori","Golden Idol","Black Star","Membership Card"],"acts_visited":["Exordium","TheCity"],"potions_floor_usage":[18,22],"damage_taken":[{"damage":1.0,"enemies":"Cultist","floor":1.0,"turns":3.0},{"damage":5.0,"enemies":"Jaw Worm","floor":2.0,"turns":6.0},{"damage":13.0,"enemies":"Gremlin Nob","floor":6.0,"turns":5.0},{"damage":4.0,"enemies":"2 Louse","floor":8.0,"turns":5.0},{"damage":28.0,"enemies":"3 Sentries","floor":11.0,"turns":7.0},{"damage":5.0,"enemies":"Lagavulin Event","floor":12.0,"turns":9.0},{"damage":7.0,"enemies":"2 Fungi Beasts","floor":14.0,"turns":3.0},{"damage":21.0,"enemies":"The Guardian","floor":16.0,"turns":16.0},{"damage":30,"enemies":"Chosen","floor":18,"turns":9},{"damage":29,"enemies":"Shell Parasite","floor":22,"turns":2}],"seed_played":"738007520251716352","potions_obtained":[{"floor":1.0,"key":"Ancient Potion"},{"floor":4.0,"key":"BlessingOfTheForge"},{"floor":8.0,"key":"Ancient Potion"},{"floor":14.0,"key":"Energy Potion"},{"floor":16.0,"key":"SpeedPotion"},{"floor":18,"key":"ColorlessPotion"}],"is_trial":false,"path_per_floor":["M","M","?","?","$","E","R","M","T","R","E","?","?","M","R","B",null,"M","?","$","?","M"],"character_chosen":"DEFECT","items_purchased":["Meteor Strike","Turbo","Glacier","Membership Card","Panache","Defragment"],"campfire_rested":2,"item_purchase_floors":[5,5,5,20,20,20],"current_hp_per_floor":[63,58,37,37,37,24,45,41,41,41,13,8,8,1,22,1,54,24,24,24,24,0,0],"gold":9,"neow_bonus":"HUNDRED_GOLD","is_daily":false,"chose_seed":false,"campfire_upgraded":1,"win_rate":0.0,"timestamp":1612337345,"path_taken":["M","M","?","?","$","E","R","?","T","R","E","?","?","M","R","BOSS","M","?","$","?","M"],"items_purchased_type":["Card","Card","Card","Relic","Card","Card"],"build_version":"2020-12-22","purchased_purges":0,"victory":false,"max_hp_per_floor":[71,71,71,71,71,71,71,71,71,71,71,71,71,71,71,71,71,71,71,71,71,71,71],"card_choices":[{"not_picked":["Steam","Gash"],"picked":"Glacier","floor":1.0},{"not_picked":["Undo","Stack"],"picked":"Static Discharge","floor":2.0},{"not_picked":["Conserve Battery","Darkness"],"picked":"Echo Form","floor":6.0},{"not_picked":["Redo","Consume"],"picked":"Go for the Eyes","floor":8.0},{"not_picked":["Steam","FTL+1"],"picked":"Undo","floor":11.0},{"not_picked":["Streamline+1","Turbo"],"picked":"Rebound+1","floor":12.0},{"not_picked":["Steam","Stack"],"picked":"Fusion","floor":14.0},{"not_picked":["Creative AI","Electrodynamics"],"picked":"Meteor Strike+1","floor":16.0},{"not_picked":["Force Field","Coolheaded"],"picked":"Cold Snap+1","floor":18}],"player_experience":2864264,"relics_obtained":[{"floor":6.0,"key":"Darkstone Periapt"},{"floor":9.0,"key":"Happy Flower"},{"floor":11.0,"key":"Molten Egg 2"},{"floor":12.0,"key":"Omamori"}],"event_choices":[{"damage_healed":0.0,"max_hp_gain":0.0,"max_hp_loss":0.0,"gold_gain":0.0,"event_name":"Shining Light","player_choice":"Entered Light","floor":3.0,"gold_loss":0.0,"damage_taken":21.0,"cards_upgraded":["Defend_B","Strike_B"]},{"damage_healed":0.0,"max_hp_gain":0.0,"max_hp_loss":0.0,"gold_gain":0.0,"event_name":"The Woman in Blue","player_choice":"Bought 1 Potion","floor":4.0,"gold_loss":0.0,"damage_taken":0.0},{"damage_healed":0.0,"max_hp_gain":0.0,"max_hp_loss":0.0,"gold_gain":0.0,"event_name":"Dead Adventurer","player_choice":"Searched \u00271\u0027 times","floor":12.0,"gold_loss":0.0,"damage_taken":0.0},{"damage_healed":0.0,"max_hp_gain":0.0,"max_hp_loss":0.0,"gold_gain":0.0,"event_name":"Golden Idol","player_choice":"Take Wound","floor":13.0,"gold_loss":0.0,"damage_taken":0.0,"relics_obtained":["Golden Idol"],"cards_obtained":["Injury"]},{"damage_healed":0,"gold_gain":50,"player_choice":"Stole From Cult","damage_taken":0,"max_hp_gain":0,"max_hp_loss":0,"event_name":"Nest","floor":19,"gold_loss":0},{"damage_healed":0,"gold_gain":0,"cards_transformed":["Strike_B"],"player_choice":"Transformed","damage_taken":0,"max_hp_gain":0,"max_hp_loss":0,"event_name":"Transmorgrifier","floor":21,"gold_loss":0,"cards_obtained":["Tempest"]}],"is_beta":false,"boss_relics":[{"not_picked":["Ectoplasm","Cursed Key"],"picked":"Black Star"}],"items_purged_floors":[],"is_endless":false,"potions_floor_spawned":[1,8,14,16,18],"killed_by":"Shell Parasite","ascension_level":20}}