{"host":"74dg6ta44i9qan6e","time":1612367531,"event":{"mods":["Act Like it!","BaseMod","Downfall","Hubris","Infinite Spire","Minty Spire (QoL Compilation)","Replay The Spire","StSLib","Waifu the Spire"],"gold_per_floor":[99,99,116,133,180,197,197,28,44,44,60,90,90,110,121,221,221,121,136,154,4,15,27,27,27,44,44,72,88,5,24,35,140,140,40,58,68,68,17,29,29,56,56,68,68,68,80,92,104,104],"floor_reached":51,"language":"ENG","playtime":4051,"items_purged":["Pain","champ:Strike"],"score":809,"play_id":"af2d08a7-76e0-4eeb-a467-fbf47cd1d4ca","local_time":"20210203105211","is_ascension_mode":false,"campfire_choices":[{"data":"champ:Taunt","floor":1.0,"key":"SMITH"},{"data":"champ:IronFortress","floor":13,"key":"SMITH"},{"data":"champ:GladiatorForm","floor":18,"key":"SMITH"},{"floor":27,"key":"REST"},{"floor":35,"key":"RECALL"},{"data":"champ:Devastate","floor":43,"key":"SMITH"}],"circlet_count":0,"master_deck":["champ:Strike","champ:Strike","champ:Defend","champ:Defend","champ:Defend","champ:Defend","champ:Execute","champ:Taunt+1","champ:AdrenalArmor","champ:Lariat","champ:FocusedBerserking","champ:Lariat","champ:Devastate+1","champ:RisingSlash","champ:StanceDance","champ:ArenaPreparation","champ:Backstep","champ:IronFortress+1","champ:AdrenalArmor","champ:IgnorePain","champ:ShieldSlam","champ:Shatter","champ:GladiatorForm+1","champ:EndlessRage","champ:FanOfKnives","champ:CrookedStrike+1","champ:SkillfulDodge","champ:SkillfulDodge","champ:DefensiveShout","champ:TripleStrike+1","champ:FancyFootwork","champ:CheapShot","champ:Backstep+1","champ:HoldFirm","champ:FancyFootwork","champ:IronFortress","champ:StanceDance","champ:DancingMaster","champ:Backstep","champ:Improvising","champ:DeathBlow+1","champ:HeavySlash","champ:ShieldSlam","champ:VampiricStrike","champ:MurderStrike","champ:IronFortress+1","champ:CrookedStrike"],"relics":["champ:ChampionCrown","Nunchaku","hubris:GlazedTorus","Orrery","WarpedTongs","Question Card","Philosopher\u0027s Stone","downfall:HeartBlessingBlue","ReplayFunnel","ReplayTheSpireMod:Shallot","Coffee Dripper","downfall:HeartBlessingGreen","champ:BerserkersGuideToSlaughter","Replay:PocketPolymizer","infinitespire:Beetle Shell"],"acts_visited":["Exordium","TheCity","TheBeyond"],"potions_floor_usage":[15,16,21,28,33,33,39,39],"damage_taken":[{"damage":25.0,"enemies":"Jaw Worm","floor":3.0,"turns":6.0},{"damage":35.0,"enemies":"Cultist","floor":4.0,"turns":5.0},{"damage":35.0,"enemies":"2 Louse","floor":6.0,"turns":4.0},{"damage":55.0,"enemies":"downfall:FleeingMerchant","floor":8.0,"turns":4.0},{"damage":28.0,"enemies":"Exordium Thugs","floor":9.0,"turns":5.0},{"damage":25,"enemies":"3 Louse","floor":11,"turns":3},{"damage":70,"enemies":"Replay:BlueRogue","floor":12,"turns":5},{"damage":34,"enemies":"Exordium Wildlife","floor":14,"turns":3},{"damage":32,"enemies":"2 Fungi Beasts","floor":15,"turns":2},{"damage":139,"enemies":"WA_ARCHETYPE_RETAIN","floor":16,"turns":10},{"damage":48,"enemies":"3 Byrds","floor":19,"turns":3},{"damage":30,"enemies":"Sentry and Sphere","floor":20,"turns":2},{"damage":23,"enemies":"downfall:FleeingMerchant","floor":21,"turns":4},{"damage":0,"enemies":"Snecko","floor":22,"turns":4},{"damage":43,"enemies":"Snake Plant","floor":23,"turns":4},{"damage":61,"enemies":"Chosen and Byrds","floor":26,"turns":6},{"damage":31,"enemies":"Book of Stabbing","floor":28,"turns":5},{"damage":42,"enemies":"Centurion and Healer","floor":29,"turns":5},{"damage":50,"enemies":"downfall:FleeingMerchant","floor":30,"turns":5},{"damage":59,"enemies":"Shelled Parasite and Fungi","floor":31,"turns":3},{"damage":60,"enemies":"3 Cultists","floor":32,"turns":6},{"damage":56,"enemies":"IC_MUSHROOM_ARCHETYPE","floor":33,"turns":7},{"damage":20,"enemies":"Orb Walker","floor":36,"turns":4},{"damage":20,"enemies":"3 Darklings","floor":37,"turns":7},{"damage":10,"enemies":"downfall:FleeingMerchant","floor":39,"turns":2},{"damage":43,"enemies":"4 Shapes","floor":40,"turns":7},{"damage":130,"enemies":"Giant Head","floor":42,"turns":10},{"damage":52,"enemies":"Jaw Worm Horde","floor":44,"turns":4},{"damage":35,"enemies":"Spire Growth","floor":47,"turns":5},{"damage":40,"enemies":"4 Shapes","floor":48,"turns":4},{"damage":15,"enemies":"3 Darklings","floor":49,"turns":3},{"damage":88,"enemies":"SI_POISON_ARCHETYPE","floor":50,"turns":13}],"seed_played":"1228173048242842865","potions_obtained":[{"floor":4.0,"key":"Languid Potion"},{"floor":14,"key":"EssenceOfSteel"},{"floor":15,"key":"Death Potion"},{"floor":16,"key":"bronze:BurnAndBuffPotion"},{"floor":22,"key":"Ancient Potion"},{"floor":26,"key":"Block Potion"},{"floor":31,"key":"LiquidBronze"},{"floor":33,"key":"LiquidBronze"},{"floor":37,"key":"BlessingOfTheForge"},{"floor":47,"key":"champ:CounterPotion"},{"floor":48,"key":"FearPotion"}],"is_trial":false,"path_per_floor":["R","?","M","M","T","M","T","$","M","?","M","E","R","M","M","B",null,"R","M","M","$","M","M","T","?","M","R","E","M","$","M","M","B",null,"R","M","M","?","?","M","T","E","R","M","?","$","M","M","M","B",null],"character_chosen":"THE_CHAMP","items_purchased":["Orrery","champ:SkillfulDodge","champ:FancyFootwork","champ:BerserkersGuideToSlaughter","hubris:SlimyHat"],"campfire_rested":1,"item_purchase_floors":[8,21,30,39,39],"current_hp_per_floor":[90,90,90,90,90,90,90,90,87,87,87,82,82,78,76,37,90,100,87,87,84,84,81,81,81,65,95,84,77,77,73,73,62,100,100,100,100,100,100,100,100,100,100,73,73,73,83,93,100,97],"gold":104,"neow_bonus":"RANDOM_COMMON_RELIC","is_daily":false,"chose_seed":false,"campfire_upgraded":4,"win_rate":0.0,"timestamp":1612367531,"path_taken":["R","?","M","?","?","M","T","$","M","?","?","E","R","M","M","BOSS","R","M","M","$","?","?","T","?","M","R","E","M","?","M","M","BOSS","R","M","M","?","?","M","T","E","R","M","?","$","?","?","M","BOSS"],"items_purchased_type":["Relic","Card","Card","Relic","Relic"],"build_version":"2020-12-22","purchased_purges":2,"victory":true,"max_hp_per_floor":[90,90,90,90,90,90,90,90,90,90,90,90,90,90,90,90,90,100,100,100,100,100,100,100,100,100,100,100,100,100,100,100,100,100,100,100,100,100,100,100,100,100,100,100,100,100,100,100,100,100],"card_choices":[{"not_picked":["champ:Circumvent","champ:DefensiveShout"],"picked":"champ:AdrenalArmor","floor":3.0},{"not_picked":["champ:GutPunch","champ:BringItOn"],"picked":"champ:Lariat","floor":4.0},{"not_picked":["champ:Circumvent","champ:BringItOn"],"picked":"champ:FocusedBerserking","floor":6.0},{"not_picked":["champ:CalledShot","champ:BerserkersShout"],"picked":"champ:Lariat","floor":8.0},{"not_picked":["champ:FancyFootwork","champ:StanceDance"],"picked":"champ:Devastate","floor":8.0},{"not_picked":["champ:Lariat","champ:Haymaker"],"picked":"champ:RisingSlash","floor":8.0},{"not_picked":["champ:TornadoPunch","champ:AdrenalArmor"],"picked":"champ:StanceDance","floor":8.0},{"not_picked":["champ:BerserkersShout","champ:SetATrap"],"picked":"champ:ArenaPreparation","floor":8.0},{"not_picked":["champ:TornadoPunch","champ:Circumvent"],"picked":"champ:Backstep","floor":8.0},{"not_picked":["champ:BringItOn","champ:PreciseThrust"],"picked":"champ:IronFortress","floor":9.0},{"not_picked":["champ:PreciseThrust","champ:FlashCut"],"picked":"champ:AdrenalArmor","floor":11},{"not_picked":["champ:Backstep","champ:ShieldWall"],"picked":"champ:IgnorePain","floor":12},{"not_picked":["champ:Parry","champ:GutPunch","champ:TornadoPunch"],"picked":"champ:ShieldSlam","floor":14},{"not_picked":["champ:Backstep","champ:ShieldSlam","champ:RecklessLeap"],"picked":"champ:Shatter","floor":15},{"not_picked":["champ:VampiricStrike","champ:CheapShot","champ:DancingMaster"],"picked":"champ:GladiatorForm","floor":16},{"not_picked":["champ:TornadoPunch","champ:DefensiveShout","champ:Backstep+1"],"picked":"champ:EndlessRage","floor":19},{"not_picked":["champ:FocusedBerserking+1","champ:ArenaPreparation","champ:FalseCounter"],"picked":"champ:FanOfKnives","floor":20},{"not_picked":["champ:Duel","champ:SetATrap+1","champ:FocusedDefense+1"],"picked":"champ:CrookedStrike+1","floor":21},{"not_picked":["champ:Lariat","champ:Haymaker","champ:PreciseThrust+1"],"picked":"champ:DefensiveShout","floor":22},{"not_picked":["champ:Lariat+1","champ:Haymaker+1","champ:Backstep"],"picked":"champ:TripleStrike","floor":23},{"not_picked":["champ:BladeFlurry","champ:Shatter","champ:GutPunch"],"picked":"champ:FancyFootwork","floor":26},{"not_picked":["champ:PerfectedStrike","champ:ShieldSlam","champ:FlashCut+1"],"picked":"champ:CheapShot","floor":28},{"not_picked":["champ:FalseCounter","champ:RisingSlash","champ:BringItOn"],"picked":"champ:Backstep+1","floor":29},{"not_picked":["champ:BerserkersShout","champ:FanOfKnives+1","champ:Duel"],"picked":"champ:HoldFirm","floor":30},{"not_picked":["champ:FanOfKnives","champ:Shatter","champ:BladeFlurry+1"],"picked":"champ:IronFortress","floor":31},{"not_picked":["champ:Endure","champ:Circumvent","champ:Backstep"],"picked":"champ:StanceDance","floor":32},{"not_picked":["champ:CheapShot","champ:SwordThrow","champ:SteelEdge"],"picked":"champ:DancingMaster","floor":33},{"not_picked":["champ:PreciseThrust","champ:Shatter","champ:Haymaker+1","champ:BladeFlurry"],"picked":"SKIP","floor":36},{"not_picked":["champ:Circumvent","champ:SwordThrow","champ:Shatter"],"picked":"champ:Backstep","floor":37},{"not_picked":["champ:TornadoPunch+1","champ:DeathBlow+1","champ:AdrenalArmor"],"picked":"champ:Improvising","floor":39},{"not_picked":["champ:BringItOn+1","champ:AdrenalArmor+1","champ:PerfectedStrike+1"],"picked":"champ:DeathBlow+1","floor":40},{"not_picked":["champ:FalseCounter","champ:EndlessRage","champ:TornadoPunch"],"picked":"champ:HeavySlash","floor":42},{"not_picked":["champ:PreciseThrust+1","champ:BerserkersShout","champ:BringItOn+1"],"picked":"champ:ShieldSlam","floor":44},{"not_picked":["champ:Backstep+1","champ:BerserkersShout","champ:Duel+1"],"picked":"champ:MurderStrike","floor":47},{"not_picked":["champ:FalseCounter+1","champ:Haymaker","champ:Parry"],"picked":"champ:IronFortress+1","floor":48},{"not_picked":["champ:DefensiveShout","champ:Duel","champ:CrownThrow+1"],"picked":"champ:CrookedStrike","floor":49}],"player_experience":544235,"relics_obtained":[{"floor":7.0,"key":"hubris:GlazedTorus"},{"floor":12,"key":"Question Card"},{"floor":24,"key":"ReplayFunnel"},{"floor":28,"key":"ReplayTheSpireMod:Shallot"},{"floor":41,"key":"Replay:PocketPolymizer"},{"floor":42,"key":"infinitespire:Beetle Shell"}],"event_choices":[{"cards_removed":["champ:Strike"],"damage_healed":0.0,"max_hp_gain":0.0,"max_hp_loss":0.0,"gold_gain":0.0,"event_name":"Bonfire Elementals","player_choice":"Offered Basic","floor":2.0,"gold_loss":0.0,"damage_taken":0.0},{"damage_healed":0,"gold_gain":0,"player_choice":"Rummage","damage_taken":0,"relics_obtained":["WarpedTongs"],"max_hp_gain":0,"max_hp_loss":0,"event_name":"Accursed Blacksmith","floor":10,"gold_loss":0,"cards_obtained":["Pain"]}],"is_beta":false,"boss_relics":[{"not_picked":["Empty Cage","hubris:RunicObelisk"],"picked":"Philosopher\u0027s Stone"},{"not_picked":["hubris:BlackHole","Replay:Drink Me"],"picked":"Coffee Dripper"}],"items_purged_floors":[21,39],"is_endless":false,"potions_floor_spawned":[4,14,15,16,22,26,31,33,37,47,48],"ascension_level":0}}