{"host":"ws1rigs6jhqnf67d","time":1612369206,"event":{"mods":["BaseMod","Friendly Minions","KinomotoSakuraMod(ƒæ÷Æ±æ”£)","Kiyohime£®«Âºß£©","Lobotomy","LobotomyExtend","Marisa£®ÏF”Í°°ƒß¿Ì…≥£©","Minty Spire (QoL Compilation)","Remilia£®¿Ÿ√◊¿Ú—«£©","StSLib","The Bug Knight","The Senshi","WarShipGirlsR/’ΩΩ¢…Ÿ≈ÆR mod","Youmu£®ªÍ∆«—˝√Œ£©","[IsaacMod]“‘»ˆº‚À˛"],"gold_per_floor":[109,129,149,167,178,206,223,243,269,279,291,291,291,316,316,418,418,438,450,140,154,167,198,215,215,215,230,330,365,144,154,154,249,249,259,272,288,299,299,331,331,351,351,401,419,444,456,490,490,490,490],"floor_reached":52,"language":"ZHS","playtime":1838,"items_purged":["Shame"],"score":904,"play_id":"6faa3939-2d77-4518-9efb-5468f3b234e2","local_time":"20210204002006","is_ascension_mode":false,"campfire_choices":[{"data":"rmod:fletcher","floor":12.0,"key":"SMITH"},{"data":"rmod:salvage","floor":15.0,"key":"SMITH"},{"data":"rmod:seals","floor":25.0,"key":"SMITH"},{"data":"rmod:fletcher","floor":32.0,"key":"SMITH"},{"data":"rmod:expedition","floor":41.0,"key":"SMITH"},{"floor":49,"key":"REST"}],"circlet_count":0,"master_deck":["rmod:strick","rmod:strick","rmod:strick","rmod:strick","rmod:defend","rmod:defend","rmod:defend","rmod:defend","rmod:basicallowance","rmod:maingunfire","rmod:salvage","rmod:fletcherpendant","rmod:fletcher+1","rmod:fletcherpendant","rmod:diaomin","rmod:fletcherpendant+1","rmod:fletcherpendant+1","rmod:mineteam","rmod:fletcherpendant","rmod:highspeedmaneuver","rmod:salvage+1","rmod:seals+1","rmod:fletcher+1","rmod:luckystar+1","rmod:fletcherpendant","rmod:fletcherpendant+1","rmod:fletcherpendant+1","rmod:expedition+1","Pain"],"relics":["rmod:firstchargereward","HushsDoor","Vajra","TheBible","LetterFromLob","White Beast Statue","Odd Mushroom","Toy Ornithopter","HowToJump","Cursed Key","Anchor","Bronze Scales","BelialBook","AnarchistCookbook","Question Card","StoneCalendar","DeadEye","Happy Flower","D4","SteamSale","CatCart","Pear","Strawberry"],"acts_visited":["Exordium","TheCity","TheBeyond"],"potions_floor_usage":[50],"damage_taken":[{"damage":1.0,"enemies":"2 Louse","floor":1.0,"turns":3.0},{"damage":0.0,"enemies":"Jaw Worm","floor":2.0,"turns":3.0},{"damage":0.0,"enemies":"Small Slimes","floor":3.0,"turns":2.0},{"damage":6.0,"enemies":"2 Fungi Beasts","floor":4.0,"turns":3.0},{"damage":7.0,"enemies":"Lots of Slimes","floor":5.0,"turns":4.0},{"damage":0.0,"enemies":"Gremlin Nob","floor":6.0,"turns":3.0},{"damage":8.0,"enemies":"3 Louse","floor":7.0,"turns":2.0},{"damage":0.0,"enemies":"The Mushroom Lair","floor":8.0,"turns":2.0},{"damage":0.0,"enemies":"2 Fungi Beasts","floor":10.0,"turns":1.0},{"damage":0.0,"enemies":"Looter","floor":11.0,"turns":2.0},{"damage":14.0,"enemies":"HollowMod:MossKnight","floor":14.0,"turns":6.0},{"damage":10.0,"enemies":"The Guardian","floor":16.0,"turns":8.0},{"damage":10.0,"enemies":"Chosen","floor":18.0,"turns":4.0},{"damage":2.0,"enemies":"Spheric Guardian","floor":19.0,"turns":4.0},{"damage":0.0,"enemies":"Snake Plant","floor":21.0,"turns":3.0},{"damage":0.0,"enemies":"Centurion and Healer","floor":22.0,"turns":2.0},{"damage":11.0,"enemies":"Book of Stabbing","floor":23.0,"turns":3.0},{"damage":0.0,"enemies":"Snecko","floor":24.0,"turns":2.0},{"damage":0.0,"enemies":"Shelled Parasite and Fungi","floor":27.0,"turns":1.0},{"damage":15.0,"enemies":"Colosseum Slavers","floor":28.0,"turns":2.0},{"damage":0.0,"enemies":"Colosseum Nobs","floor":28.0,"turns":1.0},{"damage":0.0,"enemies":"Gremlin Leader","floor":29.0,"turns":3.0},{"damage":0.0,"enemies":"Centurion and Healer","floor":31.0,"turns":2.0},{"damage":6.0,"enemies":"Champ","floor":33.0,"turns":2.0},{"damage":0.0,"enemies":"3 Shapes","floor":35.0,"turns":1.0},{"damage":0.0,"enemies":"3 Darklings","floor":36.0,"turns":1.0},{"damage":0.0,"enemies":"Jaw Worm Horde","floor":37.0,"turns":1.0},{"damage":22.0,"enemies":"4 Shapes","floor":38.0,"turns":2.0},{"damage":2.0,"enemies":"Reptomancer","floor":40.0,"turns":3.0},{"damage":7.0,"enemies":"Writhing Mass","floor":42.0,"turns":4.0},{"damage":28,"enemies":"Orin","floor":44,"turns":7},{"damage":5,"enemies":"Sphere and 2 Shapes","floor":45,"turns":2},{"damage":2,"enemies":"HollowMod:StalkingDevout","floor":46,"turns":2},{"damage":0,"enemies":"Maw","floor":47,"turns":3},{"damage":2,"enemies":"Reptomancer","floor":48,"turns":3},{"damage":6,"enemies":"Time Eater","floor":50,"turns":3}],"seed_played":"-7204334353043764527","potions_obtained":[{"floor":4.0,"key":"BlessingOfTheForge"},{"floor":6.0,"key":"Strength Potion"},{"floor":7.0,"key":"BlessingOfTheForge"},{"floor":8.0,"key":"LiquidBronze"},{"floor":10.0,"key":"Explosive Potion"},{"floor":11.0,"key":"EntropicBrew"},{"floor":14.0,"key":"FairyPotion"},{"floor":16.0,"key":"EntropicBrew"},{"floor":27.0,"key":"Fruit Juice"},{"floor":28.0,"key":"SkillPotion"},{"floor":33.0,"key":"Fruit Juice"},{"floor":35.0,"key":"Regen Potion"}],"is_trial":false,"path_per_floor":["M","M","M","M","M","E","M","?","T","M","M","R","M","E","R","B",null,"M","M","$","M","M","E","M","R","T","M","?","E","$","M","R","B",null,"M","M","M","M","?","E","R","M","T","?","M","E","M","E","R","B",null,null],"character_chosen":"PRAEFECT","items_purchased":["Anchor","Bronze Scales","Happy Flower"],"campfire_rested":1,"item_purchase_floors":[20,20,30],"current_hp_per_floor":[74,74,74,68,61,61,53,53,53,53,53,53,53,39,39,34,75,65,63,63,63,63,52,52,52,52,62,47,47,47,47,47,51,85,85,85,85,63,63,61,61,54,54,26,21,29,29,34,64,72,72],"gold":490,"neow_bonus":"RANDOM_COMMON_RELIC","is_daily":false,"chose_seed":false,"campfire_upgraded":5,"win_rate":0.0,"timestamp":1612369206,"path_taken":["M","M","M","M","M","E","M","?","T","M","M","R","M","E","R","BOSS","M","M","$","M","M","E","M","R","T","M","?","E","$","M","R","BOSS","M","M","M","M","?","E","R","M","T","?","M","E","M","E","R","BOSS"],"items_purchased_type":["Relic","Relic","Relic"],"build_version":"2020-12-22","purchased_purges":1,"victory":true,"max_hp_per_floor":[75,75,75,75,75,75,75,75,75,75,75,75,75,75,75,75,75,75,75,75,75,75,75,75,75,75,80,80,80,80,80,80,85,85,85,85,85,85,85,85,85,85,85,85,85,95,95,102,102,102,102],"card_choices":[{"not_picked":[],"picked":"ChaosCard","floor":0.0},{"not_picked":["rmod:fletcherpendant","rmod:steelsupply"],"picked":"rmod:salvage","floor":1.0},{"not_picked":["rmod:selfconfidence","rmod:circuitoustactics","rmod:intelligenceanalysis"],"picked":"SKIP","floor":2.0},{"not_picked":["rmod:tearstotiara","rmod:luckystar"],"picked":"Bomb","floor":3.0},{"not_picked":["rmod:firesupport","rmod:ring"],"picked":"rmod:diaomin","floor":4.0},{"not_picked":["rmod:aviationdawn","rmod:capitalist"],"picked":"Bomb","floor":5.0},{"not_picked":["rmod:supportescort","rmod:firesupport"],"picked":"rmod:mineteam","floor":6.0},{"not_picked":["rmod:aviationdawn","rmod:sl","rmod:wife"],"picked":"SKIP","floor":7.0},{"not_picked":["rmod:heivgo","rmod:openingtorpedo"],"picked":"rmod:highspeedmaneuver","floor":10.0},{"not_picked":["rmod:circuitoustactics","rmod:unsinkable"],"picked":"rmod:salvage","floor":11.0},{"not_picked":["rmod:wolves","rmod:lonelyqueen","rmod:supportescort"],"picked":"SKIP","floor":14.0},{"not_picked":["rmod:stealaluminum","rmod:saltedfish"],"picked":"rmod:seals","floor":16.0},{"not_picked":["rmod:victimresponsibility","rmod:shuttlebombing+1","rmod:unsinkable"],"picked":"SKIP","floor":18.0},{"not_picked":["rmod:aviationdawn","rmod:diamondstrike"],"picked":"rmod:luckystar+1","floor":19.0},{"not_picked":["rmod:generalist","rmod:circuitoustactics+1","rmod:slowdown+1"],"picked":"SKIP","floor":21.0},{"not_picked":["rmod:victimresponsibility+1","rmod:steelsupply","rmod:unsinkable+1"],"picked":"SKIP","floor":22.0},{"not_picked":["rmod:stealaluminum","rmod:victimresponsibility","rmod:garrisonisland"],"picked":"SKIP","floor":23.0},{"not_picked":["rmod:steelsupply","rmod:wife+1","rmod:guardianhero"],"picked":"SKIP","floor":24.0},{"not_picked":["rmod:selfconfidence","rmod:diamondstrike+1","rmod:luckystar"],"picked":"SKIP","floor":27.0},{"not_picked":["rmod:fletcherpendant","rmod:shuttlebombing+1","rmod:advancebysurprise","rmod:bulid"],"picked":"SKIP","floor":29.0},{"not_picked":["rmod:ring+1","rmod:heivgo","rmod:sl","rmod:diamondstrike"],"picked":"SKIP","floor":31.0},{"not_picked":["rmod:intelligenceanalysis","rmod:heivgo+1","rmod:combined+1","rmod:supportescort+1"],"picked":"SKIP","floor":35.0},{"not_picked":["rmod:wolves+1","rmod:launchingtorpedo","rmod:advancebysurprise"],"picked":"rmod:fletcherpendant+1","floor":36.0},{"not_picked":["rmod:ring+1","rmod:lonelyqueen+1","rmod:wolves","rmod:gendarmerie"],"picked":"SKIP","floor":37.0},{"not_picked":["rmod:supportescort","rmod:luckystar+1","rmod:firesupport+1","rmod:intelligenceanalysis+1"],"picked":"SKIP","floor":38.0},{"not_picked":["rmod:selfconfidence","rmod:u235","rmod:spoils"],"picked":"rmod:expedition","floor":40.0},{"not_picked":["rmod:firesupport+1","rmod:victimresponsibility+1","rmod:heivgo","rmod:bulid"],"picked":"SKIP","floor":42.0},{"not_picked":["rmod:firesupport+1","rmod:luckystar","rmod:aggressivemary+1","rmod:combined"],"picked":"SKIP","floor":45},{"not_picked":["rmod:circuitoustactics+1","rmod:aggressivemary","rmod:aviationdawn","rmod:diaomin"],"picked":"SKIP","floor":46},{"not_picked":["rmod:ammunitionsupply+1","rmod:sl+1","rmod:bulid","rmod:fletcherpendant"],"picked":"SKIP","floor":47},{"not_picked":["rmod:sl","rmod:highspeedmaneuver","rmod:punchline","rmod:circuitoustactics+1"],"picked":"SKIP","floor":48}],"player_experience":930077,"relics_obtained":[{"floor":1.0,"key":"LetterFromLob"},{"floor":6.0,"key":"White Beast Statue"},{"floor":8.0,"key":"Odd Mushroom"},{"floor":9.0,"key":"Toy Ornithopter"},{"floor":14.0,"key":"HowToJump"},{"floor":23.0,"key":"BelialBook"},{"floor":26.0,"key":"AnarchistCookbook"},{"floor":28.0,"key":"Question Card"},{"floor":28.0,"key":"StoneCalendar"},{"floor":29.0,"key":"DeadEye"},{"floor":40.0,"key":"D4"},{"floor":43.0,"key":"SteamSale"},{"floor":44,"key":"CatCart"},{"floor":46,"key":"Pear"},{"floor":48,"key":"Strawberry"}],"event_choices":[{"damage_healed":0.0,"max_hp_gain":0.0,"max_hp_loss":0.0,"gold_gain":0.0,"event_name":"Mushrooms","player_choice":"Fought Mushrooms","floor":8.0,"gold_loss":0.0,"damage_taken":0.0},{"damage_healed":0.0,"max_hp_gain":0.0,"max_hp_loss":0.0,"gold_gain":0.0,"event_name":"Colosseum","player_choice":"Fight","floor":28.0,"gold_loss":0.0,"damage_taken":0.0},{"damage_healed":0.0,"max_hp_gain":0.0,"max_hp_loss":0.0,"gold_gain":0.0,"event_name":"Colosseum","player_choice":"Fought Nobs","floor":28.0,"gold_loss":0.0,"damage_taken":0.0},{"damage_healed":0,"gold_gain":0,"player_choice":"Fight","damage_taken":0,"max_hp_gain":0,"max_hp_loss":0,"event_name":"OrinTheCat","floor":44,"gold_loss":0}],"is_beta":false,"boss_relics":[{"not_picked":["Pandora\u0027s Box","Runic Pyramid"],"picked":"Cursed Key"},{"not_picked":[]},{"not_picked":["Empty Cage","Snecko Eye","Sozu"]}],"items_purged_floors":[30],"is_endless":false,"potions_floor_spawned":[4,6,7,8,10,11,14,16,18,19,21,22,23,24,27,28,28,29,31,33,35,36,37,38,40,42,44,45,46,47,48],"ascension_level":0}}