{"host":"e52c7hvho6xny3hd","time":1612358545,"event":{"mods":["AchievementEnabler","BaseMod","Colored Map","DeckTracker","Minty Spire (QoL Compilation)","Permanent Neow","StSLib"],"gold_per_floor":[113,164,66,76,76,76,94,111,138,153,153,171,171,199,199,273,273,284,209,24,38,38,38,49,49,74,74,74,74,74,74],"floor_reached":30,"language":"KOR","playtime":1085,"items_purged":[],"score":445,"play_id":"791a71b9-28cc-4739-8dff-f199610218d3","local_time":"20210203222225","is_ascension_mode":true,"campfire_choices":[{"data":"Discovery","floor":6.0,"key":"SMITH"},{"data":"Body Slam","floor":11,"key":"SMITH"},{"data":"Inflame","floor":13,"key":"SMITH"},{"data":"Reaper","floor":15,"key":"SMITH"},{"data":"Apotheosis","floor":23,"key":"SMITH"},{"data":"Limit Break","floor":28,"key":"SMITH"}],"circlet_count":0,"master_deck":["AscendersBane","Strike_R","Defend_R","Defend_R","Defend_R","Defend_R","Bash+1","Clothesline","Discovery+1","Rage","Headbutt","Clash","Body Slam+1","Inflame+1","Reaper+1","Limit Break+1","True Grit","Apotheosis+1","Flex","Rage"],"relics":["Burning Blood","Art of War","Happy Flower","SlaversCollar","Bag of Marbles"],"acts_visited":["Exordium","TheCity"],"potions_floor_usage":[14],"damage_taken":[{"damage":4.0,"enemies":"2 Louse","floor":1.0,"turns":4.0},{"damage":0.0,"enemies":"Small Slimes","floor":4.0,"turns":2.0},{"damage":0.0,"enemies":"Cultist","floor":7.0,"turns":3.0},{"damage":9.0,"enemies":"Blue Slaver","floor":8.0,"turns":4.0},{"damage":1,"enemies":"Large Slime","floor":10,"turns":5},{"damage":6,"enemies":"2 Fungi Beasts","floor":12,"turns":3},{"damage":26,"enemies":"Gremlin Nob","floor":14,"turns":4},{"damage":65,"enemies":"The Guardian","floor":16,"turns":14},{"damage":20,"enemies":"Chosen","floor":18,"turns":5},{"damage":22,"enemies":"3 Byrds","floor":21,"turns":5},{"damage":23,"enemies":"Centurion and Healer","floor":24,"turns":6},{"damage":33,"enemies":"Colosseum Slavers","floor":29,"turns":6},{"damage":15,"enemies":"Snake Plant","floor":30,"turns":4}],"seed_played":"-3253473960883546622","potions_obtained":[{"floor":8.0,"key":"Energy Potion"},{"floor":10,"key":"SpeedPotion"},{"floor":18,"key":"Strength Potion"}],"is_trial":false,"path_per_floor":["M","?","$","M","?","R","M","M","T","M","R","M","R","E","R","B",null,"M","?","$","M","?","R","M","?","T","$","R","?","M"],"character_chosen":"IRONCLAD","items_purchased":["Discovery","Apotheosis"],"campfire_rested":0,"item_purchase_floors":[3,20],"current_hp_per_floor":[70,70,70,75,75,75,75,72,72,75,75,75,75,55,55,12,59,47,47,47,45,45,45,50,50,50,50,50,33,18,18],"gold":74,"neow_bonus":"UPGRADE_CARD","is_daily":false,"chose_seed":false,"campfire_upgraded":6,"win_rate":0.0,"timestamp":1612358545,"path_taken":["M","?","$","M","?","R","M","M","T","M","R","M","R","E","R","BOSS","M","?","$","M","?","R","M","?","T","?","R","?","M"],"items_purchased_type":["Card","Card"],"build_version":"2020-12-22","purchased_purges":0,"victory":false,"max_hp_per_floor":[75,75,75,75,75,75,75,75,75,75,75,75,75,75,75,75,75,75,75,75,75,75,75,75,75,75,75,75,75,75,75],"card_choices":[{"not_picked":["Dropkick","Infernal Blade"],"picked":"Clothesline","floor":1.0},{"not_picked":["Reckless Charge","Clothesline"],"picked":"Rage","floor":4.0},{"not_picked":["Havoc","Sword Boomerang"],"picked":"Headbutt","floor":7.0},{"not_picked":["Whirlwind","Armaments"],"picked":"Clash","floor":8.0},{"not_picked":["Rage","Anger"],"picked":"Body Slam","floor":10},{"not_picked":["Warcry","Shrug It Off"],"picked":"Inflame","floor":12},{"not_picked":["Headbutt","Fire Breathing"],"picked":"Reaper","floor":14},{"not_picked":["Feed","Immolate"],"picked":"Limit Break","floor":16},{"not_picked":["Body Slam","Fire Breathing"],"picked":"True Grit","floor":18},{"not_picked":["Clothesline","Entrench","Iron Wave"],"picked":"SKIP","floor":21},{"not_picked":["Reckless Charge+1","Flex","Armaments"],"picked":"SKIP","floor":24}],"player_experience":709045,"relics_obtained":[{"floor":9.0,"key":"Art of War"},{"floor":14,"key":"Happy Flower"},{"floor":26,"key":"Bag of Marbles"}],"event_choices":[{"damage_healed":0.0,"max_hp_gain":0.0,"max_hp_loss":0.0,"gold_gain":51.0,"event_name":"Golden Wing","player_choice":"Gained Gold","floor":2.0,"gold_loss":0.0,"damage_taken":0.0},{"cards_removed":["Strike_R"],"damage_healed":0.0,"max_hp_gain":0.0,"max_hp_loss":0.0,"gold_gain":0.0,"event_name":"Bonfire Elementals","player_choice":"Offered Basic","floor":5.0,"gold_loss":0.0,"damage_taken":0.0},{"cards_removed":["Strike_R"],"damage_healed":0,"gold_gain":0,"player_choice":"Gave Gold","damage_taken":0,"max_hp_gain":0,"max_hp_loss":0,"event_name":"Beggar","floor":19,"gold_loss":75},{"damage_healed":0,"gold_gain":0,"player_choice":"Ignored","damage_taken":0,"max_hp_gain":0,"max_hp_loss":0,"event_name":"Ghosts","floor":22,"gold_loss":0},{"damage_healed":0,"gold_gain":0,"cards_transformed":["Strike_R","Strike_R"],"player_choice":"Became Test Subject","damage_taken":0,"max_hp_gain":0,"max_hp_loss":0,"event_name":"Drug Dealer","floor":25,"gold_loss":0,"cards_obtained":["Flex","Rage"]},{"damage_healed":0,"gold_gain":0,"player_choice":"Fight","damage_taken":0,"max_hp_gain":0,"max_hp_loss":0,"event_name":"Colosseum","floor":29,"gold_loss":0},{"damage_healed":0,"gold_gain":0,"player_choice":"Fled From Nobs","damage_taken":0,"max_hp_gain":0,"max_hp_loss":0,"event_name":"Colosseum","floor":29,"gold_loss":0}],"is_beta":false,"boss_relics":[{"not_picked":["Black Star","Philosopher\u0027s Stone"],"picked":"SlaversCollar"}],"items_purged_floors":[],"is_endless":false,"potions_floor_spawned":[8,10,18],"killed_by":"Snake Plant","ascension_level":19}}