{"host":"erjc6dqs793djrmy","time":1612334592,"event":{"mods":["BaseMod","Minty Spire (QoL Compilation)","StSLib","The Animator"],"gold_per_floor":[123,38,38,38,38,38,59,105,153,176,191,191,207,242,242,363,363,394,494,61,61,81,117,138,200,226,262,285,285,329,343,343,468,468,481,156,156,176,196,229,209,252,252,273,312,335,356,24,24,24,24,24,24,57,57,57],"floor_reached":55,"language":"ENG","playtime":5085,"items_purged":["animator:Strike","animator:Strike","animator:Strike"],"score":1650,"play_id":"0df55a6f-3672-4215-b2d3-1431b5465853","local_time":"20210203014312","is_ascension_mode":true,"campfire_choices":[{"data":"animator:Kaijin","floor":6,"key":"SMITH"},{"data":"animator:Vanir","floor":15,"key":"SMITH"},{"data":"animator:PinaCoLada","floor":29,"key":"SMITH"},{"data":"animator:Shuna","floor":32,"key":"SMITH"},{"floor":49,"key":"RECALL"},{"data":"animator:PinaCoLada","floor":52,"key":"SMITH"}],"circlet_count":0,"master_deck":["AscendersBane","animator:Strike_TenSura+1","animator:Defend_TenSura","animator:Defend","animator:Defend","animator:Defend","animator:Benimaru","animator:Shuna","animator:Kaijin+1","animator:Vanir+1","animator:YaoHaDucy","animator:Benimaru","animator:TukaLunaMarceau","animator:YaoHaDucy","animator:Shuna+1","animator:HigakiRinne","animator:Tyuule","animator:Vanir","animator:Fredrika","animator:PinaCoLada+1","animator:Tyuule+1","animator:TukaLunaMarceau","animator:Bozes","Parasite","animator:Bozes","animator:TukaLunaMarceau","animator:YunYun","animator:YaoHaDucy","animator:Rimuru","animator:Darkness+1","animator:HigakiRinne","animator:Bozes","animator:TukaLunaMarceau","animator:YaoHaDucy","animator:Souei","animator:PinaCoLada+1","animator:YaoHaDucy","animator:Bozes","animator:ItamiYouji"],"relics":["animator:LivingPicture","animator:TheMissingPiece","NeowsBlessing","Vajra","Golden Idol","Question Card","animator:BattleDrones","Toy Ornithopter","Meat on the Bone","Cursed Key","Shuriken","The Courier","Bottled Tornado","Oddly Smooth Stone","Gambling Chip","Blood Vial","SlaversCollar","Nunchaku","Lantern","animator:WornHelmet","Omamori","Champion Belt","Medical Kit","Bag of Marbles","Bag of Preparation"],"acts_visited":["Exordium","TheCity","TheBeyond","TheEnding"],"potions_floor_usage":[14,23,33,40,44,50,55],"damage_taken":[{"damage":0,"enemies":"2 Louse","floor":1,"turns":1},{"damage":0,"enemies":"Cultist","floor":7,"turns":1},{"damage":0,"enemies":"Lagavulin","floor":8,"turns":1},{"damage":7,"enemies":"Small Slimes","floor":10,"turns":3},{"damage":3,"enemies":"Looter","floor":11,"turns":3},{"damage":1,"enemies":"2 Fungi Beasts","floor":13,"turns":3},{"damage":7,"enemies":"3 Sentries","floor":14,"turns":5},{"damage":0,"enemies":"The Guardian","floor":16,"turns":7},{"damage":0,"enemies":"Spheric Guardian","floor":18,"turns":3},{"damage":0,"enemies":"Shell Parasite","floor":22,"turns":3},{"damage":10,"enemies":"Gremlin Leader","floor":23,"turns":4},{"damage":4,"enemies":"Chosen and Byrds","floor":24,"turns":4},{"damage":21,"enemies":"Book of Stabbing","floor":25,"turns":5},{"damage":5,"enemies":"Gremlin Leader","floor":27,"turns":5},{"damage":0,"enemies":"3 Cultists","floor":28,"turns":4},{"damage":4,"enemies":"Slavers","floor":30,"turns":4},{"damage":0,"enemies":"Centurion and Healer","floor":31,"turns":4},{"damage":11,"enemies":"Collector","floor":33,"turns":6},{"damage":2,"enemies":"3 Shapes","floor":35,"turns":3},{"damage":7,"enemies":"Orb Walker","floor":38,"turns":3},{"damage":5,"enemies":"3 Darklings","floor":39,"turns":3},{"damage":14,"enemies":"Reptomancer","floor":40,"turns":5},{"damage":0,"enemies":"Giant Head","floor":42,"turns":6},{"damage":12,"enemies":"Maw","floor":44,"turns":6},{"damage":0,"enemies":"Nemesis","floor":45,"turns":5},{"damage":2,"enemies":"Spire Growth","floor":46,"turns":4},{"damage":22,"enemies":"3 Darklings","floor":47,"turns":3},{"damage":22,"enemies":"Time Eater","floor":50,"turns":9},{"damage":30,"enemies":"Shield and Spear","floor":54,"turns":6},{"damage":56,"enemies":"The Heart","floor":55,"turns":2}],"seed_played":"5964161699077037398","potions_obtained":[{"floor":7,"key":"Swift Potion"},{"floor":8,"key":"SpeedPotion"},{"floor":22,"key":"Fire Potion"},{"floor":24,"key":"Explosive Potion"},{"floor":28,"key":"SkillPotion"},{"floor":33,"key":"FearPotion"},{"floor":41,"key":"Block Potion"},{"floor":44,"key":"Ancient Potion"}],"is_trial":false,"path_per_floor":["M","?","$","?","?","R","M","E","T","M","M","?","M","E","R","B",null,"M","?","$","$","M","E","M","E","T","E","M","R","E","M","R","B",null,"M","$","?","M","M","E","?","E","T","M","E","M","M","$","R","B",null,"R","$","E","B"],"character_chosen":"THE_ANIMATOR","items_purchased":["animator:Vanir","animator:Fredrika","Shuriken","Nunchaku","Lantern","Medical Kit","Bag of Marbles"],"campfire_rested":0,"item_purchase_floors":[20,20,20,36,36,48,48],"current_hp_per_floor":[59,59,59,59,59,59,59,59,59,52,50,50,49,47,47,47,62,62,62,62,62,63,58,54,45,45,40,40,40,36,38,38,47,64,64,64,55,50,47,40,40,42,42,37,39,39,31,31,31,28,59,59,59,45,0,0],"gold":57,"neow_bonus":"THREE_ENEMY_KILL","is_daily":false,"chose_seed":false,"campfire_upgraded":5,"win_rate":0.0,"timestamp":1612334592,"path_taken":["M","?","?","?","?","R","M","E","T","M","M","?","M","E","R","BOSS","M","?","?","$","M","E","?","E","T","E","M","R","E","M","R","BOSS","M","$","?","M","M","E","?","E","T","M","E","?","M","$","R","BOSS","R","$","E","BOSS"],"items_purchased_type":["Card","Card","Relic","Relic","Relic","Relic","Relic"],"build_version":"2020-12-22","purchased_purges":3,"victory":false,"max_hp_per_floor":[66,66,66,66,66,66,66,66,66,66,67,67,67,67,67,67,67,67,67,67,67,68,68,68,68,68,68,68,68,68,68,68,69,69,69,69,69,69,69,69,69,69,69,69,69,69,69,69,69,69,69,69,69,71,71,71],"card_choices":[{"not_picked":["animator:Illya","animator:Megumin"],"picked":"animator:Kaijin","floor":1},{"not_picked":["animator:MaesHughes","animator:TsurugaMeisai","animator:Assassin"],"picked":"animator:Vanir","floor":7},{"not_picked":["animator:RoyMustang","animator:Hans","animator:Assassin"],"picked":"animator:YaoHaDucy","floor":8},{"not_picked":["animator:Souei","animator:Shion","animator:Vesta"],"picked":"animator:Benimaru","floor":10},{"not_picked":["animator:EmiyaShirou","animator:Pride","animator:Assassin"],"picked":"animator:TukaLunaMarceau","floor":11},{"not_picked":["animator:Hakurou","animator:Shion","animator:Vanir"],"picked":"animator:YaoHaDucy","floor":13},{"not_picked":["animator:ElricEdward","animator:Kazuma","animator:Layla"],"picked":"animator:Shuna","floor":14},{"not_picked":["animator:Gilgamesh","animator:Envy","animator:Shizu"],"picked":"animator:HigakiRinne","floor":16},{"not_picked":["animator:TukaLunaMarceau","animator:YaoHaDucy","animator:LeleiLaLalena"],"picked":"animator:Tyuule","floor":18},{"not_picked":["animator:YunYun","animator:Emonzaemon","animator:Verdia"],"picked":"animator:PinaCoLada","floor":22},{"not_picked":["animator:Hakurou","animator:ElricAlphonse","animator:Lancer"],"picked":"animator:Tyuule+1","floor":23},{"not_picked":["animator:SakuraMatou","animator:Shizu","animator:LeleiLaLalena"],"picked":"animator:TukaLunaMarceau","floor":24},{"not_picked":["animator:Kuribayashi","animator:TukaLunaMarceau","animator:YaoHaDucy"],"picked":"animator:Bozes","floor":25},{"not_picked":["animator:YunYun","animator:Darkness","animator:EmiyaShirou"],"picked":"animator:Bozes","floor":27},{"not_picked":["animator:Hakurou","animator:Lancer","animator:ElricAlphonse"],"picked":"animator:TukaLunaMarceau","floor":28},{"not_picked":["animator:Benimaru","animator:Layla","animator:Konayuki"],"picked":"animator:YunYun","floor":30},{"not_picked":["animator:TukaLunaMarceau","animator:Tyuule","animator:LeleiLaLalena"],"picked":"animator:YaoHaDucy","floor":31},{"not_picked":["animator:Wiz","animator:Greed","animator:ChaikaTrabant"],"picked":"animator:Rimuru","floor":33},{"not_picked":["animator:TukaLunaMarceau","animator:Scar","animator:Gillette"],"picked":"animator:Darkness+1","floor":35},{"not_picked":["animator:Alexander","animator:RoyMustang","animator:AcuraTooru+1"],"picked":"animator:Bozes","floor":38},{"not_picked":["animator:Guy","animator:Sloth","animator:Emonzaemon"],"picked":"animator:TukaLunaMarceau","floor":39},{"not_picked":["animator:Kuribayashi","animator:TukaLunaMarceau","animator:Arpeggio"],"picked":"animator:YaoHaDucy","floor":40},{"not_picked":["animator:Archer","animator:Illya","animator:RoyMustang+1"],"picked":"animator:Souei","floor":42},{"not_picked":["animator:RinTohsaka","animator:UneriGinkaku","animator:Lancer+1","animator:Konayuki"],"picked":"SKIP","floor":44},{"not_picked":["animator:Gluttony","animator:Alexander","animator:RoryMercury+1"],"picked":"animator:PinaCoLada","floor":45},{"not_picked":["animator:TukaLunaMarceau","animator:LeleiLaLalena","animator:Tyuule"],"picked":"animator:YaoHaDucy","floor":46},{"not_picked":["animator:ShinjiMatou","animator:Shion","animator:UneriGinkaku"],"picked":"animator:Bozes","floor":47},{"not_picked":["animator:Scar","animator:EmiyaShirou","animator:Verdia"],"picked":"animator:ItamiYouji","floor":54}],"player_experience":399862,"relics_obtained":[{"floor":8,"key":"animator:BattleDrones"},{"floor":9,"key":"Toy Ornithopter"},{"floor":14,"key":"Meat on the Bone"},{"floor":23,"key":"The Courier"},{"floor":25,"key":"Bottled Tornado"},{"floor":26,"key":"Oddly Smooth Stone"},{"floor":27,"key":"Gambling Chip"},{"floor":30,"key":"Blood Vial"},{"floor":40,"key":"animator:WornHelmet"},{"floor":42,"key":"Omamori"},{"floor":45,"key":"Champion Belt"},{"floor":54,"key":"Bag of Preparation"}],"event_choices":[{"damage_healed":0,"gold_gain":0,"player_choice":"Paid Gold","damage_taken":0,"relics_obtained":["Vajra"],"max_hp_gain":0,"max_hp_loss":0,"event_name":"WeMeetAgain","floor":2,"gold_loss":85},{"damage_healed":0,"gold_gain":0,"player_choice":"Take Wound","damage_taken":0,"relics_obtained":["Golden Idol"],"max_hp_gain":0,"max_hp_loss":0,"event_name":"Golden Idol","floor":4,"gold_loss":0,"cards_obtained":["Injury"]},{"damage_healed":0,"gold_gain":0,"player_choice":"Box","damage_taken":0,"relics_obtained":["Question Card"],"max_hp_gain":0,"max_hp_loss":0,"event_name":"Big Fish","floor":5,"gold_loss":0,"cards_obtained":["Regret"]},{"cards_removed":["Injury"],"damage_healed":0,"gold_gain":0,"player_choice":"Removed","damage_taken":0,"max_hp_gain":0,"max_hp_loss":0,"event_name":"The Cursed Forest","floor":12,"gold_loss":0},{"cards_removed":["Regret"],"damage_healed":0,"gold_gain":0,"player_choice":"Removed","damage_taken":0,"max_hp_gain":0,"max_hp_loss":0,"event_name":"The Cursed Forest","floor":12,"gold_loss":0},{"damage_healed":0,"gold_gain":100,"player_choice":"Pray","damage_taken":0,"max_hp_gain":0,"max_hp_loss":0,"event_name":"Golden Shrine","floor":19,"gold_loss":0},{"damage_healed":0,"gold_gain":0,"player_choice":"Embrace Madness","damage_taken":9,"max_hp_gain":0,"max_hp_loss":0,"event_name":"Winding Halls","floor":37,"gold_loss":0,"cards_obtained":["animator:HigakiRinne"]},{"damage_healed":0,"gold_gain":0,"player_choice":"Bought 1 Potion","damage_taken":0,"max_hp_gain":0,"max_hp_loss":0,"event_name":"The Woman in Blue","floor":41,"gold_loss":0}],"is_beta":false,"boss_relics":[{"not_picked":["Velvet Choker","Fusion Hammer"],"picked":"Cursed Key"},{"not_picked":["Busted Crown","Coffee Dripper"],"picked":"SlaversCollar"}],"items_purged_floors":[20,36,48],"is_endless":false,"potions_floor_spawned":[7,8,22,24,28,31,33,35,44,45],"killed_by":"The Heart","ascension_level":12}}