{"host":"adt9pv9dmmkchns7","time":1612379178,"event":{"mods":["AchievementEnabler","BaseMod","Beaked The Cultist","Better Third Choice","Downfall","Energized Spire","Infinite Spire","Minty Spire (QoL Compilation)","Permanent Neow","Potionbrewer","Replay The Spire","Robot Space Explorer","Shade Mod","Spicy Shops","StSLib","The Blackbeard","The Cursed","The Forsaken","The Gatherer","The Necromancer","Wandering Minibosses"],"gold_per_floor":[116,136,136,150,150,150,176,176,176,176,205,234,249,275,275,377,377,393,404,90,5,22,22,22,22],"floor_reached":24,"language":"ENG","playtime":2868,"items_purged":[],"score":313,"play_id":"f23f2e25-d1b4-45dc-ac68-0911e8325dae","local_time":"20210203200618","is_ascension_mode":true,"campfire_choices":[{"floor":6,"key":"RECALL"},{"data":"potionbrewer:Collect","floor":8,"key":"SMITH"},{"data":"potionbrewer:Toxicity","floor":10,"key":"SMITH"},{"data":"potionbrewer:TheFinalStraw","floor":15,"key":"SMITH"},{"floor":23,"key":"REST"}],"circlet_count":0,"master_deck":["potionbrewer:PotionbrewerStrike","potionbrewer:PotionbrewerStrike","potionbrewer:PotionbrewerStrike","potionbrewer:PotionbrewerStrike","potionbrewer:PotionbrewerDefend","potionbrewer:PotionbrewerDefend","potionbrewer:PotionbrewerDefend","potionbrewer:PotionbrewerDefend","potionbrewer:Collect+1","potionbrewer:ChemicalSpill","Sadistic Nature","potionbrewer:Toxicity+1","potionbrewer:ChokingPowder","potionbrewer:BalancedFormula","potionbrewer:Prototype","potionbrewer:HazardousMaterials","potionbrewer:ChainReaction","potionbrewer:TheFinalStraw+1","potionbrewer:BottomlessFlask","potionbrewer:QuickStep+1","potionbrewer:Refill+1","potionbrewer:ChemicalWeapons","potionbrewer:Discombobulate+1"],"relics":["potionbrewer:PotionKit","Pear","Omamori","Replay:Wax Seal","Peace Pipe","Replay:Mystery Machine","SlaversCollar","Matryoshka","Oddly Smooth Stone"],"acts_visited":["Exordium","TheCity"],"potions_floor_usage":[7,7,7,7,12,13,14,14,14,14,16,18,18,19,19,22,22,24,24,24],"damage_taken":[{"damage":4,"enemies":"2 Louse","floor":1,"turns":4},{"damage":4,"enemies":"Jaw Worm","floor":2,"turns":4},{"damage":1,"enemies":"Cultist","floor":4,"turns":3},{"damage":16,"enemies":"3 Sentries","floor":7,"turns":12},{"damage":8,"enemies":"Replay:BlueRogue","floor":11,"turns":4},{"damage":11,"enemies":"Exordium Wildlife","floor":12,"turns":4},{"damage":0,"enemies":"Red Slaver","floor":13,"turns":3},{"damage":0,"enemies":"Gremlin Nob","floor":14,"turns":2},{"damage":18,"enemies":"Slime Boss","floor":16,"turns":7},{"damage":12,"enemies":"3 Byrds","floor":18,"turns":5},{"damage":23,"enemies":"Shell Parasite","floor":19,"turns":4},{"damage":23,"enemies":"Cultist and Chosen","floor":22,"turns":7},{"damage":34,"enemies":"Gremlin Leader","floor":24,"turns":3}],"seed_played":"7522103133715499345","potions_obtained":[{"floor":4,"key":"potionbrewer:MidasPotion"},{"floor":12,"key":"PowerPotion"},{"floor":13,"key":"Fire Potion"},{"floor":16,"key":"LiquidMemories"},{"floor":19,"key":"Milkshake"},{"floor":22,"key":"Ancient Potion"}],"is_trial":false,"path_per_floor":["M","M","?","M","?","R","E","R","T","R","E","M","M","E","R","B",null,"M","M","$","?","M","R","E"],"character_chosen":"POTIONBREWER","items_purchased":["Matryoshka","potionbrewer:ChemicalWeapons"],"campfire_rested":1,"item_purchase_floors":[20,20],"current_hp_per_floor":[64,60,70,69,69,69,53,53,53,53,45,34,34,34,34,16,63,51,28,28,28,5,28,0,0],"gold":22,"neow_bonus":"RANDOM_COLORLESS_2","is_daily":false,"chose_seed":false,"campfire_upgraded":3,"win_rate":0.0,"timestamp":1612379178,"path_taken":["M","M","?","M","?","R","E","R","T","R","E","?","?","E","R","BOSS","M","M","$","?","M","R","E"],"items_purchased_type":["Relic","Card"],"build_version":"2020-12-22","purchased_purges":0,"victory":false,"max_hp_per_floor":[68,68,78,78,78,78,78,78,78,78,78,78,78,78,78,78,78,78,78,78,78,78,78,78,78],"card_choices":[{"not_picked":["Panache","Master of Strategy"],"picked":"Sadistic Nature","floor":0},{"not_picked":["potionbrewer:Smack","potionbrewer:TestFormula"],"picked":"potionbrewer:Toxicity","floor":1},{"not_picked":["potionbrewer:ChainReaction","potionbrewer:Brandish"],"picked":"potionbrewer:ChokingPowder","floor":2},{"not_picked":["potionbrewer:ChemicalShroud","potionbrewer:FlashPowder","potionbrewer:ExplosiveReaction"],"picked":"SKIP","floor":4},{"not_picked":["potionbrewer:Spark","potionbrewer:Toxicity"],"picked":"potionbrewer:BalancedFormula","floor":7},{"not_picked":["potionbrewer:Refill","potionbrewer:LabAccident","potionbrewer:VolatileSolution"],"picked":"potionbrewer:Prototype","floor":11},{"not_picked":["potionbrewer:BalancedFormula","potionbrewer:ChemicalShroud"],"picked":"potionbrewer:HazardousMaterials","floor":12},{"not_picked":["potionbrewer:FlareUp","potionbrewer:Smokescreen"],"picked":"potionbrewer:ChainReaction","floor":13},{"not_picked":["potionbrewer:Spark","potionbrewer:BlindingSpray"],"picked":"potionbrewer:TheFinalStraw","floor":14},{"not_picked":["potionbrewer:SpecialFormula","potionbrewer:Hoarder"],"picked":"potionbrewer:BottomlessFlask","floor":16},{"not_picked":["potionbrewer:Discombobulate","potionbrewer:Contingency+1"],"picked":"potionbrewer:QuickStep+1","floor":18},{"not_picked":["potionbrewer:UnstableFormula","potionbrewer:Discombobulate"],"picked":"potionbrewer:Refill+1","floor":19},{"not_picked":["potionbrewer:TimeBomb","potionbrewer:Smack"],"picked":"potionbrewer:Discombobulate+1","floor":22}],"player_experience":894993,"relics_obtained":[{"floor":3,"key":"Pear"},{"floor":7,"key":"Omamori"},{"floor":9,"key":"Replay:Wax Seal"},{"floor":11,"key":"Peace Pipe"},{"floor":14,"key":"Replay:Mystery Machine"}],"event_choices":[{"damage_healed":0,"gold_gain":0,"player_choice":"Ignored","damage_taken":0,"max_hp_gain":0,"max_hp_loss":0,"event_name":"Golden Wing","floor":5,"gold_loss":0},{"damage_healed":0,"gold_gain":0,"player_choice":"Obtained Relic","damage_taken":0,"relics_obtained":["Oddly Smooth Stone"],"max_hp_gain":0,"max_hp_loss":0,"event_name":"Addict","floor":21,"gold_loss":85}],"is_beta":false,"boss_relics":[{"not_picked":["energizedSpire:StickyHand","Sozu"],"picked":"SlaversCollar"}],"items_purged_floors":[],"is_endless":false,"potions_floor_spawned":[4,12,13,16,19,22],"killed_by":"Gremlin Leader","ascension_level":6}}