{"host":"Alvar","time":1612346853,"event":{"mods":["AchievementEnabler","BaseMod","Minty Spire (QoL Compilation)","StSLib"],"gold_per_floor":[117,117,117,117,134,134,169,182,182,200,232,248,282,45,45,45,45],"floor_reached":16,"language":"ENG","playtime":377,"items_purged":["Strike_B"],"score":283,"play_id":"87f09844-2952-4c95-bd02-969f79b2a534","local_time":"20210203170733","is_ascension_mode":true,"campfire_choices":[{"data":"Cold Snap","floor":6.0,"key":"SMITH"},{"data":"Biased Cognition","floor":15,"key":"SMITH"}],"circlet_count":0,"master_deck":["AscendersBane","Strike_B","Strike_B","Defend_B","Defend_B","Defend_B","Defend_B","Zap","Dualcast","Compile Driver","Cold Snap+1","Cold Snap","Conserve Battery","Genetic Algorithm","Sweeping Beam","Lockon","Biased Cognition+1"],"relics":["Cracked Core","NeowsBlessing","TungstenRod","Pocketwatch","Darkstone Periapt","Tiny Chest","Cables"],"acts_visited":["Exordium"],"potions_floor_usage":[11,13],"damage_taken":[{"damage":0.0,"enemies":"Small Slimes","floor":1.0,"turns":1.0},{"damage":0.0,"enemies":"Jaw Worm","floor":5.0,"turns":1.0},{"damage":0.0,"enemies":"Gremlin Nob","floor":7.0,"turns":1.0},{"damage":0.0,"enemies":"Cultist","floor":8.0,"turns":2.0},{"damage":0.0,"enemies":"Blue Slaver","floor":10.0,"turns":4.0},{"damage":7,"enemies":"Lagavulin","floor":11,"turns":6},{"damage":4,"enemies":"3 Louse","floor":12,"turns":3},{"damage":8,"enemies":"Gremlin Nob","floor":13,"turns":3},{"damage":0,"enemies":"Hexaghost","floor":16,"turns":1}],"seed_played":"-7498852486611899271","potions_obtained":[{"floor":8.0,"key":"BlessingOfTheForge"},{"floor":12,"key":"SkillPotion"},{"floor":13,"key":"Block Potion"}],"is_trial":false,"path_per_floor":["M","?","?","?","M","R","E","M","T","M","E","M","E","$","R","B"],"character_chosen":"DEFECT","items_purchased":["Biased Cognition"],"campfire_rested":0,"item_purchase_floors":[14],"current_hp_per_floor":[64,64,53,53,53,53,53,53,53,53,46,42,34,34,34,34,34],"gold":45,"neow_bonus":"THREE_ENEMY_KILL","is_daily":false,"chose_seed":false,"campfire_upgraded":2,"win_rate":0.0,"timestamp":1612346853,"path_taken":["M","?","?","?","M","R","E","M","T","M","E","?","E","$","R","BOSS"],"items_purchased_type":["Card"],"build_version":"2020-12-18","purchased_purges":1,"victory":false,"max_hp_per_floor":[71,71,71,71,71,71,71,71,71,71,71,71,71,71,71,71,71],"card_choices":[{"not_picked":["Turbo","Chaos"],"picked":"Compile Driver","floor":1.0},{"not_picked":["Chaos","Sweeping Beam"],"picked":"Cold Snap","floor":5.0},{"not_picked":["Stack","Scrape"],"picked":"Cold Snap","floor":7.0},{"not_picked":["Redo","Compile Driver"],"picked":"Conserve Battery","floor":8.0},{"not_picked":["Streamline","Turbo"],"picked":"Genetic Algorithm","floor":10.0},{"not_picked":["Coolheaded","Streamline"],"picked":"Sweeping Beam","floor":11},{"not_picked":["Barrage","Beam Cell"],"picked":"Lockon","floor":12},{"not_picked":["Rebound","Reboot","Cold Snap"],"picked":"SKIP","floor":13}],"player_experience":798426,"relics_obtained":[{"floor":7.0,"key":"Pocketwatch"},{"floor":9.0,"key":"Darkstone Periapt"},{"floor":11,"key":"Tiny Chest"},{"floor":13,"key":"Cables"}],"event_choices":[{"damage_healed":0.0,"max_hp_gain":0.0,"max_hp_loss":0.0,"gold_gain":0.0,"event_name":"Liars Game","player_choice":"Ignored","floor":2.0,"gold_loss":0.0,"damage_taken":0.0},{"damage_healed":0.0,"max_hp_gain":0.0,"max_hp_loss":0.0,"gold_gain":0.0,"event_name":"Scrap Ooze","player_choice":"Success","floor":3.0,"gold_loss":0.0,"damage_taken":11.0,"relics_obtained":["TungstenRod"]},{"cards_removed":["Strike_B"],"damage_healed":0.0,"max_hp_gain":0.0,"max_hp_loss":0.0,"gold_gain":0.0,"event_name":"Purifier","player_choice":"Purged","floor":4.0,"gold_loss":0.0,"damage_taken":0.0}],"is_beta":true,"boss_relics":[],"items_purged_floors":[14],"is_endless":false,"potions_floor_spawned":[8,12,13],"killed_by":"Hexaghost","ascension_level":19}}