{"host":"3a1ypf1irl30q4k8","time":1612387662,"event":{"mods":["AchievementEnabler","BaseMod","Bestiary","Colored Map","Minty Spire (QoL Compilation)","Relic Stats","ojb\u0027s Info Mod"],"gold_per_floor":[115,115,140,110,129,129,154,169,169,182,182,182,182,205,205,328,328,343,363,363,363],"floor_reached":20,"language":"ENG","playtime":665,"items_purged":[],"score":202,"play_id":"d30a9f90-0fc9-499c-96e5-2ae93dfc69ff","local_time":"20210203212742","is_ascension_mode":true,"campfire_choices":[{"data":"Backstab","floor":6,"key":"SMITH"},{"data":"Bane","floor":11,"key":"SMITH"},{"data":"Dagger Spray","floor":13,"key":"SMITH"},{"data":"Bane","floor":15,"key":"SMITH"}],"circlet_count":0,"master_deck":["Strike_G","Strike_G","Strike_G","Strike_G","Strike_G","Defend_G","Defend_G","Defend_G","Defend_G","Defend_G","Survivor","Neutralize","Poisoned Stab","Backstab+1","Poisoned Stab","Bane+1","Dagger Spray+1","Poisoned Stab","Parasite","Bane+1","Wraith Form v2+1","Quick Slash+1","PiercingWail+1"],"relics":["Ring of the Snake","Golden Idol","Frozen Egg 2","SlaversCollar"],"acts_visited":["Exordium","TheCity"],"potions_floor_usage":[19,19,19],"damage_taken":[{"damage":1,"enemies":"Small Slimes","floor":1,"turns":4},{"damage":2,"enemies":"Jaw Worm","floor":3,"turns":5},{"damage":4,"enemies":"Cultist","floor":5,"turns":3},{"damage":6,"enemies":"2 Fungi Beasts","floor":7,"turns":3},{"damage":1,"enemies":"Looter","floor":8,"turns":3},{"damage":5,"enemies":"Large Slime","floor":10,"turns":3},{"damage":1,"enemies":"Red Slaver","floor":14,"turns":3},{"damage":17,"enemies":"Slime Boss","floor":16,"turns":7},{"damage":35,"enemies":"Shell Parasite","floor":18,"turns":5},{"damage":11,"enemies":"2 Thieves","floor":19,"turns":3},{"damage":31,"enemies":"Cultist and Chosen","floor":20,"turns":4}],"seed_played":"-6083303510160154632","potions_obtained":[{"floor":3,"key":"LiquidBronze"},{"floor":4,"key":"GhostInAJar"},{"floor":4,"key":"PowerPotion"},{"floor":7,"key":"BlessingOfTheForge"},{"floor":8,"key":"Fruit Juice"}],"is_trial":false,"path_per_floor":["M","?","M","?","M","R","M","M","T","M","R","?","R","M","R","B",null,"M","M","M"],"character_chosen":"THE_SILENT","items_purchased":[],"campfire_rested":0,"item_purchase_floors":[],"current_hp_per_floor":[76,71,69,69,65,65,59,58,58,53,53,70,70,69,69,52,71,36,30,0,0],"gold":363,"neow_bonus":"TEN_PERCENT_HP_BONUS","is_daily":false,"chose_seed":false,"campfire_upgraded":4,"win_rate":0.0,"timestamp":1612387662,"path_taken":["M","?","M","?","M","R","M","?","T","M","R","?","R","M","R","BOSS","M","M","M"],"items_purchased_type":[],"build_version":"2020-12-22","purchased_purges":0,"victory":false,"max_hp_per_floor":[77,71,71,71,71,71,71,71,71,71,71,71,71,71,71,71,71,71,76,76,76],"relic_stats":{"counters":[11,43],"Golden Idol":57,"obtain_stats":[{"SlaversCollar":17,"Golden Idol":2,"Frozen Egg 2":9,"Ring of the Snake":0},{"SlaversCollar":8,"Golden Idol":1,"Frozen Egg 2":5,"Ring of the Snake":0},{"SlaversCollar":31,"Golden Idol":4,"Frozen Egg 2":18,"Ring of the Snake":0}],"Ring of the Snake":[22]},"card_choices":[{"not_picked":["Underhanded Strike","Finisher"],"picked":"Poisoned Stab","floor":1},{"not_picked":["Dagger Throw","Noxious Fumes"],"picked":"Backstab","floor":3},{"not_picked":["Accuracy","Caltrops"],"picked":"Poisoned Stab","floor":5},{"not_picked":["Caltrops","Catalyst"],"picked":"Bane","floor":7},{"not_picked":["Deflect","Outmaneuver"],"picked":"Dagger Spray","floor":8},{"not_picked":["Accuracy+1","Acrobatics"],"picked":"Poisoned Stab","floor":10},{"not_picked":["Underhanded Strike","Cloak And Dagger"],"picked":"Bane","floor":14},{"not_picked":["Tools of the Trade+1","Storm of Steel"],"picked":"Wraith Form v2+1","floor":16},{"not_picked":["Underhanded Strike","Blade Dance+1"],"picked":"Quick Slash+1","floor":18},{"not_picked":["Backstab+1","Setup"],"picked":"PiercingWail+1","floor":19}],"player_experience":1307434,"relics_obtained":[{"floor":9,"key":"Frozen Egg 2"}],"event_choices":[{"damage_healed":0,"gold_gain":0,"player_choice":"Lose Max HP","damage_taken":0,"relics_obtained":["Golden Idol"],"max_hp_gain":0,"max_hp_loss":6,"event_name":"Golden Idol","floor":2,"gold_loss":0},{"damage_healed":0,"gold_gain":0,"player_choice":"Bought 2 Potions","damage_taken":0,"max_hp_gain":0,"max_hp_loss":0,"event_name":"The Woman in Blue","floor":4,"gold_loss":0},{"damage_healed":17,"gold_gain":0,"player_choice":"Healed and dodged fight","damage_taken":0,"max_hp_gain":0,"max_hp_loss":0,"event_name":"Mushrooms","floor":12,"gold_loss":0,"cards_obtained":["Parasite"]}],"is_beta":false,"boss_relics":[{"not_picked":["Black Star","Tiny House"],"picked":"SlaversCollar"}],"items_purged_floors":[],"is_endless":false,"potions_floor_spawned":[3,5,7,8],"killed_by":"Cultist and Chosen","ascension_level":4}}