{"host":"xltl1aroowo69o4n","time":1612315024,"event":{"mods":["BaseMod","Colored Map","Colored Powertips","Downfall","Minty Spire (QoL Compilation)","StSLib","The Cursed","The Hierophant","The Mystic"],"gold_per_floor":[117,192,192,28,28,63,63,81,81,91,122,122,139,155,155,255,255,242,257,18,18,29,29,39,52,52,52,52,52,68,84,84,183,183,198,46,60,9,24,24,24,51,51,71,90,90,90,108,108,108,108],"floor_reached":50,"language":"ENG","playtime":3229,"items_purged":["Pain"],"score":661,"play_id":"c2e24324-8084-4ae6-9115-068596a2d3ca","local_time":"20210202201704","is_ascension_mode":false,"campfire_choices":[{"data":"Indignation","floor":7,"key":"SMITH"},{"floor":12,"key":"REST"},{"floor":15,"key":"REST"},{"floor":23,"key":"REST"},{"floor":29,"key":"REST"},{"floor":32,"key":"REST"},{"floor":40,"key":"REST"},{"floor":47,"key":"REST"},{"floor":49,"key":"REST"}],"circlet_count":0,"master_deck":["Strike_P","Strike_P","Strike_P","Strike_P","Defend_P","Defend_P","Defend_P","Defend_P","Eruption","Vigilance","Prostrate","SashWhip","Dark Shackles","Indignation+1","Consecrate","JustLucky","Halt","FollowUp","EmptyBody","Devotion","SashWhip","Evaluate+1","WindmillStrike","EmptyMind+1","EmptyFist","Clumsy","Slimebound:CheckThePlaybook+1","downfall:Icky","LikeWater","BowlingBash+1","DevaForm","CurseOfTheBell","CutThroughFate+1","WheelKick+1","TalkToTheHand+1","SignatureMove+1","CrushJoints+1","downfall:Malfunctioning","Clumsy","SashWhip+1","Worship+1","Writhe","EmptyFist+1"],"relics":["PureWater","NeowsBlessing","downfall:ExtraCursedKey","Pen Nib","Omamori","Question Card","Kunai","VioletLotus","Meat on the Bone","Shuriken","Calling Bell","Boot","Molten Egg 2","Incense Burner","Shovel","Bottled Flame"],"acts_visited":["Exordium","TheCity","TheBeyond"],"potions_floor_usage":[16,16,25,33,39,42,42,50],"damage_taken":[{"damage":0,"enemies":"Cultist","floor":1,"turns":1},{"damage":0,"enemies":"Gremlin Nob","floor":6,"turns":1},{"damage":0,"enemies":"Small Slimes","floor":8,"turns":2},{"damage":1,"enemies":"Jaw Worm","floor":10,"turns":3},{"damage":21,"enemies":"3 Sentries","floor":11,"turns":8},{"damage":5,"enemies":"Looter","floor":13,"turns":4},{"damage":14,"enemies":"Red Slaver","floor":14,"turns":2},{"damage":84,"enemies":"Hexaghost","floor":16,"turns":15},{"damage":9,"enemies":"2 Thieves","floor":18,"turns":4},{"damage":24,"enemies":"Shell Parasite","floor":19,"turns":7},{"damage":24,"enemies":"Snake Plant","floor":22,"turns":5},{"damage":11,"enemies":"Shelled Parasite and Fungi","floor":24,"turns":7},{"damage":28,"enemies":"3 Cultists","floor":25,"turns":6},{"damage":12,"enemies":"Snecko","floor":30,"turns":6},{"damage":23,"enemies":"Centurion and Healer","floor":31,"turns":3},{"damage":41,"enemies":"Automaton","floor":33,"turns":9},{"damage":59,"enemies":"3 Shapes","floor":35,"turns":5},{"damage":4,"enemies":"Orb Walker","floor":37,"turns":4},{"damage":13,"enemies":"3 Darklings","floor":39,"turns":8},{"damage":6,"enemies":"Giant Head","floor":42,"turns":7},{"damage":2,"enemies":"Maw","floor":44,"turns":7},{"damage":23,"enemies":"Jaw Worm Horde","floor":45,"turns":4},{"damage":45,"enemies":"Spire Growth","floor":48,"turns":7},{"damage":65,"enemies":"Time Eater","floor":50,"turns":9}],"seed_played":"-6628119303617907601","potions_obtained":[{"floor":8,"key":"FairyPotion"},{"floor":10,"key":"Fire Potion"},{"floor":14,"key":"LiquidMemories"},{"floor":22,"key":"ColorlessPotion"},{"floor":31,"key":"BottledMiracle"},{"floor":35,"key":"Strength Potion"},{"floor":37,"key":"Energy Potion"},{"floor":39,"key":"bronze:BurnAndBuffPotion"}],"is_trial":false,"path_per_floor":["M","?","?","$","?","E","R","M","T","M","E","R","M","M","R","B",null,"M","M","$","$","M","R","M","M","T","?","?","R","M","M","R","B",null,"M","$","M","$","M","R","$","E","T","M","M","?","R","M","R","B"],"character_chosen":"WATCHER","items_purchased":["SashWhip","Dark Shackles","ClearTheMind","Meat on the Bone","WheelKick+1","BottledMiracle"],"campfire_rested":8,"item_purchase_floors":[4,4,4,20,36,38],"current_hp_per_floor":[72,61,61,61,61,61,61,61,61,60,39,60,55,41,62,3,72,63,39,39,39,27,48,37,21,21,21,21,42,42,31,52,23,72,25,25,33,33,32,53,53,47,47,45,34,52,72,39,60,0,0],"gold":108,"neow_bonus":"THREE_ENEMY_KILL","is_daily":false,"chose_seed":false,"campfire_upgraded":1,"win_rate":0.0,"timestamp":1612315024,"path_taken":["M","?","?","$","?","E","R","M","T","M","E","R","?","M","R","BOSS","M","M","?","$","M","R","M","M","T","?","?","R","?","M","R","BOSS","M","$","M","$","M","R","$","E","T","M","?","?","R","M","R","BOSS"],"items_purchased_type":["Card","Card","Card","Relic","Card","Potion"],"build_version":"2020-12-13","purchased_purges":1,"victory":false,"max_hp_per_floor":[72,72,72,72,72,72,72,72,72,72,72,72,72,72,72,72,72,72,72,72,72,72,72,72,72,72,72,72,72,72,72,72,72,72,72,72,72,72,72,72,72,72,72,72,72,72,72,72,72,72,72],"card_choices":[{"not_picked":["FlurryOfBlows","Meditate"],"picked":"Prostrate","floor":1},{"not_picked":["Halt","ThirdEye"],"picked":"Indignation","floor":6},{"not_picked":["Worship","ClearTheMind"],"picked":"Consecrate","floor":8},{"not_picked":["Prostrate","CrushJoints","Consecrate"],"picked":"JustLucky","floor":10},{"not_picked":["Fasting2","Consecrate","Omniscience"],"picked":"Halt","floor":11},{"not_picked":["Evaluate","Meditate","FlyingSleeves"],"picked":"FollowUp","floor":13},{"not_picked":["Prostrate","Indignation","Crescendo"],"picked":"EmptyBody","floor":14},{"not_picked":["Establishment","DeusExMachina","ConjureBlade"],"picked":"Devotion","floor":16},{"not_picked":["ClearTheMind","EmptyFist","EmptyBody"],"picked":"SashWhip","floor":18},{"not_picked":["FollowUp+1","Meditate","Prostrate+1"],"picked":"Evaluate+1","floor":19},{"not_picked":["FlurryOfBlows+1","JustLucky","Weave"],"picked":"WindmillStrike","floor":22},{"not_picked":["Collect+1","Conclude+1","FlurryOfBlows"],"picked":"EmptyMind+1","floor":24},{"not_picked":["Protect","Crescendo","JustLucky"],"picked":"EmptyFist","floor":25},{"not_picked":["CarveReality","Consecrate","FlyingSleeves"],"picked":"LikeWater","floor":30},{"not_picked":["WaveOfTheHand","Indignation","EmptyMind"],"picked":"BowlingBash+1","floor":31},{"not_picked":["Blasphemy","LessonLearned","Vault"],"picked":"DevaForm","floor":33},{"not_picked":["Consecrate+1","FollowUp+1","BowlingBash+1"],"picked":"CutThroughFate+1","floor":35},{"not_picked":["InnerPeace","MasterReality","Consecrate+1"],"picked":"TalkToTheHand+1","floor":37},{"not_picked":["PathToVictory+1","Halt+1","Crescendo"],"picked":"SignatureMove+1","floor":39},{"not_picked":["BowlingBash+1","Perseverance","MasterReality"],"picked":"CrushJoints+1","floor":42},{"not_picked":["BowlingBash+1","JustLucky+1","Halt+1"],"picked":"SashWhip+1","floor":44},{"not_picked":["Swivel","Prostrate","FearNoEvil+1"],"picked":"Worship+1","floor":45},{"not_picked":["Evaluate+1","SashWhip+1","CrushJoints+1"],"picked":"EmptyFist+1","floor":48}],"player_experience":108035,"relics_obtained":[{"floor":6,"key":"Omamori"},{"floor":9,"key":"Question Card"},{"floor":11,"key":"Kunai"},{"floor":26,"key":"Shuriken"},{"floor":34,"key":"Boot"},{"floor":34,"key":"Molten Egg 2"},{"floor":34,"key":"Incense Burner"},{"floor":42,"key":"Shovel"},{"floor":43,"key":"Bottled Flame"}],"event_choices":[{"damage_healed":0,"gold_gain":75,"player_choice":"Gather Gold","damage_taken":11,"max_hp_gain":0,"max_hp_loss":0,"event_name":"World of Goop","floor":2,"gold_loss":0},{"cards_removed":["ClearTheMind"],"damage_healed":0,"gold_gain":0,"player_choice":"Gave Card","damage_taken":0,"relics_obtained":["Pen Nib"],"max_hp_gain":0,"max_hp_loss":0,"event_name":"WeMeetAgain","floor":5,"gold_loss":0},{"damage_healed":0,"gold_gain":0,"player_choice":"Forge","damage_taken":0,"max_hp_gain":0,"max_hp_loss":0,"event_name":"Accursed Blacksmith","floor":28,"gold_loss":0,"cards_upgraded":["Slimebound:CheckThePlaybook"]},{"damage_healed":18,"gold_gain":0,"player_choice":"Writhe","damage_taken":0,"max_hp_gain":0,"max_hp_loss":0,"event_name":"Winding Halls","floor":46,"gold_loss":0,"cards_obtained":["Writhe"]}],"is_beta":false,"boss_relics":[{"not_picked":["Philosopher\u0027s Stone","bronze:MakeshiftBattery"],"picked":"VioletLotus"},{"not_picked":["Black Star","SacredBark"],"picked":"Calling Bell"}],"items_purged_floors":[36],"is_endless":false,"potions_floor_spawned":[8,10,14,22,31,35,37,39],"killed_by":"Time Eater","ascension_level":0}}