{"host":"ypzb5vvnu9f3ii1t","time":1612373455,"event":{"mods":["AchievementEnabler","BaseMod","Colored Map","DeckTracker","Keyboard Shortcuts","Minty Spire (QoL Compilation)","Permanent Neow","Quick Restart","SuperFastMode"],"gold_per_floor":[16,16,31,31,50,50,66,66,91,91,91,23,41,56,56,186,186,202,223,223,223,234,234,174,174,221,231,251,26,37,37,37,135,135,151,151,151,151],"floor_reached":37,"language":"KOR","playtime":1483,"items_purged":["Strike_G"],"score":508,"play_id":"c42b9942-338d-4e75-bf29-7efdf75790c5","local_time":"20210204023055","is_ascension_mode":true,"campfire_choices":[{"floor":6.0,"key":"REST"},{"data":"Envenom","floor":8.0,"key":"SMITH"},{"data":"Glass Knife","floor":10.0,"key":"SMITH"},{"data":"Crippling Poison","floor":15.0,"key":"SMITH"},{"data":"Backflip","floor":23.0,"key":"SMITH"},{"data":"Bouncing Flask","floor":25,"key":"SMITH"},{"floor":32,"key":"REST"}],"circlet_count":0,"master_deck":["Strike_G","Strike_G","Defend_G","Defend_G","Defend_G","Defend_G","Survivor","Neutralize","Envenom+1","Bane","Backflip+1","Glass Knife+1","Bouncing Flask+1","Poisoned Stab","Crippling Poison+1","PiercingWail","Venomology","CurseOfTheBell","Backflip+1","Die Die Die","PiercingWail","Deadly Poison","Backflip+1","Adrenaline"],"relics":["Ring of the Snake","Bloody Idol","Blood Vial","Bronze Scales","Calling Bell","Regal Pillow","White Beast Statue","FossilizedHelix","MutagenicStrength","Nunchaku","HandDrill","Runic Pyramid"],"acts_visited":["Exordium","TheCity","TheBeyond"],"potions_floor_usage":[27,27,27,27,28,30,33,33,35,36,36,37],"damage_taken":[{"damage":5.0,"enemies":"Jaw Worm","floor":1.0,"turns":6.0},{"damage":4.0,"enemies":"Small Slimes","floor":3.0,"turns":4.0},{"damage":0.0,"enemies":"Cultist","floor":5.0,"turns":3.0},{"damage":3.0,"enemies":"3 Louse","floor":7.0,"turns":5.0},{"damage":4.0,"enemies":"Large Slime","floor":13.0,"turns":5.0},{"damage":0.0,"enemies":"Looter","floor":14.0,"turns":2.0},{"damage":12.0,"enemies":"Hexaghost","floor":16.0,"turns":5.0},{"damage":16.0,"enemies":"Spheric Guardian","floor":18.0,"turns":5.0},{"damage":7.0,"enemies":"Shell Parasite","floor":19.0,"turns":5.0},{"damage":0.0,"enemies":"Chosen and Byrds","floor":22.0,"turns":4.0},{"damage":16,"enemies":"Centurion and Healer","floor":27,"turns":5},{"damage":4,"enemies":"Snake Plant","floor":28,"turns":4},{"damage":0,"enemies":"3 Cultists","floor":30,"turns":4},{"damage":16,"enemies":"Automaton","floor":33,"turns":10},{"damage":27,"enemies":"3 Darklings","floor":35,"turns":5},{"damage":0,"enemies":"3 Shapes","floor":36,"turns":1},{"damage":29,"enemies":"Spire Growth","floor":37,"turns":4}],"seed_played":"8839298084849836987","potions_obtained":[{"floor":3.0,"key":"LiquidMemories"},{"floor":5.0,"key":"EntropicBrew"},{"floor":7.0,"key":"AttackPotion"},{"floor":13.0,"key":"PowerPotion"},{"floor":18.0,"key":"GamblersBrew"},{"floor":22.0,"key":"SteroidPotion"},{"floor":27,"key":"ColorlessPotion"},{"floor":33,"key":"Block Potion"},{"floor":35,"key":"DuplicationPotion"}],"is_trial":false,"path_per_floor":["M","?","M","?","M","R","M","R","T","R","?","$","M","M","R","B",null,"M","M","?","?","M","R","?","R","T","M","M","$","M","?","R","B",null,"M","M","M"],"character_chosen":"THE_SILENT","items_purchased":["Crippling Poison","HandDrill"],"campfire_rested":2,"item_purchase_floors":[12,29],"current_hp_per_floor":[58,41,37,37,37,58,55,55,55,55,55,55,53,55,55,45,64,50,45,45,45,52,52,52,52,57,48,51,51,58,58,70,59,67,47,49,22,22],"gold":151,"neow_bonus":"THREE_RARE_CARDS","is_daily":false,"chose_seed":false,"campfire_upgraded":5,"win_rate":0.0,"timestamp":1612373455,"path_taken":["M","?","M","?","M","R","M","R","T","R","?","$","M","M","R","BOSS","M","?","?","?","M","R","?","R","T","M","M","$","?","?","R","BOSS","M","?","M"],"items_purchased_type":["Card","Relic"],"build_version":"2020-12-22","purchased_purges":1,"victory":false,"max_hp_per_floor":[70,70,70,70,70,70,70,70,70,70,70,70,70,70,70,70,70,70,70,70,70,70,70,70,70,70,70,70,70,70,70,70,70,70,70,70,70,70],"card_choices":[{"not_picked":["Tools of the Trade","Doppelganger"],"picked":"Envenom","floor":0.0},{"not_picked":["Cloak And Dagger","Caltrops"],"picked":"Bane","floor":1.0},{"not_picked":["Sucker Punch","Eviscerate"],"picked":"Backflip","floor":3.0},{"not_picked":["Quick Slash","Escape Plan"],"picked":"Bouncing Flask","floor":5.0},{"not_picked":["Dagger Throw","Dash"],"picked":"Poisoned Stab","floor":7.0},{"not_picked":["All Out Attack","Bane"],"picked":"PiercingWail","floor":13.0},{"not_picked":["Dash","Cloak And Dagger","Prepared"],"picked":"SKIP","floor":14.0},{"not_picked":["Tools of the Trade","Night Terror"],"picked":"Venomology","floor":16.0},{"not_picked":["Acrobatics","Terror","Blade Dance"],"picked":"SKIP","floor":18.0},{"not_picked":["Flying Knee","Quick Slash"],"picked":"Backflip+1","floor":19.0},{"not_picked":["Infinite Blades","Prepared","Flechettes"],"picked":"SKIP","floor":22.0},{"not_picked":["Outmaneuver","Calculated Gamble","Sucker Punch"],"picked":"SKIP","floor":27},{"not_picked":["Accuracy","Infinite Blades"],"picked":"Deadly Poison","floor":28},{"not_picked":["Slice","Bane"],"picked":"Backflip","floor":30},{"not_picked":["Venomology","Unload"],"picked":"Adrenaline","floor":33},{"not_picked":["Dagger Throw+1","Masterful Stab","Backflip"],"picked":"SKIP","floor":35}],"player_experience":170761,"relics_obtained":[{"floor":9.0,"key":"Blood Vial"},{"floor":11.0,"key":"Bronze Scales"},{"floor":17.0,"key":"Regal Pillow"},{"floor":17.0,"key":"White Beast Statue"},{"floor":17.0,"key":"FossilizedHelix"},{"floor":26,"key":"Nunchaku"}],"event_choices":[{"damage_healed":0.0,"max_hp_gain":0.0,"max_hp_loss":0.0,"gold_gain":0.0,"event_name":"Golden Idol","player_choice":"Take Damage","floor":2.0,"gold_loss":0.0,"damage_taken":17.0,"relics_obtained":["Golden Idol"]},{"damage_healed":0.0,"max_hp_gain":0.0,"max_hp_loss":0.0,"gold_gain":0.0,"cards_transformed":["Strike_G"],"event_name":"Living Wall","player_choice":"Change","floor":4.0,"gold_loss":0.0,"damage_taken":0.0,"cards_obtained":["Glass Knife"]},{"damage_healed":0.0,"max_hp_gain":0.0,"max_hp_loss":0.0,"gold_gain":0.0,"event_name":"Wheel of Change","player_choice":"Relic","floor":11.0,"gold_loss":0.0,"damage_taken":0.0},{"damage_healed":0.0,"max_hp_gain":0.0,"max_hp_loss":0.0,"gold_gain":0.0,"event_name":"Drug Dealer","player_choice":"Inject Mutagens","floor":20.0,"gold_loss":0.0,"damage_taken":0.0,"relics_obtained":["MutagenicStrength"]},{"damage_healed":0.0,"max_hp_gain":0.0,"max_hp_loss":0.0,"gold_gain":0.0,"event_name":"Forgotten Altar","player_choice":"Gave Idol","floor":21.0,"relics_lost":["Golden Idol"],"gold_loss":0.0,"damage_taken":0.0,"relics_obtained":["Bloody Idol"]},{"damage_healed":0,"gold_gain":0,"cards_transformed":["Strike_G","Defend_G"],"player_choice":"Transformed Cards","damage_taken":0,"max_hp_gain":0,"max_hp_loss":0,"event_name":"Designer","floor":24,"gold_loss":60,"cards_obtained":["Die Die Die","PiercingWail"]},{"damage_healed":0,"gold_gain":0,"player_choice":"Forge","damage_taken":0,"max_hp_gain":0,"max_hp_loss":0,"event_name":"Accursed Blacksmith","floor":31,"gold_loss":0,"cards_upgraded":["Backflip"]}],"is_beta":false,"boss_relics":[{"not_picked":["Coffee Dripper","Fusion Hammer"],"picked":"Calling Bell"},{"not_picked":["HoveringKite","Snecko Eye"],"picked":"Runic Pyramid"}],"items_purged_floors":[29],"is_endless":false,"potions_floor_spawned":[3,5,7,13,18,19,22,27,28,30,33,35,36],"killed_by":"Spire Growth","ascension_level":8}}