{"host":"yfdtuf6ojcxn06xg","time":1612313715,"event":{"mods":["2.2 Compatiblity","AchievementEnabler","BaseMod","Colored Map","Colored Powertips","Curses Come First","Hermit","JesterMod","Jorbs\u0027s Wanderer Trilogy","Minty Spire (QoL Compilation)","Quick Restart","Rare Cards Sparkle","Relic Stats","Replay The Spire","StSLib","The Cursed","The Disciple","The Hierophant","The Jungle","The Marked","The Necromancer","The Servant 0.9.4"],"gold_per_floor":[115,115,135,135,135,135,169,169,169,169,213,213,236,236,236,366,366,385,385,404,424,60,60,91,111,111,145,45,45,61,61,61,192,192,213,546,563,563,578,578,608,630,642,669,167,167,167,217,217,217],"floor_reached":51,"language":"ENG","playtime":2396,"items_purged":["Strike_G","Defend_G","Defend_G"],"score":812,"play_id":"cdc9f86e-1bf4-4539-aaa5-a0e3dd8bd034","local_time":"20210202195515","is_ascension_mode":true,"campfire_choices":[{"data":"A Thousand Cuts","floor":6,"key":"SMITH"},{"floor":10,"key":"REST"},{"floor":12,"key":"REST"},{"data":"Blade Dance","floor":15,"key":"SMITH"},{"floor":23,"key":"REST"},{"floor":32,"key":"REST"},{"data":"After Image","floor":40,"key":"SMITH"},{"floor":49,"key":"REST"}],"circlet_count":0,"master_deck":["Strike_G","Strike_G","Defend_G","Defend_G","Defend_G","Neutralize","A Thousand Cuts+1","Deflect","Slice","Slice","Blade Dance+1","Hidden Blade","m_Survivalism","Phantasmal Killer","Deflect","ReplayTheSpireMod:Scrap Shanks","Slice+1","Venomology","After Image+1","Blade Dance","Accuracy+1","Blade Dance","Writhe"],"relics":["Ring of the Snake","Kunai","ReplayTheSpireMod:TigerMarble","Du-Vu Doll","Painkiller Herb","Nloth\u0027s Gift","HornCleat","Art of War","Pantograph","White Beast Statue","ChewingGum","MawBank","Tingsha","Potion Belt","BargainBundle","Regal Pillow","Prayer Wheel"],"acts_visited":["Exordium","TheCity","TheBeyond"],"potions_floor_usage":[11,27,30,31,33,35,37,39,41,41,41,41,41,41,42,44,48,48,48,48,50,50,50],"damage_taken":[{"damage":4,"enemies":"Small Slimes","floor":1,"turns":3},{"damage":0,"enemies":"Jaw Worm","floor":3,"turns":4},{"damage":34,"enemies":"Gremlin Nob","floor":7,"turns":6},{"damage":0,"enemies":"Lagavulin","floor":11,"turns":6},{"damage":0,"enemies":"2 Louse","floor":13,"turns":1},{"damage":18,"enemies":"Hexaghost","floor":16,"turns":9},{"damage":5,"enemies":"2 Thieves","floor":18,"turns":3},{"damage":0,"enemies":"Spheric Guardian","floor":20,"turns":3},{"damage":14,"enemies":"Snake Plant","floor":21,"turns":5},{"damage":4,"enemies":"Gremlin Leader","floor":24,"turns":7},{"damage":9,"enemies":"Chosen and Byrds","floor":25,"turns":6},{"damage":9,"enemies":"Slavers","floor":27,"turns":4},{"damage":0,"enemies":"Shelled Parasite and Fungi","floor":30,"turns":5},{"damage":2,"enemies":"Cultist and Chosen","floor":31,"turns":6},{"damage":29,"enemies":"Automaton","floor":33,"turns":9},{"damage":4,"enemies":"3 Darklings","floor":35,"turns":4},{"damage":2,"enemies":"Orb Walker","floor":37,"turns":3},{"damage":15,"enemies":"4 Shapes","floor":39,"turns":4},{"damage":12,"enemies":"Giant Head","floor":41,"turns":10},{"damage":3,"enemies":"3 Darklings","floor":42,"turns":2},{"damage":30,"enemies":"Transient","floor":44,"turns":5},{"damage":2,"enemies":"2 Orb Walkers","floor":48,"turns":3},{"damage":18,"enemies":"Replay:Hell Engine","floor":50,"turns":8}],"seed_played":"4108283863613464920","potions_obtained":[{"floor":7,"key":"Weak Potion"},{"floor":18,"key":"Dexterity Potion"},{"floor":27,"key":"DistilledChaos"},{"floor":29,"key":"DuplicationPotion"},{"floor":29,"key":"EssenceOfSteel"},{"floor":29,"key":"Cursed Concoction"},{"floor":30,"key":"SmokeBomb"},{"floor":33,"key":"Weak Potion"},{"floor":35,"key":"CunningPotion"},{"floor":37,"key":"Poison Potion"},{"floor":39,"key":"Dexterity Potion"},{"floor":41,"key":"FairyPotion"},{"floor":42,"key":"SteroidPotion"},{"floor":44,"key":"Poison Potion"},{"floor":48,"key":"PowerPotion"}],"is_trial":false,"path_per_floor":["M","?","M","?","?","R","E","?","T","R","E","R","M","?","R","B",null,"?","?","?","?","T","T","E","?","T","E","T","?","?","?","T","B",null,"?","?","?","?","?","T","E","?","T","?","T","?","?","?","T","B",null],"character_chosen":"THE_SILENT","items_purchased":["ReplayTheSpireMod:Scrap Shanks","HornCleat","Potion Belt","BargainBundle","Regal Pillow","ColorlessPotion","Weak Potion"],"campfire_rested":5,"item_purchase_floors":[22,22,45,45,45,45,45],"current_hp_per_floor":[59,47,47,47,47,47,13,13,13,32,32,51,51,51,51,33,57,52,52,52,38,38,57,53,44,44,35,35,35,35,33,52,36,58,54,54,52,52,37,37,25,22,22,19,19,19,35,33,65,47],"gold":217,"neow_bonus":"ONE_RANDOM_RARE_CARD","is_daily":false,"chose_seed":false,"campfire_upgraded":3,"win_rate":0.0,"timestamp":1612313715,"path_taken":["M","?","M","?","?","R","E","?","T","R","E","R","?","?","R","BOSS","?","?","?","?","T","T","E","?","T","E","T","?","?","?","T","BOSS","?","?","?","?","?","T","E","?","T","?","T","?","?","?","T","BOSS"],"items_purchased_type":["Card","Relic","Relic","Relic","Relic","Potion","Potion"],"build_version":"2020-12-22","purchased_purges":3,"victory":true,"max_hp_per_floor":[70,70,70,70,65,65,65,65,65,65,65,65,65,65,65,65,65,65,65,65,65,65,65,65,65,65,65,65,65,65,65,65,65,65,65,65,65,65,65,65,65,65,65,65,65,65,65,65,65,65],"relic_stats":{"Regal Pillow":13,"counters":[23,116],"Pantograph":13,"Tingsha":[18],"Prayer Wheel":0,"Nloth\u0027s Gift":3,"Art of War":[2],"Kunai":[93],"MawBank":48,"obtain_stats":[{"Potion Belt":45,"BargainBundle":45,"Regal Pillow":45,"Golden Idol":5,"Painkiller Herb":17,"Tingsha":43,"MawBank":41,"White Beast Statue":27,"Peace Pipe":7,"Du-Vu Doll":11,"HornCleat":22,"Pantograph":26,"ChewingGum":34,"Prayer Wheel":48,"ReplayTheSpireMod:TigerMarble":9,"Nloth\u0027s Gift":19,"Art of War":24,"Kunai":2,"Ring of the Snake":0},{"Potion Belt":21,"BargainBundle":21,"Regal Pillow":21,"Golden Idol":2,"Painkiller Herb":6,"Tingsha":20,"MawBank":19,"White Beast Statue":12,"Peace Pipe":3,"Du-Vu Doll":4,"HornCleat":9,"Pantograph":11,"ChewingGum":15,"Prayer Wheel":22,"ReplayTheSpireMod:TigerMarble":3,"Nloth\u0027s Gift":7,"Art of War":10,"Kunai":1,"Ring of the Snake":0},{"Potion Belt":105,"BargainBundle":105,"Regal Pillow":105,"Golden Idol":7,"Painkiller Herb":29,"Tingsha":100,"MawBank":98,"White Beast Statue":57,"Peace Pipe":13,"Du-Vu Doll":19,"HornCleat":40,"Pantograph":53,"ChewingGum":77,"Prayer Wheel":108,"ReplayTheSpireMod:TigerMarble":13,"Nloth\u0027s Gift":32,"Art of War":47,"Kunai":3,"Ring of the Snake":0}],"Ring of the Snake":[46]},"card_choices":[{"not_picked":["Acrobatics","Dash"],"picked":"Deflect","floor":1},{"not_picked":["Dodge and Roll","Flying Knee"],"picked":"Slice","floor":3},{"not_picked":["ReplayTheSpireMod:Necrosis","Underhanded Strike"],"picked":"Slice","floor":7},{"not_picked":["Endless Agony","Sucker Punch"],"picked":"Blade Dance","floor":11},{"not_picked":["Dagger Throw","Acrobatics"],"picked":"Hidden Blade","floor":13},{"not_picked":["ReplayTheSpireMod:Necrosis","Adrenaline"],"picked":"Phantasmal Killer","floor":16},{"not_picked":["Outmaneuver","ReplayTheSpireMod:Speed Training","Underhanded Strike"],"picked":"SKIP","floor":18},{"not_picked":["Outmaneuver","Backflip"],"picked":"Deflect","floor":20},{"not_picked":["Night Terror","Choke","Deadly Poison"],"picked":"SKIP","floor":21},{"not_picked":["Dash","Bouncing Flask+1","ReplayTheSpireMod:The Works"],"picked":"SKIP","floor":24},{"not_picked":["Acrobatics+1","Dodge and Roll","Backflip+1"],"picked":"SKIP","floor":25},{"not_picked":["ReplayTheSpireMod:Exploit Weakness","Choke","Sneak Up"],"picked":"SKIP","floor":27},{"not_picked":["Dagger Spray","Setup"],"picked":"Slice+1","floor":30},{"not_picked":["Grand Finale","Burst"],"picked":"Venomology","floor":33},{"not_picked":["Deadly Poison","ReplayTheSpireMod:Exploit Weakness","Underhanded Strike"],"picked":"SKIP","floor":35},{"not_picked":["Slice+1","Night Terror"],"picked":"After Image","floor":37},{"not_picked":["Escape Plan","Doppelganger"],"picked":"Blade Dance","floor":39},{"not_picked":["Deadly Poison+1","Adrenaline"],"picked":"Accuracy+1","floor":41},{"not_picked":["Leg Sweep+1","Outmaneuver","Sucker Punch"],"picked":"SKIP","floor":42},{"not_picked":["ReplayTheSpireMod:Speed Training+1","Tactician"],"picked":"Blade Dance","floor":44}],"player_experience":245576,"relics_obtained":[{"floor":7,"key":"Peace Pipe"},{"floor":9,"key":"ReplayTheSpireMod:TigerMarble"},{"floor":11,"key":"Du-Vu Doll"},{"floor":24,"key":"Art of War"},{"floor":26,"key":"Pantograph"},{"floor":27,"key":"White Beast Statue"},{"floor":41,"key":"MawBank"},{"floor":43,"key":"Tingsha"},{"floor":48,"key":"Prayer Wheel"}],"event_choices":[{"damage_healed":0,"gold_gain":0,"player_choice":"Success","damage_taken":12,"relics_obtained":["Kunai"],"max_hp_gain":0,"max_hp_loss":0,"event_name":"Scrap Ooze","floor":2,"gold_loss":0},{"damage_healed":0,"gold_gain":0,"player_choice":"Lose Max HP","damage_taken":0,"relics_obtained":["Golden Idol"],"max_hp_gain":0,"max_hp_loss":5,"event_name":"Golden Idol","floor":5,"gold_loss":0},{"cards_removed":["Strike_G"],"damage_healed":0,"gold_gain":0,"player_choice":"Purged","damage_taken":0,"max_hp_gain":0,"max_hp_loss":0,"event_name":"Purifier","floor":8,"gold_loss":0},{"damage_healed":0,"gold_gain":0,"player_choice":"Traded Relic","damage_taken":0,"relics_obtained":["Nloth\u0027s Gift"],"max_hp_gain":0,"max_hp_loss":0,"event_name":"N\u0027loth","floor":19,"relics_lost":["Peace Pipe"],"gold_loss":0},{"damage_healed":0,"gold_gain":0,"player_choice":"Got Potions","damage_taken":0,"max_hp_gain":0,"max_hp_loss":0,"event_name":"Lab","floor":29,"gold_loss":0},{"damage_healed":0,"gold_gain":333,"player_choice":"Gave Idol","damage_taken":0,"max_hp_gain":0,"max_hp_loss":0,"event_name":"The Moai Head","floor":36,"relics_lost":["Golden Idol"],"gold_loss":0},{"damage_healed":0,"gold_gain":0,"player_choice":"Ignored","damage_taken":0,"max_hp_gain":0,"max_hp_loss":0,"event_name":"SecretPortal","floor":38,"gold_loss":0},{"damage_healed":16,"gold_gain":0,"player_choice":"Writhe","damage_taken":0,"max_hp_gain":0,"max_hp_loss":0,"event_name":"Winding Halls","floor":47,"gold_loss":0,"cards_obtained":["Writhe"]},{"damage_healed":0,"gold_gain":0,"player_choice":"Fight","damage_taken":0,"max_hp_gain":0,"max_hp_loss":0,"event_name":"Mysterious Sphere","floor":48,"gold_loss":0}],"is_beta":false,"boss_relics":[{"not_picked":["Abe\u0027s Treasure","Runic Dome"],"picked":"Painkiller Herb"},{"not_picked":["Calling Bell","Astrolabe"],"picked":"ChewingGum"}],"items_purged_floors":[22,28,45],"is_endless":false,"potions_floor_spawned":[7,18,27,30,31,33,35,37,39,41,42,44,48],"ascension_level":6}}