{"host":"6bsan6hkua32tfq7","time":1612312315,"event":{"mods":["BaseMod","Better Third Choice","Colored Map","Highlight Path","Minty Spire (QoL Compilation)","StSLib"],"gold_per_floor":[115,130,150,75,90,117,117,62,136,136,147,161,161,179,179,257,257,272,141,141,158,208,243,243,256,307,142,142,154,168,168,168],"floor_reached":31,"language":"ENG","playtime":3846,"items_purged":["Strike_P"],"score":568,"play_id":"b1d868b6-5aba-48de-8bbb-8c887657a7bf","local_time":"20210203013155","is_ascension_mode":true,"campfire_choices":[{"data":"Adaptation","floor":7.0,"key":"SMITH"},{"data":"Conclude","floor":10.0,"key":"SMITH"},{"data":"Vault","floor":13.0,"key":"SMITH"},{"data":"FlurryOfBlows","floor":15.0,"key":"SMITH"},{"floor":24,"key":"REST"},{"data":"DeusExMachina","floor":28,"key":"SMITH"}],"circlet_count":0,"master_deck":["AscendersBane","Eruption+1","Vigilance","FlurryOfBlows+1","WheelKick","Conclude+1","Adaptation+1","JustLucky","Vault+1","Consecrate","BowlingBash","DeusExMachina+1","Prostrate","Conclude+1","ForeignInfluence+1","Prostrate","JustLucky","Prostrate+1","Halt","LikeWater","Consecrate"],"relics":["HolyWater","Unceasing Top","betterThird:SlimedRelic","Matryoshka","Happy Flower","Omamori","Blood Vial","Orrery"],"acts_visited":["Exordium","TheCity"],"potions_floor_usage":[23,29,31],"damage_taken":[{"damage":0.0,"enemies":"Cultist","floor":1.0,"turns":2.0},{"damage":0.0,"enemies":"Jaw Worm","floor":2.0,"turns":3.0},{"damage":0.0,"enemies":"2 Louse","floor":3.0,"turns":2.0},{"damage":0.0,"enemies":"Looter","floor":5.0,"turns":2.0},{"damage":0.0,"enemies":"Lagavulin","floor":6.0,"turns":4.0},{"damage":0.0,"enemies":"2 Fungi Beasts","floor":11.0,"turns":1.0},{"damage":0.0,"enemies":"Gremlin Gang","floor":12.0,"turns":2.0},{"damage":5.0,"enemies":"3 Louse","floor":14.0,"turns":3.0},{"damage":40.0,"enemies":"The Guardian","floor":16.0,"turns":9.0},{"damage":0.0,"enemies":"Chosen","floor":18.0,"turns":3.0},{"damage":11,"enemies":"Shell Parasite","floor":21,"turns":3},{"damage":10,"enemies":"Slavers","floor":23,"turns":4},{"damage":14,"enemies":"Centurion and Healer","floor":25,"turns":2},{"damage":29,"enemies":"Snake Plant","floor":29,"turns":5},{"damage":0,"enemies":"Chosen and Byrds","floor":30,"turns":2},{"damage":55,"enemies":"Shelled Parasite and Fungi","floor":31,"turns":1}],"seed_played":"8862177931971097682","potions_obtained":[{"floor":2.0,"key":"StancePotion"},{"floor":11.0,"key":"Block Potion"},{"floor":23,"key":"BlessingOfTheForge"},{"floor":25,"key":"Weak Potion"},{"floor":29,"key":"Explosive Potion"}],"is_trial":false,"path_per_floor":["M","M","M","?","M","E","R","?","T","R","M","M","R","M","R","B",null,"M","$","?","M","?","E","R","M","T","$","R","M","M","M"],"character_chosen":"WATCHER","items_purchased":["Prostrate","Orrery"],"campfire_rested":1,"item_purchase_floors":[19,27],"current_hp_per_floor":[61,61,61,61,61,61,61,50,50,50,50,50,50,45,45,5,52,52,52,52,41,41,31,51,37,37,37,37,10,12,0,0],"gold":168,"neow_bonus":"UPGRADE_CARD","is_daily":false,"chose_seed":false,"campfire_upgraded":5,"win_rate":0.0,"timestamp":1612312315,"path_taken":["M","?","M","?","M","E","R","?","T","R","M","M","R","M","R","BOSS","M","$","?","M","?","E","R","M","T","$","R","M","M","M"],"items_purchased_type":["Card","Relic"],"build_version":"2020-12-22","purchased_purges":1,"victory":false,"max_hp_per_floor":[68,68,68,68,68,68,68,68,68,68,68,68,68,68,68,68,68,68,68,68,68,68,68,68,68,68,68,68,68,68,68,68],"card_choices":[{"not_picked":["Protect","Prostrate"],"picked":"FlurryOfBlows","floor":1.0},{"not_picked":["Collect","Crescendo"],"picked":"WheelKick","floor":2.0},{"not_picked":["Crescendo","EmptyFist"],"picked":"Conclude","floor":3.0},{"not_picked":["Prostrate","Vengeance"],"picked":"Adaptation","floor":5.0},{"not_picked":["BowlingBash","CrushJoints"],"picked":"JustLucky","floor":6.0},{"not_picked":["Vengeance","CrushJoints"],"picked":"Vault","floor":11.0},{"not_picked":["JustLucky","BowlingBash"],"picked":"Consecrate","floor":12.0},{"not_picked":["FollowUp","CutThroughFate"],"picked":"BowlingBash","floor":14.0},{"not_picked":["Judgement","Wish"],"picked":"DeusExMachina","floor":16.0},{"not_picked":["Perseverance","EmptyBody+1","Protect"],"picked":"SKIP","floor":18.0},{"not_picked":["Crescendo","Vengeance"],"picked":"Conclude+1","floor":21},{"not_picked":["Evaluate","EmptyMind","Conclude"],"picked":"SKIP","floor":23},{"not_picked":["CutThroughFate","EmptyFist"],"picked":"ForeignInfluence+1","floor":25},{"not_picked":["DeceiveReality+1","ReachHeaven"],"picked":"Prostrate","floor":27},{"not_picked":["Collect","Indignation+1"],"picked":"JustLucky","floor":27},{"not_picked":["Judgement","JustLucky"],"picked":"Prostrate+1","floor":27},{"not_picked":["SandsOfTime","Protect+1"],"picked":"Halt","floor":27},{"not_picked":["BowlingBash","Protect"],"picked":"LikeWater","floor":29},{"not_picked":["Evaluate+1","FlyingSleeves"],"picked":"Consecrate","floor":30}],"player_experience":5396770,"relics_obtained":[{"floor":6.0,"key":"Unceasing Top"},{"floor":9.0,"key":"Matryoshka"},{"floor":23,"key":"Happy Flower"},{"floor":26,"key":"Omamori"},{"floor":26,"key":"Blood Vial"}],"event_choices":[{"cards_removed":["Defend_P"],"damage_healed":0.0,"max_hp_gain":0.0,"max_hp_loss":0.0,"gold_gain":0.0,"event_name":"The Cleric","player_choice":"Card Removal","floor":4.0,"gold_loss":75.0,"damage_taken":0.0},{"damage_healed":0.0,"max_hp_gain":0.0,"max_hp_loss":0.0,"gold_gain":0.0,"event_name":"betterThird:BetterGoop","player_choice":"Slimed","floor":8.0,"gold_loss":55.0,"damage_taken":11.0},{"damage_healed":0,"gold_gain":0,"player_choice":"Materialism","damage_taken":0,"max_hp_gain":0,"max_hp_loss":6,"event_name":"betterThird:BetterWriting","floor":20,"gold_loss":0},{"damage_healed":0,"gold_gain":50,"player_choice":"Pray","damage_taken":0,"max_hp_gain":0,"max_hp_loss":0,"event_name":"Golden Shrine","floor":22,"gold_loss":0}],"is_beta":false,"boss_relics":[{"not_picked":["Runic Pyramid","Runic Dome"],"picked":"HolyWater"}],"items_purged_floors":[19],"is_endless":false,"potions_floor_spawned":[2,11,14,16,23,25,29],"killed_by":"Shelled Parasite and Fungi","ascension_level":20}}