{"host":"l029r2dqxfiqiq5i","time":1612362728,"event":{"mods":["Act Like it!","Arknights","BaseMod","Minty Spire (QoL Compilation)","StSLib","óô»ðÖ¸ÄÏ"],"gold_per_floor":[114,132,146,146,166,166,166],"floor_reached":6,"language":"ZHS","playtime":761,"items_purged":[],"score":38,"play_id":"b5206169-16c1-4162-89b0-a48824d3c248","local_time":"20210203223208","is_ascension_mode":false,"campfire_choices":[],"circlet_count":0,"master_deck":["ats:Strike C","ats:Strike G","ats:Strike S","ats:Strike V","ats:Armor Crushing Shot","ats:Defend","ats:Defend","ats:Defend","ats:Defend","ats:Emotion Absorption","ats:Directed Diagnosis","ats:Poison Spread"],"relics":["ats:Sanity","Golden Idol"],"acts_visited":["Exordium"],"potions_floor_usage":[6,6],"damage_taken":[{"damage":12,"enemies":"Cultist","floor":1,"turns":5},{"damage":10,"enemies":"Jaw Worm","floor":2,"turns":6},{"damage":5,"enemies":"Small Slimes","floor":3,"turns":5},{"damage":10,"enemies":"3 Louse","floor":5,"turns":8},{"damage":73,"enemies":"3 Sentries","floor":6,"turns":11}],"seed_played":"-511478275126989595","potions_obtained":[{"floor":2,"key":"ColorlessPotion"},{"floor":3,"key":"GamblersBrew"}],"is_trial":false,"path_per_floor":["M","M","M","?","M","E"],"character_chosen":"DOCTOR_CLASS","items_purchased":[],"campfire_rested":0,"item_purchase_floors":[],"current_hp_per_floor":[67,67,72,53,58,5,5],"gold":166,"neow_bonus":"TEN_PERCENT_HP_BONUS","is_daily":false,"chose_seed":false,"campfire_upgraded":0,"win_rate":0.0,"timestamp":1612362728,"path_taken":["M","M","M","?","M","E"],"items_purchased_type":[],"build_version":"2020-12-22","purchased_purges":0,"victory":false,"max_hp_per_floor":[79,79,79,79,79,79,79],"card_choices":[{"not_picked":["ats:Consecutive Shot Auto","ats:Burning Ground"],"picked":"ats:Directed Diagnosis","floor":1},{"not_picked":["ats:Absolute Focus","ats:Hammer On","ats:Guard Mode"],"picked":"SKIP","floor":2},{"not_picked":["ats:Curse Doll","ats:Soul Absorption","ats:Directed Diagnosis"],"picked":"SKIP","floor":3},{"not_picked":["ats:Explosion Area Strengthen","ats:Curse Doll"],"picked":"ats:Poison Spread","floor":5}],"player_experience":175864,"relics_obtained":[],"event_choices":[{"damage_healed":0,"gold_gain":0,"player_choice":"Take Damage","damage_taken":19,"relics_obtained":["Golden Idol"],"max_hp_gain":0,"max_hp_loss":0,"event_name":"Golden Idol","floor":4,"gold_loss":0}],"is_beta":false,"boss_relics":[],"items_purged_floors":[],"is_endless":false,"potions_floor_spawned":[2,3],"killed_by":"3 Sentries","ascension_level":0}}