{"host":"9mz6x6ekz95y53i5","time":1612363920,"event":{"mods":["AchievementEnabler","BaseMod","Downfall","Energized Spire","Minty Spire (QoL Compilation)","Reliquary","Replay The Spire","Spicy Shops","StSLib","The Bug Knight","UnlockEverythingMod","¡¾ÒÅÎï¿¨ÅÆ¡¿REMEMod"],"gold_per_floor":[118,128,2,14,30,30,45,62,62,62,95,19,43,75,75,162,162,158,158,190,220,220,220,244,244,244,0,0,33,33,58,58,153,153,184,217,242,37,51,51],"floor_reached":39,"language":"ZHS","playtime":2626,"items_purged":["Defend_G","Delirium","Pain"],"score":808,"play_id":"a91755c5-7694-4d1f-85b7-056173e6f84d","local_time":"20210203225200","is_ascension_mode":true,"campfire_choices":[{"floor":6.0,"key":"REST"},{"floor":10.0,"key":"REST"},{"data":"Strike_G","floor":15.0,"key":"PURGE"},{"floor":23.0,"key":"REST"},{"data":"Envenom","floor":25.0,"key":"SMITH"},{"data":"Envenom","floor":28.0,"key":"SMITH"},{"floor":32.0,"key":"REST"}],"circlet_count":0,"master_deck":["AscendersBane","Strike_G+1","Strike_G+1","Strike_G+1","Strike_G+1","Defend_G+1","Defend_G+1","Defend_G+1","Defend_G+1","Survivor","Neutralize","REME_Cut","Poisoned Stab","Catalyst","Underhanded Strike","Bane","Endless Agony","Poisoned Stab","Dagger Throw","Bouncing Flask","Acrobatics","Crippling Poison","Envenom+1","Underhanded Strike","Underhanded Strike+1","Acrobatics","Envenom+1","Prepared+1","Backflip","REME_GreenPollution+1","Dagger Throw","Tools of the Trade","Deflect","Slice+1"],"relics":["Ring of the Snake","REME_ComplimentaryCards","Replay:Bandana","ReplayTheSpireMod:CursedCoin","Lizard Tail","HoveringKite","reliquary:TuningFork","Pantograph","Lee\u0027s Waffle","Cursed Key","Strawberry"],"acts_visited":["Exordium","TheCity","TheBeyond"],"potions_floor_usage":[33,35,37],"damage_taken":[{"damage":1.0,"enemies":"Cultist","floor":1.0,"turns":4.0},{"damage":12.0,"enemies":"Jaw Worm","floor":2.0,"turns":5.0},{"damage":7.0,"enemies":"Small Slimes","floor":4.0,"turns":3.0},{"damage":12.0,"enemies":"Red Slaver","floor":5.0,"turns":5.0},{"damage":3.0,"enemies":"Blue Slaver","floor":7.0,"turns":2.0},{"damage":21.0,"enemies":"Gremlin Gang","floor":8.0,"turns":4.0},{"damage":13.0,"enemies":"Large Slime","floor":11.0,"turns":4.0},{"damage":2.0,"enemies":"3 Louse","floor":13.0,"turns":2.0},{"damage":12.0,"enemies":"Blue Slaver","floor":14.0,"turns":3.0},{"damage":12.0,"enemies":"Slime Boss","floor":16.0,"turns":6.0},{"damage":31.0,"enemies":"2 Thieves","floor":18.0,"turns":4.0},{"damage":0.0,"enemies":"Spheric Guardian","floor":20.0,"turns":3.0},{"damage":0.0,"enemies":"Cultist and Chosen","floor":24.0,"turns":3.0},{"damage":24.0,"enemies":"Centurion and Healer","floor":29.0,"turns":5.0},{"damage":24.0,"enemies":"Snake Plant","floor":31.0,"turns":3.0},{"damage":110,"enemies":"Champ","floor":33,"turns":10},{"damage":22,"enemies":"3 Shapes","floor":35,"turns":5},{"damage":22,"enemies":"Orb Walker","floor":36,"turns":4},{"damage":7,"enemies":"4 Shapes","floor":37,"turns":5},{"damage":20,"enemies":"Sphere and 2 Shapes","floor":39,"turns":2}],"seed_played":"5329837932244549815","potions_obtained":[{"floor":2.0,"key":"SkillPotion"},{"floor":5.0,"key":"Reflective Coating"},{"floor":7.0,"key":"REME_GoldPotion"},{"floor":11.0,"key":"Fire Potion"},{"floor":14.0,"key":"DuplicationPotion"},{"floor":18.0,"key":"PowerPotion"},{"floor":21.0,"key":"SkillPotion"},{"floor":29.0,"key":"Swift Potion"},{"floor":33,"key":"Fire Potion"},{"floor":35,"key":"Fire Potion"}],"is_trial":false,"path_per_floor":["M","M","$","M","M","R","M","M","T","R","M","$","M","M","R","B",null,"M","?","M","?","?","R","M","R","T","$","R","M","?","M","R","B",null,"M","M","M","$","M"],"character_chosen":"THE_SILENT","items_purchased":["Bane","ReplayTheSpireMod:CursedCoin","Lizard Tail","Lee\u0027s Waffle","Backflip","Strawberry"],"campfire_rested":4,"item_purchase_floors":[3,12,12,27,27,38],"current_hp_per_floor":[58,46,46,39,27,46,43,22,22,41,28,28,26,14,14,2,50,19,19,19,19,19,38,38,38,38,73,73,49,49,25,46,3,56,34,12,5,12,0,0],"gold":51,"neow_bonus":"THREE_CARDS","is_daily":false,"chose_seed":false,"campfire_upgraded":2,"win_rate":0.0,"timestamp":1612363920,"path_taken":["M","?","$","M","M","R","M","M","T","R","M","$","M","M","R","BOSS","M","?","M","?","?","R","M","R","T","$","R","?","?","M","R","BOSS","M","M","M","$","M"],"items_purchased_type":["Card","Relic","Relic","Relic","Card","Relic"],"build_version":"2020-12-22","purchased_purges":3,"victory":false,"max_hp_per_floor":[66,66,66,66,66,66,66,66,66,66,66,66,66,66,66,66,66,66,66,66,66,66,66,66,66,66,73,73,73,73,73,73,73,73,73,73,73,80,80,80],"card_choices":[{"not_picked":["Predator","Concentrate"],"picked":"Poisoned Stab","floor":0.0},{"not_picked":["Backstab","Flying Knee"],"picked":"Catalyst","floor":1.0},{"not_picked":["ReplayTheSpireMod:Exploit Weakness","ReplayTheSpireMod:Speed Training"],"picked":"Underhanded Strike","floor":2.0},{"not_picked":["Caltrops","Skewer","Flechettes"],"picked":"SKIP","floor":4.0},{"not_picked":["Flechettes","PiercingWail"],"picked":"Endless Agony","floor":5.0},{"not_picked":["Leg Sweep","Dagger Spray"],"picked":"Poisoned Stab","floor":7.0},{"not_picked":["Dagger Spray","Hidden Blade"],"picked":"Dagger Throw","floor":8.0},{"not_picked":["Backflip","Deflect"],"picked":"Bouncing Flask","floor":11.0},{"not_picked":["Atom Bomb","Outmaneuver"],"picked":"Acrobatics","floor":13.0},{"not_picked":["Slice","Escape Plan"],"picked":"Crippling Poison","floor":14.0},{"not_picked":["ReplayTheSpireMod:Necrosis","Unload"],"picked":"Envenom","floor":16.0},{"not_picked":["Flying Knee","Acrobatics","Underhanded Strike"],"picked":"SKIP","floor":18.0},{"not_picked":["Crippling Poison","ReplayTheSpireMod:Exploit Weakness"],"picked":"Underhanded Strike","floor":20.0},{"not_picked":["Accuracy","Quick Slash"],"picked":"Underhanded Strike+1","floor":21.0},{"not_picked":["Leg Sweep","Blade Dance"],"picked":"Acrobatics","floor":21.0},{"not_picked":["Deflect","Dagger Throw"],"picked":"Prepared+1","floor":24.0},{"not_picked":["Acrobatics","Doppelganger"],"picked":"REME_GreenPollution","floor":29.0},{"not_picked":["Cloak And Dagger","Quick Slash"],"picked":"Dagger Throw","floor":31.0},{"not_picked":["A Thousand Cuts","REME_GrazeFinale"],"picked":"Tools of the Trade","floor":33},{"not_picked":["Poisoned Stab","Sucker Punch","Quick Slash"],"picked":"SKIP","floor":35},{"not_picked":["Sucker Punch+1","Underhanded Strike+1"],"picked":"Deflect","floor":36},{"not_picked":["Heel Hook","Hidden Blade"],"picked":"Slice+1","floor":37}],"player_experience":230299,"relics_obtained":[{"floor":9.0,"key":"Replay:Bandana"},{"floor":21.0,"key":"reliquary:TuningFork"},{"floor":26.0,"key":"Pantograph"}],"event_choices":[{"damage_healed":0.0,"max_hp_gain":0.0,"max_hp_loss":0.0,"gold_gain":0.0,"event_name":"Back to Basics","player_choice":"Simplicity","floor":19.0,"gold_loss":0.0,"damage_taken":0.0,"cards_upgraded":["Strike_G","Strike_G","Strike_G","Strike_G","Defend_G","Defend_G","Defend_G","Defend_G"]},{"damage_healed":0.0,"max_hp_gain":0.0,"max_hp_loss":0.0,"gold_gain":0.0,"event_name":"Duplicator","player_choice":"Copied","floor":22.0,"gold_loss":0.0,"damage_taken":0.0,"cards_obtained":["Envenom"]},{"damage_healed":0.0,"max_hp_gain":0.0,"max_hp_loss":0.0,"gold_gain":0.0,"event_name":"Upgrade Shrine","player_choice":"Upgraded","floor":30.0,"gold_loss":0.0,"damage_taken":0.0,"cards_upgraded":["REME_GreenPollution"]}],"is_beta":false,"boss_relics":[{"not_picked":["Replay:Wanted Poster","reliquary:WritOfMandamus"],"picked":"HoveringKite"},{"not_picked":["reliquary:Craggleroot","Pandora\u0027s Box"],"picked":"Cursed Key"}],"items_purged_floors":[3,12,38],"is_endless":false,"potions_floor_spawned":[2,5,7,11,14,18,29,33,35,36],"killed_by":"Sphere and 2 Shapes","ascension_level":20}}