{"host":"Oniwa","time":1612344464,"event":{"mods":["BaseMod","Colored Map","Colored Powertips","Minty Spire (QoL Compilation)","Relic Stats","Slay the Relics Exporter","SpireBot","StSLib","ojb\u0027s Better Paths Mod","ojb\u0027s Info Mod"],"gold_per_floor":[114,124,43,56,68,68,103,103,103,129,143,155,155,155,155,228,228,242,242,262,273,63,63,74,90,113,113,113,113,133,161,161,235,235,255,273,290,309,49,80,80,80,103,0,27,40,65,77,77,77,77],"floor_reached":50,"language":"JPN","playtime":4764,"items_purged":["Strike_B","Strike_B"],"score":1207,"play_id":"cb5620ac-745d-4746-9e10-b8b63e023f1a","local_time":"20210203182744","is_ascension_mode":true,"campfire_choices":[{"data":"Melter","floor":6,"key":"SMITH"},{"floor":8,"key":"REST"},{"data":"Defragment","floor":13,"key":"SMITH"},{"floor":15,"key":"REST"},{"data":"Biased Cognition","floor":23,"key":"SMITH"},{"data":"Recycle","floor":27,"key":"SMITH"},{"floor":29,"key":"REST"},{"floor":32,"key":"REST"},{"floor":42,"key":"REST"},{"floor":49,"key":"RECALL"}],"circlet_count":0,"master_deck":["AscendersBane","Strike_B","Defend_B","Defend_B","Defend_B","Zap","Dualcast","Creative AI","Melter+1","Darkness","Cold Snap","Undo","BootSequence","Coolheaded","Defragment+1","Recycle+1","Compile Driver","Biased Cognition+1","Skim","Defragment+1","Conserve Battery","Coolheaded","Sweeping Beam","Hologram","Aggregate","Coolheaded+1","Go for the Eyes+1","All For One","Force Field+1","Heatsinks+1","Amplify","Skim","Reinforced Body"],"relics":["Cracked Core","Singing Bowl","Mercury Hourglass","InkBottle","Sozu","Happy Flower","Letter Opener","Inserter","Runic Capacitor","Potion Belt","Red Mask","Darkstone Periapt","Nunchaku"],"acts_visited":["Exordium","TheCity","TheBeyond"],"potions_floor_usage":[7,7,20,33],"damage_taken":[{"damage":0,"enemies":"Cultist","floor":1,"turns":3},{"damage":1,"enemies":"2 Louse","floor":2,"turns":3},{"damage":2,"enemies":"Jaw Worm","floor":4,"turns":3},{"damage":1,"enemies":"Red Slaver","floor":5,"turns":3},{"damage":31,"enemies":"Gremlin Nob","floor":7,"turns":5},{"damage":10,"enemies":"3 Sentries","floor":10,"turns":7},{"damage":0,"enemies":"Looter","floor":11,"turns":3},{"damage":1,"enemies":"Large Slime","floor":12,"turns":6},{"damage":29,"enemies":"Slime Boss","floor":16,"turns":10},{"damage":3,"enemies":"3 Byrds","floor":18,"turns":4},{"damage":12,"enemies":"2 Thieves","floor":20,"turns":4},{"damage":0,"enemies":"Chosen and Byrds","floor":21,"turns":7},{"damage":3,"enemies":"Snecko","floor":24,"turns":6},{"damage":0,"enemies":"Centurion and Healer","floor":25,"turns":7},{"damage":0,"enemies":"Snake Plant","floor":30,"turns":4},{"damage":12,"enemies":"Slavers","floor":31,"turns":7},{"damage":22,"enemies":"Collector","floor":33,"turns":10},{"damage":0,"enemies":"Orb Walker","floor":35,"turns":4},{"damage":27,"enemies":"3 Darklings","floor":36,"turns":6},{"damage":20,"enemies":"Spire Growth","floor":37,"turns":9},{"damage":0,"enemies":"4 Shapes","floor":38,"turns":6},{"damage":12,"enemies":"Nemesis","floor":40,"turns":7},{"damage":2,"enemies":"Giant Head","floor":45,"turns":11},{"damage":13,"enemies":"Maw","floor":46,"turns":8},{"damage":20,"enemies":"Nemesis","floor":47,"turns":12},{"damage":0,"enemies":"Writhing Mass","floor":48,"turns":9},{"damage":37,"enemies":"Donu and Deca","floor":50,"turns":17}],"seed_played":"-5317764260661262322","potions_obtained":[{"floor":1,"key":"SkillPotion"},{"floor":5,"key":"EssenceOfSteel"},{"floor":10,"key":"LiquidMemories"},{"floor":12,"key":"SkillPotion"}],"is_trial":false,"path_per_floor":["M","M","$","M","M","R","E","R","T","E","M","M","R","?","R","B",null,"M","?","M","M","$","R","M","M","T","R","?","R","M","E","R","B",null,"M","M","M","M","$","E","?","R","T","?","E","M","E","M","R","B"],"character_chosen":"DEFECT","items_purchased":["Undo","Coolheaded","Sweeping Beam","Hologram","Runic Capacitor"],"campfire_rested":5,"item_purchase_floors":[3,22,22,22,39],"current_hp_per_floor":[46,45,45,43,42,42,11,32,32,22,22,21,21,21,42,13,57,54,54,42,44,44,44,41,41,41,41,20,43,45,33,57,35,69,69,44,24,26,26,14,16,41,41,41,39,28,8,10,10,0,0],"gold":77,"neow_bonus":"TRANSFORM_TWO_CARDS","is_daily":false,"chose_seed":false,"campfire_upgraded":4,"win_rate":0.0,"timestamp":1612344464,"path_taken":["M","?","$","M","M","R","E","R","T","E","M","M","R","?","R","BOSS","M","?","?","M","$","R","M","M","T","R","?","R","M","E","R","BOSS","M","M","M","M","$","E","?","R","T","?","E","?","E","?","R","BOSS"],"items_purchased_type":["Card","Card","Card","Card","Relic"],"build_version":"2020-12-18","purchased_purges":2,"victory":false,"max_hp_per_floor":[71,71,71,71,71,71,71,71,71,71,71,71,71,71,71,71,71,71,71,71,73,73,73,73,73,73,73,78,78,80,80,80,80,80,80,82,82,84,84,84,86,86,86,86,86,88,88,90,90,90,90],"relic_stats":{"Sozu":8,"Darkstone Periapt":0,"Nunchaku":[4],"Inserter":[34],"Singing Bowl":14,"Happy Flower":[36],"counters":[27,178],"Letter Opener":[418],"obtain_stats":[{"Potion Belt":40,"Darkstone Periapt":45,"Inserter":34,"Singing Bowl":7,"Happy Flower":26,"Runic Capacitor":39,"Letter Opener":31,"Mercury Hourglass":9,"Sozu":17,"Nunchaku":47,"Red Mask":44,"Cracked Core":0,"InkBottle":10},{"Potion Belt":22,"Darkstone Periapt":23,"Inserter":17,"Singing Bowl":5,"Happy Flower":14,"Runic Capacitor":21,"Letter Opener":16,"Mercury Hourglass":5,"Sozu":9,"Nunchaku":25,"Red Mask":22,"Cracked Core":0,"InkBottle":6},{"Potion Belt":122,"Darkstone Periapt":133,"Inserter":91,"Singing Bowl":17,"Happy Flower":70,"Runic Capacitor":115,"Letter Opener":81,"Mercury Hourglass":17,"Sozu":43,"Nunchaku":153,"Red Mask":122,"Cracked Core":0,"InkBottle":24}],"InkBottle":[78],"Mercury Hourglass":[608]},"card_choices":[{"not_picked":["Sweeping Beam","White Noise"],"picked":"Darkness","floor":1},{"not_picked":["Rebound","Leap"],"picked":"Cold Snap","floor":2},{"not_picked":["Lockon","Reinforced Body"],"picked":"BootSequence","floor":4},{"not_picked":["Steam","Turbo","Streamline"],"picked":"SKIP","floor":5},{"not_picked":["Ball Lightning","Streamline"],"picked":"Coolheaded","floor":7},{"not_picked":["Lockon","Barrage"],"picked":"Defragment","floor":10},{"not_picked":["Coolheaded","Hologram"],"picked":"Recycle","floor":11},{"not_picked":["Sweeping Beam","Turbo"],"picked":"Compile Driver","floor":12},{"not_picked":["Echo Form","Electrodynamics"],"picked":"Biased Cognition","floor":16},{"not_picked":["Lockon","Turbo"],"picked":"Skim","floor":18},{"not_picked":["Barrage","Ball Lightning"],"picked":"Conserve Battery","floor":20},{"not_picked":["Streamline","Gash","White Noise"],"picked":"Singing Bowl","floor":21},{"not_picked":["FTL","Ball Lightning"],"picked":"Aggregate","floor":24},{"not_picked":["Tempest","Turbo"],"picked":"Coolheaded+1","floor":25},{"not_picked":["Redo","BootSequence","Sweeping Beam"],"picked":"Singing Bowl","floor":30},{"not_picked":["Auto Shields","Darkness"],"picked":"Go for the Eyes+1","floor":31},{"not_picked":["Thunder Strike","Creative AI"],"picked":"All For One","floor":33},{"not_picked":["Steam Power+1","Beam Cell"],"picked":"Force Field+1","floor":35},{"not_picked":["Melter","Go for the Eyes","Force Field"],"picked":"Singing Bowl","floor":36},{"not_picked":["Cold Snap","Turbo"],"picked":"Heatsinks+1","floor":37},{"not_picked":["Heatsinks","Beam Cell","Streamline"],"picked":"Singing Bowl","floor":38},{"not_picked":["Go for the Eyes","Conserve Battery+1"],"picked":"Amplify","floor":40},{"not_picked":["Magnetism","Flash of Steel","Discovery"],"picked":"Singing Bowl","floor":41},{"not_picked":["Go for the Eyes","Auto Shields"],"picked":"Skim","floor":45},{"not_picked":["Go for the Eyes","Stack","Leap"],"picked":"Singing Bowl","floor":46},{"not_picked":["Steam","Sweeping Beam"],"picked":"Reinforced Body","floor":47},{"not_picked":["Melter","Chill","Darkness"],"picked":"Singing Bowl","floor":48}],"player_experience":2653076,"relics_obtained":[{"floor":7,"key":"Singing Bowl"},{"floor":9,"key":"Mercury Hourglass"},{"floor":10,"key":"InkBottle"},{"floor":26,"key":"Happy Flower"},{"floor":31,"key":"Letter Opener"},{"floor":40,"key":"Potion Belt"},{"floor":45,"key":"Darkstone Periapt"},{"floor":47,"key":"Nunchaku"}],"event_choices":[{"damage_healed":0,"gold_gain":0,"player_choice":"Searched \u00270\u0027 times","damage_taken":0,"max_hp_gain":0,"max_hp_loss":0,"event_name":"Dead Adventurer","floor":14,"gold_loss":0},{"damage_healed":0,"gold_gain":0,"player_choice":"Copied","damage_taken":0,"max_hp_gain":0,"max_hp_loss":0,"event_name":"Duplicator","floor":19,"gold_loss":0,"cards_obtained":["Defragment"]},{"damage_healed":0,"gold_gain":0,"player_choice":"Shed Blood","damage_taken":26,"max_hp_gain":5,"max_hp_loss":0,"event_name":"Forgotten Altar","floor":28,"gold_loss":0},{"damage_healed":0,"gold_gain":0,"player_choice":"Memory 1","damage_taken":0,"max_hp_gain":0,"max_hp_loss":0,"event_name":"SensoryStone","floor":41,"gold_loss":0},{"damage_healed":0,"gold_gain":0,"player_choice":"Paid","damage_taken":0,"relics_obtained":["Red Mask"],"max_hp_gain":0,"max_hp_loss":0,"event_name":"Tomb of Lord Red Mask","floor":44,"gold_loss":103}],"is_beta":true,"boss_relics":[{"not_picked":["Ectoplasm","Philosopher\u0027s Stone"],"picked":"Sozu"},{"not_picked":["Nuclear Battery","Runic Dome"],"picked":"Inserter"}],"items_purged_floors":[22,39],"is_endless":false,"potions_floor_spawned":[1,5,10,12,20,21,30,33,37,40,45,47],"killed_by":"Donu and Deca","ascension_level":20}}