{"host":"r4aerl4ckfvw1dw3","time":1612390137,"event":{"mods":["BaseMod","BetterRewards","Minty Spire (QoL Compilation)","Quick Restart","StSLib"],"gold_per_floor":[115,125,143,143,153,184,79,104,151,151,165,193,193,193,193,296,296,309,309,320,235,258,258,285,81,158,158,190,190,209,229,229,324,324,337,352,371,371,388,388,398,411,411,439,439,456,70,82,82,82,82,82,34,59,59,59],"floor_reached":55,"language":"ENG","playtime":5639,"items_purged":["Writhe"],"score":1256,"play_id":"0ed24321-7544-43a7-8599-b7be4829a983","local_time":"20210203140857","is_ascension_mode":true,"campfire_choices":[{"floor":10.0,"key":"RECALL"},{"data":"Inflame","floor":13.0,"key":"SMITH"},{"data":"Shrug It Off","floor":15.0,"key":"SMITH"},{"data":"Demon Form","floor":23.0,"key":"SMITH"},{"data":"Berserk","floor":27.0,"key":"SMITH"},{"floor":29.0,"key":"REST"},{"floor":32.0,"key":"REST"},{"floor":40.0,"key":"REST"},{"floor":45.0,"key":"REST"},{"floor":49.0,"key":"REST"},{"data":"Reaper","floor":52.0,"key":"SMITH"}],"circlet_count":0,"master_deck":["Strike_R","Strike_R","Strike_R","Strike_R","Strike_R+1","Defend_R","Defend_R","Defend_R","Defend_R","Bash","Shrug It Off+1","Flex","Headbutt","Heavy Blade","Body Slam+1","Warcry+1","Shrug It Off+1","Infernal Blade+1","Metallicize+1","Inflame+1","Intimidate+1","Seeing Red+1","Demon Form+1","Thunderclap","Flex+1","Berserk+1","Inflame","Armaments+1","Reaper+1","Entrench+1","Limit Break+1","Whirlwind+1","Exhume+1","Metallicize+1","Flex+1","Limit Break+1","Iron Wave+1"],"relics":["Burning Blood","FossilizedHelix","Toxic Egg 2","Tiny Chest","Pocketwatch","Whetstone","Mark of Pain","Pear","Pen Nib","Potion Belt","Turnip","Singing Bowl","Mummified Hand","SacredBark","Mercury Hourglass","Charon\u0027s Ashes","Orrery","HornCleat"],"acts_visited":["Exordium","TheCity","TheBeyond","TheEnding"],"potions_floor_usage":[55],"damage_taken":[{"damage":2.0,"enemies":"Cultist","floor":1.0,"turns":4.0},{"damage":0.0,"enemies":"Small Slimes","floor":2.0,"turns":2.0},{"damage":2.0,"enemies":"2 Louse","floor":3.0,"turns":3.0},{"damage":0.0,"enemies":"Blue Slaver","floor":5.0,"turns":3.0},{"damage":10.0,"enemies":"Gremlin Nob","floor":6.0,"turns":4.0},{"damage":26.0,"enemies":"Lagavulin","floor":8.0,"turns":8.0},{"damage":10.0,"enemies":"Gremlin Gang","floor":11.0,"turns":5.0},{"damage":0.0,"enemies":"Gremlin Nob","floor":12.0,"turns":3.0},{"damage":3.0,"enemies":"Slime Boss","floor":16.0,"turns":9.0},{"damage":7.0,"enemies":"Chosen","floor":18.0,"turns":6.0},{"damage":8.0,"enemies":"Shell Parasite","floor":20.0,"turns":4.0},{"damage":0.0,"enemies":"Gremlin Leader","floor":24.0,"turns":5.0},{"damage":54.0,"enemies":"Book of Stabbing","floor":28.0,"turns":5.0},{"damage":11.0,"enemies":"Cultist and Chosen","floor":30.0,"turns":6.0},{"damage":22.0,"enemies":"Sentry and Sphere","floor":31.0,"turns":4.0},{"damage":25.0,"enemies":"Champ","floor":33.0,"turns":9.0},{"damage":29.0,"enemies":"3 Darklings","floor":35.0,"turns":5.0},{"damage":16.0,"enemies":"3 Shapes","floor":36.0,"turns":4.0},{"damage":0.0,"enemies":"Maw","floor":37.0,"turns":6.0},{"damage":11.0,"enemies":"Jaw Worm Horde","floor":39.0,"turns":2.0},{"damage":32.0,"enemies":"4 Shapes","floor":41.0,"turns":5.0},{"damage":19.0,"enemies":"3 Darklings","floor":42.0,"turns":4.0},{"damage":43.0,"enemies":"Reptomancer","floor":44.0,"turns":5.0},{"damage":65.0,"enemies":"Writhing Mass","floor":46.0,"turns":5.0},{"damage":9.0,"enemies":"4 Shapes","floor":48.0,"turns":4.0},{"damage":104.0,"enemies":"Awakened One","floor":50.0,"turns":8.0},{"damage":110.0,"enemies":"Shield and Spear","floor":54.0,"turns":8.0},{"damage":61,"enemies":"The Heart","floor":55,"turns":3}],"seed_played":"-872490349912573875","potions_obtained":[{"floor":2.0,"key":"DistilledChaos"},{"floor":5.0,"key":"SteroidPotion"},{"floor":12.0,"key":"SkillPotion"},{"floor":28.0,"key":"LiquidMemories"},{"floor":30.0,"key":"AttackPotion"},{"floor":31.0,"key":"Block Potion"},{"floor":35.0,"key":"Weak Potion"},{"floor":44.0,"key":"Explosive Potion"},{"floor":46.0,"key":"PowerPotion"}],"is_trial":false,"path_per_floor":["M","M","M","T","M","E","$","E","T","R","M","E","R","?","R","B",null,"M","?","M","?","T","R","E","$","T","R","E","R","M","M","R","B",null,"M","M","M","?","M","R","M","M","T","E","R","M","$","M","R","B",null,"R","$","E","B"],"character_chosen":"IRONCLAD","items_purchased":["Shrug It Off","Flex","BloodPotion","Infernal Blade+1","Metallicize","Inflame","Armaments+1","Exhume+1","Block Potion","Block Potion","Orrery","Dexterity Potion"],"campfire_rested":5,"item_purchase_floors":[0,0,0,7,7,25,25,47,47,47,47,53],"current_hp_per_floor":[80,80,80,80,80,76,76,56,56,56,52,58,58,58,58,61,80,79,89,87,87,87,87,90,90,90,90,42,69,82,68,92,92,92,71,61,69,74,71,96,95,84,84,65,95,80,84,94,110,12,110,110,110,36,0,0],"gold":59,"neow_bonus":"","is_daily":false,"chose_seed":false,"campfire_upgraded":5,"win_rate":0.0,"timestamp":1612390137,"path_taken":["M","M","M","?","M","E","$","E","T","R","M","E","R","?","R","BOSS","M","?","M","?","?","R","E","$","T","R","E","R","M","M","R","BOSS","M","?","M","?","?","R","M","M","T","E","R","M","$","M","R","BOSS","R","$","E","BOSS"],"items_purchased_type":["Card","Card","Potion","Card","Card","Card","Card","Card","Potion","Potion","Relic","Potion"],"build_version":"2020-12-22","purchased_purges":1,"victory":false,"max_hp_per_floor":[80,80,80,80,80,80,80,80,80,80,80,80,80,80,80,80,80,80,90,90,90,90,90,90,90,90,90,90,90,90,92,92,92,92,94,94,94,94,96,96,98,100,100,102,102,104,108,110,110,110,110,110,110,110,110,110],"card_choices":[{"not_picked":["Anger","Battle Trance"],"picked":"Headbutt","floor":1.0},{"not_picked":["Perfected Strike","Body Slam"],"picked":"Heavy Blade","floor":2.0},{"not_picked":["Wild Strike","Clothesline"],"picked":"Body Slam","floor":3.0},{"not_picked":["Havoc+1","Sentinel+1"],"picked":"Warcry+1","floor":5.0},{"not_picked":["Sword Boomerang","Bludgeon"],"picked":"Shrug It Off+1","floor":6.0},{"not_picked":["Second Wind+1","Shrug It Off+1"],"picked":"Inflame","floor":8.0},{"not_picked":["Spot Weakness+1","Bloodletting+1"],"picked":"Intimidate+1","floor":11.0},{"not_picked":["Disarm+1","Headbutt"],"picked":"Seeing Red+1","floor":12.0},{"not_picked":["Juggernaut","Barricade"],"picked":"Demon Form","floor":16.0},{"not_picked":["Perfected Strike","Heavy Blade"],"picked":"Thunderclap","floor":18.0},{"not_picked":["Clothesline+1","Headbutt"],"picked":"Flex+1","floor":20.0},{"not_picked":["Wild Strike+1","Flex+1"],"picked":"Berserk","floor":24.0},{"not_picked":["Hemokinesis","Thunderclap"],"picked":"Reaper","floor":28.0},{"not_picked":["Body Slam","Shrug It Off+1"],"picked":"Entrench+1","floor":30.0},{"not_picked":["Headbutt+1","Sword Boomerang","Pommel Strike"],"picked":"Singing Bowl","floor":31.0},{"not_picked":["Double Tap+1","Brutality"],"picked":"Limit Break+1","floor":33.0},{"not_picked":["Cleave+1","Clothesline+1","True Grit+1"],"picked":"Singing Bowl","floor":35.0},{"not_picked":["Sword Boomerang","Wild Strike+1"],"picked":"Whirlwind+1","floor":36.0},{"not_picked":["Iron Wave","Thunderclap"],"picked":"Shrug It Off+1","floor":37.0},{"not_picked":["Twin Strike","Pommel Strike+1","Cleave"],"picked":"Singing Bowl","floor":39.0},{"not_picked":["Whirlwind","Thunderclap","Reckless Charge+1"],"picked":"Singing Bowl","floor":41.0},{"not_picked":["Clash+1","Uppercut","Havoc+1"],"picked":"Singing Bowl","floor":42.0},{"not_picked":["Uppercut","Clothesline+1","Wild Strike"],"picked":"Singing Bowl","floor":44.0},{"not_picked":["Armaments+1","Pommel Strike+1","Rupture"],"picked":"Singing Bowl","floor":46.0},{"not_picked":["Berserk","Battle Trance+1"],"picked":"Metallicize+1","floor":47.0},{"not_picked":["Headbutt","Cleave","Flex+1"],"picked":"Singing Bowl","floor":47.0},{"not_picked":["Whirlwind","Armaments+1","Dropkick+1"],"picked":"Singing Bowl","floor":47.0},{"not_picked":["Heavy Blade","Twin Strike"],"picked":"Flex+1","floor":47.0},{"not_picked":["Headbutt+1","Perfected Strike+1"],"picked":"Limit Break+1","floor":47.0},{"not_picked":["Spot Weakness+1","Ghostly Armor+1","Blood for Blood"],"picked":"Singing Bowl","floor":48.0},{"not_picked":["Rampage","Heavy Blade+1"],"picked":"Iron Wave+1","floor":54.0}],"player_experience":481845,"relics_obtained":[{"floor":4.0,"key":"Toxic Egg 2"},{"floor":6.0,"key":"Tiny Chest"},{"floor":8.0,"key":"Pocketwatch"},{"floor":12.0,"key":"Whetstone"},{"floor":22.0,"key":"Potion Belt"},{"floor":24.0,"key":"Turnip"},{"floor":26.0,"key":"Singing Bowl"},{"floor":28.0,"key":"Mummified Hand"},{"floor":43.0,"key":"Mercury Hourglass"},{"floor":44.0,"key":"Charon\u0027s Ashes"},{"floor":54.0,"key":"HornCleat"}],"event_choices":[{"damage_healed":0.0,"max_hp_gain":0.0,"max_hp_loss":0.0,"gold_gain":0.0,"event_name":"Accursed Blacksmith","player_choice":"Forge","floor":14.0,"gold_loss":0.0,"damage_taken":0.0,"cards_upgraded":["Metallicize"]},{"damage_healed":0.0,"max_hp_gain":0.0,"max_hp_loss":0.0,"gold_gain":0.0,"event_name":"The Mausoleum","player_choice":"Opened","floor":19.0,"gold_loss":0.0,"damage_taken":0.0,"relics_obtained":["Pear"],"cards_obtained":["Writhe"]},{"damage_healed":0.0,"max_hp_gain":0.0,"max_hp_loss":0.0,"gold_gain":0.0,"event_name":"Addict","player_choice":"Obtained Relic","floor":21.0,"gold_loss":85.0,"damage_taken":0.0,"relics_obtained":["Pen Nib"]},{"cards_removed":["Shrug It Off"],"damage_healed":5.0,"max_hp_gain":0.0,"max_hp_loss":0.0,"gold_gain":0.0,"event_name":"Bonfire Elementals","player_choice":"Offered Common","floor":38.0,"gold_loss":0.0,"damage_taken":0.0},{"cards_removed":["Shrug It Off"],"damage_healed":5.0,"max_hp_gain":0.0,"max_hp_loss":0.0,"gold_gain":0.0,"event_name":"Bonfire Elementals","player_choice":"Offered Special","floor":38.0,"gold_loss":0.0,"damage_taken":0.0}],"is_beta":false,"boss_relics":[{"not_picked":["Snecko Eye","Astrolabe"],"picked":"Mark of Pain"},{"not_picked":["Pandora\u0027s Box","Velvet Choker"],"picked":"SacredBark"}],"items_purged_floors":[25],"is_endless":false,"potions_floor_spawned":[2,5,12,28,30,31,35,36,44,46],"killed_by":"The Heart","ascension_level":4}}