{"host":"3a1sbpq1iuwiesnh","time":1612365309,"event":{"mods":["AchievementEnabler","BaseMod","Colored Map","Colored Powertips","KOR Keyword Fix","Minty Spire (QoL Compilation)","Rare Cards Sparkle","Relic Stats","SuperFastMode","everything is the same but u backflip on backflip"],"gold_per_floor":[119,139,139,152,77,95,20,20,100,100,129,142,142,156,156,230,230,250,260,274,174,174,174,174,6,6,6,22,122,39,55,55,129,129,139,14,14,14,29,56,68,99,111,123,145,167,179,202,214,226,226],"floor_reached":50,"language":"KOR","playtime":2223,"items_purged":["Strike_G","Caltrops","Predator"],"score":1023,"play_id":"5551b77f-8904-48d2-94f1-df20ddff4ef4","local_time":"20210204001509","is_ascension_mode":true,"campfire_choices":[{"data":"Flechettes","floor":8.0,"key":"SMITH"},{"floor":15.0,"key":"REST"},{"floor":23.0,"key":"REST"},{"data":"Adrenaline","floor":27.0,"key":"SMITH"},{"data":"1","floor":32,"key":"LIFT"},{"floor":41,"key":"REST"},{"floor":44,"key":"REST"},{"floor":47,"key":"REST"},{"floor":49,"key":"REST"}],"circlet_count":0,"master_deck":["AscendersBane","Defend_G","Defend_G","Defend_G","Defend_G","Defend_G","Survivor","Neutralize","Flechettes+1","Backflip","A Thousand Cuts+1","PiercingWail","A Thousand Cuts+1","Adrenaline+1","After Image+1","Well Laid Plans+1","Envenom+1","Acrobatics","Infinite Blades+1","Cloak And Dagger+1","Blade Dance","Prepared+1","Blade Dance","Acrobatics","Prepared+1"],"relics":["Ring of the Snake","Frozen Egg 2","Bronze Scales","Empty Cage","MutagenicStrength","Toy Ornithopter","Akabeko","Girya","InkBottle","Sozu","MawBank","Sundial"],"acts_visited":["Exordium","TheCity","TheBeyond"],"potions_floor_usage":[29,31,33,40],"damage_taken":[{"damage":0.0,"enemies":"Small Slimes","floor":1.0,"turns":5.0},{"damage":0.0,"enemies":"2 Louse","floor":2.0,"turns":2.0},{"damage":7.0,"enemies":"Jaw Worm","floor":4.0,"turns":5.0},{"damage":2.0,"enemies":"Exordium Wildlife","floor":6.0,"turns":4.0},{"damage":37.0,"enemies":"Lagavulin","floor":11.0,"turns":6.0},{"damage":5.0,"enemies":"3 Louse","floor":12.0,"turns":3.0},{"damage":15.0,"enemies":"Gremlin Gang","floor":14.0,"turns":3.0},{"damage":11.0,"enemies":"The Guardian","floor":16.0,"turns":11.0},{"damage":28.0,"enemies":"Chosen","floor":18.0,"turns":7.0},{"damage":3.0,"enemies":"3 Byrds","floor":19.0,"turns":4.0},{"damage":37.0,"enemies":"Centurion and Healer","floor":20.0,"turns":10.0},{"damage":2.0,"enemies":"Snake Plant","floor":28.0,"turns":4.0},{"damage":0,"enemies":"Colosseum Slavers","floor":29,"turns":4},{"damage":3,"enemies":"Colosseum Nobs","floor":29,"turns":3},{"damage":17,"enemies":"Shelled Parasite and Fungi","floor":31,"turns":5},{"damage":37,"enemies":"Collector","floor":33,"turns":6},{"damage":13,"enemies":"3 Shapes","floor":35,"turns":5},{"damage":1,"enemies":"Orb Walker","floor":39,"turns":3},{"damage":34,"enemies":"Reptomancer","floor":40,"turns":5},{"damage":16,"enemies":"Writhing Mass","floor":42,"turns":9},{"damage":23,"enemies":"Transient","floor":45,"turns":6},{"damage":9,"enemies":"Spire Growth","floor":46,"turns":5},{"damage":12,"enemies":"Sphere and 2 Shapes","floor":48,"turns":4},{"damage":49,"enemies":"Time Eater","floor":50,"turns":6}],"seed_played":"-4343280679316756208","potions_obtained":[{"floor":1.0,"key":"FairyPotion"},{"floor":4.0,"key":"Block Potion"},{"floor":16.0,"key":"LiquidBronze"},{"floor":28.0,"key":"DistilledChaos"},{"floor":31,"key":"Strength Potion"}],"is_trial":false,"path_per_floor":["M","M","?","M","?","M","$","R","T","T","E","M","?","M","R","B",null,"M","M","M","$","?","R","?","$","T","R","M","?","$","M","R","B",null,"M","$","?","?","M","E","R","M","T","R","M","M","R","M","R","B"],"character_chosen":"THE_SILENT","items_purchased":["Toy Ornithopter","LiquidMemories"],"campfire_rested":6,"item_purchase_floors":[25,30],"current_hp_per_floor":[65,65,70,63,63,61,61,61,61,61,24,19,19,4,27,16,62,34,31,23,23,23,46,46,46,46,46,44,46,46,34,34,2,58,45,45,45,45,44,15,36,20,20,41,18,9,30,18,39,0,0],"gold":226,"neow_bonus":"TEN_PERCENT_HP_BONUS","is_daily":false,"chose_seed":false,"campfire_upgraded":2,"win_rate":0.0,"timestamp":1612365309,"path_taken":["M","M","?","M","?","M","$","R","T","?","E","?","?","M","R","BOSS","M","?","M","$","?","R","?","?","T","R","M","?","?","?","R","BOSS","M","$","?","?","M","E","R","M","T","R","M","?","R","M","R","BOSS"],"items_purchased_type":["Relic","Potion"],"build_version":"2020-12-22","purchased_purges":3,"victory":false,"max_hp_per_floor":[72,72,77,77,77,77,77,77,77,77,77,77,77,77,77,77,77,77,77,77,77,77,77,77,77,77,77,77,77,77,77,77,77,77,77,77,73,73,73,73,73,73,73,73,73,73,73,73,73,73,73],"relic_stats":{"Sozu":3,"counters":[24,125],"Sundial":[8],"Bronze Scales":[343],"MawBank":120,"obtain_stats":[{"Sozu":34,"Girya":29,"Sundial":43,"Bronze Scales":11,"MutagenicStrength":24,"Frozen Egg 2":9,"Empty Cage":17,"MawBank":40,"Toy Ornithopter":25,"Akabeko":26,"InkBottle":29,"Ring of the Snake":0},{"Sozu":16,"Girya":14,"Sundial":20,"Bronze Scales":5,"MutagenicStrength":11,"Frozen Egg 2":4,"Empty Cage":8,"MawBank":19,"Toy Ornithopter":11,"Akabeko":11,"InkBottle":14,"Ring of the Snake":0},{"Sozu":82,"Girya":71,"Sundial":104,"Bronze Scales":22,"MutagenicStrength":60,"Frozen Egg 2":16,"Empty Cage":39,"MawBank":95,"Toy Ornithopter":60,"Akabeko":60,"InkBottle":71,"Ring of the Snake":0}],"Toy Ornithopter":20,"InkBottle":[30],"Ring of the Snake":[48]},"card_choices":[{"not_picked":["Distraction","Underhanded Strike"],"picked":"Predator","floor":1.0},{"not_picked":["Bane","Outmaneuver"],"picked":"Flechettes","floor":2.0},{"not_picked":["Flying Knee","Dagger Throw"],"picked":"Caltrops","floor":4.0},{"not_picked":["Quick Slash","Flying Knee"],"picked":"Backflip","floor":6.0},{"not_picked":["Underhanded Strike","Blade Dance"],"picked":"A Thousand Cuts+1","floor":11.0},{"not_picked":["Outmaneuver","Quick Slash"],"picked":"PiercingWail","floor":12.0},{"not_picked":["Flechettes","Bane"],"picked":"Adrenaline","floor":14.0},{"not_picked":["Wraith Form v2+1","Venomology"],"picked":"After Image+1","floor":16.0},{"not_picked":["Quick Slash","Dodge and Roll"],"picked":"Well Laid Plans+1","floor":18.0},{"not_picked":["Underhanded Strike","Flying Knee"],"picked":"Envenom+1","floor":19.0},{"not_picked":["Bouncing Flask","Distraction"],"picked":"Acrobatics","floor":20.0},{"not_picked":["Masterful Stab","Sucker Punch","Caltrops+1"],"picked":"SKIP","floor":28.0},{"not_picked":["Dagger Throw+1","Choke"],"picked":"Infinite Blades+1","floor":31},{"not_picked":["Deflect","Blur"],"picked":"Cloak And Dagger+1","floor":35},{"not_picked":["Quick Slash","Dagger Throw","Deflect"],"picked":"SKIP","floor":39},{"not_picked":["Skewer","Tools of the Trade+1"],"picked":"Blade Dance","floor":40},{"not_picked":["Backflip+1","Bane"],"picked":"Prepared+1","floor":42},{"not_picked":["PiercingWail","Unload"],"picked":"Blade Dance","floor":45},{"not_picked":["Prepared","Acrobatics","Skewer"],"picked":"SKIP","floor":46},{"not_picked":["Prepared","Skewer"],"picked":"Acrobatics","floor":46},{"not_picked":["Acrobatics","Finisher"],"picked":"Prepared+1","floor":48}],"player_experience":566909,"relics_obtained":[{"floor":9.0,"key":"Frozen Egg 2"},{"floor":11.0,"key":"Bronze Scales"},{"floor":26.0,"key":"Akabeko"},{"floor":29,"key":"Girya"},{"floor":29,"key":"InkBottle"},{"floor":40,"key":"MawBank"},{"floor":43,"key":"Sundial"}],"event_choices":[{"damage_healed":0.0,"max_hp_gain":5.0,"max_hp_loss":0.0,"gold_gain":0.0,"event_name":"Big Fish","player_choice":"Donut","floor":3.0,"gold_loss":0.0,"damage_taken":0.0},{"cards_removed":["Strike_G"],"damage_healed":0.0,"max_hp_gain":0.0,"max_hp_loss":0.0,"gold_gain":0.0,"event_name":"The Cleric","player_choice":"Card Removal","floor":5.0,"gold_loss":75.0,"damage_taken":0.0},{"damage_healed":0.0,"max_hp_gain":0.0,"max_hp_loss":0.0,"gold_gain":0.0,"cards_transformed":["Strike_G"],"event_name":"Transmorgrifier","player_choice":"Transformed","floor":13.0,"gold_loss":0.0,"damage_taken":0.0,"cards_obtained":["A Thousand Cuts"]},{"damage_healed":0.0,"max_hp_gain":0.0,"max_hp_loss":0.0,"gold_gain":0.0,"event_name":"Vampires","player_choice":"Ignored","floor":22.0,"gold_loss":0.0,"damage_taken":0.0},{"damage_healed":0.0,"max_hp_gain":0.0,"max_hp_loss":0.0,"gold_gain":0.0,"event_name":"Drug Dealer","player_choice":"Inject Mutagens","floor":24.0,"gold_loss":0.0,"damage_taken":0.0,"relics_obtained":["MutagenicStrength"]},{"damage_healed":0,"gold_gain":0,"player_choice":"Fight","damage_taken":0,"max_hp_gain":0,"max_hp_loss":0,"event_name":"Colosseum","floor":29,"gold_loss":0},{"damage_healed":0,"gold_gain":0,"player_choice":"Fought Nobs","damage_taken":0,"max_hp_gain":0,"max_hp_loss":0,"event_name":"Colosseum","floor":29,"gold_loss":0},{"damage_healed":0,"gold_gain":0,"player_choice":"Max HP","damage_taken":0,"max_hp_gain":0,"max_hp_loss":4,"event_name":"Winding Halls","floor":37,"gold_loss":0},{"damage_healed":0,"gold_gain":0,"player_choice":"Ignored","damage_taken":0,"max_hp_gain":0,"max_hp_loss":0,"event_name":"SecretPortal","floor":38,"gold_loss":0}],"is_beta":false,"boss_relics":[{"not_picked":["SlaversCollar","Cursed Key"],"picked":"Empty Cage"},{"not_picked":["Calling Bell","SacredBark"],"picked":"Sozu"}],"items_purged_floors":[7,21,36],"is_endless":false,"potions_floor_spawned":[1,4,16,28,29,31,40,45,48],"killed_by":"Time Eater","ascension_level":20}}