{"host":"zwuytn9vh5b8tdl7","time":1612321604,"event":{"mods":["AchievementEnabler","BaseMod","Colored Powertips","GifTheSpireLib","Minty Spire (QoL Compilation)","Rare Cards Sparkle","StSLib","The Animator"],"gold_per_floor":[129,129,129,204,61,61,92,117,142,174,174,174,104,129,129,259,359,384,407,475,255,282,358,370,407,444,512,524,536,548,560,572,712,724,754,746,530,548,566,566,586,808,887,911,936,373,389,97,97,97],"floor_reached":51,"language":"ENG","playtime":1848,"items_purged":[],"score":777,"play_id":"c04ecc0a-de40-400d-b28f-ce36bfdad0f3","local_time":"20210202220644","is_ascension_mode":false,"campfire_choices":[{"floor":6.0,"key":"REST"},{"floor":11.0,"key":"REST"},{"floor":15.0,"key":"REST"},{"floor":24.0,"key":"REST"},{"floor":30.0,"key":"REST"},{"data":"animator:Megumin+4","floor":32.0,"key":"SMITH"},{"floor":40,"key":"REST"},{"floor":49,"key":"REST"}],"circlet_count":0,"master_deck":["animator:Strike_Fate","animator:Defend_Fate","animator:Strike","animator:Strike","animator:Strike","animator:Defend","animator:Defend","animator:Defend","animator:Alexander","animator:Rider","animator:Lancer","animator:Gilgamesh+54","animator:Kuribayashi","animator:Megumin+10","animator:Eris","CurseOfTheBell","animator:Kazuma","animator:Lancer","animator:Vanir+1","animator:Darkness","animator:ZankiKiguchi+1","animator:ShinjiMatou","animator:Mitsurugi","animator:Envy","animator:ChaikaBohdan+1","animator:Archer","animator:Alexander+1","animator:Gillette+1","animator:Kazuma+1","animator:Mitsurugi+1","animator:HigakiRinne+1","animator:Hitei+1"],"relics":["animator:LivingPicture","animator:TheMissingPiece","animator:Buoy","Golden Idol","Pear","Juzu Bracelet","Blood Vial","HornCleat","Bottled Flame","Ice Cream","Calling Bell","Bronze Scales","CloakClasp","Calipers","Red Mask","Toy Ornithopter","MawBank","Toxic Egg 2","WingedGreaves","animator:ShionDessert","DollysMirror","Happy Flower","Regal Pillow","animator:BattleDrones","StoneCalendar"],"acts_visited":["Exordium","TheCity","TheBeyond"],"potions_floor_usage":[50,50],"damage_taken":[{"damage":5.0,"enemies":"Jaw Worm","floor":1.0,"turns":4.0},{"damage":53.0,"enemies":"Gremlin Nob","floor":7.0,"turns":6.0},{"damage":4.0,"enemies":"2 Louse","floor":10.0,"turns":2.0},{"damage":54.0,"enemies":"Slime Boss","floor":16.0,"turns":15.0},{"damage":6.0,"enemies":"3 Byrds","floor":18.0,"turns":4.0},{"damage":8.0,"enemies":"Shell Parasite","floor":19.0,"turns":4.0},{"damage":15.0,"enemies":"Masked Bandits","floor":20.0,"turns":4.0},{"damage":4.0,"enemies":"Snecko","floor":22.0,"turns":6.0},{"damage":11.0,"enemies":"animator:HornedBat","floor":23.0,"turns":9.0},{"damage":70.0,"enemies":"Gremlin Leader","floor":27.0,"turns":6.0},{"damage":2.0,"enemies":"Collector","floor":33.0,"turns":6.0},{"damage":0.0,"enemies":"Orb Walker","floor":35.0,"turns":1.0},{"damage":10.0,"enemies":"3 Shapes","floor":38.0,"turns":3.0},{"damage":35,"enemies":"Transient","floor":39,"turns":5},{"damage":6,"enemies":"Jaw Worm Horde","floor":41,"turns":5},{"damage":13,"enemies":"4 Shapes","floor":44,"turns":2},{"damage":0,"enemies":"Writhing Mass","floor":47,"turns":1},{"damage":82,"enemies":"Awakened One","floor":50,"turns":11}],"seed_played":"2426987977210871946","potions_obtained":[{"floor":1.0,"key":"CultistPotion"},{"floor":16.0,"key":"Block Potion"},{"floor":18.0,"key":"LiquidMemories"},{"floor":22.0,"key":"Ancient Potion"},{"floor":23.0,"key":"BlessingOfTheForge"},{"floor":35.0,"key":"Regen Potion"},{"floor":36.0,"key":"PowerPotion"}],"is_trial":false,"path_per_floor":["M","?","?","?","$","R","E","T","T","M","R","?","$","?","R","B",null,"M","M","?","$","M","E","R","T","T","E","?","$","R","?","R","B",null,"M","?","$","M","M","R","M","?","T","M","?","$","M","$","R","B",null],"character_chosen":"THE_ANIMATOR","items_purchased":["Juzu Bracelet","animator:Megumin","Toy Ornithopter","animator:Darkness","DollysMirror","animator:Archer","animator:Gilgamesh","animator:BattleDrones","animator:HigakiRinne+1","CultistPotion","StoneCalendar"],"campfire_rested":7,"item_purchase_floors":[5,13,21,21,37,37,46,46,46,46,48],"current_hp_per_floor":[61,61,71,60,60,76,24,24,24,22,45,38,38,35,58,6,77,71,65,55,55,56,52,75,75,75,17,17,17,40,40,40,40,77,77,77,77,67,34,57,53,53,53,42,42,42,45,45,78,15],"gold":97,"neow_bonus":"RANDOM_COMMON_RELIC","is_daily":false,"chose_seed":false,"campfire_upgraded":1,"win_rate":0.0,"timestamp":1612321604,"path_taken":["M","?","?","?","?","R","E","?","T","M","R","?","$","?","R","BOSS","M","M","?","$","M","E","R","?","T","E","?","?","R","?","R","BOSS","M","?","?","M","M","R","M","?","T","M","?","$","M","?","R","BOSS"],"items_purchased_type":["Relic","Card","Relic","Card","Relic","Card","Card","Relic","Card","Potion","Relic"],"build_version":"2020-12-22","purchased_purges":0,"victory":true,"max_hp_per_floor":[66,66,76,76,76,76,77,77,77,77,77,77,77,77,77,77,77,77,77,77,77,77,77,77,77,77,77,77,77,77,77,77,77,77,77,77,77,77,77,77,77,77,77,77,77,77,78,78,78,78],"card_choices":[{"not_picked":["animator:UneriGinkaku","animator:Berserker"],"picked":"animator:Lancer","floor":1.0},{"not_picked":["animator:Chris","animator:RoyMustang"],"picked":"animator:Gilgamesh","floor":7.0},{"not_picked":["animator:Souei","animator:ShinjiMatou"],"picked":"animator:Kuribayashi","floor":10.0},{"not_picked":["animator:HigakiRinne","animator:Boros"],"picked":"animator:Eris","floor":16.0},{"not_picked":["animator:Vanir","animator:Verdia"],"picked":"animator:Kazuma","floor":18.0},{"not_picked":["animator:Souei","animator:Fredrika"],"picked":"animator:Lancer","floor":19.0},{"not_picked":["animator:Melzalgald","animator:Bozes+1"],"picked":"animator:Vanir+1","floor":20.0},{"not_picked":["animator:Tyuule","animator:Vanir"],"picked":"animator:ZankiKiguchi+1","floor":22.0},{"not_picked":["animator:Rider","animator:MetalKnight"],"picked":"animator:ShinjiMatou","floor":23.0},{"not_picked":["animator:Chris","animator:Aqua+1"],"picked":"animator:Mitsurugi","floor":27.0},{"not_picked":["animator:Father+1","animator:Greed"],"picked":"animator:Envy","floor":33.0},{"not_picked":["animator:Guy+1","animator:Geryuganshoop+1"],"picked":"animator:ChaikaBohdan+1","floor":35.0},{"not_picked":["animator:Lancer","animator:Caster+1"],"picked":"animator:Alexander+1","floor":38.0},{"not_picked":["animator:Sloth","animator:LeleiLaLalena+1"],"picked":"animator:Gillette+1","floor":39},{"not_picked":["animator:Darkness","animator:Mitsurugi"],"picked":"animator:Kazuma+1","floor":41},{"not_picked":["animator:Kazuma+1","animator:LeleiLaLalena+1"],"picked":"animator:Mitsurugi+1","floor":44},{"not_picked":["animator:Pride+1","animator:Illya+1"],"picked":"animator:Hitei+1","floor":47}],"player_experience":363314,"relics_obtained":[{"floor":7.0,"key":"Blood Vial"},{"floor":8.0,"key":"HornCleat"},{"floor":9.0,"key":"Bottled Flame"},{"floor":17.0,"key":"Bronze Scales"},{"floor":17.0,"key":"CloakClasp"},{"floor":17.0,"key":"Calipers"},{"floor":20.0,"key":"Red Mask"},{"floor":23.0,"key":"MawBank"},{"floor":25.0,"key":"Toxic Egg 2"},{"floor":26.0,"key":"WingedGreaves"},{"floor":27.0,"key":"animator:ShionDessert"},{"floor":43,"key":"Happy Flower"}],"event_choices":[{"damage_healed":0.0,"max_hp_gain":0.0,"max_hp_loss":0.0,"gold_gain":0.0,"event_name":"Golden Idol","player_choice":"Take Wound","floor":2.0,"gold_loss":0.0,"damage_taken":0.0,"relics_obtained":["Golden Idol"],"cards_obtained":["Injury"]},{"damage_healed":0.0,"max_hp_gain":0.0,"max_hp_loss":0.0,"gold_gain":0.0,"event_name":"Big Fish","player_choice":"Box","floor":3.0,"gold_loss":0.0,"damage_taken":0.0,"relics_obtained":["Pear"],"cards_obtained":["Regret"]},{"damage_healed":0.0,"max_hp_gain":0.0,"max_hp_loss":0.0,"gold_gain":75.0,"event_name":"World of Goop","player_choice":"Gather Gold","floor":4.0,"gold_loss":0.0,"damage_taken":11.0},{"cards_removed":["Regret"],"damage_healed":0.0,"max_hp_gain":0.0,"max_hp_loss":0.0,"gold_gain":0.0,"event_name":"Golden Wing","player_choice":"Card Removal","floor":12.0,"gold_loss":0.0,"damage_taken":7.0},{"damage_healed":0.0,"max_hp_gain":0.0,"max_hp_loss":0.0,"gold_gain":0.0,"event_name":"Scrap Ooze","player_choice":"Success","floor":14.0,"gold_loss":0.0,"damage_taken":3.0,"relics_obtained":["Ice Cream"]},{"damage_healed":0.0,"max_hp_gain":0.0,"max_hp_loss":0.0,"gold_gain":0.0,"event_name":"Masked Bandits","player_choice":"Fought Bandits","floor":20.0,"gold_loss":0.0,"damage_taken":0.0},{"cards_removed":["Injury"],"damage_healed":0.0,"max_hp_gain":0.0,"max_hp_loss":0.0,"gold_gain":0.0,"event_name":"The Cursed Forest","player_choice":"Removed","floor":28.0,"gold_loss":0.0,"damage_taken":0.0},{"damage_healed":0.0,"max_hp_gain":0.0,"max_hp_loss":0.0,"gold_gain":0.0,"event_name":"Duplicator","player_choice":"Copied","floor":31.0,"gold_loss":0.0,"damage_taken":0.0,"cards_obtained":["animator:Gilgamesh"]},{"damage_healed":0.0,"max_hp_gain":0.0,"max_hp_loss":0.0,"gold_gain":0.0,"event_name":"The Woman in Blue","player_choice":"Bought 1 Potion","floor":36.0,"gold_loss":0.0,"damage_taken":0.0},{"damage_healed":0,"gold_gain":222,"player_choice":"Wore Mask","damage_taken":0,"max_hp_gain":0,"max_hp_loss":0,"event_name":"Tomb of Lord Red Mask","floor":42,"gold_loss":0},{"damage_healed":0,"gold_gain":0,"player_choice":"Gave Potion","damage_taken":0,"relics_obtained":["Regal Pillow"],"max_hp_gain":0,"max_hp_loss":0,"event_name":"WeMeetAgain","floor":45,"gold_loss":0}],"is_beta":false,"boss_relics":[{"not_picked":["Empty Cage","Pandora\u0027s Box"],"picked":"Calling Bell"},{"not_picked":["Runic Dome","Busted Crown","Fusion Hammer"]}],"items_purged_floors":[],"is_endless":false,"potions_floor_spawned":[1,16,18,22,23,35,38,39],"ascension_level":0}}