{"host":"ijtyqc57s6c9mbij","time":1612324681,"event":{"mods":["BaseMod","Colored Map","Downfall","Minty Spire (QoL Compilation)","StSLib"],"gold_per_floor":[0,14,14,30,48,48,97,97,129,140,40,58,71,521,534,638,638,538,555,755,755,769,85,85,119,119,147,162,62,77,177,195,296,296,296,309,194,212,212,212,212,239,259,285,285,300,300,300,319,319,319,351,16,16,16,16,16,16],"floor_reached":56,"language":"ENG","playtime":4490,"items_purged":["downfall:Malfunctioning","Regret"],"score":935,"play_id":"dfc62b0c-f674-44a1-9b4e-870b3a37f6e4","local_time":"20210202195801","is_ascension_mode":true,"campfire_choices":[{"floor":1,"key":"RECALL"},{"data":"Guardian:DonusPower","floor":8,"key":"SMITH"},{"data":"Guardian:SphericShield","floor":35,"key":"SMITH"},{"data":"Guardian:PrismaticBeam","floor":45,"key":"SMITH"},{"data":"Guardian:MultiBeam","floor":47,"key":"SMITH"},{"data":"expansioncontent:Chronoboost","floor":54,"key":"SMITH"}],"circlet_count":0,"master_deck":["Guardian:Strike_Guardian","Guardian:Strike_Guardian+1","Guardian:Strike_Guardian","Guardian:Strike_Guardian+1","Guardian:Defend_Guardian","Guardian:Defend_Guardian","Guardian:Defend_Guardian","Guardian:Defend_Guardian+1","Guardian:CurlUp+1","Guardian:TwinSlam+1","Guardian:DonusPower+1","Guardian:DecasProtection","Guardian:Clone","Guardian:EvasiveProtocol","Guardian:BodySlam","Guardian:BronzeOrb","downfall:Icky","downfall:Icky","downfall:Icky","Guardian:PiercingHide","Guardian:BaubleBeam","Guardian:PrimingBeam","downfall:Haunted","Guardian:Clone","Guardian:MultiBeam+1","Guardian:EvasiveProtocol","Guardian:EvasiveProtocol","Guardian:RollAttack","downfall:Haunted","downfall:Haunted","Injury","Guardian:GemFinder","Shame","Guardian:SphericShield+1","Guardian:PrimingBeam+1","Guardian:RollAttack","Guardian:DecasProtection","expansioncontent:AwakenDeath","expansioncontent:InvincibleStrength","expansioncontent:Chronoboost+1","Guardian:RollAttack+1","Guardian:PrismaticBeam+1","Guardian:FloatingOrbs+1","Guardian:CrystalBeam+1","Doubt","Guardian:Reroute","Guardian:CrystalBeam+1","Guardian:PiercingHide+1"],"relics":["Guardian:ModeShifter","Torii","hexamod:BolsterEngine","Guardian:PickAxe","downfall:HeartBlessingRed","Guardian:StasisSlotReductionRelic","downfall:HeartBlessingGreen","Guardian:DefensiveModeMoreBlock","bronze:DonusWashers","Juzu Bracelet","Potion Belt","War Paint","downfall:HeartBlessingBlue","Du-Vu Doll","Coffee Dripper","Toxic Egg 2","hexamod:Sixitude","StoneCalendar","Pear","InkBottle"],"acts_visited":["Exordium","TheCity","TheBeyond","TheEnding"],"potions_floor_usage":[9,16,23,25,27,28,33,50,55,55,56,56,56],"damage_taken":[{"damage":2,"enemies":"Small Slimes","floor":2,"turns":5},{"damage":7,"enemies":"Jaw Worm","floor":4,"turns":4},{"damage":12,"enemies":"Cultist","floor":5,"turns":5},{"damage":13,"enemies":"Lagavulin","floor":9,"turns":7},{"damage":8,"enemies":"Large Slime","floor":10,"turns":8},{"damage":10,"enemies":"Exordium Wildlife","floor":12,"turns":5},{"damage":8,"enemies":"Red Slaver","floor":13,"turns":2},{"damage":0,"enemies":"2 Fungi Beasts","floor":15,"turns":2},{"damage":11,"enemies":"IC_STATUS_ARCHETYPE","floor":16,"turns":8},{"damage":7,"enemies":"3 Byrds","floor":19,"turns":5},{"damage":11,"enemies":"Centurion and Healer","floor":22,"turns":8},{"damage":2,"enemies":"downfall:FleeingMerchant","floor":23,"turns":4},{"damage":1,"enemies":"Slavers","floor":25,"turns":8},{"damage":18,"enemies":"Gremlin Leader","floor":27,"turns":6},{"damage":1,"enemies":"Shelled Parasite and Fungi","floor":28,"turns":6},{"damage":7,"enemies":"Sentry and Sphere","floor":30,"turns":6},{"damage":0,"enemies":"Centurion and Healer","floor":32,"turns":1},{"damage":28,"enemies":"SI_MIRROR_ARCHETYPE","floor":33,"turns":9},{"damage":2,"enemies":"Orb Walker","floor":36,"turns":5},{"damage":0,"enemies":"downfall:FleeingMerchant","floor":37,"turns":4},{"damage":0,"enemies":"3 Darklings","floor":38,"turns":5},{"damage":14,"enemies":"Nemesis","floor":42,"turns":5},{"damage":0,"enemies":"Writhing Mass","floor":43,"turns":5},{"damage":50,"enemies":"Giant Head","floor":44,"turns":8},{"damage":0,"enemies":"Sphere and 2 Shapes","floor":46,"turns":3},{"damage":8,"enemies":"4 Shapes","floor":49,"turns":4},{"damage":53,"enemies":"DF_ARCHETYPE_ORBS","floor":50,"turns":8},{"damage":43,"enemies":"downfall:CharBossMerchant","floor":52,"turns":8},{"damage":65,"enemies":"downfall:NeowBoss","floor":55,"turns":11},{"damage":23,"enemies":"downfall:NeowBossFinal","floor":56,"turns":6}],"seed_played":"-809823762381279722","potions_obtained":[{"floor":4,"key":"PowerPotion"},{"floor":5,"key":"PowerPotion"},{"floor":6,"key":"Guardian:DefensiveModePotion"},{"floor":10,"key":"Fire Potion"},{"floor":16,"key":"FearPotion"},{"floor":25,"key":"Guardian:AcceleratePotion"},{"floor":26,"key":"CultistPotion"},{"floor":28,"key":"ColorlessPotion"},{"floor":30,"key":"Fire Potion"},{"floor":42,"key":"Dexterity Potion"},{"floor":44,"key":"DistilledChaos"},{"floor":46,"key":"Dexterity Potion"},{"floor":52,"key":"hexamod:SoulburnPotion"}],"is_trial":false,"path_per_floor":["R","M","?","M","M","?","T","R","E","M","R","M","M","?","M","B",null,"R","M","?","?","M","$","T","E","?","E","M","R","M","?","M","B",null,"R","M","$","M","?","?","T","E","M","E","R","M","R","?","M","B",null,"E","$","R","B","B"],"character_chosen":"GUARDIAN","items_purchased":["Guardian:DefensiveModeMoreBlock","bronze:DonusWashers","Guardian:EvasiveProtocol","Guardian:DefensiveModePotion","Juzu Bracelet","InkBottle","Guardian:PiercingHide+1","Guardian:Gem_White"],"campfire_rested":0,"item_purchase_floors":[23,23,23,23,23,53,53,53],"current_hp_per_floor":[80,78,78,71,59,59,59,59,46,38,38,28,20,20,20,9,80,80,73,73,73,62,60,60,59,59,41,40,50,43,48,48,20,95,95,93,93,93,93,83,83,69,69,19,19,19,19,95,87,34,95,62,62,62,20,0,0,0],"gold":16,"neow_bonus":"ONE_RARE_RELIC","is_daily":false,"chose_seed":false,"campfire_upgraded":5,"win_rate":0.0,"timestamp":1612324681,"path_taken":["R","M","?","M","M","?","T","R","E","M","R","?","M","?","M","BOSS","R","M","?","?","M","$","T","E","?","E","M","R","M","?","M","BOSS","R","M","$","M","?","?","T","E","M","E","R","M","R","?","M","BOSS","E","$","R","BOSS","BOSS"],"items_purchased_type":["Relic","Relic","Card","Potion","Relic","Relic","Card","Card"],"build_version":"2020-12-22","purchased_purges":2,"victory":false,"max_hp_per_floor":[80,80,80,80,80,80,80,80,80,80,80,80,80,80,80,80,80,80,80,80,80,80,80,80,80,80,80,80,90,90,95,95,95,95,95,95,95,95,95,95,95,95,95,95,95,95,95,95,95,95,95,105,105,105,105,105,105,105],"card_choices":[{"not_picked":["Guardian:Incinerate","Guardian:PrismaticBeam"],"picked":"Guardian:DonusPower","floor":2},{"not_picked":["Guardian:Recover","Guardian:TemporalShield"],"picked":"Guardian:DecasProtection","floor":4},{"not_picked":["Guardian:DonusPower","Guardian:PiercingHide"],"picked":"Guardian:Clone","floor":5},{"not_picked":["Guardian:BodySlam","Guardian:Gem_Cyan"],"picked":"Guardian:EvasiveProtocol","floor":9},{"not_picked":["Guardian:Reroute","Guardian:Suspension"],"picked":"Guardian:BodySlam","floor":10},{"not_picked":["Guardian:SpikerProtocol","Guardian:FloatingOrbs"],"picked":"Guardian:BronzeOrb","floor":12},{"not_picked":["Guardian:Gem_Purple","Guardian:TemporalStrike"],"picked":"Guardian:Gem_Fragmented","floor":13},{"not_picked":["Guardian:PrimingBeam","Guardian:GemFire"],"picked":"Guardian:PiercingHide","floor":15},{"not_picked":["Guardian:FierceBash","Guardian:FastForward"],"picked":"Guardian:BaubleBeam","floor":16},{"not_picked":["Guardian:Reroute+1","Guardian:Orbwalk"],"picked":"Guardian:PrimingBeam","floor":19},{"not_picked":["Guardian:Recover","Guardian:TemporalShield+1"],"picked":"Guardian:Gem_Yellow","floor":22},{"not_picked":["Guardian:PiercingHide","Guardian:Planning+1"],"picked":"Guardian:MultiBeam","floor":23},{"not_picked":["Guardian:BodySlam","Guardian:PrimingBeam+1"],"picked":"Guardian:EvasiveProtocol","floor":25},{"not_picked":["Guardian:Incinerate+1","Guardian:Emergency"],"picked":"Guardian:RollAttack","floor":27},{"not_picked":["Guardian:VentSteam","Guardian:HyperBeam_Guardian"],"picked":"Guardian:Gem_Green","floor":28},{"not_picked":["Guardian:Recover","Guardian:TemporalStrike"],"picked":"Guardian:Gem_Cyan","floor":30},{"not_picked":["Guardian:FuturePlans","Guardian:Planning","Guardian:BronzeOrb"],"picked":"SKIP","floor":32},{"not_picked":["Guardian:Gem_Green","Guardian:Gem_Lightblue"],"picked":"Guardian:Gem_Red","floor":33},{"not_picked":["Guardian:FierceBash","Guardian:HyperBeam_Guardian"],"picked":"Guardian:SphericShield","floor":33},{"not_picked":["Guardian:Gem_Cyan","Guardian:Gem_Lightblue"],"picked":"Guardian:Gem_Red","floor":36},{"not_picked":["Guardian:FuturePlans","Guardian:GuardianWhirl+1"],"picked":"Guardian:PrimingBeam+1","floor":36},{"not_picked":["Guardian:Planning+1","Guardian:Gem_Blue"],"picked":"Guardian:RollAttack","floor":37},{"not_picked":["Guardian:Gem_Green","Guardian:Gem_Lightblue"],"picked":"Guardian:Gem_Red","floor":38},{"not_picked":["Guardian:BodySlam+1","Guardian:EvasiveProtocol+1"],"picked":"Guardian:DecasProtection","floor":38},{"not_picked":["expansioncontent:LastStand","expansioncontent:Hexaburn"],"picked":"expansioncontent:AwakenDeath","floor":40},{"not_picked":["expansioncontent:YouAreMine","expansioncontent:AwakenDeath"],"picked":"expansioncontent:InvincibleStrength","floor":40},{"not_picked":["expansioncontent:HyperBeam","expansioncontent:AwakenDeath"],"picked":"expansioncontent:Chronoboost","floor":40},{"not_picked":["Guardian:ShieldCharger+1","Guardian:PrimingBeam+1"],"picked":"Guardian:RollAttack+1","floor":42},{"not_picked":["Guardian:Reroute","Guardian:Planning+1"],"picked":"Guardian:PrismaticBeam","floor":43},{"not_picked":["Guardian:Suspension+1","Guardian:Gem_Green"],"picked":"Guardian:FloatingOrbs+1","floor":44},{"not_picked":["Guardian:RefractedBeam","Guardian:BodySlam+1"],"picked":"Guardian:CrystalBeam+1","floor":46},{"not_picked":["Guardian:Gem_Lightblue","Guardian:Gem_Green"],"picked":"Guardian:Gem_Cyan","floor":49},{"not_picked":["Guardian:ChargeCore","Guardian:RevengeProtocol"],"picked":"Guardian:Reroute","floor":49},{"not_picked":["Guardian:PolyBeam+1","Guardian:Gem_White"],"picked":"Guardian:CrystalBeam+1","floor":52}],"player_experience":956407,"relics_obtained":[{"floor":7,"key":"hexamod:BolsterEngine"},{"floor":9,"key":"Guardian:PickAxe"},{"floor":25,"key":"Potion Belt"},{"floor":27,"key":"War Paint"},{"floor":41,"key":"Toxic Egg 2"},{"floor":42,"key":"hexamod:Sixitude"},{"floor":44,"key":"StoneCalendar"},{"floor":52,"key":"Pear"}],"event_choices":[{"damage_healed":0,"gold_gain":0,"player_choice":"Got Potions","damage_taken":0,"max_hp_gain":0,"max_hp_loss":0,"event_name":"Lab","floor":6,"gold_loss":0},{"cards_removed":["Guardian:Gem_Red"],"damage_healed":0,"gold_gain":0,"player_choice":"Removed Skill","damage_taken":0,"max_hp_gain":0,"max_hp_loss":0,"event_name":"Falling","floor":39,"gold_loss":0}],"is_beta":false,"boss_relics":[{"not_picked":["Runic Dome","Cursed Key"],"picked":"Guardian:StasisSlotReductionRelic"},{"not_picked":["Black Star","Sozu"],"picked":"Coffee Dripper"}],"items_purged_floors":[23,37],"is_endless":false,"potions_floor_spawned":[4,5,10,13,16,25,28,30,42,44,46,49,52],"killed_by":"downfall:NeowBossFinal","ascension_level":1}}