{"host":"suiwkanob7hjg5qv","time":1612381430,"event":{"mods":["Act Like it!","Aspiration","BaseMod","Conspire","Elementarium","Hermit","Hero for Fun","Hubris","Infinite Spire","Jorbs\u0027s Wanderer Trilogy","Marisa????????","Menagerie","Minty Spire (QoL Compilation)","Replay The Spire","Spicy Shops","StSLib","The Bladedancer","The Blue Laboratory","The Cursed","The Elementalist","The Poker Player","The Valiant","Uncapped"],"gold_per_floor":[119,136,136,91,91,107,138,138,192,223,239,263,263,115,115,240,240,260,19,37,50,71,71,71],"floor_reached":23,"language":"ENG","playtime":1685,"items_purged":[],"score":228,"play_id":"f408c62c-39d7-403f-b85f-127aea69d0fa","local_time":"20210203144350","is_ascension_mode":false,"campfire_choices":[{"data":"Menagerie:WallOfBlossoms","floor":15,"key":"SMITH"}],"circlet_count":0,"master_deck":["Strike_MRS","Strike_MRS","Strike_MRS","Strike_MRS","Defend_MRS","Defend_MRS","Defend_MRS","Defend_MRS","MasterSpark+1","UpSweep","SuperPerseids","MilkyWay+1","MachineGunSpark","Menagerie:WallOfBlossoms+1","Pot Of Greed","Pot Of Greed","ManaRampage","StarlightTyphoon+1","MilkyWay+1"],"relics":["MiniHakkero","Golden Idol","Smiling Mask","infinitespire:Beetle Shell","Potion Belt","hubris:Icosahedron","Grinning Jar","aspiration:PoetsPen_weak","Golden Egg"],"acts_visited":["Exordium","Menagerie:Menagerie"],"potions_floor_usage":[16,18],"damage_taken":[{"damage":1,"enemies":"Menagerie:MonstrousExperiment","floor":1,"turns":3},{"damage":9,"enemies":"Menagerie:WhisperingWraith","floor":2,"turns":3},{"damage":4,"enemies":"Menagerie:2_RABBITS","floor":6,"turns":3},{"damage":0,"enemies":"Menagerie:MaskedSummoner","floor":7,"turns":5},{"damage":6,"enemies":"Menagerie:Hydra","floor":10,"turns":5},{"damage":5,"enemies":"Menagerie:EntropyWarlock","floor":11,"turns":2},{"damage":1,"enemies":"Menagerie:BEAST_MAGE_AND_PROWLING_AMALGAM","floor":12,"turns":4},{"damage":25,"enemies":"Menagerie:Suneater","floor":16,"turns":8},{"damage":4,"enemies":"Elementarium:MUD_AND_TAR_GOLEMS","floor":18,"turns":3},{"damage":6,"enemies":"Elementarium:2_ELEMENTALS","floor":20,"turns":3},{"damage":3,"enemies":"Elementarium:RubyGolem","floor":21,"turns":2},{"damage":24,"enemies":"Elementarium:VoidBeast","floor":22,"turns":3},{"damage":36,"enemies":"Nightmare","floor":23,"turns":5}],"seed_played":"472101627142589500","potions_obtained":[{"floor":2,"key":"SpeedPotion"},{"floor":7,"key":"GamblersBrew"},{"floor":10,"key":"ColorlessPotion"},{"floor":11,"key":"Energy Potion"},{"floor":16,"key":"conspire:TimeTravelPotion"},{"floor":18,"key":"blueLaboratory:NullPotion"},{"floor":20,"key":"SkillPotion"},{"floor":22,"key":"BlessingOfTheForge"}],"is_trial":false,"path_per_floor":["M","M","?","$","?","M","E","?","T","E","M","M","?","$","R","B",null,"M","$","M","M","M","NM"],"character_chosen":"MARISA","items_purchased":["MilkyWay","Grinning Jar","Golden Egg"],"campfire_rested":0,"item_purchase_floors":[4,14,19],"current_hp_per_floor":[74,65,65,65,65,61,61,61,61,55,50,49,49,49,49,24,69,65,65,59,56,32,0,0],"gold":71,"neow_bonus":"UPGRADE_CARD","is_daily":false,"chose_seed":false,"campfire_upgraded":1,"win_rate":0.0,"timestamp":1612381430,"path_taken":["M","M","?","?","?","M","E","?","T","E","M","M","?","$","R","BOSS","M","$","?","?","M","NM"],"items_purchased_type":["Card","Relic","Relic"],"build_version":"2020-12-22","purchased_purges":0,"victory":false,"max_hp_per_floor":[75,75,69,69,69,69,69,69,69,69,69,69,69,69,69,69,69,69,69,69,69,69,69,69],"card_choices":[{"not_picked":["GalacticHalo","Acceleration"],"picked":"SuperPerseids","floor":1},{"not_picked":["WitchOfGreed","RefractionSpark","DC"],"picked":"SKIP","floor":2},{"not_picked":["RefractionSpark","SporeBomb","GalacticHalo"],"picked":"SKIP","floor":6},{"not_picked":["OrrerysSun","SuperPerseids"],"picked":"MachineGunSpark","floor":7},{"not_picked":["Menagerie:Skullclamp","Menagerie:RelicOfProgenitus"],"picked":"Menagerie:WallOfBlossoms","floor":8},{"not_picked":["ChargingUp","Acceleration","StarBarrage"],"picked":"SKIP","floor":10},{"not_picked":["ManaConvection","PropBag","UnstableBomb"],"picked":"SKIP","floor":11},{"not_picked":["LuminesStrike","WitchOfGreed","SuperPerseids"],"picked":"SKIP","floor":12},{"not_picked":["MaximisePower","BlazingStar"],"picked":"ManaRampage","floor":16},{"not_picked":["WitchOfGreed","GravityBeat","SprinkleStarSeal"],"picked":"SKIP","floor":18},{"not_picked":["UnstableBomb","IllusionStar","AsteroidBelt"],"picked":"SKIP","floor":20},{"not_picked":["LuminesStrike","GrandCross"],"picked":"StarlightTyphoon+1","floor":21},{"not_picked":["MysteriousBeam","GrandCross"],"picked":"MilkyWay+1","floor":22}],"player_experience":415670,"relics_obtained":[{"floor":7,"key":"Smiling Mask"},{"floor":9,"key":"infinitespire:Beetle Shell"},{"floor":10,"key":"Potion Belt"}],"event_choices":[{"damage_healed":0,"gold_gain":0,"player_choice":"Lose Max HP","damage_taken":0,"relics_obtained":["Golden Idol"],"max_hp_gain":0,"max_hp_loss":6,"event_name":"Golden Idol","floor":3,"gold_loss":0},{"damage_healed":0,"gold_gain":0,"player_choice":"Forge","damage_taken":0,"max_hp_gain":0,"max_hp_loss":0,"event_name":"Accursed Blacksmith","floor":5,"gold_loss":0,"cards_upgraded":["MilkyWay"]},{"damage_healed":0,"gold_gain":0,"player_choice":"Peek","damage_taken":0,"max_hp_gain":0,"max_hp_loss":0,"event_name":"Menagerie:OvergrownLibrary","floor":8,"gold_loss":0}],"is_beta":false,"boss_relics":[{"not_picked":["Ectoplasm","Cursed Key"],"picked":"aspiration:PoetsPen_weak"}],"items_purged_floors":[],"is_endless":false,"potions_floor_spawned":[2,7,10,11,16,18,20,22],"killed_by":"Nightmare","ascension_level":0}}