{"host":"jczpfntkj7lke2b5","time":1612311175,"event":{"mods":["2.2 Compatiblity","AchievementEnabler","BaseMod","Block Reminder","Card Forge","Colored Map","Colored Powertips","Highlight Path","Minty Spire (QoL Compilation)","Permanent Neow","Random Character Button","Random Character Mod","Rare Cards Sparkle","Relic Stats","Remove Card Discount Mod","Shop Mod","StSLib"],"gold_per_floor":[110,125,142,49139,49157,49186,49186,49216,49241,49241,49241,49241,49273,49288,49288,49386,49386,49399,49413,48327,48338,48350,48381,48399,48399,48451,47329,47341,47353,47381,46377,46377,46482,46482,46495,46513,46513,45867,45877,45877,45887,44941,44967,44984,44165,44200,44200,44234,44234,44234,44234,44234,43342,43374,43374],"floor_reached":56,"language":"ENG","playtime":4508,"items_purged":["Strike_P","Strike_P","Strike_P","Defend_P","Defend_P","Defend_P","Defend_P"],"score":1728,"play_id":"7094ed5b-e5e0-4ec3-8b9b-7baa4711f6b2","local_time":"20210203011255","is_ascension_mode":true,"campfire_choices":[{"data":"FlyingSleeves","floor":7,"key":"SMITH"},{"data":"Protect","floor":11,"key":"SMITH"},{"data":"Pray","floor":15,"key":"SMITH"},{"data":"Ragnarok","floor":25,"key":"SMITH"},{"data":"Master of Strategy","floor":32,"key":"SMITH"},{"floor":40,"key":"RECALL"},{"data":"Ragnarok","floor":47,"key":"SMITH"},{"data":"The Bomb","floor":49,"key":"SMITH"},{"data":"Pray","floor":52,"key":"SMITH"}],"circlet_count":0,"master_deck":["Eruption","Vigilance+1","CutThroughFate","Protect","Pray+1","Conclude","SashWhip","Protect+1","Vengeance","FlyingSleeves+1","FlurryOfBlows","BowlingBash","Ragnarok+1","Eruption","EmptyFist","Prostrate","Vault","WaveOfTheHand+1","Consecrate","Consecrate","TalkToTheHand","ThirdEye","Evaluate","LikeWater+1","Master of Strategy+1","Indignation+1","Halt+1","WreathOfFlame+1","ClearTheMind+1","ReachHeaven","SignatureMove","Sanctity","Crescendo","BattleHymn+1","Pray+1","Dark Shackles+1","Worship","Halt+1","WreathOfFlame+1","Ragnarok+1","EmptyFist","Sanctity","Apotheosis","Devotion+1","Devotion+1","Panache+1","SignatureMove+1","BattleHymn+1","FearNoEvil+1","Protect+1","FlurryOfBlows+1","BattleHymn+1","WheelKick+1","CrushJoints+1","TalkToTheHand","FlurryOfBlows","Pray+1","PathToVictory","Study+1","FlurryOfBlows+1","SashWhip+1","Consecrate","CarveReality","The Bomb+1","Evaluate","Adaptation+1","CutThroughFate+1","Devotion+1","PathToVictory","Meditate","CutThroughFate","FearNoEvil","Mayhem+1","PathToVictory+1","EmptyBody+1","Ragnarok","WaveOfTheHand","Protect","LikeWater+1","ThirdEye+1"],"relics":["HolyWater","Hammer of Thor","Seething Fire","Anvil of the Gods","Shuriken","Orichalcum","HandDrill","MerchantsRug","Bronze Scales","Damaru","GoldenEye","Frozen Egg 2","Mercury Hourglass","Potion Belt","Bottled Lightning","DollysMirror","Eternal Feather","HornCleat","Melange","Astrolabe","Centennial Puzzle","Orrery","Pantograph","Anchor","Sling","Akabeko","PreservedInsect","Medical Kit","Nunchaku","FossilizedHelix","Bag of Preparation","War Paint","ClockworkSouvenir","Pen Nib"],"acts_visited":["Exordium","TheCity","TheBeyond","TheEnding"],"potions_floor_usage":[16,16,16,33,33,33,33,50,50,50,50,50,55],"damage_taken":[{"damage":0,"enemies":"2 Louse","floor":1,"turns":3},{"damage":0,"enemies":"Cultist","floor":2,"turns":2},{"damage":0,"enemies":"Jaw Worm","floor":3,"turns":1},{"damage":0,"enemies":"Blue Slaver","floor":5,"turns":2},{"damage":3,"enemies":"Gremlin Nob","floor":6,"turns":3},{"damage":7,"enemies":"Lagavulin","floor":8,"turns":3},{"damage":18,"enemies":"Gremlin Nob","floor":13,"turns":3},{"damage":0,"enemies":"Exordium Wildlife","floor":14,"turns":3},{"damage":250,"enemies":"Hexaghost","floor":16,"turns":4},{"damage":0,"enemies":"Shell Parasite","floor":18,"turns":2},{"damage":0,"enemies":"Spheric Guardian","floor":19,"turns":3},{"damage":0,"enemies":"Centurion and Healer","floor":21,"turns":2},{"damage":0,"enemies":"Snecko","floor":22,"turns":2},{"damage":26,"enemies":"Slavers","floor":23,"turns":3},{"damage":0,"enemies":"Snake Plant","floor":24,"turns":1},{"damage":0,"enemies":"Shelled Parasite and Fungi","floor":28,"turns":2},{"damage":17,"enemies":"Chosen and Byrds","floor":29,"turns":3},{"damage":0,"enemies":"Gremlin Leader","floor":30,"turns":3},{"damage":0,"enemies":"Collector","floor":33,"turns":1},{"damage":0,"enemies":"3 Darklings","floor":35,"turns":3},{"damage":18,"enemies":"3 Shapes","floor":36,"turns":1},{"damage":0,"enemies":"Spire Growth","floor":39,"turns":2},{"damage":0,"enemies":"Jaw Worm Horde","floor":41,"turns":2},{"damage":0,"enemies":"Sphere and 2 Shapes","floor":44,"turns":2},{"damage":4,"enemies":"Nemesis","floor":46,"turns":3},{"damage":3,"enemies":"Giant Head","floor":48,"turns":3},{"damage":0,"enemies":"Awakened One","floor":50,"turns":4},{"damage":0,"enemies":"Shield and Spear","floor":54,"turns":2},{"damage":8,"enemies":"The Heart","floor":55,"turns":5}],"seed_played":"5531547323914659105","potions_obtained":[{"floor":2,"key":"Energy Potion"},{"floor":3,"key":"Energy Potion"},{"floor":14,"key":"BlessingOfTheForge"},{"floor":16,"key":"Weak Potion"},{"floor":18,"key":"PowerPotion"},{"floor":21,"key":"FearPotion"},{"floor":33,"key":"DistilledChaos"},{"floor":35,"key":"Regen Potion"},{"floor":36,"key":"Energy Potion"},{"floor":37,"key":"Dexterity Potion"},{"floor":39,"key":"Block Potion"}],"is_trial":false,"path_per_floor":["M","M","M","$","M","E","R","E","T","?","R","?","E","M","R","B",null,"M","M","$","M","M","E","M","R","T","$","M","M","E","$","R","B",null,"M","M","?","$","M","R","M","$","T","M","$","E","R","E","R","B",null,"R","$","E","B",null],"character_chosen":"WATCHER","items_purchased":["Shuriken","Orichalcum","HandDrill","Conclude","SashWhip","Protect","MerchantsRug","EssenceOfSteel","Fire Potion","PowerPotion","GoldenEye","Frozen Egg 2","Consecrate","TalkToTheHand","ThirdEye","Evaluate","LikeWater+1","Master of Strategy","EssenceOfSteel","Potion Belt","ReachHeaven","SignatureMove","Sanctity","Crescendo","BattleHymn+1","Bottled Lightning","DollysMirror","Dark Shackles","SneckoOil","DistilledChaos","HornCleat","Melange","Ragnarok","EmptyFist","Sanctity","MentalFortress+1","Apotheosis","Good Instincts","Centennial Puzzle","Block Potion","Block Potion","Orrery","TalkToTheHand","FlurryOfBlows","Pray","PathToVictory","Study+1","Pantograph","Anchor","Sling","Consecrate","CarveReality","The Bomb","Evaluate","Adaptation+1","PreservedInsect","Medical Kit","Devotion+1","PathToVictory","Meditate","CutThroughFate","FearNoEvil","Mayhem+1","Bag of Preparation","War Paint","ClockworkSouvenir","Fruit Juice","Energy Potion","Ragnarok","WaveOfTheHand","Protect","LikeWater+1"],"campfire_rested":0,"item_purchase_floors":[4,4,4,4,4,4,4,4,4,4,20,20,20,20,20,20,20,20,20,27,27,27,27,27,27,27,27,27,27,27,31,31,31,31,31,31,31,31,38,38,38,38,38,38,38,38,38,42,42,42,42,42,42,42,42,45,45,45,45,45,45,45,45,53,53,53,53,53,53,53,53,53],"current_hp_per_floor":[572,572,572,572,572,569,569,562,562,562,562,562,544,544,544,294,572,572,572,572,572,572,546,546,546,546,546,546,529,529,529,556,556,572,572,554,554,554,554,572,572,572,572,572,572,568,572,569,572,572,572,572,572,572,569],"gold":43374,"neow_bonus":"UPGRADE_CARD","is_daily":false,"chose_seed":false,"campfire_upgraded":8,"win_rate":0.0,"timestamp":1612311175,"path_taken":["M","M","M","$","M","E","R","E","T","?","R","?","E","M","R","BOSS","M","M","$","M","M","E","M","R","T","$","?","M","E","$","R","BOSS","M","M","?","$","M","R","M","?","T","M","$","E","R","E","R","BOSS","R","$","E","BOSS"],"items_purchased_type":["Relic","Relic","Relic","Card","Card","Card","Relic","Potion","Potion","Potion","Relic","Relic","Card","Card","Card","Card","Card","Card","Potion","Relic","Card","Card","Card","Card","Card","Relic","Relic","Card","Potion","Potion","Relic","Relic","Card","Card","Card","Card","Card","Card","Relic","Potion","Potion","Relic","Card","Card","Card","Card","Card","Relic","Relic","Relic","Card","Card","Card","Card","Card","Relic","Relic","Card","Card","Card","Card","Card","Card","Relic","Relic","Relic","Potion","Potion","Card","Card","Card","Card"],"build_version":"2020-12-13","purchased_purges":7,"victory":true,"max_hp_per_floor":[572,572,572,572,572,572,572,572,572,572,572,572,572,572,572,572,572,572,572,572,572,572,572,572,572,572,572,572,572,572,572,572,572,572,572,572,572,572,572,572,572,572,572,572,572,572,572,572,572,572,572,572,572,572,577],"relic_stats":{"counters":[29,72],"Astrolabe":["Devotion","Panache","SignatureMove"],"Melange":[0],"Eternal Feather":52,"PreservedInsect":240,"Pen Nib":[2],"Bag of Preparation":[4],"Orichalcum":[12],"War Paint":["Indignation","Dark Shackles"],"GoldenEye":[18],"Medical Kit":[0],"Mercury Hourglass":[156],"Centennial Puzzle":[9],"Nunchaku":[6],"Shuriken":[49],"Bronze Scales":[173],"Pantograph":0,"HandDrill":[40],"obtain_stats":[{"Melange":31,"Hammer of Thor":0,"Bag of Preparation":53,"Sling":42,"ClockworkSouvenir":53,"Centennial Puzzle":38,"Nunchaku":46,"HornCleat":31,"DollysMirror":27,"Pantograph":42,"HandDrill":4,"Potion Belt":27,"MerchantsRug":4,"Astrolabe":34,"Damaru":13,"Eternal Feather":30,"PreservedInsect":45,"Pen Nib":54,"Seething Fire":0,"Orichalcum":4,"Frozen Egg 2":20,"War Paint":53,"GoldenEye":20,"Medical Kit":45,"Akabeko":43,"Mercury Hourglass":23,"Anchor":42,"Anvil of the Gods":0,"Shuriken":4,"Bronze Scales":8,"HolyWater":17,"Orrery":38,"Bottled Lightning":27,"PureWater":0,"FossilizedHelix":48},{"Melange":18,"Hammer of Thor":0,"Bag of Preparation":27,"Sling":23,"ClockworkSouvenir":27,"Centennial Puzzle":21,"Nunchaku":25,"HornCleat":18,"DollysMirror":15,"Pantograph":23,"HandDrill":3,"Potion Belt":15,"MerchantsRug":3,"Astrolabe":19,"Damaru":7,"Eternal Feather":18,"PreservedInsect":24,"Pen Nib":28,"Seething Fire":0,"Orichalcum":3,"Frozen Egg 2":11,"War Paint":27,"GoldenEye":11,"Medical Kit":24,"Akabeko":23,"Mercury Hourglass":14,"Anchor":23,"Anvil of the Gods":0,"Shuriken":3,"Bronze Scales":6,"HolyWater":9,"Orrery":21,"Bottled Lightning":15,"PureWater":0,"FossilizedHelix":26},{"Melange":44,"Hammer of Thor":0,"Bag of Preparation":65,"Sling":53,"ClockworkSouvenir":65,"Centennial Puzzle":49,"Nunchaku":58,"HornCleat":44,"DollysMirror":37,"Pantograph":53,"HandDrill":6,"Potion Belt":37,"MerchantsRug":6,"Astrolabe":45,"Damaru":17,"Eternal Feather":44,"PreservedInsect":55,"Pen Nib":67,"Seething Fire":0,"Orichalcum":6,"Frozen Egg 2":29,"War Paint":65,"GoldenEye":29,"Medical Kit":55,"Akabeko":53,"Mercury Hourglass":36,"Anchor":53,"Anvil of the Gods":0,"Shuriken":6,"Bronze Scales":14,"HolyWater":24,"Orrery":49,"Bottled Lightning":37,"PureWater":0,"FossilizedHelix":61}]},"card_choices":[{"not_picked":["JustLucky","Meditate"],"picked":"CutThroughFate","floor":1},{"not_picked":["ThirdEye","Conclude"],"picked":"Protect","floor":2},{"not_picked":["FollowUp","Protect"],"picked":"Pray","floor":3},{"not_picked":["Collect","SignatureMove"],"picked":"Vengeance","floor":5},{"not_picked":["SashWhip","Swivel"],"picked":"FlyingSleeves","floor":6},{"not_picked":["Nirvana","Swivel"],"picked":"FlurryOfBlows","floor":8},{"not_picked":["Omniscience","Weave"],"picked":"EmptyFist","floor":13},{"not_picked":["Swivel","Vengeance"],"picked":"Prostrate","floor":14},{"not_picked":["Ragnarok","SpiritShield"],"picked":"Vault","floor":16},{"not_picked":["Meditate","FearNoEvil"],"picked":"WaveOfTheHand+1","floor":18},{"not_picked":["BowlingBash","Nirvana"],"picked":"Consecrate","floor":19},{"not_picked":["JustLucky","FlyingSleeves"],"picked":"Indignation","floor":21},{"not_picked":["Crescendo","Prostrate"],"picked":"Halt+1","floor":22},{"not_picked":["Consecrate","ThirdEye"],"picked":"WreathOfFlame+1","floor":23},{"not_picked":["Evaluate","FlurryOfBlows+1"],"picked":"ClearTheMind+1","floor":24},{"not_picked":["CrushJoints","Wireheading+1"],"picked":"Worship","floor":28},{"not_picked":["Consecrate","SashWhip"],"picked":"Halt+1","floor":29},{"not_picked":["WaveOfTheHand","SashWhip"],"picked":"WreathOfFlame+1","floor":30},{"not_picked":["Judgement","Ragnarok"],"picked":"Devotion+1","floor":33},{"not_picked":["ThirdEye+1","Swivel"],"picked":"BattleHymn+1","floor":35},{"not_picked":["ClearTheMind","JustLucky+1"],"picked":"FearNoEvil+1","floor":36},{"not_picked":["Ragnarok","ThirdEye+1"],"picked":"Protect+1","floor":38},{"not_picked":["ClearTheMind","BowlingBash"],"picked":"FlurryOfBlows+1","floor":38},{"not_picked":["Tantrum","WindmillStrike"],"picked":"BattleHymn+1","floor":38},{"not_picked":["Evaluate","Adaptation+1"],"picked":"WheelKick+1","floor":38},{"not_picked":["EmptyBody","Perseverance"],"picked":"CrushJoints+1","floor":38},{"not_picked":["FlyingSleeves","SpiritShield"],"picked":"FlurryOfBlows+1","floor":39},{"not_picked":["CutThroughFate+1","EmptyFist+1"],"picked":"SashWhip+1","floor":41},{"not_picked":["PathToVictory","Prostrate"],"picked":"CutThroughFate+1","floor":44},{"not_picked":["SashWhip+1","LikeWater+1"],"picked":"PathToVictory+1","floor":46},{"not_picked":["CrushJoints","BowlingBash+1"],"picked":"EmptyBody+1","floor":48},{"not_picked":["FlurryOfBlows","LessonLearned"],"picked":"ThirdEye+1","floor":54}],"player_experience":92192,"relics_obtained":[{"floor":8,"key":"Bronze Scales"},{"floor":13,"key":"Damaru"},{"floor":23,"key":"Mercury Hourglass"},{"floor":30,"key":"Eternal Feather"},{"floor":43,"key":"Akabeko"},{"floor":46,"key":"Nunchaku"},{"floor":48,"key":"FossilizedHelix"},{"floor":54,"key":"Pen Nib"}],"event_choices":[{"damage_healed":0,"gold_gain":0,"cards_transformed":["Strike_P"],"player_choice":"Change","damage_taken":0,"max_hp_gain":0,"max_hp_loss":0,"event_name":"Living Wall","floor":10,"gold_loss":0,"cards_obtained":["BowlingBash"]},{"damage_healed":0,"gold_gain":0,"player_choice":"3 cards matched","damage_taken":0,"max_hp_gain":0,"max_hp_loss":0,"event_name":"Match and Keep!","floor":12,"gold_loss":0,"cards_obtained":["Ragnarok","Eruption","JustLucky"]},{"damage_healed":0,"gold_gain":0,"player_choice":"Got Potions","damage_taken":0,"max_hp_gain":0,"max_hp_loss":0,"event_name":"Lab","floor":37,"gold_loss":0}],"is_beta":false,"boss_relics":[{"not_picked":["Coffee Dripper","Busted Crown"],"picked":"HolyWater"},{"not_picked":["Sozu","Runic Dome"],"picked":"Astrolabe"}],"items_purged_floors":[20,20,20,20,20,20,20],"is_endless":false,"potions_floor_spawned":[2,3,8,14,16,18,21,23,33,35,36,39,46],"ascension_level":2}}