{"host":"u8gwyxapu65l7nuk","time":1612336518,"event":{"mods":["BaseMod","Custom Start","Minty Spire (QoL Compilation)","StSLib"],"gold_per_floor":[115,215,232,232,232,232,247,273,273,287,74,87,87,113,113,216,216,232,247,265,278,291,291,291],"floor_reached":23,"language":"ENG","playtime":738,"items_purged":[],"score":215,"play_id":"726314dc-2c44-4fb8-867c-8019a2e4ae79","local_time":"20210203151518","is_ascension_mode":true,"campfire_choices":[{"data":"Iron Wave","floor":6,"key":"SMITH"},{"data":"Cleave","floor":15,"key":"SMITH"}],"circlet_count":0,"master_deck":["Strike_R","Strike_R","Strike_R","Strike_R","Strike_R","Defend_R","Defend_R","Defend_R","Defend_R","Bash","Iron Wave+1","Cleave+1","Shrug It Off","Heavy Blade","Burning Pact+1","Carnage","Pommel Strike","Warcry","Limit Break","Flex","Sword Boomerang","Twin Strike","Pummel","Cleave+1"],"relics":["Burning Blood","Red Skull","Meat on the Bone","OrangePellets","Bottled Lightning","Black Star"],"acts_visited":["Exordium","TheCity"],"potions_floor_usage":[8,14,14,18,22,23],"damage_taken":[{"damage":4,"enemies":"2 Louse","floor":1,"turns":3},{"damage":5,"enemies":"Cultist","floor":3,"turns":4},{"damage":0,"enemies":"Small Slimes","floor":7,"turns":3},{"damage":54,"enemies":"Lagavulin","floor":8,"turns":8},{"damage":15,"enemies":"2 Fungi Beasts","floor":10,"turns":3},{"damage":13,"enemies":"Lots of Slimes","floor":12,"turns":2},{"damage":2,"enemies":"3 Sentries","floor":14,"turns":4},{"damage":35,"enemies":"Slime Boss","floor":16,"turns":7},{"damage":23,"enemies":"2 Thieves","floor":18,"turns":5},{"damage":39,"enemies":"Chosen","floor":19,"turns":6},{"damage":37,"enemies":"Snake Plant","floor":20,"turns":5},{"damage":15,"enemies":"Snecko","floor":21,"turns":3},{"damage":6,"enemies":"3 Cultists","floor":22,"turns":3},{"damage":46,"enemies":"Slavers","floor":23,"turns":2}],"seed_played":"-3127369119662606983","potions_obtained":[{"floor":3,"key":"EssenceOfSteel"},{"floor":5,"key":"SteroidPotion"},{"floor":5,"key":"Explosive Potion"},{"floor":5,"key":"Regen Potion"},{"floor":8,"key":"SkillPotion"},{"floor":14,"key":"Ancient Potion"},{"floor":16,"key":"LiquidMemories"},{"floor":20,"key":"AttackPotion"}],"is_trial":false,"path_per_floor":["M","?","M","?","?","R","M","E","T","M","$","M","?","E","R","B",null,"M","M","M","M","M","E"],"character_chosen":"IRONCLAD","items_purchased":["OrangePellets","Carnage"],"campfire_rested":0,"item_purchase_floors":[11,11],"current_hp_per_floor":[88,88,88,88,88,88,88,54,54,57,57,62,62,66,66,49,88,71,50,31,34,46,0,0],"gold":291,"neow_bonus":"TEN_PERCENT_HP_BONUS","is_daily":false,"chose_seed":false,"campfire_upgraded":2,"win_rate":0.0,"timestamp":1612336518,"path_taken":["M","?","?","?","?","R","M","E","T","?","$","M","?","E","R","BOSS","M","?","M","M","M","E"],"items_purchased_type":["Relic","Card"],"build_version":"2020-12-22","purchased_purges":0,"victory":false,"max_hp_per_floor":[88,88,88,88,88,88,88,88,88,88,88,88,88,88,88,88,88,88,88,88,88,88,88,88],"card_choices":[{"not_picked":["Clash","Headbutt"],"picked":"Iron Wave","floor":1},{"not_picked":["Iron Wave","Clash"],"picked":"Cleave","floor":3},{"not_picked":["Iron Wave","Armaments"],"picked":"Shrug It Off","floor":7},{"not_picked":["Cleave","Armaments"],"picked":"Heavy Blade","floor":8},{"not_picked":["Rage","Wild Strike"],"picked":"Burning Pact","floor":10},{"not_picked":["Bloodletting","Perfected Strike"],"picked":"Pommel Strike","floor":12},{"not_picked":["Clash","Twin Strike"],"picked":"Warcry","floor":14},{"not_picked":["Reaper","Corruption"],"picked":"Limit Break","floor":16},{"not_picked":["Whirlwind","Fire Breathing"],"picked":"Flex","floor":18},{"not_picked":["Sever Soul","Warcry"],"picked":"Sword Boomerang","floor":19},{"not_picked":["Clothesline","Entrench"],"picked":"Twin Strike","floor":20},{"not_picked":["Clothesline+1","Carnage"],"picked":"Pummel","floor":21},{"not_picked":["Twin Strike+1","Combust"],"picked":"Cleave+1","floor":22}],"player_experience":229114,"relics_obtained":[{"floor":8,"key":"Red Skull"},{"floor":9,"key":"Meat on the Bone"},{"floor":14,"key":"Bottled Lightning"}],"event_choices":[{"damage_healed":0,"gold_gain":100,"player_choice":"Pray","damage_taken":0,"max_hp_gain":0,"max_hp_loss":0,"event_name":"Golden Shrine","floor":2,"gold_loss":0},{"damage_healed":0,"gold_gain":0,"player_choice":"Ignored","damage_taken":0,"max_hp_gain":0,"max_hp_loss":0,"event_name":"Liars Game","floor":4,"gold_loss":0},{"damage_healed":0,"gold_gain":0,"player_choice":"Got Potions","damage_taken":0,"max_hp_gain":0,"max_hp_loss":0,"event_name":"Lab","floor":5,"gold_loss":0},{"damage_healed":0,"gold_gain":0,"player_choice":"Upgraded","damage_taken":0,"max_hp_gain":0,"max_hp_loss":0,"event_name":"Upgrade Shrine","floor":13,"gold_loss":0,"cards_upgraded":["Burning Pact"]}],"is_beta":false,"boss_relics":[{"not_picked":["Ectoplasm","Calling Bell"],"picked":"Black Star"}],"items_purged_floors":[],"is_endless":false,"potions_floor_spawned":[3,8,14,16,20],"killed_by":"Slavers","ascension_level":1}}