{"host":"rtw1tnr74gozsrw1","time":1612379013,"event":{"mods":["BaseMod","Colored Map","Colored Powertips","Highlight Path","Minty Spire (QoL Compilation)","StSLib"],"gold_per_floor":[115,133,12,12,12,41,41,16,16,29,129,141,141,161,161,256,256,271,134,144,19,31,31,31,130,155,155,80,98,98,98,98],"floor_reached":31,"language":"ENG","playtime":1222,"items_purged":["Strike_G","Strike_G","Strike_G"],"score":258,"play_id":"6311884c-89ff-4d59-8c2a-f008c6e9c26a","local_time":"20210203200333","is_ascension_mode":false,"campfire_choices":[{"data":"Footwork","floor":7,"key":"SMITH"},{"data":"Cloak And Dagger","floor":15,"key":"SMITH"},{"data":"Endless Agony","floor":23,"key":"SMITH"},{"floor":27,"key":"RECALL"}],"circlet_count":0,"master_deck":["Defend_G","Defend_G","Survivor","Neutralize","Footwork+1","Flying Knee","Cloak And Dagger","Prepared","Deflect","Cloak And Dagger+1","Slice","Flechettes+1","Prepared+1","Malaise+1","Accuracy","Accuracy+1","Endless Agony+1"],"relics":["Ring of the Snake","NeowsBlessing","Prayer Wheel","Shuriken","Letter Opener","Astrolabe","Happy Flower"],"acts_visited":["Exordium","TheCity"],"potions_floor_usage":[31,31],"damage_taken":[{"damage":0,"enemies":"Small Slimes","floor":1,"turns":1},{"damage":0,"enemies":"2 Louse","floor":2,"turns":1},{"damage":0,"enemies":"Gremlin Nob","floor":6,"turns":1},{"damage":1,"enemies":"Cultist","floor":10,"turns":4},{"damage":0,"enemies":"Looter","floor":12,"turns":4},{"damage":3,"enemies":"Gremlin Gang","floor":14,"turns":5},{"damage":27,"enemies":"Hexaghost","floor":16,"turns":11},{"damage":7,"enemies":"Spheric Guardian","floor":18,"turns":4},{"damage":0,"enemies":"3 Byrds","floor":20,"turns":5},{"damage":14,"enemies":"Snecko","floor":22,"turns":6},{"damage":18,"enemies":"3 Cultists","floor":29,"turns":6},{"damage":11,"enemies":"Snake Plant","floor":31,"turns":3}],"seed_played":"8310834497846482294","potions_obtained":[{"floor":1,"key":"Dexterity Potion"},{"floor":12,"key":"SkillPotion"},{"floor":16,"key":"PowerPotion"}],"is_trial":false,"path_per_floor":["M","M","$","?","?","E","R","$","T","M","?","M","?","M","R","B",null,"M","$","M","$","M","R","?","?","T","R","?","M","$","M"],"character_chosen":"THE_SILENT","items_purchased":["Cloak And Dagger","Prepared","Accuracy"],"campfire_rested":0,"item_purchase_floors":[3,8,19],"current_hp_per_floor":[70,70,70,70,70,70,70,70,70,69,69,69,69,66,66,39,70,63,63,63,63,49,49,49,49,49,49,49,31,31,20,20],"gold":98,"neow_bonus":"THREE_ENEMY_KILL","is_daily":false,"chose_seed":false,"campfire_upgraded":3,"win_rate":0.0,"timestamp":1612379013,"path_taken":["M","M","$","?","?","E","R","$","T","M","?","?","?","M","R","BOSS","M","$","M","$","?","R","?","?","T","R","?","M","$","M"],"items_purchased_type":["Card","Card","Card"],"build_version":"2020-12-22","purchased_purges":3,"victory":false,"max_hp_per_floor":[70,70,70,70,70,70,70,70,70,70,70,70,70,70,70,70,70,70,70,70,70,70,70,70,70,70,70,70,70,70,70,70],"card_choices":[{"not_picked":["Acrobatics","Sucker Punch"],"picked":"Footwork","floor":1},{"not_picked":["Backflip","Catalyst"],"picked":"Flying Knee","floor":2},{"not_picked":["Sucker Punch","Acrobatics","Masterful Stab"],"picked":"SKIP","floor":6},{"not_picked":["Dagger Spray","Malaise"],"picked":"Deflect","floor":10},{"not_picked":["Eviscerate","PiercingWail","Dodge and Roll"],"picked":"SKIP","floor":10},{"not_picked":["Deadly Poison","Skewer"],"picked":"Cloak And Dagger","floor":12},{"not_picked":["Tactician","Dagger Spray","Outmaneuver"],"picked":"SKIP","floor":12},{"not_picked":["Dagger Throw","Underhanded Strike"],"picked":"Slice","floor":14},{"not_picked":["Bouncing Flask","Blur","Sucker Punch"],"picked":"SKIP","floor":14},{"not_picked":["Outmaneuver","Dagger Spray","PiercingWail"],"picked":"SKIP","floor":18},{"not_picked":["Underhanded Strike","Acrobatics+1","Phantasmal Killer"],"picked":"SKIP","floor":18},{"not_picked":["Poisoned Stab+1","Deadly Poison"],"picked":"Accuracy+1","floor":20},{"not_picked":["Slice","Reflex","Noxious Fumes"],"picked":"SKIP","floor":20},{"not_picked":["Masterful Stab+1","Reflex"],"picked":"Endless Agony","floor":22},{"not_picked":["Heel Hook+1","Quick Slash","Backflip+1"],"picked":"SKIP","floor":22},{"not_picked":["Cloak And Dagger","Deadly Poison","Outmaneuver"],"picked":"SKIP","floor":29},{"not_picked":["Prepared","All Out Attack","Backflip"],"picked":"SKIP","floor":29}],"player_experience":76804,"relics_obtained":[{"floor":6,"key":"Prayer Wheel"},{"floor":9,"key":"Shuriken"},{"floor":13,"key":"Letter Opener"},{"floor":26,"key":"Happy Flower"}],"event_choices":[{"cards_removed":["Strike_G"],"damage_healed":0,"gold_gain":0,"player_choice":"Forget","damage_taken":0,"max_hp_gain":0,"max_hp_loss":0,"event_name":"Living Wall","floor":4,"gold_loss":0},{"damage_healed":0,"gold_gain":0,"player_choice":"Fled","damage_taken":0,"max_hp_gain":0,"max_hp_loss":0,"event_name":"Scrap Ooze","floor":5,"gold_loss":0},{"damage_healed":0,"gold_gain":100,"player_choice":"Pray","damage_taken":0,"max_hp_gain":0,"max_hp_loss":0,"event_name":"Golden Shrine","floor":11,"gold_loss":0},{"damage_healed":0,"gold_gain":0,"player_choice":"Relic","damage_taken":0,"max_hp_gain":0,"max_hp_loss":0,"event_name":"Wheel of Change","floor":13,"gold_loss":0},{"damage_healed":0,"gold_gain":0,"player_choice":"Ignored","damage_taken":0,"max_hp_gain":0,"max_hp_loss":0,"event_name":"Ghosts","floor":24,"gold_loss":0},{"damage_healed":0,"gold_gain":99,"player_choice":"Stole From Cult","damage_taken":0,"max_hp_gain":0,"max_hp_loss":0,"event_name":"Nest","floor":25,"gold_loss":0},{"cards_removed":["Strike_G"],"damage_healed":0,"gold_gain":0,"player_choice":"Gave Gold","damage_taken":0,"max_hp_gain":0,"max_hp_loss":0,"event_name":"Beggar","floor":28,"gold_loss":75}],"is_beta":false,"boss_relics":[{"not_picked":["Tiny House","Velvet Choker"],"picked":"Astrolabe"}],"items_purged_floors":[3,19,21],"is_endless":false,"potions_floor_spawned":[1,12,16,29],"killed_by":"Snake Plant","ascension_level":0}}