{"host":"4lch21uqe3ag08cj","time":1612322507,"event":{"mods":["AchievementEnabler","BaseMod","Block Reminder","Colored Map","Colored Powertips","Minty Spire (QoL Compilation)","Permanent Neow","Relic Stats"],"gold_per_floor":[111,124,143,162,162,162,194,213,236,236,248,248,259,286,286,385,385,399,415,12,24,124,124,134,146,146,178,33,33,33,50,50,148,148,160,160,178,198,212,242,242,273,273,324,359,359,359,373,373,373,373,373,12,47,47],"floor_reached":56,"language":"ENG","playtime":4005,"items_purged":["Normality"],"score":1270,"play_id":"11e85805-1659-4ff5-a1b4-41c1415ceffa","local_time":"20210203002147","is_ascension_mode":true,"campfire_choices":[{"data":"Neutralize","floor":6.0,"key":"SMITH"},{"floor":10.0,"key":"REST"},{"data":"Noxious Fumes","floor":12.0,"key":"SMITH"},{"data":"Well Laid Plans","floor":15.0,"key":"SMITH"},{"data":"Malaise","floor":23.0,"key":"SMITH"},{"data":"Skewer","floor":29.0,"key":"SMITH"},{"floor":32.0,"key":"REST"},{"floor":41,"key":"REST"},{"floor":46,"key":"REST"},{"floor":49,"key":"RECALL"},{"data":"Caltrops","floor":52,"key":"SMITH"}],"circlet_count":0,"master_deck":["Strike_G","Strike_G","Strike_G","Defend_G","Defend_G","Defend_G","Survivor","Neutralize+1","All Out Attack","Dagger Spray","Well Laid Plans+1","Skewer+1","Noxious Fumes+1","Caltrops+1","Malaise+1","Deadly Poison","After Image+1","PiercingWail+1","Doppelganger+1","Noxious Fumes+1","Wraith Form v2+1","Unload","Expertise+1","Burst","Cloak And Dagger+1","Underhanded Strike+1","Wraith Form v2+1","Backflip+1","Clumsy","Predator+1","Bullet Time","Choke+1","Predator+1","Footwork+1"],"relics":["Empty Cage","Dream Catcher","Bronze Scales","Cursed Key","Chemical X","Frozen Egg 2","Bottled Flame","Orichalcum","Snecko Eye","The Courier","Meat on the Bone","Molten Egg 2","Torii","Bag of Preparation","Strange Spoon","Anchor","Snake Skull","FossilizedHelix"],"acts_visited":["Exordium","TheCity","TheBeyond","TheEnding"],"potions_floor_usage":[42,55,55],"damage_taken":[{"damage":1.0,"enemies":"2 Louse","floor":1.0,"turns":3.0},{"damage":3.0,"enemies":"Jaw Worm","floor":2.0,"turns":3.0},{"damage":0.0,"enemies":"Cultist","floor":3.0,"turns":3.0},{"damage":13.0,"enemies":"3 Louse","floor":4.0,"turns":2.0},{"damage":24.0,"enemies":"Gremlin Nob","floor":7.0,"turns":5.0},{"damage":0.0,"enemies":"2 Fungi Beasts","floor":8.0,"turns":3.0},{"damage":0.0,"enemies":"Gremlin Gang","floor":11.0,"turns":2.0},{"damage":9.0,"enemies":"Blue Slaver","floor":13.0,"turns":4.0},{"damage":10.0,"enemies":"Lagavulin","floor":14.0,"turns":10.0},{"damage":2.0,"enemies":"Slime Boss","floor":16.0,"turns":8.0},{"damage":9.0,"enemies":"Shell Parasite","floor":18.0,"turns":6.0},{"damage":0.0,"enemies":"3 Byrds","floor":19.0,"turns":3.0},{"damage":9.0,"enemies":"Centurion and Healer","floor":21.0,"turns":6.0},{"damage":12.0,"enemies":"Snake Plant","floor":24.0,"turns":4.0},{"damage":0.0,"enemies":"3 Cultists","floor":25.0,"turns":4.0},{"damage":11.0,"enemies":"Book of Stabbing","floor":27.0,"turns":5.0},{"damage":3.0,"enemies":"Chosen and Byrds","floor":31.0,"turns":3.0},{"damage":15.0,"enemies":"Champ","floor":33.0,"turns":11.0},{"damage":3,"enemies":"3 Shapes","floor":35,"turns":5},{"damage":0,"enemies":"Orb Walker","floor":37,"turns":3},{"damage":3,"enemies":"Writhing Mass","floor":38,"turns":6},{"damage":3,"enemies":"Sphere and 2 Shapes","floor":39,"turns":5},{"damage":20,"enemies":"Giant Head","floor":40,"turns":9},{"damage":0,"enemies":"Nemesis","floor":42,"turns":9},{"damage":0,"enemies":"2 Orb Walkers","floor":44,"turns":5},{"damage":12,"enemies":"Giant Head","floor":45,"turns":8},{"damage":0,"enemies":"Transient","floor":48,"turns":5},{"damage":55,"enemies":"Awakened One","floor":50,"turns":10},{"damage":1,"enemies":"Shield and Spear","floor":54,"turns":5},{"damage":75,"enemies":"The Heart","floor":55,"turns":10}],"seed_played":"3941430023096399196","potions_obtained":[{"floor":1.0,"key":"SmokeBomb"},{"floor":3.0,"key":"SkillPotion"},{"floor":11.0,"key":"BlessingOfTheForge"},{"floor":13.0,"key":"GhostInAJar"},{"floor":21.0,"key":"Energy Potion"},{"floor":24.0,"key":"ColorlessPotion"},{"floor":25.0,"key":"Weak Potion"},{"floor":27.0,"key":"Block Potion"},{"floor":33.0,"key":"Ancient Potion"},{"floor":42,"key":"LiquidBronze"},{"floor":45,"key":"FairyPotion"},{"floor":54,"key":"Energy Potion"}],"is_trial":false,"path_per_floor":["M","M","M","M","?","R","E","M","T","R","M","R","M","E","R","B",null,"M","M","$","M","?","R","M","M","T","E","$","R","?","M","R","B",null,"M","?","M","M","M","E","R","E","T","?","E","R","?","M","R","B",null,"R","$","E","B",null],"character_chosen":"THE_SILENT","items_purchased":["Chemical X","Frozen Egg 2","Noxious Fumes+1","Strange Spoon","Anchor","Snake Skull"],"campfire_rested":4,"item_purchase_floors":[20,20,28,53,53,53],"current_hp_per_floor":[69,66,66,53,53,53,29,29,29,50,50,50,41,31,31,29,70,61,61,61,52,52,52,40,40,40,29,29,29,29,26,47,32,70,67,60,60,57,54,34,55,55,55,55,43,64,64,64,64,21,70,70,70,69,27],"gold":47,"neow_bonus":"BOSS_RELIC","is_daily":false,"chose_seed":false,"campfire_upgraded":6,"win_rate":0.0,"timestamp":1612322507,"path_taken":["M","M","M","M","?","R","E","M","T","R","M","R","M","E","R","BOSS","M","M","$","M","?","R","?","M","T","E","$","R","?","M","R","BOSS","M","?","?","M","M","E","R","E","T","?","E","R","?","?","R","BOSS","R","$","E","BOSS"],"items_purchased_type":["Relic","Relic","Card","Relic","Relic","Relic"],"build_version":"2020-12-22","purchased_purges":1,"victory":true,"max_hp_per_floor":[70,70,70,70,70,70,70,70,70,70,70,70,70,70,70,70,70,70,70,70,70,70,70,70,70,70,70,70,70,70,70,70,70,70,70,70,70,70,70,70,70,70,70,70,70,70,70,70,70,70,70,70,70,70,70],"relic_stats":{"Torii":33,"counters":[30,165],"Snake Skull":[14],"Bag of Preparation":[8],"Orichalcum":[264],"Cursed Key":2,"Strange Spoon":[2],"Dream Catcher":4,"Bronze Scales":[503],"Snecko Eye":[141,132,133,149],"Chemical X":[67],"obtain_stats":[{"Torii":44,"The Courier":40,"Snake Skull":53,"Bag of Preparation":45,"Frozen Egg 2":20,"Orichalcum":27,"Empty Cage":0,"Cursed Key":17,"Strange Spoon":53,"Dream Catcher":7,"Bottled Flame":26,"Anchor":53,"Bronze Scales":14,"Snecko Eye":34,"Molten Egg 2":43,"Chemical X":20,"FossilizedHelix":54,"Ring of the Snake":0,"Meat on the Bone":42},{"Torii":25,"The Courier":23,"Snake Skull":28,"Bag of Preparation":26,"Frozen Egg 2":12,"Orichalcum":16,"Empty Cage":0,"Cursed Key":10,"Strange Spoon":28,"Dream Catcher":5,"Bottled Flame":15,"Anchor":28,"Bronze Scales":9,"Snecko Eye":18,"Molten Egg 2":24,"Chemical X":12,"FossilizedHelix":29,"Ring of the Snake":0,"Meat on the Bone":24},{"Torii":127,"The Courier":113,"Snake Skull":150,"Bag of Preparation":135,"Frozen Egg 2":52,"Orichalcum":71,"Empty Cage":0,"Cursed Key":43,"Strange Spoon":150,"Dream Catcher":16,"Bottled Flame":66,"Anchor":150,"Bronze Scales":35,"Snecko Eye":85,"Molten Egg 2":122,"Chemical X":52,"FossilizedHelix":155,"Ring of the Snake":0,"Meat on the Bone":122}],"Meat on the Bone":24},"card_choices":[{"not_picked":["Finisher","Bane"],"picked":"All Out Attack","floor":1.0},{"not_picked":["Acrobatics","Dodge and Roll"],"picked":"Dagger Spray","floor":2.0},{"not_picked":["Bane","Dagger Spray","Outmaneuver"],"picked":"SKIP","floor":3.0},{"not_picked":["Deadly Poison","Concentrate"],"picked":"Well Laid Plans","floor":4.0},{"not_picked":["Underhanded Strike","Well Laid Plans"],"picked":"Skewer","floor":7.0},{"not_picked":["Acrobatics","Expertise","Sucker Punch"],"picked":"SKIP","floor":8.0},{"not_picked":["Finisher","Backflip"],"picked":"Noxious Fumes","floor":11.0},{"not_picked":["Outmaneuver","A Thousand Cuts"],"picked":"Caltrops","floor":13.0},{"not_picked":["Endless Agony","Deflect","Bane"],"picked":"SKIP","floor":14.0},{"not_picked":["Unload","Glass Knife"],"picked":"Malaise","floor":16.0},{"not_picked":["Slice+1","Finisher"],"picked":"Deadly Poison","floor":18.0},{"not_picked":["Deflect","Expertise","Accuracy+1"],"picked":"SKIP","floor":19.0},{"not_picked":["Finisher+1","Escape Plan","PiercingWail"],"picked":"SKIP","floor":21.0},{"not_picked":["Riddle With Holes+1","Backflip"],"picked":"After Image+1","floor":24.0},{"not_picked":["Blur","Dagger Throw"],"picked":"PiercingWail+1","floor":25.0},{"not_picked":["Prepared","Flying Knee"],"picked":"Doppelganger","floor":27.0},{"not_picked":["Poisoned Stab","Backflip"],"picked":"Expertise+1","floor":31.0},{"not_picked":["A Thousand Cuts+1","Bullet Time"],"picked":"Burst","floor":33.0},{"not_picked":["Infinite Blades+1","Flying Knee"],"picked":"Cloak And Dagger+1","floor":35},{"not_picked":["Backstab+1","All Out Attack","Reflex+1"],"picked":"SKIP","floor":37},{"not_picked":["Sucker Punch","Acrobatics+1"],"picked":"Underhanded Strike+1","floor":38},{"not_picked":["Backflip","Dagger Throw","Underhanded Strike+1"],"picked":"SKIP","floor":39},{"not_picked":["Deflect+1","Flying Knee+1"],"picked":"Wraith Form v2+1","floor":40},{"not_picked":["Flying Knee","Quick Slash"],"picked":"Backflip+1","floor":41},{"not_picked":["Deflect","Underhanded Strike+1","Blur"],"picked":"SKIP","floor":42},{"not_picked":["Backflip","Heel Hook+1"],"picked":"Predator+1","floor":44},{"not_picked":["Backflip","Concentrate+1"],"picked":"Bullet Time","floor":45},{"not_picked":["Flying Knee+1","Underhanded Strike+1"],"picked":"Choke+1","floor":46},{"not_picked":["Bane+1","Cloak And Dagger"],"picked":"Predator+1","floor":48},{"not_picked":["All Out Attack+1","Poisoned Stab+1"],"picked":"Footwork+1","floor":54}],"player_experience":26103,"relics_obtained":[{"floor":7.0,"key":"Dream Catcher"},{"floor":14.0,"key":"Bronze Scales"},{"floor":26.0,"key":"Bottled Flame"},{"floor":27.0,"key":"Orichalcum"},{"floor":40,"key":"The Courier"},{"floor":42,"key":"Meat on the Bone"},{"floor":43,"key":"Molten Egg 2"},{"floor":44,"key":"Torii"},{"floor":45,"key":"Bag of Preparation"},{"floor":54,"key":"FossilizedHelix"}],"event_choices":[{"damage_healed":0.0,"max_hp_gain":0.0,"max_hp_loss":0.0,"gold_gain":0.0,"event_name":"Liars Game","player_choice":"Ignored","floor":5.0,"gold_loss":0.0,"damage_taken":0.0},{"damage_healed":0.0,"max_hp_gain":0.0,"max_hp_loss":0.0,"gold_gain":100.0,"event_name":"Golden Shrine","player_choice":"Pray","floor":22.0,"gold_loss":0.0,"damage_taken":0.0},{"damage_healed":0.0,"max_hp_gain":0.0,"max_hp_loss":0.0,"gold_gain":0.0,"cards_transformed":["Strike_G","Defend_G"],"event_name":"Drug Dealer","player_choice":"Became Test Subject","floor":30.0,"gold_loss":0.0,"damage_taken":0.0,"cards_obtained":["Wraith Form v2","Unload"]},{"damage_healed":0,"gold_gain":0,"player_choice":"Damaged","damage_taken":7,"max_hp_gain":0,"max_hp_loss":0,"event_name":"Wheel of Change","floor":36,"gold_loss":0},{"damage_healed":0,"gold_gain":0,"player_choice":"Fight","damage_taken":0,"max_hp_gain":0,"max_hp_loss":0,"event_name":"Mysterious Sphere","floor":44,"gold_loss":0},{"damage_healed":0,"gold_gain":0,"player_choice":"Upgraded","damage_taken":0,"max_hp_gain":0,"max_hp_loss":0,"event_name":"Upgrade Shrine","floor":47,"gold_loss":0,"cards_upgraded":["Doppelganger"]}],"is_beta":false,"boss_relics":[{"not_picked":["Busted Crown","WristBlade"],"picked":"Cursed Key"},{"not_picked":["Philosopher\u0027s Stone","Fusion Hammer"],"picked":"Snecko Eye"}],"items_purged_floors":[28],"is_endless":false,"potions_floor_spawned":[1,3,11,13,21,24,25,27,33,42,44,45,48,54],"ascension_level":1}}