{"host":"3po7ngt2j61s4rmj","time":1612378636,"event":{"mods":["Act Like it!","BaseMod","Elementarium","JesterMod","Minty Spire (QoL Compilation)","Relic Stats","Shade Mod","StSLib"],"gold_per_floor":[365,28,203,278,292,319,331,370,408,445,471,483,495,525,537,549,549],"floor_reached":16,"language":"ENG","playtime":1126,"items_purged":[],"score":195,"play_id":"9277333c-516d-4094-996a-3ff3fbf194e1","local_time":"20210203115716","is_ascension_mode":true,"campfire_choices":[{"floor":7,"key":"REST"},{"floor":12,"key":"REST"},{"floor":15,"key":"REST"}],"circlet_count":0,"master_deck":["AscendersBane","Shade:Strike_Shade","Shade:Strike_Shade","Shade:Strike_Shade","Shade:Strike_Shade","Shade:Defend_Shade","Shade:Defend_Shade","Shade:Defend_Shade","Shade:Defend_Shade","Shade:AnimateDead","Shade:CarefulCut","Shade:SpontaneousRitual","Shade:FleshToFlesh","Doubt","Shade:AncientSpear","Shade:Coordination","Shade:FleshToFlesh","Shade:Brains","Shade:Doomsay"],"relics":["Shade:YorickSkull","Kunai","MawBank","Pocketwatch","Smiling Mask","TungstenRod","Mummified Hand"],"acts_visited":["Exordium"],"potions_floor_usage":[6,10,16],"damage_taken":[{"damage":1,"enemies":"Cultist","floor":1,"turns":5},{"damage":7,"enemies":"Jaw Worm","floor":5,"turns":6},{"damage":22,"enemies":"3 Sentries","floor":6,"turns":8},{"damage":25,"enemies":"Gremlin Nob","floor":8,"turns":5},{"damage":2,"enemies":"3 Sentries","floor":10,"turns":7},{"damage":0,"enemies":"2 Louse","floor":11,"turns":2},{"damage":18,"enemies":"Gremlin Gang","floor":14,"turns":6},{"damage":25,"enemies":"Hexaghost","floor":16,"turns":10}],"seed_played":"-5849389257597870395","potions_obtained":[{"floor":6,"key":"LiquidBronze"},{"floor":10,"key":"FearPotion"},{"floor":14,"key":"DuplicationPotion"}],"is_trial":false,"path_per_floor":["M","$","?","?","M","E","R","E","T","E","M","R","?","M","R","B"],"character_chosen":"SHADE","items_purchased":["Kunai","Shade:FleshToFlesh","Fire Potion"],"campfire_rested":3,"item_purchase_floors":[2,2,2],"current_hp_per_floor":[58,58,58,47,40,18,35,10,10,8,8,25,25,7,24,0,0],"gold":549,"neow_bonus":"TWO_FIFTY_GOLD","is_daily":false,"chose_seed":false,"campfire_upgraded":0,"win_rate":0.0,"timestamp":1612378636,"path_taken":["M","$","?","?","M","E","R","E","T","E","M","R","?","M","R","BOSS"],"items_purchased_type":["Relic","Card","Potion"],"build_version":"2020-12-22","purchased_purges":0,"victory":false,"max_hp_per_floor":[59,59,59,59,59,59,59,59,59,59,59,59,59,59,59,59,59],"relic_stats":{"counters":[8,49],"Mummified Hand":[2],"Kunai":[5],"MawBank":120,"Smiling Mask":0,"obtain_stats":[{"Shade:YorickSkull":0,"Mummified Hand":13,"Kunai":2,"MawBank":6,"Smiling Mask":9,"TungstenRod":10,"Pocketwatch":8},{"Shade:YorickSkull":0,"Mummified Hand":6,"Kunai":1,"MawBank":3,"Smiling Mask":4,"TungstenRod":5,"Pocketwatch":4},{"Shade:YorickSkull":0,"Mummified Hand":33,"Kunai":5,"MawBank":19,"Smiling Mask":24,"TungstenRod":31,"Pocketwatch":24}],"TungstenRod":14,"Pocketwatch":[48]},"card_choices":[{"not_picked":["Shade:GraveStillness","Shade:BoneShards"],"picked":"Shade:SpontaneousRitual","floor":1},{"not_picked":["Shade:WallOfFlesh","Shade:Patience"],"picked":"Shade:AncientSpear","floor":5},{"not_picked":["Shade:FingerOfDeath","Shade:SkeletonHug"],"picked":"Shade:Coordination","floor":6},{"not_picked":["Shade:CommandSoldier","Shade:Coordination"],"picked":"Shade:FleshToFlesh","floor":8},{"not_picked":["Shade:RavenousHorde","Shade:SpontaneousRitual","Shade:ScuttlingHand"],"picked":"SKIP","floor":10},{"not_picked":["Shade:PoundOfFlesh","Shade:Trample"],"picked":"Shade:Brains","floor":11},{"not_picked":["Shade:ExtraLimbs","Shade:Premonition"],"picked":"Shade:Doomsay","floor":14}],"player_experience":1143922,"relics_obtained":[{"floor":6,"key":"MawBank"},{"floor":8,"key":"Pocketwatch"},{"floor":9,"key":"Smiling Mask"},{"floor":10,"key":"TungstenRod"}],"event_choices":[{"damage_healed":0,"gold_gain":175,"player_choice":"AGREE","damage_taken":0,"max_hp_gain":0,"max_hp_loss":0,"event_name":"Liars Game","floor":3,"gold_loss":0,"cards_obtained":["Doubt"]},{"damage_healed":0,"gold_gain":75,"player_choice":"Gather Gold","damage_taken":11,"max_hp_gain":0,"max_hp_loss":0,"event_name":"World of Goop","floor":4,"gold_loss":0},{"damage_healed":0,"gold_gain":0,"player_choice":"Gave Potion","damage_taken":0,"relics_obtained":["Mummified Hand"],"max_hp_gain":0,"max_hp_loss":0,"event_name":"WeMeetAgain","floor":13,"gold_loss":0}],"is_beta":false,"boss_relics":[],"items_purged_floors":[],"is_endless":false,"potions_floor_spawned":[6,10,14],"killed_by":"Hexaghost","ascension_level":13}}