{"host":"fl6c84p0pqwjbhud","time":1612355572,"event":{"mods":["AchievementEnabler","BaseMod","Better Altar","Better Match","Better Note","Better Sensory Stone","Better Skull","Better Third Choice","Better Vampires","Better-Laid Plans","Colored Map","Defuse TimeMaze Blight","Energized Spire","Highlight Path","Minty Spire (QoL Compilation)","Permanent Neow","Quick Restart","StSLib","Synergy Search","Transform Curses"],"gold_per_floor":[116,116,131,147,163,163,183,183,257,272,285,295,314,20,20,20,20],"floor_reached":16,"language":"ENG","playtime":700,"items_purged":[],"score":123,"play_id":"9c606f3e-e406-4786-977a-7cfbbc3d8bdc","local_time":"20210203133252","is_ascension_mode":false,"campfire_choices":[{"floor":6,"key":"REST"},{"floor":8,"key":"REST"},{"floor":15,"key":"REST"}],"circlet_count":0,"master_deck":["Strike_G","Strike_G","Strike_G","Strike_G","Strike_G","Defend_G","Defend_G","Defend_G","Defend_G","Survivor","Neutralize","Prepared","Prepared","Footwork","Prepared","Deadly Poison","Outmaneuver","Caltrops","Dagger Throw","Slice","Poisoned Stab","Prepared","Noxious Fumes+1","Blade Dance"],"relics":["Ring of the Snake","Frozen Egg 2","Sling"],"acts_visited":["Exordium"],"potions_floor_usage":[7,12,16,16],"damage_taken":[{"damage":0,"enemies":"Jaw Worm","floor":1,"turns":5},{"damage":6,"enemies":"Cultist","floor":3,"turns":5},{"damage":0,"enemies":"Small Slimes","floor":4,"turns":4},{"damage":2,"enemies":"Blue Slaver","floor":5,"turns":4},{"damage":16,"enemies":"3 Louse","floor":7,"turns":4},{"damage":12,"enemies":"Looter","floor":10,"turns":4},{"damage":9,"enemies":"Blue Slaver","floor":11,"turns":5},{"damage":15,"enemies":"Exordium Wildlife","floor":12,"turns":4},{"damage":9,"enemies":"Red Slaver","floor":13,"turns":3},{"damage":46,"enemies":"The Guardian","floor":16,"turns":7}],"seed_played":"3380883572595818789","potions_obtained":[{"floor":7,"key":"EntropicBrew"},{"floor":11,"key":"CunningPotion"},{"floor":12,"key":"Block Potion"}],"is_trial":false,"path_per_floor":["M","?","M","M","M","R","M","R","T","M","M","M","M","$","R","B"],"character_chosen":"THE_SILENT","items_purchased":["Noxious Fumes+1","Sling","AttackPotion","Blade Dance"],"campfire_rested":3,"item_purchase_floors":[14,14,14,14],"current_hp_per_floor":[70,70,64,64,62,70,54,70,70,58,49,34,25,25,46,0,0],"gold":20,"neow_bonus":"THREE_CARDS","is_daily":false,"chose_seed":false,"campfire_upgraded":0,"win_rate":0.0,"timestamp":1612355572,"path_taken":["M","?","?","M","?","R","M","R","T","M","M","M","M","?","R","BOSS"],"items_purchased_type":["Card","Relic","Potion","Card"],"build_version":"2020-12-22","purchased_purges":0,"victory":false,"max_hp_per_floor":[70,70,70,70,70,70,70,70,70,70,70,70,70,70,70,70,70],"card_choices":[{"not_picked":["Backflip","Dagger Throw"],"picked":"Prepared","floor":0},{"not_picked":["Backflip","Acrobatics"],"picked":"Prepared","floor":1},{"not_picked":["Blur","Terror"],"picked":"Prepared","floor":3},{"not_picked":["Underhanded Strike","Backflip"],"picked":"Deadly Poison","floor":4},{"not_picked":["Dodge and Roll","Skewer"],"picked":"Outmaneuver","floor":5},{"not_picked":["Blade Dance","Prepared"],"picked":"Caltrops","floor":7},{"not_picked":["Wraith Form v2+1","Flechettes"],"picked":"Dagger Throw","floor":10},{"not_picked":["Heel Hook","Escape Plan"],"picked":"Slice","floor":11},{"not_picked":["Dagger Throw","Underhanded Strike"],"picked":"Poisoned Stab","floor":12},{"not_picked":["Eviscerate","Riddle With Holes"],"picked":"Prepared","floor":13}],"player_experience":476232,"relics_obtained":[{"floor":9,"key":"Frozen Egg 2"}],"event_choices":[{"damage_healed":0,"gold_gain":0,"cards_transformed":["Defend_G"],"player_choice":"Transformed","damage_taken":0,"max_hp_gain":0,"max_hp_loss":0,"event_name":"Transmorgrifier","floor":2,"gold_loss":0,"cards_obtained":["Footwork"]}],"is_beta":false,"boss_relics":[],"items_purged_floors":[],"is_endless":false,"potions_floor_spawned":[7,11,12,13],"killed_by":"The Guardian","ascension_level":0}}