{"host":"xrk7zhg70ipmpx3n","time":1612319694,"event":{"mods":["AchievementEnabler","BaseMod","Colored Map","Curses Come First","Downfall","Highlight Path","Minty Spire (QoL Compilation)","StSLib"],"gold_per_floor":[111,111,111,161,172,203,203,213,213,231,250,260,275,275,275,380,380,399,18,18,49,69,69,88,88,88,88,88,99,50,50,62,179,191,222,15,30,30,40,70,70,85,111,123,123,138,154,164,164,164],"floor_reached":51,"language":"ENG","playtime":2755,"items_purged":["Writhe"],"score":758,"play_id":"bf963cce-9954-44af-911e-98f71061ee3e","local_time":"20210203123454","is_ascension_mode":false,"campfire_choices":[{"data":"Deadly Poison","floor":7,"key":"SMITH"},{"data":"Backstab","floor":15,"key":"SMITH"},{"data":"Apotheosis","floor":23,"key":"SMITH"},{"floor":25,"key":"REST"},{"data":"Backstab","floor":27,"key":"SMITH"},{"data":"Terror","floor":32,"key":"SMITH"},{"floor":41,"key":"REST"},{"data":"Deadly Poison","floor":45,"key":"SMITH"},{"floor":49,"key":"REST"}],"circlet_count":0,"master_deck":["Strike_G","Strike_G","Strike_G","Defend_G","Defend_G","Defend_G","Defend_G","Defend_G","Survivor","Neutralize","Flying Knee","Slice","Deadly Poison+1","Deflect","Backflip","Backstab+1","Quick Slash","Backstab+1","CurseOfTheBell","Distraction","Apotheosis+1","Deadly Poison","Necronomicurse","Blade Dance","Leg Sweep+1","Slice","Prepared","Terror+1","Blade Dance","Corpse Explosion","Distraction+1","PiercingWail","Quick Slash","Dagger Throw+1","Slice+1","Deadly Poison+1","Deflect+1","Dagger Spray+1","Quick Slash+1"],"relics":["Ring of the Snake","NeowsBlessing","Strawberry","Anchor","Singing Bowl","Mango","Calling Bell","Toy Ornithopter","Kunai","Incense Burner","Bag of Marbles","Necronomicon","Red Mask","Eternal Feather","MawBank","WristBlade","Membership Card","Boot","Pen Nib"],"acts_visited":["Exordium","TheCity","TheBeyond"],"potions_floor_usage":[16,16,33],"damage_taken":[{"damage":0,"enemies":"Small Slimes","floor":1,"turns":1},{"damage":0,"enemies":"Jaw Worm","floor":5,"turns":1},{"damage":0,"enemies":"Lagavulin","floor":6,"turns":1},{"damage":0,"enemies":"2 Louse","floor":8,"turns":4},{"damage":2,"enemies":"Exordium Thugs","floor":10,"turns":4},{"damage":4,"enemies":"Blue Slaver","floor":11,"turns":4},{"damage":7,"enemies":"Large Slime","floor":12,"turns":6},{"damage":0,"enemies":"3 Louse","floor":13,"turns":4},{"damage":73,"enemies":"The Guardian","floor":16,"turns":11},{"damage":0,"enemies":"Chosen","floor":18,"turns":4},{"damage":4,"enemies":"Masked Bandits","floor":21,"turns":4},{"damage":0,"enemies":"Shell Parasite","floor":22,"turns":2},{"damage":32,"enemies":"3 Cultists","floor":24,"turns":7},{"damage":15,"enemies":"Snake Plant","floor":29,"turns":4},{"damage":48,"enemies":"Champ","floor":33,"turns":14},{"damage":19,"enemies":"3 Shapes","floor":35,"turns":4},{"damage":1,"enemies":"Orb Walker","floor":37,"turns":3},{"damage":22,"enemies":"Spire Growth","floor":39,"turns":4},{"damage":29,"enemies":"Giant Head","floor":40,"turns":8},{"damage":25,"enemies":"Writhing Mass","floor":42,"turns":4},{"damage":2,"enemies":"Jaw Worm Horde","floor":44,"turns":4},{"damage":0,"enemies":"3 Darklings","floor":46,"turns":2},{"damage":0,"enemies":"Spire Growth","floor":47,"turns":3},{"damage":15,"enemies":"Maw","floor":48,"turns":6},{"damage":91,"enemies":"Donu and Deca","floor":50,"turns":11}],"seed_played":"-6309850648263826412","potions_obtained":[{"floor":1,"key":"Explosive Potion"},{"floor":6,"key":"DuplicationPotion"},{"floor":8,"key":"Block Potion"},{"floor":21,"key":"Poison Potion"},{"floor":24,"key":"Guardian:BlockOnCardUsePotion"},{"floor":37,"key":"BlessingOfTheForge"}],"is_trial":false,"path_per_floor":["M","?","T","T","M","E","R","M","T","M","M","M","M","?","R","B",null,"M","$","?","?","M","R","M","R","T","R","?","M","$","?","R","B",null,"M","$","M","?","M","E","R","M","T","M","R","M","M","M","R","B",null],"character_chosen":"THE_SILENT","items_purchased":["Apotheosis","Deadly Poison","Bag of Marbles","Blade Dance","Membership Card","PiercingWail"],"campfire_rested":3,"item_purchase_floors":[19,19,19,30,36,36],"current_hp_per_floor":[70,70,77,77,77,77,77,77,91,89,85,78,78,78,78,7,93,93,93,77,73,73,73,41,68,68,83,83,68,68,68,86,43,93,74,74,73,103,81,54,103,78,78,76,97,97,97,82,105,14],"gold":164,"neow_bonus":"THREE_ENEMY_KILL","is_daily":false,"chose_seed":false,"campfire_upgraded":6,"win_rate":0.0,"timestamp":1612319694,"path_taken":["M","?","?","?","M","E","R","M","T","M","M","M","?","?","R","BOSS","M","$","?","?","M","R","?","R","T","R","?","M","$","?","R","BOSS","M","$","M","?","M","E","R","M","T","M","R","M","M","M","R","BOSS"],"items_purchased_type":["Card","Card","Relic","Card","Relic","Card"],"build_version":"2020-12-22","purchased_purges":1,"victory":true,"max_hp_per_floor":[70,70,77,77,77,77,77,77,91,91,91,91,91,91,91,93,93,93,93,93,93,93,93,93,93,93,93,93,93,93,93,93,93,93,93,93,93,103,103,105,105,105,105,105,105,105,105,105,105,105],"card_choices":[{"not_picked":["Well Laid Plans","Endless Agony"],"picked":"Flying Knee","floor":1},{"not_picked":["Distraction","Prepared"],"picked":"Slice","floor":5},{"not_picked":["Quick Slash","After Image"],"picked":"Deadly Poison","floor":6},{"not_picked":["Expertise","Acrobatics"],"picked":"Deflect","floor":8},{"not_picked":["PiercingWail","Heel Hook"],"picked":"Backflip","floor":10},{"not_picked":["Blade Dance","Skewer"],"picked":"Backstab","floor":11},{"not_picked":["PiercingWail","Underhanded Strike"],"picked":"Quick Slash","floor":12},{"not_picked":["Acrobatics","Eviscerate"],"picked":"Backstab","floor":13},{"not_picked":["After Image","Venomology","Unload"],"picked":"Singing Bowl","floor":16},{"not_picked":["Underhanded Strike+1","Tactician"],"picked":"Distraction","floor":18},{"not_picked":["Masterful Stab","Flying Knee"],"picked":"Blade Dance","floor":21},{"not_picked":["Backflip","Flying Knee"],"picked":"Leg Sweep+1","floor":22},{"not_picked":["Flying Knee","Backflip"],"picked":"Slice","floor":24},{"not_picked":["Dagger Throw+1","Distraction"],"picked":"Terror","floor":29},{"not_picked":["After Image","Adrenaline"],"picked":"Corpse Explosion","floor":33},{"not_picked":["Underhanded Strike+1","PiercingWail"],"picked":"Distraction+1","floor":35},{"not_picked":["Prepared+1","Eviscerate+1"],"picked":"Quick Slash","floor":37},{"not_picked":["Acrobatics+1","PiercingWail"],"picked":"Dagger Throw+1","floor":39},{"not_picked":["Terror","Riddle With Holes","Expertise+1"],"picked":"Singing Bowl","floor":40},{"not_picked":["Prepared+1","Finisher+1"],"picked":"Slice+1","floor":42},{"not_picked":["Phantasmal Killer","Predator"],"picked":"Deadly Poison","floor":44},{"not_picked":["Dodge and Roll","Blur+1"],"picked":"Deflect+1","floor":46},{"not_picked":["Underhanded Strike","Backflip"],"picked":"Dagger Spray+1","floor":47},{"not_picked":["Deadly Poison","Dodge and Roll"],"picked":"Quick Slash+1","floor":48}],"player_experience":51355,"relics_obtained":[{"floor":3,"key":"Strawberry"},{"floor":4,"key":"Anchor"},{"floor":6,"key":"Singing Bowl"},{"floor":9,"key":"Mango"},{"floor":17,"key":"Toy Ornithopter"},{"floor":17,"key":"Kunai"},{"floor":17,"key":"Incense Burner"},{"floor":20,"key":"Necronomicon"},{"floor":21,"key":"Red Mask"},{"floor":26,"key":"Eternal Feather"},{"floor":40,"key":"Boot"},{"floor":43,"key":"Pen Nib"}],"event_choices":[{"damage_healed":0,"gold_gain":0,"player_choice":"Ignored","damage_taken":0,"max_hp_gain":0,"max_hp_loss":0,"event_name":"Golden Wing","floor":2,"gold_loss":0},{"damage_healed":0,"gold_gain":0,"player_choice":"Leave","damage_taken":0,"max_hp_gain":0,"max_hp_loss":0,"event_name":"The Cleric","floor":14,"gold_loss":0},{"damage_healed":0,"gold_gain":0,"player_choice":"Obtained Book","damage_taken":16,"max_hp_gain":0,"max_hp_loss":0,"event_name":"Cursed Tome","floor":20,"gold_loss":0},{"damage_healed":0,"gold_gain":0,"player_choice":"Fought Bandits","damage_taken":0,"max_hp_gain":0,"max_hp_loss":0,"event_name":"Masked Bandits","floor":21,"gold_loss":0},{"damage_healed":0,"gold_gain":0,"cards_transformed":["Strike_G","Strike_G"],"player_choice":"Became Test Subject","damage_taken":0,"max_hp_gain":0,"max_hp_loss":0,"event_name":"Drug Dealer","floor":28,"gold_loss":0,"cards_obtained":["Prepared","Unload"]},{"damage_healed":0,"gold_gain":0,"player_choice":"Opened","damage_taken":0,"relics_obtained":["MawBank"],"max_hp_gain":0,"max_hp_loss":0,"event_name":"The Mausoleum","floor":31,"gold_loss":0,"cards_obtained":["Writhe"]},{"cards_removed":["Unload"],"damage_healed":20,"gold_gain":0,"player_choice":"Offered Rare","damage_taken":0,"max_hp_gain":10,"max_hp_loss":0,"event_name":"Bonfire Elementals","floor":38,"gold_loss":0}],"is_beta":false,"boss_relics":[{"not_picked":["Runic Pyramid","HoveringKite"],"picked":"Calling Bell"},{"not_picked":["Empty Cage","Coffee Dripper"],"picked":"WristBlade"}],"items_purged_floors":[36],"is_endless":false,"potions_floor_spawned":[1,6,8,11,21,24,29,37,39,46,47],"ascension_level":0}}