{"host":"l2onoeb0kdqo1a9y","time":1612336176,"event":{"mods":["AchievementEnabler","BaseMod","Colored Powertips","Highlight Path","Minty Spire (QoL Compilation)","Quick Restart"],"gold_per_floor":[114,114,114,66,81,96,111,111,161,176,191,206,6,21,21,121,121,136,151,166,181,196,196,211,211,236,251,266,281,49,49,49,149,149,164,179,194,209,209,209,209],"floor_reached":40,"language":"ZHS","playtime":2083,"items_purged":["Strike_R","Inflame"],"score":467,"play_id":"dfa8c060-2d73-45a3-bb74-c549c8db055e","local_time":"20210203150936","daily_mods":["Specialized","Colorless Cards","Terminal"],"is_ascension_mode":false,"campfire_choices":[{"data":"True Grit","floor":8.0,"key":"SMITH"},{"data":"Shrug It Off","floor":15.0,"key":"SMITH"},{"data":"Armaments","floor":23.0,"key":"SMITH"},{"data":"Barricade","floor":25.0,"key":"SMITH"},{"data":"Offering","floor":32.0,"key":"SMITH"}],"circlet_count":0,"master_deck":["Strike_R","Strike_R","Strike_R","Strike_R","Defend_R","Defend_R","Defend_R","Defend_R","Bash","Flame Barrier","Flame Barrier","Flame Barrier","Flame Barrier","Uppercut","True Grit+1","Cleave","Shrug It Off+1","Barricade+1","Warcry","Armaments+1","Power Through","Rampage","Enlightenment","Offering+1","Cleave","Body Slam+1"],"relics":["Burning Blood","Potion Belt","Smiling Mask","Membership Card","Coffee Dripper","Juzu Bracelet","Lantern","Busted Crown"],"acts_visited":["Exordium","TheCity","TheBeyond"],"potions_floor_usage":[40,40,40,40],"damage_taken":[{"damage":0.0,"enemies":"Cultist","floor":1.0,"turns":5.0},{"damage":0.0,"enemies":"Jaw Worm","floor":5.0,"turns":3.0},{"damage":0.0,"enemies":"Small Slimes","floor":6.0,"turns":4.0},{"damage":0.0,"enemies":"Exordium Wildlife","floor":7.0,"turns":4.0},{"damage":7.0,"enemies":"Blue Slaver","floor":10.0,"turns":5.0},{"damage":3.0,"enemies":"Large Slime","floor":11.0,"turns":6.0},{"damage":0.0,"enemies":"2 Fungi Beasts","floor":12.0,"turns":5.0},{"damage":6.0,"enemies":"Exordium Wildlife","floor":14.0,"turns":4.0},{"damage":24.0,"enemies":"Hexaghost","floor":16.0,"turns":11.0},{"damage":0.0,"enemies":"3 Byrds","floor":18.0,"turns":2.0},{"damage":4.0,"enemies":"Shell Parasite","floor":19.0,"turns":13.0},{"damage":37.0,"enemies":"Cultist and Chosen","floor":20.0,"turns":11.0},{"damage":23.0,"enemies":"Sentry and Sphere","floor":21.0,"turns":12.0},{"damage":0.0,"enemies":"Chosen and Byrds","floor":22.0,"turns":10.0},{"damage":2.0,"enemies":"Snake Plant","floor":24.0,"turns":6.0},{"damage":0.0,"enemies":"Snecko","floor":27.0,"turns":9.0},{"damage":26.0,"enemies":"Cultist and Chosen","floor":28.0,"turns":13.0},{"damage":0.0,"enemies":"Snake Plant","floor":29.0,"turns":4.0},{"damage":6.0,"enemies":"Champ","floor":33.0,"turns":27.0},{"damage":7.0,"enemies":"3 Shapes","floor":35.0,"turns":8.0},{"damage":6.0,"enemies":"3 Darklings","floor":36.0,"turns":7.0},{"damage":6.0,"enemies":"Maw","floor":37.0,"turns":11.0},{"damage":12.0,"enemies":"Writhing Mass","floor":38.0,"turns":7.0},{"damage":47,"enemies":"Reptomancer","floor":40,"turns":5}],"seed_played":"-828330817948855686","potions_obtained":[{"floor":6.0,"key":"Weak Potion"},{"floor":7.0,"key":"SkillPotion"},{"floor":10.0,"key":"Ancient Potion"},{"floor":12.0,"key":"EntropicBrew"},{"floor":14.0,"key":"Dexterity Potion"},{"floor":16.0,"key":"PowerPotion"},{"floor":22.0,"key":"Swift Potion"},{"floor":24.0,"key":"Strength Potion"},{"floor":27.0,"key":"Fruit Juice"},{"floor":28.0,"key":"BlessingOfTheForge"},{"floor":33.0,"key":"ElixirPotion"},{"floor":38.0,"key":"PowerPotion"}],"is_trial":false,"path_per_floor":["M","?","?","$","M","M","M","R","T","M","M","M","$","M","R","B",null,"M","M","M","M","M","R","M","R","T","M","M","M","$","?","R","B",null,"M","M","M","M","?","E"],"character_chosen":"IRONCLAD","items_purchased":["True Grit","Membership Card","Lantern","Offering","BloodPotion"],"campfire_rested":0,"item_purchase_floors":[4,13,30,30,30],"current_hp_per_floor":[78,82,81,80,79,78,77,76,75,74,73,72,71,70,69,51,67,66,65,34,17,23,23,27,27,27,33,18,24,24,24,24,35,55,54,53,52,46,46,0,0],"gold":209,"neow_bonus":"","is_daily":true,"chose_seed":false,"campfire_upgraded":5,"win_rate":0.0,"timestamp":1612336176,"path_taken":["M","?","?","$","M","M","M","R","T","M","M","M","$","M","R","BOSS","M","M","M","M","M","R","M","R","T","M","M","M","$","?","R","BOSS","M","M","M","M","?","E"],"items_purchased_type":["Card","Relic","Relic","Card","Potion"],"build_version":"2020-12-22","purchased_purges":2,"victory":false,"max_hp_per_floor":[78,82,81,80,79,78,77,76,75,74,73,72,71,70,69,68,67,66,65,64,63,62,61,60,59,58,57,61,60,59,58,57,56,55,54,53,52,51,50,50,50],"card_choices":[{"not_picked":["Pommel Strike","Flex"],"picked":"Uppercut","floor":1.0},{"not_picked":["Clothesline","Blind","Thunderclap"],"picked":"SKIP","floor":5.0},{"not_picked":["Pummel","Thunderclap","Headbutt"],"picked":"SKIP","floor":6.0},{"not_picked":["Sword Boomerang","True Grit"],"picked":"Cleave","floor":7.0},{"not_picked":["Purity","Wild Strike","Headbutt"],"picked":"SKIP","floor":10.0},{"not_picked":["Pummel","Transmutation","Perfected Strike"],"picked":"SKIP","floor":11.0},{"not_picked":["Sword Boomerang","Forethought"],"picked":"Inflame","floor":12.0},{"not_picked":["Evolve","Sword Boomerang"],"picked":"Shrug It Off","floor":14.0},{"not_picked":["Feed","Mayhem"],"picked":"Barricade","floor":16.0},{"not_picked":["Inflame","Clothesline"],"picked":"Warcry","floor":18.0},{"not_picked":["Clash","Searing Blow+1","Clothesline"],"picked":"SKIP","floor":19.0},{"not_picked":["Heavy Blade","Whirlwind"],"picked":"Armaments","floor":20.0},{"not_picked":["Discovery+1","Whirlwind+1","Uppercut"],"picked":"SKIP","floor":21.0},{"not_picked":["Shrug It Off","Flex+1","Thunderclap"],"picked":"SKIP","floor":22.0},{"not_picked":["Sentinel+1","Shrug It Off+1"],"picked":"Power Through","floor":24.0},{"not_picked":["Shrug It Off","Rage","Armaments"],"picked":"SKIP","floor":27.0},{"not_picked":["Good Instincts","Pummel"],"picked":"Rampage","floor":28.0},{"not_picked":["Jack Of All Trades","Clash"],"picked":"Enlightenment","floor":29.0},{"not_picked":["Impatience+1"],"picked":"SKIP","floor":35.0},{"not_picked":[],"picked":"Cleave","floor":36.0},{"not_picked":[],"picked":"Body Slam+1","floor":37.0},{"not_picked":["Sword Boomerang+1"],"picked":"SKIP","floor":38.0}],"player_experience":129267,"relics_obtained":[{"floor":9.0,"key":"Smiling Mask"},{"floor":26.0,"key":"Juzu Bracelet"}],"event_choices":[{"damage_healed":0.0,"max_hp_gain":5.0,"max_hp_loss":0.0,"gold_gain":0.0,"event_name":"Big Fish","player_choice":"Donut","floor":2.0,"gold_loss":0.0,"damage_taken":0.0},{"cards_removed":["Flame Barrier"],"damage_healed":0.0,"max_hp_gain":0.0,"max_hp_loss":0.0,"gold_gain":0.0,"event_name":"WeMeetAgain","player_choice":"Gave Card","floor":3.0,"gold_loss":0.0,"damage_taken":0.0,"relics_obtained":["Potion Belt"]},{"damage_healed":0.0,"max_hp_gain":0.0,"max_hp_loss":0.0,"gold_gain":0.0,"event_name":"Cursed Tome","player_choice":"Ignored","floor":31.0,"gold_loss":0.0,"damage_taken":0.0},{"damage_healed":0.0,"max_hp_gain":0.0,"max_hp_loss":0.0,"gold_gain":0.0,"event_name":"Match and Keep!","player_choice":"0 cards matched","floor":39.0,"gold_loss":0.0,"damage_taken":0.0,"cards_obtained":[]}],"is_beta":false,"boss_relics":[{"not_picked":["Calling Bell","Runic Dome"],"picked":"Coffee Dripper"},{"not_picked":["Tiny House","SacredBark"],"picked":"Busted Crown"}],"items_purged_floors":[13,30],"is_endless":false,"potions_floor_spawned":[6,7,10,12,14,16,22,24,27,28,33,38],"killed_by":"Reptomancer","ascension_level":0}}