{"host":"k919bq8mkuzdqhzi","time":1612381522,"event":{"mods":["AchievementEnabler","BaseMod","Colored Map","Colored Powertips","DeckTracker","Minty Spire (QoL Compilation)","Relic Sorter","SuperFastMode"],"gold_per_floor":[211,9,23,33,45,45,60,80,104,122,122,122,122,222,222,322,372,389,85,11,11,29,47,59,59,107,133,133,146,146,146,146],"floor_reached":31,"language":"ENG","playtime":2406,"items_purged":["Strike_G"],"score":286,"play_id":"67aa75e0-194e-4687-8eea-59255f7fa27a","local_time":"20210203144522","is_ascension_mode":true,"campfire_choices":[{"data":"Apotheosis","floor":6,"key":"SMITH"},{"data":"Noxious Fumes","floor":11,"key":"SMITH"},{"data":"Leg Sweep","floor":13,"key":"SMITH"},{"data":"Poisoned Stab","floor":15,"key":"SMITH"},{"data":"Catalyst","floor":25,"key":"SMITH"},{"floor":28,"key":"REST"}],"circlet_count":0,"master_deck":["Defend_G","Defend_G","Defend_G","Defend_G","Defend_G","Survivor","Neutralize","Flying Knee+1","Apotheosis+1","Deadly Poison","Noxious Fumes+1","Quick Slash","Leg Sweep+1","Outmaneuver","Poisoned Stab+1","Dodge and Roll","Night Terror+1","Catalyst+1","Dagger Spray+1","Well Laid Plans","Crippling Poison","Bite","Bite","Bite","Bite","Bite","Sucker Punch","After Image","Finisher+1","Bouncing Flask"],"relics":["Ring of the Snake","Centennial Puzzle","Tiny House","Juzu Bracelet","Whetstone","Bag of Preparation","Enchiridion"],"acts_visited":["Exordium","TheCity"],"potions_floor_usage":[18],"damage_taken":[{"damage":0,"enemies":"Small Slimes","floor":1,"turns":5},{"damage":2,"enemies":"2 Louse","floor":3,"turns":3},{"damage":0,"enemies":"Cultist","floor":4,"turns":4},{"damage":17,"enemies":"Lots of Slimes","floor":5,"turns":4},{"damage":0,"enemies":"Looter","floor":7,"turns":3},{"damage":0,"enemies":"Large Slime","floor":8,"turns":6},{"damage":4,"enemies":"Blue Slaver","floor":10,"turns":4},{"damage":26,"enemies":"The Guardian","floor":16,"turns":9},{"damage":13,"enemies":"3 Byrds","floor":18,"turns":5},{"damage":14,"enemies":"Spheric Guardian","floor":22,"turns":4},{"damage":13,"enemies":"Centurion and Healer","floor":23,"turns":7},{"damage":6,"enemies":"Snecko","floor":24,"turns":4},{"damage":28,"enemies":"Book of Stabbing","floor":27,"turns":6},{"damage":14,"enemies":"Snake Plant","floor":29,"turns":5},{"damage":42,"enemies":"3 Cultists","floor":31,"turns":5}],"seed_played":"-8257848278339014715","potions_obtained":[{"floor":3,"key":"CunningPotion"},{"floor":4,"key":"Swift Potion"},{"floor":5,"key":"LiquidMemories"},{"floor":10,"key":"Explosive Potion"},{"floor":18,"key":"Ancient Potion"},{"floor":24,"key":"EssenceOfSteel"}],"is_trial":false,"path_per_floor":["M","$","M","M","M","R","M","M","T","M","R","?","R","?","R","B",null,"M","$","$","?","M","M","M","R","T","E","R","M","?","M"],"character_chosen":"THE_SILENT","items_purchased":["Apotheosis","Deadly Poison","Well Laid Plans","Juzu Bracelet","Crippling Poison"],"campfire_rested":1,"item_purchase_floors":[2,2,19,19,20],"current_hp_per_floor":[70,70,68,68,51,51,51,51,51,47,47,70,70,70,70,44,75,62,62,62,52,41,49,48,48,48,25,40,41,25,0,0],"gold":146,"neow_bonus":"HUNDRED_GOLD","is_daily":false,"chose_seed":false,"campfire_upgraded":5,"win_rate":0.0,"timestamp":1612381522,"path_taken":["M","$","M","M","M","R","M","M","T","M","R","?","R","?","R","BOSS","M","?","$","?","M","M","M","R","T","E","R","M","?","M"],"items_purchased_type":["Card","Card","Card","Relic","Card"],"build_version":"2020-12-22","purchased_purges":1,"victory":false,"max_hp_per_floor":[70,70,70,70,70,70,70,70,70,70,70,70,70,70,70,70,75,75,75,75,52,52,52,52,52,52,52,52,52,52,52,52],"card_choices":[{"not_picked":["Acrobatics","Reflex"],"picked":"Flying Knee","floor":1},{"not_picked":["Underhanded Strike","Backflip"],"picked":"Noxious Fumes","floor":3},{"not_picked":["Backstab","Outmaneuver"],"picked":"Quick Slash","floor":4},{"not_picked":["Quick Slash","Riddle With Holes"],"picked":"Leg Sweep","floor":5},{"not_picked":["Infinite Blades","Endless Agony"],"picked":"Outmaneuver","floor":7},{"not_picked":["Die Die Die","Underhanded Strike"],"picked":"Poisoned Stab","floor":8},{"not_picked":["Well Laid Plans","Dagger Throw"],"picked":"Dodge and Roll","floor":10},{"not_picked":["Venomology","Doppelganger"],"picked":"Night Terror","floor":16},{"not_picked":["Terror","Tactician"],"picked":"Catalyst","floor":17},{"not_picked":["Quick Slash+1","Slice"],"picked":"Dagger Spray","floor":18},{"not_picked":["Deadly Poison","Well Laid Plans+1"],"picked":"Sucker Punch","floor":22},{"not_picked":["Masterful Stab","Flying Knee"],"picked":"After Image","floor":23},{"not_picked":["Dodge and Roll","Leg Sweep"],"picked":"Finisher+1","floor":24},{"not_picked":["Underhanded Strike+1","Calculated Gamble+1","Sucker Punch"],"picked":"SKIP","floor":27},{"not_picked":["Infinite Blades","PiercingWail"],"picked":"Bouncing Flask","floor":29}],"player_experience":71163,"relics_obtained":[{"floor":9,"key":"Centennial Puzzle"},{"floor":26,"key":"Whetstone"},{"floor":27,"key":"Bag of Preparation"},{"floor":30,"key":"Enchiridion"}],"event_choices":[{"damage_healed":23,"gold_gain":0,"player_choice":"Banana","damage_taken":0,"max_hp_gain":0,"max_hp_loss":0,"event_name":"Big Fish","floor":12,"gold_loss":0},{"damage_healed":0,"gold_gain":100,"player_choice":"Pray","damage_taken":0,"max_hp_gain":0,"max_hp_loss":0,"event_name":"Golden Shrine","floor":14,"gold_loss":0},{"damage_healed":0,"gold_gain":0,"player_choice":"Became a vampire","damage_taken":0,"max_hp_gain":0,"max_hp_loss":23,"event_name":"Vampires","floor":21,"gold_loss":0,"cards_obtained":["Bite","Bite","Bite","Bite","Bite"]},{"damage_healed":0,"gold_gain":0,"player_choice":"Obtained Book","damage_taken":16,"max_hp_gain":0,"max_hp_loss":0,"event_name":"Cursed Tome","floor":30,"gold_loss":0}],"is_beta":false,"boss_relics":[{"not_picked":["Snecko Eye","Ring of the Serpent"],"picked":"Tiny House"}],"items_purged_floors":[19],"is_endless":false,"potions_floor_spawned":[3,4,5,10,18,24],"killed_by":"3 Cultists","ascension_level":1}}