{"host":"j4g6ia6asvpyu2b0","time":1612355963,"event":{"mods":["BaseMod","Colored Map","Minty Spire (QoL Compilation)","Permanent Neow","Quick Restart","Relic Stats","StSLib","Unceasing Turn Reminder"],"gold_per_floor":[361,361,380,398,167,167,184,210,286,346,374,57,87,102,102,205,205,221,236,236,8,25,25,51,51,51,77,77,104,104,119,119,215,215,234,234,234,249,269,599,599,613,613,646,555,585,597,611,611,611,611,611,16,49,49],"floor_reached":56,"language":"ENG","playtime":2177,"items_purged":["Strike_B+1"],"score":1595,"play_id":"3ca3cc99-9c3a-49bf-bbe3-b121d3d148fb","local_time":"20210203053923","is_ascension_mode":true,"campfire_choices":[{"data":"Zap","floor":6.0,"key":"SMITH"},{"data":"Loop","floor":15.0,"key":"SMITH"},{"data":"Defragment","floor":23.0,"key":"SMITH"},{"floor":25.0,"key":"REST"},{"data":"Defragment","floor":30.0,"key":"SMITH"},{"data":"Discovery","floor":32.0,"key":"SMITH"},{"data":"Discovery","floor":41,"key":"SMITH"},{"floor":49,"key":"RECALL"},{"data":"Creative AI","floor":52,"key":"SMITH"}],"circlet_count":0,"master_deck":["Strike_B+1","Strike_B+1","Defend_B+1","Defend_B+1","Defend_B+1","Defend_B+1","Zap+1","Dualcast","Rebound","Sweeping Beam","Compile Driver","Self Repair","Melter","Cold Snap","Glacier","Echo Form","Loop+1","Discovery+1","Ball Lightning","Cold Snap","Creative AI+1","Glacier","Darkness+1","Defragment+1","Discovery+1","Defragment+1","Tempest+1","Darkness+1","Fission+1","Recycle+1","Fission+1","Double Energy+1","Loop","Ball Lightning+1","Defragment+1","Lockon","Doom and Gloom","Undo+1","Multi-Cast+1","Cold Snap","Storm","Loop","Amplify+1","Self Repair","Defragment","Self Repair","Self Repair","Storm","Hologram+1","Compile Driver","Chill+1"],"relics":["Cracked Core","Incense Burner","Lee\u0027s Waffle","Whetstone","Bottled Tornado","Girya","DataDisk","Orichalcum","Philosopher\u0027s Stone","Darkstone Periapt","Toxic Egg 2","Bag of Preparation","Ancient Tea Set","Coffee Dripper","Happy Flower","Old Coin","Emotion Chip","The Courier","Question Card","Pear"],"acts_visited":["Exordium","TheCity","TheBeyond","TheEnding"],"potions_floor_usage":[40,55,55,55],"damage_taken":[{"damage":0.0,"enemies":"2 Louse","floor":1.0,"turns":2.0},{"damage":5.0,"enemies":"Small Slimes","floor":3.0,"turns":4.0},{"damage":2.0,"enemies":"Jaw Worm","floor":4.0,"turns":3.0},{"damage":19.0,"enemies":"Large Slime","floor":7.0,"turns":4.0},{"damage":18.0,"enemies":"Lagavulin","floor":8.0,"turns":5.0},{"damage":10.0,"enemies":"Lagavulin Event","floor":10.0,"turns":5.0},{"damage":2.0,"enemies":"3 Sentries","floor":11.0,"turns":8.0},{"damage":11.0,"enemies":"Gremlin Nob","floor":13.0,"turns":3.0},{"damage":0.0,"enemies":"Looter","floor":14.0,"turns":3.0},{"damage":5.0,"enemies":"Slime Boss","floor":16.0,"turns":8.0},{"damage":0.0,"enemies":"Spheric Guardian","floor":18.0,"turns":3.0},{"damage":16.0,"enemies":"2 Thieves","floor":19.0,"turns":3.0},{"damage":3.0,"enemies":"Cultist and Chosen","floor":22.0,"turns":6.0},{"damage":56.0,"enemies":"Slavers","floor":24.0,"turns":6.0},{"damage":5.0,"enemies":"Gremlin Leader","floor":27.0,"turns":6.0},{"damage":4.0,"enemies":"Book of Stabbing","floor":29.0,"turns":6.0},{"damage":0.0,"enemies":"Shelled Parasite and Fungi","floor":31.0,"turns":4.0},{"damage":0.0,"enemies":"Champ","floor":33.0,"turns":8.0},{"damage":1.0,"enemies":"3 Shapes","floor":35.0,"turns":5.0},{"damage":0,"enemies":"3 Darklings","floor":38,"turns":3},{"damage":0,"enemies":"Transient","floor":39,"turns":5},{"damage":13,"enemies":"Reptomancer","floor":40,"turns":5},{"damage":15,"enemies":"Jaw Worm Horde","floor":42,"turns":3},{"damage":20,"enemies":"Nemesis","floor":44,"turns":7},{"damage":0,"enemies":"Giant Head","floor":46,"turns":5},{"damage":11,"enemies":"4 Shapes","floor":47,"turns":5},{"damage":8,"enemies":"Writhing Mass","floor":48,"turns":3},{"damage":50,"enemies":"Awakened One","floor":50,"turns":13},{"damage":18,"enemies":"Shield and Spear","floor":54,"turns":4},{"damage":93,"enemies":"The Heart","floor":55,"turns":5}],"seed_played":"1961406088680365672","potions_obtained":[{"floor":7.0,"key":"EssenceOfDarkness"},{"floor":11.0,"key":"SteroidPotion"},{"floor":18.0,"key":"Strength Potion"},{"floor":19.0,"key":"EssenceOfSteel"},{"floor":27.0,"key":"AttackPotion"},{"floor":40,"key":"CultistPotion"},{"floor":44,"key":"Regen Potion"}],"is_trial":false,"path_per_floor":["M","?","M","M","$","R","M","E","T","?","E","$","E","M","R","B",null,"M","M","?","$","M","R","E","R","T","E","?","E","R","M","R","B",null,"M","T","?","M","M","E","R","M","T","E","$","E","M","M","R","B",null,"R","$","E","B",null],"character_chosen":"DEFECT","items_purchased":["Lee\u0027s Waffle","Self Repair","DataDisk","Loop","Discovery","Defragment","Discovery","PotionOfCapacity","Doom and Gloom","Storm","Loop","Amplify+1","Self Repair","Defragment","Self Repair","Self Repair","Storm","Hologram+1","Compile Driver"],"campfire_rested":1,"item_purchase_floors":[5,5,12,12,12,21,21,21,45,53,53,53,53,53,53,53,53,53,53],"current_hp_per_floor":[54,51,46,44,82,82,70,59,59,56,61,61,57,64,64,66,82,82,73,73,73,70,70,14,38,38,40,40,43,43,50,50,57,82,82,82,82,82,82,76,76,68,68,55,55,62,58,57,57,7,82,82,82,88,30],"gold":49,"neow_bonus":"TWO_FIFTY_GOLD","is_daily":false,"chose_seed":false,"campfire_upgraded":7,"win_rate":0.0,"timestamp":1612355963,"path_taken":["M","?","M","M","$","R","M","E","T","?","E","?","E","M","R","BOSS","M","M","?","$","M","R","E","R","T","E","?","E","R","M","R","BOSS","M","?","?","M","M","E","R","M","T","E","$","E","M","M","R","BOSS","R","$","E","BOSS"],"items_purchased_type":["Relic","Card","Relic","Card","Card","Card","Card","Potion","Card","Card","Card","Card","Card","Card","Card","Card","Card","Card","Card"],"build_version":"2020-12-22","purchased_purges":1,"victory":true,"max_hp_per_floor":[75,75,75,75,82,82,82,82,82,82,82,82,82,82,82,82,82,82,82,82,82,82,82,82,82,82,82,82,82,82,82,82,82,82,82,82,82,82,82,82,82,82,82,82,82,82,82,82,82,82,82,82,82,92,92],"relic_stats":{"Darkstone Periapt":0,"Lee\u0027s Waffle":38,"Emotion Chip":[42,29,6,5,2],"Happy Flower":[19],"counters":[30,150],"Bag of Preparation":[30],"Whetstone":["Strike_B","Strike_B"],"Orichalcum":[198],"Question Card":3,"obtain_stats":[{"Darkstone Periapt":24,"Girya":11,"Lee\u0027s Waffle":5,"Pear":54,"Happy Flower":36,"The Courier":44,"Incense Burner":2,"Bag of Preparation":27,"Whetstone":8,"Bottled Tornado":10,"Orichalcum":13,"Ancient Tea Set":29,"Question Card":46,"Old Coin":40,"DataDisk":12,"Emotion Chip":43,"Philosopher\u0027s Stone":17,"Coffee Dripper":34,"Toxic Egg 2":26,"Cracked Core":0},{"Darkstone Periapt":14,"Girya":7,"Lee\u0027s Waffle":3,"Pear":29,"Happy Flower":19,"The Courier":24,"Incense Burner":1,"Bag of Preparation":15,"Whetstone":5,"Bottled Tornado":6,"Orichalcum":8,"Ancient Tea Set":16,"Question Card":25,"Old Coin":22,"DataDisk":7,"Emotion Chip":23,"Philosopher\u0027s Stone":10,"Coffee Dripper":18,"Toxic Egg 2":14,"Cracked Core":0},{"Darkstone Periapt":63,"Girya":31,"Lee\u0027s Waffle":9,"Pear":145,"Happy Flower":92,"The Courier":115,"Incense Burner":2,"Bag of Preparation":69,"Whetstone":18,"Bottled Tornado":23,"Orichalcum":34,"Ancient Tea Set":75,"Question Card":120,"Old Coin":105,"DataDisk":31,"Emotion Chip":108,"Philosopher\u0027s Stone":45,"Coffee Dripper":87,"Toxic Egg 2":63,"Cracked Core":0}]},"card_choices":[{"not_picked":["Turbo","Go for the Eyes"],"picked":"Rebound","floor":1.0},{"not_picked":["Hello World","Compile Driver"],"picked":"Sweeping Beam","floor":3.0},{"not_picked":["Heatsinks","Redo"],"picked":"Compile Driver","floor":4.0},{"not_picked":["Aggregate","Coolheaded"],"picked":"Melter","floor":7.0},{"not_picked":["Meteor Strike","Turbo"],"picked":"Cold Snap","floor":8.0},{"not_picked":["Redo","Loop"],"picked":"Glacier","floor":10.0},{"not_picked":["Stack","Compile Driver"],"picked":"Echo Form","floor":11.0},{"not_picked":["Leap","Gash"],"picked":"Ball Lightning","floor":13.0},{"not_picked":["Conserve Battery","Gash"],"picked":"Cold Snap","floor":14.0},{"not_picked":["Fission","Reboot"],"picked":"Creative AI","floor":16.0},{"not_picked":["Go for the Eyes","Steam"],"picked":"Glacier","floor":18.0},{"not_picked":["Melter+1","Blizzard"],"picked":"Darkness+1","floor":19.0},{"not_picked":["Rebound","Conserve Battery"],"picked":"Defragment","floor":22.0},{"not_picked":["Sweeping Beam","Redo"],"picked":"Tempest+1","floor":24.0},{"not_picked":["Steam+1","Compile Driver"],"picked":"Darkness+1","floor":27.0},{"not_picked":["Coolheaded+1","Compile Driver"],"picked":"Fission+1","floor":29.0},{"not_picked":["Auto Shields+1","Hologram+1"],"picked":"Recycle+1","floor":31.0},{"not_picked":["Thunder Strike","Hyperbeam"],"picked":"Fission+1","floor":33.0},{"not_picked":["Cold Snap","Steam+1"],"picked":"Double Energy+1","floor":35},{"not_picked":["Skim+1","Go for the Eyes"],"picked":"Loop","floor":38},{"not_picked":["Heatsinks","Barrage+1"],"picked":"Ball Lightning+1","floor":39},{"not_picked":["Thunder Strike","Cold Snap"],"picked":"Defragment+1","floor":40},{"not_picked":["Gash+1","Streamline","Turbo+1"],"picked":"SKIP","floor":42},{"not_picked":["Barrage","Streamline"],"picked":"Lockon","floor":44},{"not_picked":["Rebound+1","Cold Snap"],"picked":"Undo+1","floor":46},{"not_picked":["Streamline+1","Compile Driver","Coolheaded+1"],"picked":"Multi-Cast+1","floor":47},{"not_picked":["Compile Driver","Hello World+1","Sweeping Beam"],"picked":"Cold Snap","floor":48},{"not_picked":["Buffer","Redo+1","FTL"],"picked":"Chill+1","floor":54}],"player_experience":1116626,"relics_obtained":[{"floor":8.0,"key":"Whetstone"},{"floor":10.0,"key":"Bottled Tornado"},{"floor":11.0,"key":"Girya"},{"floor":13.0,"key":"Orichalcum"},{"floor":24.0,"key":"Darkstone Periapt"},{"floor":26.0,"key":"Toxic Egg 2"},{"floor":27.0,"key":"Bag of Preparation"},{"floor":29.0,"key":"Ancient Tea Set"},{"floor":36,"key":"Happy Flower"},{"floor":40,"key":"Old Coin"},{"floor":43,"key":"Emotion Chip"},{"floor":44,"key":"The Courier"},{"floor":46,"key":"Question Card"},{"floor":54,"key":"Pear"}],"event_choices":[{"damage_healed":0.0,"max_hp_gain":0.0,"max_hp_loss":0.0,"gold_gain":0.0,"event_name":"Scrap Ooze","player_choice":"Success","floor":2.0,"gold_loss":0.0,"damage_taken":3.0,"relics_obtained":["Incense Burner"]},{"damage_healed":0.0,"max_hp_gain":0.0,"max_hp_loss":0.0,"gold_gain":30.0,"event_name":"Dead Adventurer","player_choice":"Searched \u00272\u0027 times","floor":10.0,"gold_loss":0.0,"damage_taken":0.0},{"damage_healed":0.0,"max_hp_gain":0.0,"max_hp_loss":0.0,"gold_gain":0.0,"event_name":"Back to Basics","player_choice":"Simplicity","floor":20.0,"gold_loss":0.0,"damage_taken":0.0,"cards_upgraded":["Strike_B","Strike_B","Defend_B","Defend_B","Defend_B","Defend_B"]},{"cards_removed":["Strike_B"],"damage_healed":0.0,"max_hp_gain":0.0,"max_hp_loss":0.0,"gold_gain":0.0,"event_name":"Purifier","player_choice":"Purged","floor":28.0,"gold_loss":0.0,"damage_taken":0.0},{"damage_healed":0,"gold_gain":0,"player_choice":"Ignored","damage_taken":0,"max_hp_gain":0,"max_hp_loss":0,"event_name":"Tomb of Lord Red Mask","floor":37,"gold_loss":0}],"is_beta":false,"boss_relics":[{"not_picked":["Calling Bell","Runic Pyramid"],"picked":"Philosopher\u0027s Stone"},{"not_picked":["Velvet Choker","Inserter"],"picked":"Coffee Dripper"}],"items_purged_floors":[45],"is_endless":false,"potions_floor_spawned":[7,11,18,19,27,38,40,44,47],"ascension_level":1}}