{"host":"4qkvkh7pd9qr2mca","time":1612391224,"event":{"mods":["AchievementEnabler","Act Like it!","BaseMod","Colored Map","Colored Powertips","Highlight Path","Minty Spire (QoL Compilation)","Pale of the Ancients","Permanent Neow","Quick Restart","Relic Stats","StSLib","SuperFastMode"],"gold_per_floor":[117,136,211,19,19,45,45,60,140,159,159,1,28,43,43,119,119,19,39,39,65,78,78,108,108,108,108,108],"floor_reached":27,"language":"ENG","playtime":1571,"items_purged":["Normality","Strike_G"],"score":528,"play_id":"9654a201-e567-446b-8c34-9216dbb111e5","local_time":"20210203232704","is_ascension_mode":true,"campfire_choices":[{"data":"Footwork","floor":7,"key":"SMITH"},{"floor":11,"key":"REST"},{"data":"Well Laid Plans","floor":15,"key":"SMITH"},{"data":"After Image","floor":23,"key":"SMITH"},{"floor":25,"key":"REST"}],"circlet_count":0,"master_deck":["AscendersBane","Strike_G","Strike_G","Strike_G","Defend_G","Defend_G","Defend_G+1","Defend_G","Survivor","Neutralize","After Image","Corpse Explosion","Bouncing Flask","Escape Plan","Well Laid Plans+1","Deadly Poison+1","Footwork+1","Footwork","After Image+1","Backflip","Noxious Fumes","Wraith Form v2","Leg Sweep+1","Acrobatics"],"relics":["Ring of the Snake","Boot","Bottled Lightning","Anchor","HoveringKite","War Paint","Unceasing Top","Ornamental Fan"],"acts_visited":["Exordium","TheCity"],"potions_floor_usage":[13,13,16,24,27],"damage_taken":[{"damage":1.0,"enemies":"Cultist","floor":1.0,"turns":4.0},{"damage":0.0,"enemies":"2 Louse","floor":2.0,"turns":2.0},{"damage":6,"enemies":"Lagavulin","floor":6,"turns":7},{"damage":2,"enemies":"Small Slimes","floor":8,"turns":4},{"damage":5,"enemies":"Exordium Wildlife","floor":10,"turns":4},{"damage":4,"enemies":"3 Sentries","floor":13,"turns":5},{"damage":5,"enemies":"3 Louse","floor":14,"turns":3},{"damage":6,"enemies":"Slime Boss","floor":16,"turns":13},{"damage":0,"enemies":"2 Thieves","floor":18,"turns":5},{"damage":1,"enemies":"Spheric Guardian","floor":19,"turns":6},{"damage":0,"enemies":"Centurion and Healer","floor":22,"turns":7},{"damage":30,"enemies":"Gremlin Leader","floor":24,"turns":12},{"damage":47,"enemies":"Book of Stabbing","floor":27,"turns":10}],"seed_played":"1396242075409007531","potions_obtained":[{"floor":2.0,"key":"SteroidPotion"},{"floor":6,"key":"SkillPotion"},{"floor":10,"key":"ColorlessPotion"},{"floor":13,"key":"LiquidMemories"},{"floor":22,"key":"BlessingOfTheForge"},{"floor":24,"key":"Block Potion"}],"is_trial":false,"path_per_floor":["M","M","?","$","?","E","R","M","T","M","R","$","E","M","R","B",null,"M","M","?","T","M","R","E","R","T","E"],"character_chosen":"THE_SILENT","items_purchased":["Well Laid Plans","Deadly Poison","Backflip"],"campfire_rested":2,"item_purchase_floors":[4,4,12],"current_hp_per_floor":[58,58,47,47,47,41,41,39,39,34,53,53,49,44,44,38,59,59,58,58,58,58,58,28,47,47,0,0],"gold":108,"neow_bonus":"TRANSFORM_TWO_CARDS","is_daily":false,"chose_seed":false,"campfire_upgraded":3,"win_rate":0.0,"timestamp":1612391224,"path_taken":["M","?","?","$","?","E","R","M","T","M","R","?","E","M","R","BOSS","M","M","?","?","M","R","E","R","T","E"],"items_purchased_type":["Card","Card","Card"],"build_version":"2020-12-22","purchased_purges":2,"victory":false,"max_hp_per_floor":[66,66,66,66,66,66,66,66,66,66,66,66,66,66,66,66,66,66,66,66,66,66,66,66,66,66,66,66],"relic_stats":{"counters":[13,82],"Ornamental Fan":[0],"HoveringKite":[11],"War Paint":["Defend_G","Deadly Poison"],"Boot":[34],"obtain_stats":[{"Anchor":13,"Ornamental Fan":26,"HoveringKite":17,"Bottled Lightning":9,"War Paint":21,"Boot":6,"Unceasing Top":24,"Ring of the Snake":0},{"Anchor":6,"Ornamental Fan":12,"HoveringKite":8,"Bottled Lightning":4,"War Paint":10,"Boot":3,"Unceasing Top":12,"Ring of the Snake":0},{"Anchor":26,"Ornamental Fan":72,"HoveringKite":42,"Bottled Lightning":17,"War Paint":53,"Boot":13,"Unceasing Top":72,"Ring of the Snake":0}],"Unceasing Top":[0],"Ring of the Snake":[26]},"card_choices":[{"not_picked":["Backstab","Dodge and Roll"],"picked":"Bouncing Flask","floor":1.0},{"not_picked":["Outmaneuver","Slice"],"picked":"Escape Plan","floor":2.0},{"not_picked":["Dagger Spray","Concentrate"],"picked":"Footwork","floor":6},{"not_picked":["Sucker Punch","Heel Hook"],"picked":"Footwork","floor":8},{"not_picked":["Slice","Deflect"],"picked":"After Image","floor":10},{"not_picked":["Cloak And Dagger","Deadly Poison","Quick Slash"],"picked":"SKIP","floor":13},{"not_picked":["Sucker Punch","Dagger Throw"],"picked":"Noxious Fumes","floor":14},{"not_picked":["Corpse Explosion","Grand Finale"],"picked":"Wraith Form v2","floor":16},{"not_picked":["Dagger Throw","Well Laid Plans"],"picked":"Leg Sweep+1","floor":18},{"not_picked":["Blade Dance","Cloak And Dagger","Deadly Poison"],"picked":"SKIP","floor":19},{"not_picked":["Underhanded Strike","Accuracy"],"picked":"Acrobatics","floor":22},{"not_picked":["Outmaneuver","Masterful Stab","Flying Knee"],"picked":"SKIP","floor":24}],"player_experience":618586,"relics_obtained":[{"floor":6,"key":"Boot"},{"floor":9,"key":"Bottled Lightning"},{"floor":13,"key":"Anchor"},{"floor":21,"key":"War Paint"},{"floor":24,"key":"Unceasing Top"},{"floor":26,"key":"Ornamental Fan"}],"event_choices":[{"damage_healed":0.0,"max_hp_gain":0.0,"max_hp_loss":0.0,"gold_gain":75.0,"event_name":"World of Goop","player_choice":"Gather Gold","floor":3.0,"gold_loss":0.0,"damage_taken":11.0},{"damage_healed":0,"gold_gain":0,"player_choice":"Fled","damage_taken":0,"max_hp_gain":0,"max_hp_loss":0,"event_name":"Scrap Ooze","floor":5,"gold_loss":0}],"is_beta":false,"boss_relics":[{"not_picked":["WristBlade","Fusion Hammer"],"picked":"HoveringKite"}],"items_purged_floors":[4,12],"is_endless":false,"potions_floor_spawned":[2,6,10,13,22,24],"killed_by":"Book of Stabbing","ascension_level":20}}