{"host":"74dg6ta44i9qan6e","time":1612393183,"event":{"mods":["Act Like it!","BaseMod","Downfall","Hubris","Infinite Spire","Minty Spire (QoL Compilation)","Replay The Spire","StSLib","Waifu the Spire"],"gold_per_floor":[99,115,131,198,208,208,208,208,243,274,289,289,323,323,334,435,435,335,349,349,349,19,19,19,19,19,45,58,121,141,156,173,269,269,69,80,80,80,80],"floor_reached":37,"language":"ENG","playtime":2412,"items_purged":["downfall:Malfunctioning","Pride"],"score":501,"play_id":"9648ca66-cc3c-4fe2-af58-ad7c60718400","local_time":"20210203175943","is_ascension_mode":false,"campfire_choices":[{"floor":1.0,"key":"DIG"},{"data":"bronze:BuggyMess","floor":6.0,"key":"SMITH"},{"data":"ReplayTheSpireMod:Splinters","floor":18.0,"key":"PURGE"},{"floor":23.0,"key":"RECALL"},{"data":"bronze:Assembly","floor":25.0,"key":"SMITH"},{"data":"bronze:AlphaBuild","floor":35.0,"key":"SMITH"}],"circlet_count":0,"master_deck":["bronze:Strike","bronze:Strike","bronze:Strike","bronze:Strike","bronze:Defend","bronze:Defend","bronze:Defend","bronze:Defend","bronze:Goto+1","hubris:Insight","bronze:Repair+1","bronze:BronzeOrb+1","bronze:BuggyMess+1","ReplayTheSpireMod:Black Plague","bronze:WhirlingStrike","bronze:Branch","bronze:Frontload","bronze:Repulsor","bronze:BronzeOrb","bronze:Verify","bronze:ForceShield","bronze:ChildClass+1","bronze:Assembly+1","bronze:DelayedGuard","bronze:CutThrough","infinitespire:Collect","bronze:CloningBeam","bronze:DelayedSlice+1","bronze:DarkDash+1","bronze:Constructor","bronze:BitShift","bronze:ChildClass","bronze:AlphaBuild+1","bronze:Repulsor+1","hubris:DuctTapeCard"],"relics":["bronze:BronzeCore","hubris:MobiusCoin","hubris:DuctTape","WingedGreaves","hubris:FunFungus","Happy Flower","bronze:BottledCode","Philosopher\u0027s Stone","downfall:HeartBlessingGreen","hubris:BottledHeart","Replay:Multitool","Replay:Bronze Core","Medical Kit","infinitespire:Eraser","Replay:Grab Bag","ChewingGum","Cursed Key","hubris:Backtick","Dead Branch","downfall:HeartBlessingRed","downfall:HeartBlessingBlue"],"acts_visited":["Exordium","TheCity","TheBeyond"],"potions_floor_usage":[],"damage_taken":[{"damage":0.0,"enemies":"Small Slimes","floor":2.0,"turns":3.0},{"damage":2.0,"enemies":"2 Louse","floor":3.0,"turns":3.0},{"damage":0.0,"enemies":"Cultist","floor":4.0,"turns":5.0},{"damage":1.0,"enemies":"3 Louse","floor":5.0,"turns":4.0},{"damage":30.0,"enemies":"Gremlin Nob","floor":9.0,"turns":4.0},{"damage":0.0,"enemies":"2 Fungi Beasts","floor":11.0,"turns":2.0},{"damage":18.0,"enemies":"Lagavulin","floor":13.0,"turns":5.0},{"damage":0.0,"enemies":"3 Louse","floor":15.0,"turns":2.0},{"damage":29.0,"enemies":"WA_ARCHETYPE_RETAIN","floor":16.0,"turns":9.0},{"damage":5.0,"enemies":"Spheric Guardian","floor":19.0,"turns":5.0},{"damage":0.0,"enemies":"downfall:FleeingMerchant","floor":22.0,"turns":4.0},{"damage":0.0,"enemies":"Book of Stabbing","floor":27.0,"turns":6.0},{"damage":0.0,"enemies":"Snecko","floor":28.0,"turns":6.0},{"damage":0.0,"enemies":"Centurion and Healer","floor":29.0,"turns":4.0},{"damage":0.0,"enemies":"Shelled Parasite and Fungi","floor":30.0,"turns":3.0},{"damage":0.0,"enemies":"Snecko","floor":31.0,"turns":4.0},{"damage":0.0,"enemies":"Cultist and Chosen","floor":32.0,"turns":8.0},{"damage":0.0,"enemies":"DF_ARCHETYPE_CLAW","floor":33.0,"turns":15.0},{"damage":0.0,"enemies":"3 Shapes","floor":36.0,"turns":2.0}],"seed_played":"-2254772441757875087","potions_obtained":[{"floor":3.0,"key":"champ:CounterPotion"},{"floor":5.0,"key":"FairyPotion"},{"floor":11.0,"key":"Venom Potion"},{"floor":13.0,"key":"infinitespire:BlackPotion"},{"floor":28.0,"key":"AttackPotion"},{"floor":29.0,"key":"bronze:CleanCodePotion"},{"floor":36.0,"key":"Cursed Concoction"}],"is_trial":false,"path_per_floor":["R","M","M","M","M","R","T","?","E","?","M","?","E","?","M","B",null,"R","M","?","?","$","R","T","R","AVR","E","M","M","M","M","M","B",null,"R","M","?"],"character_chosen":"THE_AUTOMATON","items_purchased":["bronze:Assembly","bronze:DelayedGuard","bronze:CutThrough"],"campfire_rested":0,"item_purchase_floors":[22,22,22],"current_hp_per_floor":[70,70,68,70,69,69,69,51,28,28,35,35,27,27,37,18,60,60,55,1,1,1,1,1,1,1,1,1,1,1,1,1,1,1,1,1,1,1,1],"gold":80,"neow_bonus":"RANDOM_COLORLESS","is_daily":false,"chose_seed":false,"campfire_upgraded":3,"win_rate":0.0,"timestamp":1612393183,"path_taken":["R","M","M","M","M","R","T","?","E","?","?","?","E","?","M","BOSS","R","M","?","?","?","R","T","R","AVR","E","M","M","M","?","M","BOSS","R","M","?"],"items_purchased_type":["Card","Card","Card"],"build_version":"2020-12-22","purchased_purges":2,"victory":false,"max_hp_per_floor":[70,70,70,70,70,70,70,70,70,70,70,70,70,60,60,60,60,60,60,1,1,1,1,1,1,1,1,1,1,1,1,1,1,1,1,1,1,1,1],"card_choices":[{"not_picked":["Mind Blast","Jack Of All Trades"],"picked":"hubris:Insight","floor":0.0},{"not_picked":["bronze:MaxOutput","bronze:ForceShield"],"picked":"bronze:DelayedGuard","floor":2.0},{"not_picked":["bronze:Shield","bronze:OilSpill"],"picked":"bronze:Repair","floor":3.0},{"not_picked":["bronze:DelayedGuard","bronze:DarkDash"],"picked":"bronze:BronzeOrb","floor":4.0},{"not_picked":["bronze:Optimize","bronze:Turbo"],"picked":"bronze:BuggyMess","floor":5.0},{"not_picked":["infinitespire:UltimateForm","infinitespire:FinalStrike"],"picked":"ReplayTheSpireMod:Black Plague","floor":8.0},{"not_picked":["bronze:BitShift","bronze:MaxOutput"],"picked":"bronze:WhirlingStrike","floor":9.0},{"not_picked":["bronze:Philosophize","bronze:MaxOutput"],"picked":"bronze:Branch","floor":10.0},{"not_picked":["bronze:Constructor","bronze:Turbo"],"picked":"bronze:Frontload","floor":11.0},{"not_picked":["bronze:ForLoop","bronze:Terminator"],"picked":"bronze:Repulsor","floor":13.0},{"not_picked":["bronze:DelayedSlice","bronze:BuggyMess"],"picked":"bronze:BronzeOrb","floor":15.0},{"not_picked":["bronze:Assembly","bronze:CleanCode"],"picked":"bronze:Verify","floor":16.0},{"not_picked":["bronze:BitShift","bronze:Separator+1"],"picked":"bronze:ForceShield","floor":19.0},{"not_picked":["bronze:WhirlingStrike","bronze:Philosophize"],"picked":"bronze:ChildClass+1","floor":22.0},{"not_picked":["bronze:Deprecate","bronze:ShipIt"],"picked":"bronze:CloningBeam","floor":27.0},{"not_picked":["bronze:Overheat+1","bronze:ChildClass"],"picked":"bronze:DelayedSlice+1","floor":28.0},{"not_picked":["bronze:WildBeam","bronze:MaxOutput+1"],"picked":"bronze:DarkDash+1","floor":29.0},{"not_picked":["bronze:Deprecate","bronze:Optimize"],"picked":"bronze:Constructor","floor":30.0},{"not_picked":["bronze:ChildClass","bronze:WildBeam"],"picked":"bronze:BitShift","floor":31.0},{"not_picked":["bronze:Overheat","bronze:Shield+1"],"picked":"bronze:ChildClass","floor":32.0},{"not_picked":["bronze:Assembly","bronze:FindAndReplace"],"picked":"bronze:AlphaBuild","floor":33.0},{"not_picked":["bronze:BronzeArmor+1","bronze:Return"],"picked":"bronze:Repulsor+1","floor":36.0}],"player_experience":551221,"relics_obtained":[{"floor":1.0,"key":"hubris:MobiusCoin"},{"floor":7.0,"key":"hubris:DuctTape"},{"floor":9.0,"key":"WingedGreaves"},{"floor":10.0,"key":"hubris:FunFungus"},{"floor":13.0,"key":"Happy Flower"},{"floor":27.0,"key":"infinitespire:Eraser"}],"event_choices":[{"damage_healed":0.0,"max_hp_gain":0.0,"max_hp_loss":0.0,"gold_gain":0.0,"event_name":"Addict","player_choice":"Stole Relic","floor":21.0,"gold_loss":0.0,"damage_taken":0.0,"relics_obtained":["Replay:Multitool"],"cards_obtained":["Pride"]}],"is_beta":false,"boss_relics":[{"not_picked":["Kintsugi","infinitespire:Cupcake"],"picked":"Philosopher\u0027s Stone"},{"not_picked":["Empty Cage","Sozu"],"picked":"Replay:Grab Bag"},{"not_picked":["ReplayTheSpireMod:DimensionalGlitch","Velvet Choker"],"picked":"ChewingGum"},{"not_picked":["Fusion Hammer","hubris:CrackedHourglass"],"picked":"Cursed Key"},{"not_picked":["hubris:HollowSoul","hubris:ScarierMask"],"picked":"hubris:Backtick"}],"items_purged_floors":[22,26],"is_endless":false,"potions_floor_spawned":[3,5,11,13,28,29,30,31,36],"ascension_level":0}}