{"host":"Alvar","time":1612357084,"event":{"mods":["AchievementEnabler","BaseMod","Minty Spire (QoL Compilation)","StSLib"],"gold_per_floor":[119,17,17,29,52,64,111,123,190,228,240,269,307,332,344,427,439,465,527,552,10,10,10],"floor_reached":22,"language":"ENG","playtime":878,"items_purged":["Strike_G"],"score":404,"play_id":"d7da4355-9c27-4904-8da5-b13631f3a1bb","local_time":"20210203195804","is_ascension_mode":true,"campfire_choices":[{"data":"Noxious Fumes","floor":8.0,"key":"SMITH"},{"floor":11.0,"key":"REST"},{"floor":15.0,"key":"REST"}],"circlet_count":0,"master_deck":["AscendersBane","Strike_G","Strike_G","Strike_G+1","Strike_G+1","Defend_G","Defend_G","Defend_G","Defend_G","Defend_G","Survivor","Neutralize+1","Noxious Fumes+1","Quick Slash","Infinite Blades","Flying Knee","Predator","Well Laid Plans","Backstab","Wraith Form v2","Die Die Die","Footwork"],"relics":["Ring of the Snake","Orichalcum","MawBank","Whetstone","Centennial Puzzle","Girya","Ancient Tea Set","SlaversCollar","Art of War","TwistedFunnel"],"acts_visited":["Exordium","TheCity"],"potions_floor_usage":[18,22],"damage_taken":[{"damage":1.0,"enemies":"Small Slimes","floor":1.0,"turns":4.0},{"damage":0.0,"enemies":"Jaw Worm","floor":5.0,"turns":6.0},{"damage":18.0,"enemies":"3 Sentries","floor":7.0,"turns":10.0},{"damage":18.0,"enemies":"Gremlin Nob","floor":10.0,"turns":4.0},{"damage":2.0,"enemies":"2 Louse","floor":12.0,"turns":2.0},{"damage":21.0,"enemies":"Lagavulin","floor":13.0,"turns":6.0},{"damage":4.0,"enemies":"Red Slaver","floor":14.0,"turns":3.0},{"damage":36.0,"enemies":"Hexaghost","floor":16.0,"turns":10.0},{"damage":22,"enemies":"3 Byrds","floor":18,"turns":5},{"damage":13,"enemies":"2 Thieves","floor":20,"turns":4},{"damage":20,"enemies":"Snake Plant","floor":22,"turns":2}],"seed_played":"3138543813819644133","potions_obtained":[{"floor":5.0,"key":"DistilledChaos"},{"floor":7.0,"key":"CultistPotion"},{"floor":13.0,"key":"Explosive Potion"}],"is_trial":false,"path_per_floor":["M","$","?","?","M","?","E","R","T","E","R","M","E","M","R","B",null,"M","?","M","$","M"],"character_chosen":"THE_SILENT","items_purchased":["Quick Slash","Infinite Blades","Footwork","Art of War","TwistedFunnel","Block Potion"],"campfire_rested":2,"item_purchase_floors":[2,2,21,21,21,21],"current_hp_per_floor":[58,58,40,40,40,62,44,44,44,26,45,43,22,18,37,1,50,28,28,15,15,0,0],"gold":10,"neow_bonus":"RANDOM_COMMON_RELIC","is_daily":false,"chose_seed":false,"campfire_upgraded":1,"win_rate":0.0,"timestamp":1612357084,"path_taken":["M","$","?","?","M","?","E","R","T","E","R","M","E","M","R","BOSS","M","?","?","$","M"],"items_purchased_type":["Card","Card","Card","Relic","Relic","Potion"],"build_version":"2020-12-18","purchased_purges":1,"victory":false,"max_hp_per_floor":[66,66,66,66,66,66,66,66,66,66,66,66,66,66,66,66,66,66,66,66,66,66,66],"card_choices":[{"not_picked":["Slice","Well Laid Plans"],"picked":"Noxious Fumes","floor":1.0},{"not_picked":["Deflect","Slice"],"picked":"Flying Knee","floor":5.0},{"not_picked":["Well Laid Plans","Tactician"],"picked":"Predator","floor":7.0},{"not_picked":["Endless Agony","Bane"],"picked":"Well Laid Plans","floor":10.0},{"not_picked":["Flying Knee","Tools of the Trade","Bane"],"picked":"SKIP","floor":12.0},{"not_picked":["Poisoned Stab","Bane"],"picked":"Backstab","floor":13.0},{"not_picked":["Dodge and Roll","Quick Slash","Slice"],"picked":"SKIP","floor":14.0},{"not_picked":["Die Die Die","Tools of the Trade"],"picked":"Wraith Form v2","floor":16.0},{"not_picked":["Dagger Throw","Outmaneuver","Deadly Poison"],"picked":"SKIP","floor":18},{"not_picked":["Deflect","Dagger Spray"],"picked":"Die Die Die","floor":20}],"player_experience":798803,"relics_obtained":[{"floor":7.0,"key":"Whetstone"},{"floor":9.0,"key":"Centennial Puzzle"},{"floor":10.0,"key":"Girya"},{"floor":13.0,"key":"Ancient Tea Set"}],"event_choices":[{"damage_healed":0.0,"max_hp_gain":0.0,"max_hp_loss":0.0,"gold_gain":0.0,"event_name":"Scrap Ooze","player_choice":"Success","floor":3.0,"gold_loss":0.0,"damage_taken":18.0,"relics_obtained":["MawBank"]},{"damage_healed":0.0,"max_hp_gain":0.0,"max_hp_loss":0.0,"gold_gain":0.0,"event_name":"Living Wall","player_choice":"Grow","floor":4.0,"gold_loss":0.0,"damage_taken":0.0,"cards_upgraded":["Neutralize"]},{"damage_healed":22.0,"max_hp_gain":0.0,"max_hp_loss":0.0,"gold_gain":0.0,"event_name":"Big Fish","player_choice":"Banana","floor":6.0,"gold_loss":0.0,"damage_taken":0.0},{"damage_healed":0,"gold_gain":100,"player_choice":"Bet on Murderer","damage_taken":0,"max_hp_gain":0,"max_hp_loss":0,"event_name":"The Joust","floor":19,"gold_loss":50}],"is_beta":true,"boss_relics":[{"not_picked":["Black Star","WristBlade"],"picked":"SlaversCollar"}],"items_purged_floors":[21],"is_endless":false,"potions_floor_spawned":[5,7,13],"killed_by":"Snake Plant","ascension_level":20}}