{"host":"ejd7fmryc2gtg4h9","time":1612376262,"event":{"mods":["AchievementEnabler","BaseMod","BetterRewards","Colored Map","Colored Powertips","Custom Start","Downfall","Hubris","Minty Spire (QoL Compilation)","Rare Cards Sparkle","StSLib"],"gold_per_floor":[110,126,46,46,65,65,78,153,153,153,153,2,20,20,20,115,115,130,60,71,71,81,110,35,35,35,66,66,78,78,107,107,206,206,224,72,0,15,15,15,30,30,30],"floor_reached":42,"language":"ENG","playtime":2764,"items_purged":["Ball Lightning"],"score":619,"play_id":"6ac2953c-7efe-4cc7-ba16-d6435e0462ba","local_time":"20210203131742","daily_mods":["Draft","Heirloom","DeadlyEvents","Elite Swarm"],"is_ascension_mode":false,"campfire_choices":[{"data":"Loop","floor":6.0,"key":"SMITH"},{"data":"Loop","floor":11.0,"key":"SMITH"},{"data":"FTL","floor":15.0,"key":"SMITH"},{"floor":25,"key":"REST"},{"floor":28,"key":"REST"},{"floor":30,"key":"REST"},{"floor":32,"key":"REST"},{"floor":40,"key":"REST"}],"circlet_count":0,"master_deck":["Go for the Eyes","Go for the Eyes","Melter","Sweeping Beam","Loop+1","Sweeping Beam","Lockon","FTL+1","FTL","Static Discharge","Static Discharge","Self Repair","Loop+1","Beam Cell","Beam Cell","Static Discharge","Buffer","Biased Cognition+1","Buffer+1","Melter+1","Hello World","Aggregate","White Noise","Biased Cognition","Creative AI","Doom and Gloom+1","hubris:SpecializedCircuitry","Buffer","Skim","Skim+1","Defragment"],"relics":["Cracked Core","hubris:GlazedTorus","Darkstone Periapt","Astrolabe","hubris:ToyBattleship","hubris:AstralHammer","Pear","Ancient Tea Set","Inserter","Lantern","Red Mask"],"acts_visited":["Exordium","TheCity","TheBeyond"],"potions_floor_usage":[23],"damage_taken":[{"damage":0.0,"enemies":"Cultist","floor":1.0,"turns":2.0},{"damage":6.0,"enemies":"2 Louse","floor":2.0,"turns":2.0},{"damage":5.0,"enemies":"Small Slimes","floor":5.0,"turns":2.0},{"damage":11.0,"enemies":"3 Louse","floor":7.0,"turns":2.0},{"damage":16.0,"enemies":"Large Slime","floor":13.0,"turns":3.0},{"damage":28.0,"enemies":"Hexaghost","floor":16.0,"turns":4.0},{"damage":22.0,"enemies":"2 Thieves","floor":18.0,"turns":4.0},{"damage":0.0,"enemies":"Spheric Guardian","floor":20.0,"turns":1.0},{"damage":11.0,"enemies":"Snecko","floor":22.0,"turns":5.0},{"damage":41,"enemies":"Slavers","floor":23,"turns":5},{"damage":18,"enemies":"Book of Stabbing","floor":27,"turns":2},{"damage":21,"enemies":"Snake Plant","floor":29,"turns":2},{"damage":27,"enemies":"Slavers","floor":31,"turns":3},{"damage":17,"enemies":"hubris:MusketHawk","floor":33,"turns":7},{"damage":54,"enemies":"3 Darklings","floor":35,"turns":5},{"damage":33,"enemies":"3 Shapes","floor":38,"turns":3},{"damage":38,"enemies":"Spire Growth","floor":41,"turns":5},{"damage":29,"enemies":"Jaw Worm Horde","floor":42,"turns":2}],"seed_played":"-2049795380303538622","potions_obtained":[{"floor":1.0,"key":"Dexterity Potion"},{"floor":2.0,"key":"bronze:BurnAndBuffPotion"},{"floor":16.0,"key":"FocusPotion"},{"floor":23,"key":"Fruit Juice"},{"floor":29,"key":"AttackPotion"},{"floor":41,"key":"Regen Potion"}],"is_trial":true,"path_per_floor":["M","M","$","?","M","R","M","?","T","?","R","$","M","$","R","B",null,"M","$","M","$","M","E","?","R","T","E","R","M","R","E","R","B",null,"M","$","?","M","$","R","M","M"],"character_chosen":"DEFECT","items_purchased":["Loop","Static Discharge","Hello World","Lantern"],"campfire_rested":5,"item_purchase_floors":[3,12,19,36],"current_hp_per_floor":[75,69,69,69,71,71,67,56,56,56,56,56,47,47,47,19,75,53,53,53,53,49,20,20,44,44,36,63,42,69,49,76,59,90,43,43,43,17,17,44,13,0,0],"gold":30,"neow_bonus":"","is_daily":false,"chose_seed":false,"campfire_upgraded":3,"win_rate":0.0,"timestamp":1612376262,"path_taken":["M","M","$","?","M","R","M","?","T","?","R","$","M","$","R","BOSS","M","$","M","$","?","E","?","R","T","E","R","M","R","E","R","BOSS","M","$","?","M","$","R","?","M"],"items_purchased_type":["Card","Card","Card","Relic"],"build_version":"2020-12-22","purchased_purges":1,"victory":false,"max_hp_per_floor":[75,75,75,75,75,75,75,75,75,75,75,75,75,75,75,75,75,75,75,75,75,75,80,80,80,80,90,90,90,90,90,90,90,90,90,90,90,90,90,90,90,90,90],"card_choices":[{"not_picked":["Tempest","Genetic Algorithm"],"picked":"Static Discharge","floor":0.0},{"not_picked":["Streamline","Scrape"],"picked":"Go for the Eyes","floor":0.0},{"not_picked":["Rebound","Cold Snap"],"picked":"Go for the Eyes","floor":0.0},{"not_picked":["Redo","Hologram"],"picked":"Melter","floor":0.0},{"not_picked":["Compile Driver","Lockon"],"picked":"Sweeping Beam","floor":0.0},{"not_picked":["Force Field","Redo"],"picked":"Loop","floor":0.0},{"not_picked":["Conserve Battery","Barrage"],"picked":"Sweeping Beam","floor":0.0},{"not_picked":["Rip and Tear","Leap"],"picked":"Ball Lightning","floor":0.0},{"not_picked":["Compile Driver","Rip and Tear"],"picked":"Lockon","floor":0.0},{"not_picked":["Coolheaded","Hologram"],"picked":"Stack","floor":0.0},{"not_picked":["Rebound","Gash"],"picked":"FTL","floor":0.0},{"not_picked":["Stack","Beam Cell"],"picked":"FTL","floor":0.0},{"not_picked":["Streamline","Hologram"],"picked":"Static Discharge","floor":0.0},{"not_picked":["Steam","Gash"],"picked":"Compile Driver","floor":0.0},{"not_picked":["Stack","Sunder"],"picked":"Static Discharge","floor":0.0},{"not_picked":["Rebound","Barrage"],"picked":"Self Repair","floor":1.0},{"not_picked":["Conserve Battery","Cold Snap"],"picked":"Compile Driver","floor":2.0},{"not_picked":["Ball Lightning","Leap"],"picked":"Beam Cell","floor":5.0},{"not_picked":["Ball Lightning","Streamline"],"picked":"Beam Cell","floor":7.0},{"not_picked":["Consume","Streamline","Compile Driver"],"picked":"SKIP","floor":13.0},{"not_picked":["Fission","Creative AI"],"picked":"Buffer","floor":16.0},{"not_picked":["Go for the Eyes","Gash","Streamline"],"picked":"SKIP","floor":18.0},{"not_picked":["Rip and Tear","Melter"],"picked":"Aggregate","floor":20.0},{"not_picked":["Conserve Battery","Barrage"],"picked":"White Noise","floor":22},{"not_picked":["All For One","Hyperbeam"],"picked":"Biased Cognition","floor":23},{"not_picked":["Thunder Strike","Biased Cognition"],"picked":"Creative AI","floor":27},{"not_picked":["Go for the Eyes","Recycle"],"picked":"Doom and Gloom+1","floor":29},{"not_picked":["hubris:Prefetch","Rainbow"],"picked":"hubris:SpecializedCircuitry","floor":31},{"not_picked":["Echo Form","Hyperbeam"],"picked":"Buffer","floor":33},{"not_picked":["Redo+1","Leap+1"],"picked":"Skim","floor":35},{"not_picked":["Beam Cell","Steam"],"picked":"Skim+1","floor":38},{"not_picked":["Coolheaded","Sweeping Beam+1"],"picked":"Defragment","floor":41}],"player_experience":97307,"relics_obtained":[{"floor":9.0,"key":"Darkstone Periapt"},{"floor":23,"key":"hubris:ToyBattleship"},{"floor":26,"key":"hubris:AstralHammer"},{"floor":27,"key":"Pear"},{"floor":31,"key":"Ancient Tea Set"}],"event_choices":[{"damage_healed":0.0,"max_hp_gain":0.0,"max_hp_loss":0.0,"gold_gain":0.0,"event_name":"The Cleric","player_choice":"Leave","floor":4.0,"gold_loss":0.0,"damage_taken":0.0},{"damage_healed":0.0,"max_hp_gain":0.0,"max_hp_loss":0.0,"gold_gain":75.0,"event_name":"World of Goop","player_choice":"Gather Gold","floor":8.0,"gold_loss":0.0,"damage_taken":11.0},{"damage_healed":0.0,"max_hp_gain":0.0,"max_hp_loss":0.0,"gold_gain":0.0,"event_name":"NoteForYourself","player_choice":"Ignored","floor":10.0,"gold_loss":0.0,"damage_taken":0.0},{"cards_removed":["Static Discharge"],"damage_healed":0,"gold_gain":0,"player_choice":"Gave Gold","damage_taken":0,"max_hp_gain":0,"max_hp_loss":0,"event_name":"Beggar","floor":24,"gold_loss":75},{"damage_healed":0,"gold_gain":0,"player_choice":"Paid","damage_taken":0,"relics_obtained":["Red Mask"],"max_hp_gain":0,"max_hp_loss":0,"event_name":"Tomb of Lord Red Mask","floor":37,"gold_loss":72}],"is_beta":false,"boss_relics":[{"not_picked":["Ectoplasm","Philosopher\u0027s Stone"],"picked":"Astrolabe"},{"not_picked":["Cursed Key","Black Star"],"picked":"Inserter"}],"items_purged_floors":[12],"is_endless":true,"potions_floor_spawned":[1,2,16,23,27,29,38,41],"killed_by":"Jaw Worm Horde","ascension_level":0}}