{"host":"og2dufvjgkards7m","time":1612314845,"event":{"mods":["AchievementEnabler","BaseMod","Better Match","Better Note","Better Sensory Stone","Block Reminder","Colored Map","Colored Powertips","DeckTracker","Highlight Path","Minty Spire (QoL Compilation)","Rare Cards Sparkle","Relic Sorter","StSLib","SuperFastMode"],"gold_per_floor":[110,110,130,130,55,65,95,95,95,95],"floor_reached":9,"language":"SPA","playtime":325,"items_purged":["Strike_B"],"score":70,"play_id":"4bcff595-84a8-494e-b9d5-d8afd22a0053","local_time":"20210202171405","is_ascension_mode":true,"campfire_choices":[{"floor":8,"key":"REST"}],"circlet_count":0,"master_deck":["Strike_B","Strike_B","Strike_B","Defend_B","Defend_B","Defend_B","Defend_B","Zap","Dualcast","Capacitor","Violence","Reprogram","Gash","Fusion"],"relics":["Runic Dome","Cables"],"acts_visited":["Exordium"],"potions_floor_usage":[],"damage_taken":[{"damage":0,"enemies":"Cultist","floor":1,"turns":4},{"damage":7,"enemies":"Small Slimes","floor":3,"turns":4},{"damage":2,"enemies":"2 Louse","floor":6,"turns":4},{"damage":42,"enemies":"Gremlin Nob","floor":7,"turns":5},{"damage":53,"enemies":"3 Sentries","floor":9,"turns":8}],"seed_played":"-7347764530356559102","potions_obtained":[],"is_trial":false,"path_per_floor":["M","?","M","$","$","M","E","R","E"],"character_chosen":"DEFECT","items_purchased":[],"campfire_rested":1,"item_purchase_floors":[],"current_hp_per_floor":[75,75,68,68,68,66,24,46,0,0],"gold":95,"neow_bonus":"BOSS_RELIC","is_daily":false,"chose_seed":false,"campfire_upgraded":0,"win_rate":0.0,"timestamp":1612314845,"path_taken":["M","?","M","$","$","M","E","R","E"],"items_purchased_type":[],"build_version":"2020-12-22","purchased_purges":1,"victory":false,"max_hp_per_floor":[75,75,75,75,75,75,75,75,75,75],"card_choices":[{"not_picked":["Rebound","Compile Driver"],"picked":"Capacitor","floor":1},{"not_picked":["Chrysalis","Panacea"],"picked":"Violence","floor":2},{"not_picked":["Barrage","Go for the Eyes"],"picked":"Reprogram","floor":3},{"not_picked":["Stack","Go for the Eyes"],"picked":"Gash","floor":6},{"not_picked":["Compile Driver","Leap"],"picked":"Fusion","floor":7}],"player_experience":160756,"relics_obtained":[{"floor":7,"key":"Cables"}],"event_choices":[{"damage_healed":0,"gold_gain":1,"player_choice":"1","damage_taken":0,"max_hp_gain":0,"max_hp_loss":0,"event_name":"betterStone:BetterStone","floor":2,"gold_loss":0}],"is_beta":false,"boss_relics":[],"items_purged_floors":[5],"is_endless":false,"potions_floor_spawned":[],"killed_by":"3 Sentries","ascension_level":3}}