{"host":"i9h64q9gphvrup4n","time":1612369112,"event":{"mods":["2.2 Compatiblity","AchievementEnabler","Aspiration","Astrologer","Bard","BaseMod","Beaked The Cultist","BetterRewards","Colored Powertips","Conspire","Downfall","Gremlin Mod","Hermit","Hubris","Infinite Spire","Jorbs\u0027s Wanderer Trilogy","Minty Spire (QoL Compilation)","Replay The Spire","Shop Mod","StSLib","SuperFastMode","The Blackbeard","The Bladedancer","The Bug Knight","The Construct","The Cursed","The Disciple","The Hierophant","The Jungle","The Necromancer","The Runesmith","The Wild Card","slay the spire mod where everything is the same but ironclad has a cowboy hat"],"gold_per_floor":[115,115,115,128,139,139,166,166,166,191,204,204,220,220,220,297,297,313,331,331,331],"floor_reached":20,"language":"ENG","playtime":826,"items_purged":[],"score":387,"play_id":"6a72aa14-d36a-4e2e-94e3-5e1c43381895","local_time":"20210203101832","is_ascension_mode":true,"campfire_choices":[{"floor":6,"key":"REST"},{"data":"Magnetism","floor":8,"key":"SMITH"},{"data":"Regret","floor":15,"key":"PURGE"}],"circlet_count":0,"master_deck":["AscendersBane","Strike_W","Strike_W","Strike_W","Strike_W","Defend_W","Defend_W","Defend_W","Defend_W","Negative_Energy_Arrows","Bone_Wall","Magnetism+1","Strike_from_Beyond","Siphon_Strength","Backstab","Consume_Illness","Riddle With Holes","Summon_Vampire_Lady","Siphon_Strength"],"relics":["Vampire_Amulet","hubris:DisguiseKit","Lizard Tail","HollowMod:QueensCombRelic","HollowMod:StagPassRelic","Potion Belt","hubris:Icosahedron","Mercury Hourglass","SlaversCollar"],"acts_visited":["Exordium","TheCity"],"potions_floor_usage":[7,11,13,18],"damage_taken":[{"damage":18,"enemies":"Jaw Worm","floor":1,"turns":6},{"damage":3,"enemies":"2 Louse","floor":4,"turns":4},{"damage":8,"enemies":"Small Slimes","floor":5,"turns":3},{"damage":20,"enemies":"Lagavulin","floor":7,"turns":6},{"damage":29,"enemies":"Replay:BlueRogue","floor":10,"turns":7},{"damage":3,"enemies":"Looter","floor":11,"turns":2},{"damage":4,"enemies":"Gremlin Gang","floor":13,"turns":4},{"damage":12,"enemies":"Hexaghost","floor":16,"turns":9},{"damage":78,"enemies":"conspire:FuzzyDice","floor":18,"turns":7},{"damage":36,"enemies":"Cultist and Chosen","floor":19,"turns":6},{"damage":0,"enemies":"Snake Plant","floor":20,"turns":1}],"seed_played":"5403758169194266953","potions_obtained":[{"floor":1,"key":"Weak Potion"},{"floor":5,"key":"AttackPotion"},{"floor":11,"key":"SteroidPotion"},{"floor":16,"key":"LifebloodPotion"}],"is_trial":false,"path_per_floor":["M","?","?","M","M","R","E","R","T","E","M","?","M","T","R","B",null,"M","M","M"],"character_chosen":"NECROMANCER","items_purchased":[],"campfire_rested":1,"item_purchase_floors":[],"current_hp_per_floor":[48,48,48,49,45,64,42,42,42,15,18,18,41,41,41,38,41,12,6,10,10],"gold":331,"neow_bonus":"RANDOM_COLORLESS_2","is_daily":false,"chose_seed":false,"campfire_upgraded":1,"win_rate":0.0,"timestamp":1612369112,"path_taken":["M","?","?","M","M","R","E","R","T","E","M","?","M","?","R","BOSS","M","M","M"],"items_purchased_type":[],"build_version":"2020-12-22","purchased_purges":0,"victory":false,"max_hp_per_floor":[64,64,64,64,64,64,42,42,42,42,42,42,42,42,42,42,42,42,42,42,42],"card_choices":[{"not_picked":["Thinking Ahead","Violence"],"picked":"Magnetism","floor":0},{"not_picked":["Death_March_Dance","Bone_Armor"],"picked":"Strike_from_Beyond","floor":1},{"not_picked":["Vampiric_Strike","Thousand_Bone_Knives","Hidden Blade"],"picked":"Siphon_Strength","floor":4},{"not_picked":["Death_Coil","Bone_Shift","Shackles_Of_Pain","Bane"],"picked":"SKIP","floor":5},{"not_picked":["Negative_Energy_Sphere","Death_Coil","Blood_for_Blood","Accuracy"],"picked":"SKIP","floor":7},{"not_picked":["Bone_Armory","Spectral_Armor","Scare"],"picked":"Backstab","floor":10},{"not_picked":["Toxic_Smoke_Screen","Whirlwind_of_Bones","Choke"],"picked":"Consume_Illness","floor":11},{"not_picked":["Blood_Whip","Bone_Shift","Death_Knell"],"picked":"Riddle With Holes","floor":13},{"not_picked":["Negative_Energy_Bomb","Summon_Death_Knight","Adrenaline"],"picked":"Summon_Vampire_Lady","floor":16},{"not_picked":["Deaths_Shadow","Negative_Energy_Javelin","Deflect"],"picked":"Siphon_Strength","floor":18},{"not_picked":["Negative_Energy_Javelin","Death_March_Dance","Bone_Bullets","Flying Knee"],"picked":"SKIP","floor":19}],"player_experience":736254,"relics_obtained":[{"floor":7,"key":"HollowMod:QueensCombRelic"},{"floor":9,"key":"HollowMod:StagPassRelic"},{"floor":10,"key":"Potion Belt"},{"floor":14,"key":"Mercury Hourglass"}],"event_choices":[{"damage_healed":0,"gold_gain":0,"player_choice":"Box","damage_taken":0,"relics_obtained":["Lizard Tail"],"max_hp_gain":0,"max_hp_loss":0,"event_name":"Big Fish","floor":3,"gold_loss":0,"cards_obtained":["Regret"]}],"is_beta":false,"boss_relics":[{"not_picked":["construct:ClawGrip","hubris:BlackHole"],"picked":"SlaversCollar"}],"items_purged_floors":[],"is_endless":false,"potions_floor_spawned":[1,5,11,16],"killed_by":"Snake Plant","ascension_level":17}}