{"host":"e8rlfedn69rz2s07","time":1612383643,"event":{"mods":["AchievementEnabler","BaseMod","Minty Spire (QoL Compilation)","Permanent Neow","Relic Stats"],"gold_per_floor":[112,126,51,51,69,102,102,122,122,47,59,74,99,116,116,116,116],"floor_reached":16,"language":"ENG","playtime":1435,"items_purged":["Strike_G"],"score":228,"play_id":"104373a9-2b00-453a-96ac-67952369df61","local_time":"20210203222043","is_ascension_mode":true,"campfire_choices":[{"floor":7.0,"key":"REST"},{"data":"Well Laid Plans","floor":15,"key":"SMITH"}],"circlet_count":0,"master_deck":["AscendersBane","Strike_G","Strike_G","Strike_G","Strike_G","Defend_G","Defend_G","Defend_G","Defend_G","Defend_G","Survivor","Neutralize","Poisoned Stab","Sucker Punch+1","Well Laid Plans+1","Infinite Blades","Leg Sweep","PiercingWail","Backflip","Infinite Blades","Predator"],"relics":["Black Star","Akabeko","CaptainsWheel","Darkstone Periapt","Centennial Puzzle","Boot"],"acts_visited":["Exordium"],"potions_floor_usage":[13,14,16],"damage_taken":[{"damage":10.0,"enemies":"2 Louse","floor":1.0,"turns":3.0},{"damage":1.0,"enemies":"Cultist","floor":2.0,"turns":4.0},{"damage":17.0,"enemies":"Jaw Worm","floor":5.0,"turns":5.0},{"damage":27.0,"enemies":"3 Sentries","floor":6.0,"turns":11.0},{"damage":4.0,"enemies":"Large Slime","floor":8.0,"turns":6.0},{"damage":1.0,"enemies":"3 Louse","floor":11.0,"turns":4.0},{"damage":0.0,"enemies":"Looter","floor":12.0,"turns":4.0},{"damage":5,"enemies":"Lagavulin","floor":13,"turns":7},{"damage":2,"enemies":"Exordium Wildlife","floor":14,"turns":5},{"damage":14,"enemies":"Hexaghost","floor":16,"turns":11}],"seed_played":"-1781216828654406366","potions_obtained":[{"floor":5.0,"key":"EssenceOfSteel"},{"floor":8.0,"key":"CultistPotion"},{"floor":11.0,"key":"BlessingOfTheForge"},{"floor":13,"key":"EssenceOfSteel"}],"is_trial":false,"path_per_floor":["M","M","$","?","M","E","R","M","T","$","M","M","E","M","R","B"],"character_chosen":"THE_SILENT","items_purchased":["Well Laid Plans"],"campfire_rested":1,"item_purchase_floors":[3],"current_hp_per_floor":[49,48,48,48,31,4,23,19,19,19,18,18,13,11,11,0,0],"gold":116,"neow_bonus":"BOSS_RELIC","is_daily":false,"chose_seed":false,"campfire_upgraded":1,"win_rate":0.0,"timestamp":1612383643,"path_taken":["M","M","$","?","M","E","R","?","T","?","?","M","E","?","R","BOSS"],"items_purchased_type":["Card"],"build_version":"2020-12-22","purchased_purges":1,"victory":false,"max_hp_per_floor":[66,66,66,66,66,66,66,66,66,66,66,66,66,66,66,66,66],"relic_stats":{"Darkstone Periapt":0,"Centennial Puzzle":[6],"counters":[10,60],"Black Star":2,"Boot":[26],"obtain_stats":[{"Darkstone Periapt":9,"CaptainsWheel":6,"Centennial Puzzle":13,"Black Star":0,"Boot":13,"Akabeko":6,"Ring of the Snake":0},{"Darkstone Periapt":5,"CaptainsWheel":4,"Centennial Puzzle":8,"Black Star":0,"Boot":8,"Akabeko":4,"Ring of the Snake":0},{"Darkstone Periapt":29,"CaptainsWheel":23,"Centennial Puzzle":44,"Black Star":0,"Boot":44,"Akabeko":23,"Ring of the Snake":0}]},"card_choices":[{"not_picked":["Sucker Punch","Cloak And Dagger"],"picked":"Poisoned Stab","floor":1.0},{"not_picked":["Blur","Heel Hook"],"picked":"Sucker Punch","floor":2.0},{"not_picked":["Underhanded Strike","Cloak And Dagger"],"picked":"Infinite Blades","floor":5.0},{"not_picked":["Backflip","Infinite Blades"],"picked":"Leg Sweep","floor":6.0},{"not_picked":["Finisher","Flechettes"],"picked":"PiercingWail","floor":8.0},{"not_picked":["Masterful Stab","Acrobatics","PiercingWail"],"picked":"SKIP","floor":11.0},{"not_picked":["Bane","Doppelganger"],"picked":"Backflip","floor":12.0},{"not_picked":["Escape Plan","Outmaneuver"],"picked":"Infinite Blades","floor":13},{"not_picked":["Distraction","Prepared"],"picked":"Predator","floor":14}],"player_experience":1025749,"relics_obtained":[{"floor":6.0,"key":"Akabeko"},{"floor":6.0,"key":"CaptainsWheel"},{"floor":9.0,"key":"Darkstone Periapt"},{"floor":13,"key":"Centennial Puzzle"},{"floor":13,"key":"Boot"}],"event_choices":[{"damage_healed":0.0,"max_hp_gain":0.0,"max_hp_loss":0.0,"gold_gain":0.0,"event_name":"Upgrade Shrine","player_choice":"Upgraded","floor":4.0,"gold_loss":0.0,"damage_taken":0.0,"cards_upgraded":["Sucker Punch"]}],"is_beta":false,"boss_relics":[],"items_purged_floors":[10],"is_endless":false,"potions_floor_spawned":[5,8,11,13],"killed_by":"Hexaghost","ascension_level":20}}