{"host":"e8rlfedn69rz2s07","time":1612375444,"event":{"mods":["AchievementEnabler","BaseMod","Minty Spire (QoL Compilation)","Permanent Neow","Relic Stats"],"gold_per_floor":[213,233,233,250,263,296,32,32,80,108,125,125,160,8,8,86,86,100,15,15,15,34,34,62,62,88,88,117,117,137,168,168,243,243,256,267,21,21,21,21,21],"floor_reached":40,"language":"ENG","playtime":4758,"items_purged":["Strike_G"],"score":949,"play_id":"b4f8b2f4-1a8f-4e40-b6fd-89943a86a3a4","local_time":"20210203200403","is_ascension_mode":true,"campfire_choices":[{"floor":8.0,"key":"REST"},{"floor":12.0,"key":"REST"},{"floor":15.0,"key":"REST"},{"floor":23.0,"key":"REST"},{"floor":25.0,"key":"REST"},{"floor":27.0,"key":"REST"},{"data":"Well Laid Plans","floor":29.0,"key":"SMITH"},{"floor":32,"key":"REST"}],"circlet_count":0,"master_deck":["AscendersBane","Strike_G","Strike_G","Strike_G","Defend_G","Defend_G","Defend_G","Defend_G","Defend_G","Survivor","Neutralize","Quick Slash","Backflip","Poisoned Stab","All Out Attack","Deflect","Noxious Fumes","PiercingWail","Blade Dance","Deadly Poison","Well Laid Plans+1","Leg Sweep","Die Die Die","Poisoned Stab","Accuracy","Writhe","Blade Dance","Backstab+1","Decay","Dodge and Roll+1","Noxious Fumes","Blur","Malaise","Acrobatics+1","HandOfGreed"],"relics":["Ring of the Snake","Kunai","OrangePellets","PreservedInsect","Nunchaku","WingedGreaves","Cursed Key","Bottled Lightning","Question Card","Pear","Black Star","Potion Belt"],"acts_visited":["Exordium","TheCity","TheBeyond"],"potions_floor_usage":[33,40],"damage_taken":[{"damage":0.0,"enemies":"Cultist","floor":1.0,"turns":4.0},{"damage":4.0,"enemies":"2 Louse","floor":2.0,"turns":3.0},{"damage":0.0,"enemies":"Jaw Worm","floor":4.0,"turns":5.0},{"damage":4.0,"enemies":"Exordium Wildlife","floor":5.0,"turns":6.0},{"damage":38.0,"enemies":"Gremlin Nob","floor":6.0,"turns":5.0},{"damage":22.0,"enemies":"3 Sentries","floor":10.0,"turns":8.0},{"damage":0.0,"enemies":"Exordium Thugs","floor":11.0,"turns":4.0},{"damage":21.0,"enemies":"Gremlin Nob","floor":13.0,"turns":4.0},{"damage":18.0,"enemies":"Slime Boss","floor":16.0,"turns":12.0},{"damage":4.0,"enemies":"Chosen","floor":18.0,"turns":4.0},{"damage":4.0,"enemies":"Spheric Guardian","floor":20.0,"turns":3.0},{"damage":18.0,"enemies":"Chosen and Byrds","floor":22.0,"turns":7.0},{"damage":40.0,"enemies":"Book of Stabbing","floor":24.0,"turns":6.0},{"damage":9.0,"enemies":"Slavers","floor":28.0,"turns":4.0},{"damage":5.0,"enemies":"Snake Plant","floor":30.0,"turns":4.0},{"damage":27,"enemies":"Book of Stabbing","floor":31,"turns":6},{"damage":11,"enemies":"Automaton","floor":33,"turns":11},{"damage":24,"enemies":"3 Darklings","floor":35,"turns":15},{"damage":9,"enemies":"Orb Walker","floor":36,"turns":4},{"damage":36,"enemies":"Reptomancer","floor":40,"turns":6}],"seed_played":"7516190434530271812","potions_obtained":[{"floor":2.0,"key":"Block Potion"},{"floor":6.0,"key":"SmokeBomb"},{"floor":10.0,"key":"EssenceOfSteel"},{"floor":18.0,"key":"SpeedPotion"},{"floor":28.0,"key":"GhostInAJar"},{"floor":36,"key":"Swift Potion"}],"is_trial":false,"path_per_floor":["M","M","?","M","M","E","$","R","T","E","M","R","E","$","R","B",null,"M","$","M","?","M","R","E","R","T","R","E","R","M","E","R","B",null,"M","M","$","?","?","E"],"character_chosen":"THE_SILENT","items_purchased":["OrangePellets","Noxious Fumes","PiercingWail","Well Laid Plans","Leg Sweep","Accuracy","Potion Belt"],"campfire_rested":7,"item_purchase_floors":[7,7,7,14,14,19,37],"current_hp_per_floor":[59,55,55,55,51,13,13,32,32,10,10,29,8,8,27,9,52,48,48,44,44,26,45,5,24,24,43,34,34,29,12,34,23,63,39,30,30,30,30,0,0],"gold":21,"neow_bonus":"HUNDRED_GOLD","is_daily":false,"chose_seed":false,"campfire_upgraded":1,"win_rate":0.0,"timestamp":1612375443,"path_taken":["M","M","?","M","M","E","$","R","T","E","M","R","E","$","R","BOSS","M","?","M","?","M","R","E","R","T","R","E","R","?","E","R","BOSS","M","M","$","?","?","E"],"items_purchased_type":["Relic","Card","Card","Card","Card","Card","Relic"],"build_version":"2020-12-22","purchased_purges":1,"victory":false,"max_hp_per_floor":[66,66,66,66,66,66,66,66,66,66,66,66,66,66,66,66,66,66,66,66,66,66,66,66,66,66,66,66,66,66,76,76,76,76,76,76,76,76,76,76,76],"relic_stats":{"OrangePellets":[7],"Nunchaku":[24],"counters":[20,121],"PreservedInsect":258,"Black Star":0,"Kunai":[57],"Cursed Key":1,"Question Card":6,"obtain_stats":[{"Potion Belt":37,"OrangePellets":7,"Nunchaku":10,"Pear":31,"PreservedInsect":9,"WingedGreaves":13,"Black Star":34,"Kunai":6,"Bottled Lightning":24,"Cursed Key":17,"Question Card":28,"Ring of the Snake":0},{"Potion Belt":19,"OrangePellets":5,"Nunchaku":6,"Pear":16,"PreservedInsect":5,"WingedGreaves":8,"Black Star":17,"Kunai":5,"Bottled Lightning":13,"Cursed Key":9,"Question Card":14,"Ring of the Snake":0},{"Potion Belt":115,"OrangePellets":23,"Nunchaku":31,"Pear":85,"PreservedInsect":23,"WingedGreaves":39,"Black Star":96,"Kunai":23,"Bottled Lightning":71,"Cursed Key":51,"Question Card":75,"Ring of the Snake":0}],"Ring of the Snake":[40]},"card_choices":[{"not_picked":["Slice","Backflip"],"picked":"Quick Slash","floor":1.0},{"not_picked":["Bane","Choke"],"picked":"Backflip","floor":2.0},{"not_picked":["Flying Knee","Calculated Gamble"],"picked":"Poisoned Stab","floor":4.0},{"not_picked":["Flechettes","Accuracy"],"picked":"All Out Attack","floor":5.0},{"not_picked":["Bullet Time","Quick Slash"],"picked":"Deflect","floor":6.0},{"not_picked":["Flechettes","Riddle With Holes"],"picked":"Blade Dance","floor":10.0},{"not_picked":["Flying Knee","Underhanded Strike"],"picked":"Deadly Poison","floor":11.0},{"not_picked":["Quick Slash","Accuracy","Deadly Poison"],"picked":"SKIP","floor":13.0},{"not_picked":["Doppelganger","Glass Knife"],"picked":"Die Die Die","floor":16.0},{"not_picked":["Dagger Throw+1","Concentrate"],"picked":"Poisoned Stab","floor":18.0},{"not_picked":["Dagger Spray","Dodge and Roll+1"],"picked":"Blade Dance","floor":22.0},{"not_picked":["Reflex+1","Dagger Throw"],"picked":"Backstab+1","floor":24.0},{"not_picked":["Calculated Gamble","Deflect"],"picked":"Dodge and Roll+1","floor":28.0},{"not_picked":["Dodge and Roll","Sucker Punch","Escape Plan"],"picked":"Noxious Fumes","floor":30.0},{"not_picked":["Distraction","Crippling Poison","Endless Agony"],"picked":"Blur","floor":31},{"not_picked":["Doppelganger","Tools of the Trade","Bullet Time"],"picked":"Malaise","floor":33},{"not_picked":["Quick Slash","Prepared","Bane","Dagger Spray"],"picked":"SKIP","floor":35},{"not_picked":["Deadly Poison+1","Prepared","Expertise"],"picked":"Acrobatics+1","floor":36},{"not_picked":["Magnetism","Impatience","Swift Strike"],"picked":"HandOfGreed","floor":38}],"player_experience":1020991,"relics_obtained":[{"floor":6.0,"key":"Kunai"},{"floor":9.0,"key":"PreservedInsect"},{"floor":10.0,"key":"Nunchaku"},{"floor":13.0,"key":"WingedGreaves"},{"floor":24.0,"key":"Bottled Lightning"},{"floor":28.0,"key":"Question Card"},{"floor":31,"key":"Pear"}],"event_choices":[{"cards_removed":["Strike_G"],"damage_healed":0.0,"max_hp_gain":0.0,"max_hp_loss":0.0,"gold_gain":0.0,"event_name":"Purifier","player_choice":"Purged","floor":3.0,"gold_loss":0.0,"damage_taken":0.0},{"damage_healed":0.0,"max_hp_gain":0.0,"max_hp_loss":0.0,"gold_gain":0.0,"event_name":"Match and Keep!","player_choice":"1 cards matched","floor":21.0,"gold_loss":0.0,"damage_taken":0.0,"cards_obtained":["Writhe"]},{"damage_healed":0,"gold_gain":0,"player_choice":"Memory 1","damage_taken":0,"max_hp_gain":0,"max_hp_loss":0,"event_name":"SensoryStone","floor":38,"gold_loss":0},{"damage_healed":0,"gold_gain":0,"player_choice":"Ignored","damage_taken":0,"max_hp_gain":0,"max_hp_loss":0,"event_name":"Mysterious Sphere","floor":39,"gold_loss":0}],"is_beta":false,"boss_relics":[{"not_picked":["Velvet Choker","Busted Crown"],"picked":"Cursed Key"},{"not_picked":["Calling Bell","Empty Cage"],"picked":"Black Star"}],"items_purged_floors":[37],"is_endless":false,"potions_floor_spawned":[2,6,10,11,18,20,28,36],"killed_by":"Reptomancer","ascension_level":20}}