{"host":"0hb9w7uizu7y13wj","time":1612380869,"event":{"mods":["Act Like it!","Aspiration","BaseMod","BetterRewards","Colored Map","Conspire","Downfall","Energized Spire","FTL Soundtrack","Friendly Minions","Halation","Hubris","Infinite Spire","Minty Spire (QoL Compilation)","Quick Restart","Replay The Spire","StSLib","Synergy Search","The Hierophant","The Jungle","The Poker Player","Trackpad","everything is the same but u backflip on backflip"],"gold_per_floor":[117,117,117,132,146,146,172,127,150,181,146,171,171,198,198,301,301,314,239,239,239,249,249,278,278,303,303,318,337,372,390,390,491,491,503,349,329,345,373,407,407,427,450,450,480,480,480,507,507,507,507,507,807,833,833],"floor_reached":56,"language":"ENG","playtime":2644,"items_purged":["Strike_B"],"score":2740,"play_id":"6d1badda-bac2-4135-9596-59540cef2841","local_time":"20210203193429","is_ascension_mode":true,"campfire_choices":[{"data":"Defragment","floor":6.0,"key":"SMITH"},{"data":"Echo Form","floor":15.0,"key":"SMITH"},{"data":"Consume","floor":23.0,"key":"SMITH"},{"data":"Zap","floor":25.0,"key":"SMITH"},{"data":"hubris:PowerSurge","floor":27.0,"key":"SMITH"},{"data":"Capacitor","floor":32.0,"key":"SMITH"},{"data":"Creative AI","floor":41.0,"key":"SMITH"},{"floor":44.0,"key":"REST"},{"data":"Dualcast","floor":46,"key":"SMITH"},{"floor":49,"key":"RECALL"},{"data":"Loop","floor":52,"key":"SMITH"}],"circlet_count":0,"master_deck":["AscendersBane","Strike_B","Strike_B","Strike_B","Defend_B","Defend_B","Defend_B","Zap+1","Dualcast+1","hubris:PowerSurge+1","Capacitor+1","Defragment+1","Glacier","Compile Driver","Compile Driver","Glacier","Redo","Echo Form+1","Turbo","Storm+1","Glacier","Echo Form+1","Consume+1","Barrage+1","Creative AI+1","Defragment+1","BootSequence+1","Loop+1","Heatsinks","Replay:Dark Deal"],"relics":["FrozenCore","Happy Flower","Sling","FossilizedHelix","aspiration:SeaSaltIceCream","Mango","infinitespire:Joker Card","Orichalcum","halation:AfternoonTea","halation:Toothbrush","hubris:64BitClover","energizedSpire:NeverEndingSparkler","infinitespire:CursedDice","conspire:Boomerang","Replay:Baseball","DollysMirror","Dead Branch","Replay:Bottled Steam","hubris:ToyBattleship","Replay:Ringing Soul","aspiration:Lifesprig","Replay:Bottled Flurry","hubris:NiceRug","trackpad:RapidFire","infinitespire:Freezer","aspiration:Nostalgia","hierophant:PropheticMaskRelic","Toy Ornithopter"],"acts_visited":["Exordium","TheCity","TheBeyond","TheEnding"],"potions_floor_usage":[],"damage_taken":[{"damage":0.0,"enemies":"Small Slimes","floor":1.0,"turns":2.0},{"damage":0.0,"enemies":"conspire:RoseBush","floor":4.0,"turns":3.0},{"damage":0.0,"enemies":"Jaw Worm","floor":5.0,"turns":2.0},{"damage":0.0,"enemies":"Gremlin Nob","floor":7.0,"turns":4.0},{"damage":0.0,"enemies":"Replay:BlueRogue","floor":10.0,"turns":5.0},{"damage":0.0,"enemies":"Nightmare","floor":12.0,"turns":4.0},{"damage":0.0,"enemies":"Lagavulin","floor":14.0,"turns":5.0},{"damage":0.0,"enemies":"Slime Boss","floor":16.0,"turns":4.0},{"damage":12.0,"enemies":"3 Byrds","floor":18.0,"turns":3.0},{"damage":0.0,"enemies":"2 Thieves","floor":22.0,"turns":4.0},{"damage":7.0,"enemies":"conspire:Head Lice","floor":24.0,"turns":9.0},{"damage":0.0,"enemies":"3 Cultists","floor":28.0,"turns":4.0},{"damage":0.0,"enemies":"Chosen and Byrds","floor":29.0,"turns":3.0},{"damage":20.0,"enemies":"Nightmare","floor":30.0,"turns":10.0},{"damage":3.0,"enemies":"Centurion and Healer","floor":31.0,"turns":4.0},{"damage":24.0,"enemies":"Automaton","floor":33.0,"turns":7.0},{"damage":0.0,"enemies":"3 Darklings","floor":35.0,"turns":6.0},{"damage":0.0,"enemies":"Orb Walker","floor":38.0,"turns":3.0},{"damage":4.0,"enemies":"conspire:MimicChest","floor":39.0,"turns":5.0},{"damage":27.0,"enemies":"R_Hoarder","floor":40.0,"turns":5.0},{"damage":20.0,"enemies":"Sphere and 2 Shapes","floor":42.0,"turns":4.0},{"damage":0,"enemies":"Giant Head","floor":45,"turns":6},{"damage":9,"enemies":"Reptomancer","floor":48,"turns":5},{"damage":0,"enemies":"Time Eater","floor":50,"turns":8},{"damage":0,"enemies":"hubris:Merchant","floor":53,"turns":4},{"damage":29,"enemies":"Shield and Spear","floor":54,"turns":6},{"damage":17,"enemies":"The Heart","floor":55,"turns":9}],"seed_played":"1890863079060965171","potions_obtained":[{"floor":5.0,"key":"Explosive Potion"},{"floor":12.0,"key":"Strength Potion"},{"floor":31.0,"key":"Fruit Juice"},{"floor":37.0,"key":"Block Potion"},{"floor":53,"key":"EntropicBrew"}],"is_trial":false,"path_per_floor":["M","?","?","M","M","R","E","$","T","E","?","NM","?","E","R","B",null,"M","?","?","$","M","R","E","R","T","R","M","M","NM","M","R","B",null,"M","$","?","M","?","E","R","M","T","R","E","R","T","E","R","B",null,"R","$","E","B",null],"character_chosen":"DEFECT","items_purchased":["hubris:PowerSurge","Happy Flower","Sling","Capacitor","aspiration:SeaSaltIceCream","Defragment","Glacier","Compile Driver","Languid Potion","Turbo","DollysMirror"],"campfire_rested":1,"item_purchase_floors":[0,0,0,0,0,0,0,0,0,8,36],"current_hp_per_floor":[35,35,35,35,35,35,35,35,35,35,57,57,57,57,57,57,81,69,72,72,72,72,72,65,65,65,65,65,65,45,47,47,23,79,79,79,79,79,75,48,48,28,28,57,75,75,75,69,69,69,95,95,98,69,52],"gold":833,"neow_bonus":"","is_daily":false,"chose_seed":false,"campfire_upgraded":9,"win_rate":0.0,"timestamp":1612380869,"path_taken":["M","?","?","M","M","R","E","$","T","E","?","NM","?","E","R","BOSS","M","?","?","$","?","R","E","R","T","R","M","M","NM","M","R","BOSS","M","$","?","?","?","E","R","M","T","R","E","R","?","E","R","BOSS","R","$","E","BOSS"],"items_purchased_type":["Card","Relic","Relic","Card","Relic","Card","Card","Card","Potion","Card","Relic"],"build_version":"2020-12-22","purchased_purges":1,"victory":true,"max_hp_per_floor":[89,89,89,89,89,89,89,89,89,89,89,89,89,89,89,89,89,89,92,92,92,92,92,92,92,92,92,92,92,92,97,97,97,97,97,97,97,97,97,97,97,97,97,97,100,100,100,103,103,103,103,103,106,106,106],"card_choices":[{"not_picked":["Stack","ReplaySolidLightProjector","Barrage"],"picked":"SKIP","floor":1.0},{"not_picked":["Compile Driver","Cold Snap"],"picked":"Glacier","floor":4.0},{"not_picked":["ReplaySolidLightProjector","Steam"],"picked":"Redo","floor":5.0},{"not_picked":["Beam Cell","Steam Power"],"picked":"Echo Form","floor":7.0},{"not_picked":["hubris:PowerSurge","Darkness"],"picked":"Storm","floor":10.0},{"not_picked":["Blizzard","Turbo","Redo"],"picked":"SKIP","floor":12.0},{"not_picked":["Melter","aspiration:Polymerization"],"picked":"Glacier","floor":14.0},{"not_picked":["Reboot","hubris:SpecializedCircuitry"],"picked":"Echo Form","floor":16.0},{"not_picked":["Steam","Stack"],"picked":"Consume","floor":18.0},{"not_picked":["Hello World","Sweeping Beam","ReplaySolidLightProjector"],"picked":"SKIP","floor":22.0},{"not_picked":["Gash","Conserve Battery","Reboot"],"picked":"SKIP","floor":24.0},{"not_picked":["Conserve Battery","Rebound","Go for the Eyes"],"picked":"SKIP","floor":28.0},{"not_picked":["FTL","Skim"],"picked":"Barrage+1","floor":29.0},{"not_picked":["Beam Cell","Steam Power","Stack"],"picked":"SKIP","floor":30.0},{"not_picked":["ReplayTheSpireMod:Omega Cannon","Melter","ReplayTheSpireMod:Reroute Power"],"picked":"SKIP","floor":31.0},{"not_picked":["Seek","Multi-Cast"],"picked":"Creative AI","floor":33.0},{"not_picked":["Redo","conspire:SharedLibrary+1","Steam"],"picked":"SKIP","floor":35.0},{"not_picked":["Sweeping Beam","ReplayGash","Leap"],"picked":"SKIP","floor":38.0},{"not_picked":["conspire:Rain","hubris:SpecializedCircuitry","Gash"],"picked":"SKIP","floor":40.0},{"not_picked":["Cold Snap","Go for the Eyes","Turbo"],"picked":"SKIP","floor":42.0},{"not_picked":["BasicCrystalCard","ReplayTheSpireMod:Reroute Power"],"picked":"BootSequence+1","floor":45},{"not_picked":["ReplayTheSpireMod:GoodbyeWorld","Gash"],"picked":"Loop","floor":48},{"not_picked":[],"picked":"Heatsinks","floor":53},{"not_picked":[],"picked":"Replay:Dark Deal","floor":53},{"not_picked":["Go for the Eyes"],"picked":"SKIP","floor":53},{"not_picked":["Barrage"],"picked":"SKIP","floor":53},{"not_picked":["Panic Button"],"picked":"SKIP","floor":53},{"not_picked":["ReplayTheSpireMod:System Scan"],"picked":"SKIP","floor":53},{"not_picked":["ReplayTheSpireMod:Uncanny Aura"],"picked":"SKIP","floor":53},{"not_picked":["Panic Button+1","Barrage","Turbo+1"],"picked":"SKIP","floor":54}],"player_experience":956726,"relics_obtained":[{"floor":7.0,"key":"infinitespire:Joker Card"},{"floor":9.0,"key":"Orichalcum"},{"floor":10.0,"key":"halation:AfternoonTea"},{"floor":12.0,"key":"halation:Toothbrush"},{"floor":14.0,"key":"hubris:64BitClover"},{"floor":24.0,"key":"infinitespire:CursedDice"},{"floor":30.0,"key":"conspire:Boomerang"},{"floor":33.0,"key":"Replay:Baseball"},{"floor":39.0,"key":"Dead Branch"},{"floor":40.0,"key":"Replay:Bottled Steam"},{"floor":43.0,"key":"hubris:ToyBattleship"},{"floor":45,"key":"Replay:Ringing Soul"},{"floor":47,"key":"aspiration:Lifesprig"},{"floor":48,"key":"Replay:Bottled Flurry"},{"floor":53,"key":"trackpad:RapidFire"},{"floor":53,"key":"infinitespire:Freezer"},{"floor":53,"key":"aspiration:Nostalgia"},{"floor":54,"key":"Toy Ornithopter"}],"event_choices":[{"damage_healed":22.0,"max_hp_gain":0.0,"max_hp_loss":0.0,"gold_gain":0.0,"event_name":"The Cleric","player_choice":"Healed","floor":11.0,"gold_loss":35.0,"damage_taken":0.0},{"cards_removed":["Defend_B"],"damage_healed":0.0,"max_hp_gain":0.0,"max_hp_loss":0.0,"gold_gain":0.0,"event_name":"Beggar","player_choice":"Gave Gold","floor":19.0,"gold_loss":75.0,"damage_taken":0.0},{"damage_healed":0.0,"max_hp_gain":0.0,"max_hp_loss":0.0,"gold_gain":0.0,"event_name":"Accursed Blacksmith","player_choice":"Forge","floor":20.0,"gold_loss":0.0,"damage_taken":0.0,"cards_upgraded":["Echo Form"]},{"damage_healed":0.0,"max_hp_gain":0.0,"max_hp_loss":0.0,"gold_gain":0.0,"event_name":"The Woman in Blue","player_choice":"Bought 1 Potion","floor":37.0,"gold_loss":0.0,"damage_taken":0.0}],"is_beta":false,"boss_relics":[{"not_picked":["hubris:Stopwatch","Snecko Eye"],"picked":"energizedSpire:NeverEndingSparkler"},{"not_picked":["energizedSpire:UnstableMolecules","halation:PlatinumPhoenix"],"picked":"FrozenCore"}],"items_purged_floors":[0],"is_endless":false,"potions_floor_spawned":[5,7,12,28,29,30,31,38,39,48,54],"ascension_level":12}}