{"host":"pjs3onqg3oojtp5b","time":1612353487,"event":{"mods":["2.2 Compatiblity","AchievementEnabler","Act Like it!","BaseMod","Better Match","Better Third Choice","Colored Powertips","DeckTracker","Highlight Path","Minty Spire (QoL Compilation)","StSLib"],"gold_per_floor":[112,112,112,126,141,156,156,177,177,75,111,111,145,145,145,265,265,284,284,284],"floor_reached":19,"language":"ENG","playtime":855,"items_purged":["Strike_R"],"score":248,"play_id":"c8047a5a-41d1-42e7-b269-7b2b6a28ff33","local_time":"20210203125807","is_ascension_mode":true,"campfire_choices":[{"data":"Evolve","floor":7.0,"key":"SMITH"},{"floor":12.0,"key":"REST"},{"floor":15.0,"key":"REST"}],"circlet_count":0,"master_deck":["Strike_R+1","Strike_R","Strike_R","Strike_R","Defend_R","Defend_R","Defend_R+1","Defend_R","Bash+1","Wild Strike","Thunderclap","Evolve+1","Clothesline+1","Shrug It Off","Demon Form"],"relics":["Burning Blood","Dream Catcher","Golden Idol","Whetstone","Potion Belt","HornCleat","Black Star"],"acts_visited":["Exordium","TheCity"],"potions_floor_usage":[],"damage_taken":[{"damage":0.0,"enemies":"Small Slimes","floor":1.0,"turns":4.0},{"damage":12.0,"enemies":"Jaw Worm","floor":4.0,"turns":3.0},{"damage":0.0,"enemies":"2 Louse","floor":5.0,"turns":2.0},{"damage":0.0,"enemies":"Large Slime","floor":6.0,"turns":5.0},{"damage":16.0,"enemies":"Looter","floor":8.0,"turns":4.0},{"damage":21.0,"enemies":"3 Sentries","floor":11.0,"turns":10.0},{"damage":23.0,"enemies":"Gremlin Nob","floor":13.0,"turns":4.0},{"damage":36.0,"enemies":"Hexaghost","floor":16.0,"turns":11.0},{"damage":25,"enemies":"Shell Parasite","floor":18,"turns":6},{"damage":48,"enemies":"3 Byrds","floor":19,"turns":4}],"seed_played":"-3487106739815077670","potions_obtained":[{"floor":5.0,"key":"SneckoOil"},{"floor":6.0,"key":"ColorlessPotion"},{"floor":11.0,"key":"LiquidMemories"},{"floor":13.0,"key":"ColorlessPotion"},{"floor":18,"key":"SteroidPotion"}],"is_trial":false,"path_per_floor":["M","?","?","M","M","M","R","M","T","$","E","R","E","?","R","B",null,"M","M"],"character_chosen":"IRONCLAD","items_purchased":["Shrug It Off"],"campfire_rested":2,"item_purchase_floors":[10],"current_hp_per_floor":[78,62,42,36,42,48,48,38,38,38,23,47,30,30,54,24,66,47,0,0],"gold":284,"neow_bonus":"RANDOM_COMMON_RELIC","is_daily":false,"chose_seed":false,"campfire_upgraded":1,"win_rate":0.0,"timestamp":1612353487,"path_taken":["M","?","?","M","M","M","R","M","T","$","E","R","E","?","R","BOSS","M","M"],"items_purchased_type":["Card"],"build_version":"2020-12-22","purchased_purges":1,"victory":false,"max_hp_per_floor":[80,80,80,80,80,80,80,80,80,80,80,80,80,80,80,80,80,80,80,80],"card_choices":[{"not_picked":["Dark Embrace","Infernal Blade"],"picked":"Wild Strike","floor":1.0},{"not_picked":["Infernal Blade","Blood for Blood"],"picked":"Thunderclap","floor":4.0},{"not_picked":["Battle Trance","Blood for Blood"],"picked":"Evolve","floor":5.0},{"not_picked":["Dual Wield","Cleave"],"picked":"Clothesline","floor":6.0},{"not_picked":["Battle Trance","Havoc","Body Slam"],"picked":"SKIP","floor":8.0},{"not_picked":["Searing Blow","Pummel","Body Slam"],"picked":"SKIP","floor":11.0},{"not_picked":["Havoc","Warcry","Body Slam"],"picked":"SKIP","floor":13.0},{"not_picked":["Juggernaut","Berserk"],"picked":"Demon Form","floor":16.0},{"not_picked":["Headbutt","Blood for Blood","Havoc"],"picked":"SKIP","floor":18}],"player_experience":332495,"relics_obtained":[{"floor":9.0,"key":"Whetstone"},{"floor":11.0,"key":"Potion Belt"},{"floor":13.0,"key":"HornCleat"}],"event_choices":[{"damage_healed":78.0,"max_hp_gain":0.0,"max_hp_loss":80.0,"gold_gain":0.0,"event_name":"betterThird:BetterShining","player_choice":"Upgrade","floor":2.0,"gold_loss":1.0,"damage_taken":16.0,"cards_upgraded":["Defend_R","Strike_R"]},{"damage_healed":0.0,"max_hp_gain":0.0,"max_hp_loss":0.0,"gold_gain":0.0,"event_name":"Golden Idol","player_choice":"Take Damage","floor":3.0,"gold_loss":0.0,"damage_taken":20.0,"relics_obtained":["Golden Idol"]},{"damage_healed":0.0,"max_hp_gain":0.0,"max_hp_loss":0.0,"gold_gain":0.0,"event_name":"betterThird:BetterSerpent","player_choice":"Ignored","floor":14.0,"gold_loss":0.0,"damage_taken":145.0}],"is_beta":false,"boss_relics":[{"not_picked":["Runic Pyramid","Busted Crown"],"picked":"Black Star"}],"items_purged_floors":[10],"is_endless":false,"potions_floor_spawned":[5,6,11,13,18],"killed_by":"3 Byrds","ascension_level":8}}