{"host":"pgm1p3lvdjflie30","time":1612348659,"event":{"mods":["ATMod(阿瑾Mod)","AchievementEnabler","Aspiration","BaseMod","Challenge The Spire","Colored Map","Colored Powertips","Conspire","Dark Map","Dota2Spire","Downfall","Energized Spire","GungeonMod","Hermit","Highlight Path","HornydragonMod","Minty Spire (QoL Compilation)","MostiFishMod","Quarter Circle Forward PUNCH!","Quick Restart","Reimu（博???）","Relic Stats","Replay The Spire","Robot Space Explorer","Spicy Shops","StSLib","TestMod","The Blackbeard","The Bug Knight","The Cursed","The Hayseed","The IronCluck","The Jungle","The Runesmith","Waifu the Spire","Yakumo Yukari mod","【?物卡牌】REMEMod","篝火指南"],"gold_per_floor":[117,132,132,132,142,142,155,188,200,212,18,50,111,123,123,220,220,233,233,633,854,854,854,23,23,23,69,88,88,127,144,144,252,252,272,272,290,290,290,290],"floor_reached":39,"language":"ZHS","playtime":1590,"items_purged":["Pain"],"score":736,"play_id":"111016bf-4186-4aeb-ac0c-e99f93e7d900","local_time":"20210203183739","is_ascension_mode":true,"campfire_choices":[{"floor":6,"key":"RECALL"},{"data":"DemoMod:SuppressiveFire","floor":10,"key":"SMITH"},{"data":"DemoMod:Gungine","floor":15,"key":"SMITH"},{"data":"DemoMod:PotionOfGunFriendShip","floor":23,"key":"SMITH"},{"data":"DemoMod:GunslingerForm","floor":25,"key":"SMITH"},{"data":"sneckomod:UnknownRareAttack","floor":29,"key":"SMITH"},{"data":"DemoMod:FullFirepower","floor":32,"key":"SMITH"}],"circlet_count":0,"master_deck":["DemoMod:Strike_Huntress","DemoMod:Strike_Huntress","DemoMod:Strike_Huntress","DemoMod:Roll","DemoMod:ManualReload","DemoMod:RustySidearm","DemoMod:CrossBow","Hidden Blade","AT_FamilyPortrait","DemoMod:AWP","DemoMod:TeaPot","DemoMod:SuppressiveFire+1","DemoMod:LifeOrb","DemoMod:HuntsMan","Doubt","DemoMod:MegaHand","DemoMod:Gungine+1","DemoMod:DirectionalPad","DemoMod:PotionOfGunFriendShip+1","DemoMod:GunslingerForm+1","DemoMod:BattleInHaste+1","Shame","theJungle:Gourd","theJungle:Gourd","theJungle:Gourd","theJungle:Gourd","theJungle:Gourd","sneckomod:UnknownRareAttack+1","DemoMod:SAA+1","DemoMod:Purify","DemoMod:JK47+1","DemoMod:FullFirepower+1","DemoMod:Behold!","DemoMod:StickyCrossBow","DemoMod:Camera+1","DemoMod:Casey+1","CommonCold"],"relics":["DemoMod:Dog","REME_ComplimentaryCards","DaveBox","testmod-TestBox","PatriotShield","testmod-TurbochargingSystem","NeowsBlessing","SynthV:TestCard","Lantern","WarpedTongs","MawBank","PreservedInsect","HandDrill","testmod-HeartOfDaVinci","conspire:GiftBox","Black Star","theJungle:SneckoAutograph","White Beast Statue","ReplayTheSpireMod:Ninjato","Singing Bowl","sneckomod:ConfusingCodex","TheSimpletonMod:WoodChipper","AT_RedTearstoneRing","DemoMod:RiddleOfLead","Blue Candle","Ring of Fury","ReplayTheSpireMod:Ring of Sloth"],"acts_visited":["Exordium","Exordium","TheBeyond"],"potions_floor_usage":[27,30,35,37,37,39,39],"damage_taken":[{"damage":0,"enemies":"Cultist","floor":1,"turns":1},{"damage":0,"enemies":"Jaw Worm","floor":2,"turns":1},{"damage":0,"enemies":"Small Slimes","floor":5,"turns":1},{"damage":0,"enemies":"2 Fungi Beasts","floor":7,"turns":2},{"damage":5,"enemies":"Lagavulin","floor":8,"turns":2},{"damage":3,"enemies":"3 Sentries","floor":12,"turns":2},{"damage":7,"enemies":"Lagavulin Event","floor":13,"turns":2},{"damage":2,"enemies":"Large Slime","floor":14,"turns":2},{"damage":0,"enemies":"Slime Boss","floor":16,"turns":5},{"damage":2,"enemies":"theJungle:Flameango_and_Byrd","floor":18,"turns":2},{"damage":0,"enemies":"Shell Parasite","floor":27,"turns":1},{"damage":0,"enemies":"theJungle:2_Snecko_Cultists","floor":28,"turns":1},{"damage":0,"enemies":"theJungle:Cassacara","floor":30,"turns":3},{"damage":0,"enemies":"theJungle:Lyon","floor":31,"turns":2},{"damage":0,"enemies":"theJungle:QueenSpyder","floor":33,"turns":3},{"damage":0,"enemies":"3 Darklings","floor":35,"turns":2},{"damage":8,"enemies":"3 Shapes","floor":37,"turns":3},{"damage":57,"enemies":"3 Shapes","floor":39,"turns":12}],"seed_played":"-6242399374159612814","potions_obtained":[{"floor":1,"key":"ZuzhouPotion:ReiMu"},{"floor":2,"key":"Swift Potion"},{"floor":5,"key":"ZuzhouPotion:ReiMu"},{"floor":16,"key":"REME_GoldPotion"},{"floor":27,"key":"TheSimpletonMod:KindlingPotion"},{"floor":28,"key":"Milkshake"},{"floor":30,"key":"SpeedPotion"},{"floor":31,"key":"Guardian:BlockOnCardUsePotion"},{"floor":33,"key":"ColorlessPotion"},{"floor":35,"key":"Fire Potion"},{"floor":37,"key":"Dota2Spire:Clarity"}],"is_trial":false,"path_per_floor":["M","M","?","?","M","R","M","E","T","R","$","E","?","M","R","B",null,"M","?","?","?","?","R","$","R","T","M","M","R","E","M","R","B",null,"M","?","M","?","?"],"character_chosen":"HUNTRESS","items_purchased":["PreservedInsect","HandDrill","White Beast Statue","ReplayTheSpireMod:Ninjato","Singing Bowl"],"campfire_rested":0,"item_purchase_floors":[11,11,24,24,24],"current_hp_per_floor":[70,70,70,70,70,70,70,65,65,65,65,62,55,53,53,53,70,68,68,68,68,68,68,68,68,68,68,68,68,68,68,68,68,80,80,75,67,67,0,0],"gold":290,"neow_bonus":"THREE_ENEMY_KILL","is_daily":false,"chose_seed":false,"campfire_upgraded":6,"win_rate":0.0,"timestamp":1612348659,"path_taken":["M","?","?","?","?","R","M","E","T","R","$","E","?","M","R","BOSS","M","?","?","?","?","R","$","R","T","?","M","R","E","M","R","BOSS","M","?","M","?","?"],"items_purchased_type":["Relic","Relic","Relic","Relic","Relic"],"build_version":"2020-12-22","purchased_purges":1,"victory":false,"max_hp_per_floor":[70,70,70,70,70,70,70,70,70,70,70,70,70,70,70,70,70,70,70,70,70,70,70,70,70,70,70,70,70,70,70,70,70,80,80,80,80,80,80,80],"relic_stats":{"Singing Bowl":0,"counters":[18,47],"Blue Candle":[3],"PreservedInsect":108,"HandDrill":[8],"Black Star":1,"MawBank":36,"obtain_stats":[{"PatriotShield":0,"Lantern":3,"AT_ATBox":0,"DaveBox":0,"Singing Bowl":24,"TheSimpletonMod:WoodChipper":30,"DemoMod:GlassGuonStoneRelic":1,"DemoMod:RiddleOfLead":34,"theJungle:SneckoAutograph":19,"sneckomod:ConfusingCodex":26,"HandDrill":11,"AT_RedTearstoneRing":30,"testmod-TestBox":0,"ReplayTheSpireMod:Ninjato":24,"DemoMod:Dog":0,"NeowsBlessing":0,"Blue Candle":36,"ReplayTheSpireMod:Ring of Sloth":38,"PreservedInsect":11,"testmod-TurbochargingSystem":0,"MawBank":8,"White Beast Statue":24,"WarpedTongs":4,"conspire:GiftBox":13,"SynthV:TestCard":1,"Ring of Fury":38,"Black Star":17,"REME_ComplimentaryCards":0,"testmod-HeartOfDaVinci":12},{"PatriotShield":0,"Lantern":2,"AT_ATBox":0,"DaveBox":0,"Singing Bowl":10,"TheSimpletonMod:WoodChipper":13,"DemoMod:GlassGuonStoneRelic":1,"DemoMod:RiddleOfLead":15,"theJungle:SneckoAutograph":10,"sneckomod:ConfusingCodex":10,"HandDrill":5,"AT_RedTearstoneRing":13,"testmod-TestBox":0,"ReplayTheSpireMod:Ninjato":10,"DemoMod:Dog":0,"NeowsBlessing":0,"Blue Candle":16,"ReplayTheSpireMod:Ring of Sloth":17,"PreservedInsect":5,"testmod-TurbochargingSystem":0,"MawBank":5,"White Beast Statue":10,"WarpedTongs":2,"conspire:GiftBox":7,"SynthV:TestCard":1,"Ring of Fury":17,"Black Star":9,"REME_ComplimentaryCards":0,"testmod-HeartOfDaVinci":6},{"PatriotShield":0,"Lantern":2,"AT_ATBox":0,"DaveBox":0,"Singing Bowl":20,"TheSimpletonMod:WoodChipper":25,"DemoMod:GlassGuonStoneRelic":1,"DemoMod:RiddleOfLead":30,"theJungle:SneckoAutograph":20,"sneckomod:ConfusingCodex":20,"HandDrill":7,"AT_RedTearstoneRing":25,"testmod-TestBox":0,"ReplayTheSpireMod:Ninjato":20,"DemoMod:Dog":0,"NeowsBlessing":0,"Blue Candle":32,"ReplayTheSpireMod:Ring of Sloth":35,"PreservedInsect":7,"testmod-TurbochargingSystem":0,"MawBank":7,"White Beast Statue":20,"WarpedTongs":2,"conspire:GiftBox":11,"SynthV:TestCard":1,"Ring of Fury":35,"Black Star":18,"REME_ComplimentaryCards":0,"testmod-HeartOfDaVinci":9}],"WarpedTongs":[45]},"card_choices":[{"not_picked":["DemoMod:PotionOfGunFriendShip","DemoMod:EasyReloadBullets"],"picked":"DemoMod:AWP","floor":1},{"not_picked":["DemoMod:MachoBrace","DemoMod:BattleInHaste","DemoMod:Unmoved","DemoMod:AWP"],"picked":"DemoMod:TeaPot","floor":2},{"not_picked":["DemoMod:ConditionalReflex","DemoMod:Ejector","DemoMod:DoubleSwitch","DemoMod:PotionOfGunFriendShip"],"picked":"DemoMod:SuppressiveFire","floor":5},{"not_picked":["DemoMod:ProbeStrike","DemoMod:EasyReloadBullets","DemoMod:TeaPot","DemoMod:ShadowBullets"],"picked":"DemoMod:LifeOrb","floor":7},{"not_picked":["DemoMod:Purify","DemoMod:TeaPot","DemoMod:StrategicReserve","DemoMod:Rummage"],"picked":"DemoMod:HuntsMan","floor":8},{"not_picked":["DemoMod:AWP","DemoMod:HardPowerCard","DemoMod:Replace","DemoMod:MachoBrace"],"picked":"DemoMod:MegaHand","floor":12},{"not_picked":["DemoMod:FightSabre","DemoMod:DarkMarker"],"picked":"DemoMod:Gungine","floor":13},{"not_picked":["DemoMod:SAA","DemoMod:Evolver","DemoMod:BattleInHaste","DemoMod:FastSwitch"],"picked":"DemoMod:DirectionalPad","floor":13},{"not_picked":["DemoMod:BattleInHaste","DemoMod:TeaPot","DemoMod:MachoBrace","DemoMod:Unmoved"],"picked":"DemoMod:PotionOfGunFriendShip","floor":14},{"not_picked":["DemoMod:Desperate","DemoMod:Elimentaler","DemoMod:BulletBore","DemoMod:BalloonGun"],"picked":"DemoMod:GunslingerForm","floor":16},{"not_picked":["DemoMod:ShadowBullets","DemoMod:LifeOrb","DemoMod:Ejector+1","DemoMod:SniperShot"],"picked":"DemoMod:BattleInHaste+1","floor":18},{"not_picked":["DemoMod:GunShield+1","DemoMod:Purify","DemoMod:BoxingGlove","DemoMod:SkilledReload+1"],"picked":"DemoMod:SAA+1","floor":27},{"not_picked":["DemoMod:ConditionalReflex","DemoMod:HardPowerCard","DemoMod:LifeOrb","DemoMod:BoxingGlove+1"],"picked":"DemoMod:Purify","floor":28},{"not_picked":["DemoMod:FortunesFavor","DemoMod:GunstockTap+1","DemoMod:MegaHand","DemoMod:DirectionalPad"],"picked":"DemoMod:JK47+1","floor":30},{"not_picked":["DemoMod:DoubleSwitch","DemoMod:TeaPot","DemoMod:Unity+1","DemoMod:Replace"],"picked":"DemoMod:FullFirepower","floor":31},{"not_picked":["DemoMod:DoubleVision","DemoMod:Elimentaler","DemoMod:DarkMarker","DemoMod:Desperate"],"picked":"DemoMod:Behold!","floor":33},{"not_picked":["DemoMod:PracticeMakesPerfect","DemoMod:Purify+1","DemoMod:Unity+1","DemoMod:BoxingGlove"],"picked":"DemoMod:StickyCrossBow","floor":35},{"not_picked":["DemoMod:CombinedRifle+1","DemoMod:Ejector","DemoMod:PotionOfGunFriendShip","DemoMod:SniperShot+1"],"picked":"DemoMod:Camera+1","floor":35},{"not_picked":["DemoMod:AC15+1","DemoMod:Unity","DemoMod:AWP+1","DemoMod:ShadowBullets"],"picked":"DemoMod:Casey+1","floor":37}],"player_experience":367932,"relics_obtained":[{"floor":1,"key":"SynthV:TestCard"},{"floor":8,"key":"MawBank"},{"floor":12,"key":"testmod-HeartOfDaVinci"},{"floor":13,"key":"conspire:GiftBox"},{"floor":26,"key":"sneckomod:ConfusingCodex"},{"floor":30,"key":"TheSimpletonMod:WoodChipper"},{"floor":30,"key":"AT_RedTearstoneRing"},{"floor":38,"key":"Ring of Fury"},{"floor":38,"key":"ReplayTheSpireMod:Ring of Sloth"}],"event_choices":[{"damage_healed":0,"gold_gain":0,"player_choice":"Rummage","damage_taken":0,"relics_obtained":["WarpedTongs"],"max_hp_gain":0,"max_hp_loss":0,"event_name":"Accursed Blacksmith","floor":4,"gold_loss":0,"cards_obtained":["Pain"]},{"damage_healed":0,"gold_gain":0,"player_choice":"Searched \u00271\u0027 times","damage_taken":0,"max_hp_gain":0,"max_hp_loss":0,"event_name":"Dead Adventurer","floor":13,"gold_loss":0},{"damage_healed":0,"gold_gain":400,"player_choice":"Sell","damage_taken":0,"max_hp_gain":0,"max_hp_loss":0,"event_name":"恩洛斯的?子","floor":20,"relics_lost":["AT_ATBox"],"gold_loss":0}],"is_beta":false,"boss_relics":[{"not_picked":["Ring of Chaos","Tiny House"],"picked":"Black Star"},{"not_picked":["testmod-SaigiyounoYou","Kintsugi"],"picked":"DemoMod:RiddleOfLead"}],"items_purged_floors":[24],"is_endless":false,"potions_floor_spawned":[1,2,5,16,27,28,30,31,33,35,37],"killed_by":"3 Shapes","ascension_level":1}}