{"host":"ptk1shuto3uimndw","time":1612368481,"event":{"mods":["AchievementEnabler","BaseMod","Bestiary","Colored Map","Colored Powertips","Curses Come First","Minty Spire (QoL Compilation)","Quick Restart","Rare Cards Sparkle","Relic Stats","StSLib","Uncapped"],"gold_per_floor":[313,313,326,337,7,32,60,94,120,120,139,150,164,192,192,297,297,314,314,325,335,348,383,482,510,535,535,11,40,40,50,50,155,155,174,174,174,174,190,190,216,216,216,242,255,268,298,312,312,312],"floor_reached":51,"language":"ENG","playtime":1669,"items_purged":["Strike_P"],"score":1216,"play_id":"fb94972a-0660-4c41-b1fc-26a4770ef591","local_time":"20210203170801","is_ascension_mode":true,"campfire_choices":[{"data":"Tantrum","floor":10,"key":"SMITH"},{"data":"TalkToTheHand","floor":15,"key":"SMITH"},{"data":"Wallop","floor":30,"key":"SMITH"},{"data":"TalkToTheHand","floor":32,"key":"SMITH"},{"data":"Consecrate","floor":40,"key":"SMITH"},{"data":"Eruption","floor":42,"key":"SMITH"},{"data":"Vengeance","floor":49,"key":"SMITH"}],"circlet_count":0,"master_deck":["Strike_P","Defend_P","Defend_P","Defend_P+1","Defend_P+1","Eruption+1","Vigilance","Vengeance+1","Consecrate+1","Tantrum+1","WreathOfFlame+1","Wallop+1","EmptyBody+1","Vault+1","FearNoEvil","Evaluate+1","ClearTheMind+1","TalkToTheHand+1","Vault+1","EmptyFist+1","Vault+1","TalkToTheHand+1","EmptyBody+1","TalkToTheHand+1","Omniscience+1","Halt+1","MentalFortress+1","Halt+1"],"relics":["PureWater","Old Coin","Toxic Egg 2","Ancient Tea Set","Odd Mushroom","Lantern","Damaru","Letter Opener","Black Star","HornCleat","Vajra","Potion Belt","Pocketwatch","PreservedInsect","Pen Nib","Yang","Gremlin Horn","FossilizedHelix","Runic Pyramid","TungstenRod","War Paint","Pear","Anchor","Dream Catcher","Bag of Marbles","Regal Pillow"],"acts_visited":["Exordium","TheCity","TheBeyond"],"potions_floor_usage":[12,25,50,50,50,50,50,50,50,50,50,50],"damage_taken":[{"damage":0.0,"enemies":"Jaw Worm","floor":1.0,"turns":3.0},{"damage":0.0,"enemies":"Cultist","floor":3.0,"turns":2.0},{"damage":0.0,"enemies":"Small Slimes","floor":4.0,"turns":3.0},{"damage":0.0,"enemies":"Gremlin Nob","floor":6.0,"turns":2.0},{"damage":0,"enemies":"The Mushroom Lair","floor":7,"turns":2},{"damage":3,"enemies":"Lagavulin","floor":8,"turns":4},{"damage":0,"enemies":"Gremlin Gang","floor":11,"turns":4},{"damage":0,"enemies":"Lots of Slimes","floor":12,"turns":1},{"damage":0,"enemies":"3 Louse","floor":13,"turns":2},{"damage":0,"enemies":"Gremlin Nob","floor":14,"turns":3},{"damage":18,"enemies":"Hexaghost","floor":16,"turns":5},{"damage":0,"enemies":"Spheric Guardian","floor":18,"turns":2},{"damage":0,"enemies":"Chosen","floor":20,"turns":4},{"damage":11,"enemies":"Snake Plant","floor":21,"turns":4},{"damage":2,"enemies":"Cultist and Chosen","floor":22,"turns":4},{"damage":4,"enemies":"Gremlin Leader","floor":23,"turns":7},{"damage":7,"enemies":"Slavers","floor":25,"turns":4},{"damage":0,"enemies":"Gremlin Leader","floor":29,"turns":3},{"damage":0,"enemies":"Centurion and Healer","floor":31,"turns":3},{"damage":0,"enemies":"Champ","floor":33,"turns":8},{"damage":0,"enemies":"Orb Walker","floor":35,"turns":3},{"damage":0,"enemies":"3 Darklings","floor":39,"turns":4},{"damage":0,"enemies":"Giant Head","floor":41,"turns":5},{"damage":0,"enemies":"Reptomancer","floor":44,"turns":4},{"damage":0,"enemies":"Spire Growth","floor":45,"turns":4},{"damage":0,"enemies":"Jaw Worm Horde","floor":46,"turns":4},{"damage":0,"enemies":"Giant Head","floor":47,"turns":6},{"damage":0,"enemies":"Transient","floor":48,"turns":8},{"damage":21,"enemies":"Time Eater","floor":50,"turns":7}],"seed_played":"-1163159893275406024","potions_obtained":[{"floor":2.0,"key":"Block Potion"},{"floor":2.0,"key":"AttackPotion"},{"floor":2.0,"key":"FearPotion"},{"floor":3.0,"key":"Fire Potion"},{"floor":6.0,"key":"Explosive Potion"},{"floor":8,"key":"CultistPotion"},{"floor":12,"key":"LiquidMemories"},{"floor":25,"key":"Regen Potion"},{"floor":33,"key":"FearPotion"},{"floor":35,"key":"EntropicBrew"}],"is_trial":false,"path_per_floor":["M","?","M","M","$","E","?","E","T","R","M","M","M","E","R","B",null,"M","?","M","M","M","E","?","E","T","?","$","E","R","M","R","B",null,"M","?","?","?","M","R","E","R","T","E","M","M","E","M","R","B",null],"character_chosen":"WATCHER","items_purchased":["Toxic Egg 2","WreathOfFlame+1","Pen Nib","Yang","SteroidPotion"],"campfire_rested":0,"item_purchase_floors":[5,5,28,28,28],"current_hp_per_floor":[72,72,72,72,72,72,72,69,69,69,69,69,69,69,69,51,72,72,72,72,61,59,55,55,48,48,48,48,48,48,48,48,48,72,72,72,68,68,68,68,68,68,78,78,78,78,78,78,78,57],"gold":312,"neow_bonus":"ONE_RARE_RELIC","is_daily":false,"chose_seed":false,"campfire_upgraded":7,"win_rate":0.0,"timestamp":1612368481,"path_taken":["M","?","M","?","$","E","?","E","T","R","M","M","M","E","R","BOSS","M","?","?","M","?","E","?","E","T","?","$","E","R","M","R","BOSS","M","?","?","?","?","R","E","R","T","E","M","M","E","M","R","BOSS"],"items_purchased_type":["Relic","Card","Relic","Relic","Potion"],"build_version":"2020-12-22","purchased_purges":1,"victory":true,"max_hp_per_floor":[72,72,72,72,72,72,72,72,72,72,72,72,72,72,72,72,72,72,72,72,72,72,72,72,72,72,72,72,72,72,72,72,72,72,72,72,68,68,68,68,68,68,78,78,78,78,78,78,78,78],"relic_stats":{"Regal Pillow":0,"Gremlin Horn":[7,8],"counters":[29,115],"Yang":[106],"PreservedInsect":358,"Pen Nib":[10],"Letter Opener":[157],"War Paint":["Defend_P","Defend_P"],"Dream Catcher":0,"Black Star":6,"obtain_stats":[{"Lantern":8,"Regal Pillow":47,"Gremlin Horn":29,"Vajra":23,"Yang":28,"Ancient Tea Set":6,"Old Coin":0,"Dream Catcher":44,"HornCleat":23,"Toxic Egg 2":5,"Runic Pyramid":34,"Potion Belt":25,"Pear":43,"Damaru":9,"PreservedInsect":26,"Pen Nib":28,"Letter Opener":14,"Odd Mushroom":7,"War Paint":41,"Anchor":44,"Black Star":17,"Bag of Marbles":47,"PureWater":0,"FossilizedHelix":29,"TungstenRod":41,"Pocketwatch":25},{"Lantern":6,"Regal Pillow":27,"Gremlin Horn":18,"Vajra":16,"Yang":17,"Ancient Tea Set":4,"Old Coin":0,"Dream Catcher":24,"HornCleat":16,"Toxic Egg 2":3,"Runic Pyramid":20,"Potion Belt":17,"Pear":23,"Damaru":6,"PreservedInsect":17,"Pen Nib":17,"Letter Opener":10,"Odd Mushroom":5,"War Paint":23,"Anchor":24,"Black Star":11,"Bag of Marbles":27,"PureWater":0,"FossilizedHelix":18,"TungstenRod":23,"Pocketwatch":17},{"Lantern":16,"Regal Pillow":100,"Gremlin Horn":59,"Vajra":52,"Yang":56,"Ancient Tea Set":10,"Old Coin":0,"Dream Catcher":86,"HornCleat":52,"Toxic Egg 2":8,"Runic Pyramid":70,"Potion Belt":56,"Pear":82,"Damaru":16,"PreservedInsect":56,"Pen Nib":56,"Letter Opener":26,"Odd Mushroom":12,"War Paint":82,"Anchor":86,"Black Star":31,"Bag of Marbles":100,"PureWater":0,"FossilizedHelix":59,"TungstenRod":82,"Pocketwatch":56}],"TungstenRod":1,"Pocketwatch":[29]},"card_choices":[{"not_picked":["PathToVictory","Study"],"picked":"Vengeance","floor":1.0},{"not_picked":["JustLucky","ClearTheMind"],"picked":"Consecrate","floor":3.0},{"not_picked":["PathToVictory","Consecrate"],"picked":"Tantrum","floor":4.0},{"not_picked":["Prostrate+1","Collect+1"],"picked":"Wallop","floor":6.0},{"not_picked":["SashWhip","Weave"],"picked":"EmptyBody+1","floor":7},{"not_picked":["DeceiveReality+1","BowlingBash"],"picked":"Vault+1","floor":8},{"not_picked":["Wireheading","Wallop"],"picked":"FearNoEvil","floor":11},{"not_picked":["CutThroughFate","Collect+1"],"picked":"Evaluate+1","floor":12},{"not_picked":["DeceiveReality+1","Consecrate"],"picked":"ClearTheMind+1","floor":13},{"not_picked":["DeusExMachina+1","ReachHeaven"],"picked":"TalkToTheHand","floor":14},{"not_picked":["Judgement+1","Scrawl+1"],"picked":"Vault+1","floor":16},{"not_picked":["Crescendo+1","SashWhip"],"picked":"EmptyFist+1","floor":18},{"not_picked":["Prostrate+1","EmptyFist","PathToVictory+1"],"picked":"SKIP","floor":20},{"not_picked":["SandsOfTime","FlurryOfBlows"],"picked":"Vault+1","floor":21},{"not_picked":["Consecrate","Prostrate+1","ForeignInfluence+1"],"picked":"SKIP","floor":22},{"not_picked":["BowlingBash","CutThroughFate","WheelKick+1"],"picked":"SKIP","floor":23},{"not_picked":["CutThroughFate","PathToVictory+1","Weave"],"picked":"SKIP","floor":25},{"not_picked":["WheelKick+1","Prostrate+1"],"picked":"EmptyBody+1","floor":29},{"not_picked":["Fasting2","EmptyMind+1"],"picked":"TalkToTheHand","floor":31},{"not_picked":["Judgement+1","Devotion"],"picked":"Omniscience+1","floor":33},{"not_picked":["SashWhip","ClearTheMind+1"],"picked":"Halt+1","floor":35},{"not_picked":["Perseverance+1","EmptyFist","Evaluate+1"],"picked":"SKIP","floor":39},{"not_picked":["Devotion","ClearTheMind+1"],"picked":"MentalFortress+1","floor":41},{"not_picked":["SashWhip","MasterReality","EmptyMind+1"],"picked":"SKIP","floor":44},{"not_picked":["Study","CutThroughFate"],"picked":"Halt+1","floor":45},{"not_picked":["Halt+1","Consecrate","BowlingBash"],"picked":"SKIP","floor":46},{"not_picked":["FlyingSleeves+1","Halt+1","JustLucky"],"picked":"SKIP","floor":47},{"not_picked":["FollowUp+1","EmptyFist","JustLucky+1"],"picked":"SKIP","floor":48}],"player_experience":236813,"relics_obtained":[{"floor":6.0,"key":"Ancient Tea Set"},{"floor":7,"key":"Odd Mushroom"},{"floor":8,"key":"Lantern"},{"floor":9,"key":"Damaru"},{"floor":14,"key":"Letter Opener"},{"floor":23,"key":"HornCleat"},{"floor":23,"key":"Vajra"},{"floor":25,"key":"Potion Belt"},{"floor":25,"key":"Pocketwatch"},{"floor":26,"key":"PreservedInsect"},{"floor":29,"key":"Gremlin Horn"},{"floor":29,"key":"FossilizedHelix"},{"floor":41,"key":"TungstenRod"},{"floor":41,"key":"War Paint"},{"floor":43,"key":"Pear"},{"floor":44,"key":"Anchor"},{"floor":44,"key":"Dream Catcher"},{"floor":47,"key":"Bag of Marbles"},{"floor":47,"key":"Regal Pillow"}],"event_choices":[{"damage_healed":0.0,"max_hp_gain":0.0,"max_hp_loss":0.0,"gold_gain":0.0,"event_name":"Lab","player_choice":"Got Potions","floor":2.0,"gold_loss":0.0,"damage_taken":0.0},{"damage_healed":0,"gold_gain":0,"player_choice":"Fought Mushrooms","damage_taken":0,"max_hp_gain":0,"max_hp_loss":0,"event_name":"Mushrooms","floor":7,"gold_loss":0},{"cards_removed":["Strike_P"],"damage_healed":0,"gold_gain":0,"player_choice":"Card Removal","damage_taken":0,"max_hp_gain":0,"max_hp_loss":0,"event_name":"Wheel of Change","floor":19,"gold_loss":0},{"damage_healed":0,"gold_gain":99,"player_choice":"Stole From Cult","damage_taken":0,"max_hp_gain":0,"max_hp_loss":0,"event_name":"Nest","floor":24,"gold_loss":0},{"damage_healed":0,"gold_gain":0,"player_choice":"Copied","damage_taken":0,"max_hp_gain":0,"max_hp_loss":0,"event_name":"Duplicator","floor":27,"gold_loss":0,"cards_obtained":["TalkToTheHand"]},{"damage_healed":0,"gold_gain":0,"player_choice":"Ignored","damage_taken":0,"max_hp_gain":0,"max_hp_loss":0,"event_name":"Tomb of Lord Red Mask","floor":36,"gold_loss":0},{"damage_healed":0,"gold_gain":0,"player_choice":"Max HP","damage_taken":0,"max_hp_gain":0,"max_hp_loss":4,"event_name":"Winding Halls","floor":37,"gold_loss":0},{"cards_removed":["Strike_P"],"damage_healed":0,"gold_gain":0,"player_choice":"Offered Basic","damage_taken":0,"max_hp_gain":0,"max_hp_loss":0,"event_name":"Bonfire Elementals","floor":38,"gold_loss":0}],"is_beta":false,"boss_relics":[{"not_picked":["Coffee Dripper","Astrolabe"],"picked":"Black Star"},{"not_picked":["Empty Cage","Pandora\u0027s Box"],"picked":"Runic Pyramid"}],"items_purged_floors":[28],"is_endless":false,"potions_floor_spawned":[3,6,8,12,14,16,18,21,23,25,33,35,41,45,48],"ascension_level":2}}