{"host":"v9ordiuf4xzdpttp","time":1612334585,"event":{"mods":["AchievementEnabler","Act Like it!","Aspiration","BaseMod","Better Third Choice","Better Vampires","BetterRewards","CCEM2","Colored Map","Gold Saver","Halation","Hubris","Infinite Spire","Jedi Mod","Marked Mod","Minty Spire (QoL Compilation)","Reliquary","Remove Card Discount Mod","Replay The Spire","Shop Mod","Spicy Shops","StSLib"],"gold_per_floor":[175,175,175,175,145,173,17,17,17,17,27,59,79,79,79,182,182,200,200,200,216,228,247,264,264,264,275,275,275],"floor_reached":28,"language":"ENG","playtime":1094,"items_purged":["Burn"],"score":228,"play_id":"e7c76557-a4b6-43a4-9971-4977a7d659df","local_time":"20210203014305","is_ascension_mode":false,"campfire_choices":[{"floor":8,"key":"REST"},{"data":"Static Discharge","floor":10,"key":"SMITH"},{"floor":25,"key":"REST"}],"circlet_count":0,"master_deck":["Strike_B","Strike_B","Strike_B","Strike_B","Defend_B","Defend_B","Defend_B","Defend_B","Zap","Steam","Ball Lightning","jedi:BurstLightning","Static Discharge+1","Static Discharge","Flash of Steel","jedi:markofdeath","Reinforced Body+1","Ball Lightning","Biased Cognition","Consume+1","Leap","Gash+1","Sweeping Beam+1","Double Energy+1"],"relics":["Cracked Core","Iron Hammer","FossilizedHelix","hubris:BottledRain","hubris:Towel","hubris:Backtick","hubris:BallOfYels","jedi:angrymask"],"acts_visited":["Exordium","TheCity"],"potions_floor_usage":[6,16,16,16,22,23,24],"damage_taken":[{"damage":5,"enemies":"2 Louse","floor":1,"turns":3},{"damage":10,"enemies":"Lagavulin","floor":6,"turns":5},{"damage":0,"enemies":"Cultist","floor":11,"turns":2},{"damage":13,"enemies":"Replay:BlueRogue","floor":12,"turns":4},{"damage":2,"enemies":"infinitespire:Voidling","floor":13,"turns":3},{"damage":7,"enemies":"Slime Boss","floor":16,"turns":7},{"damage":0,"enemies":"Shell Parasite","floor":18,"turns":2},{"damage":0,"enemies":"Spheric Guardian","floor":21,"turns":3},{"damage":0,"enemies":"Snake Plant","floor":22,"turns":4},{"damage":27,"enemies":"Shelled Parasite and Fungi","floor":23,"turns":3},{"damage":5,"enemies":"Chosen and Byrds","floor":24,"turns":4},{"damage":12,"enemies":"Cultist and Chosen","floor":27,"turns":4},{"damage":63,"enemies":"Gremlin Leader","floor":28,"turns":4}],"seed_played":"7894984913988047105","potions_obtained":[{"floor":5,"key":"FearPotion"},{"floor":5,"key":"Weak Potion"},{"floor":6,"key":"DistilledChaos"},{"floor":11,"key":"BlessingOfTheForge"},{"floor":16,"key":"LifebloodPotion"},{"floor":21,"key":"GamblersBrew"},{"floor":22,"key":"Elixir"},{"floor":24,"key":"jedi:coolantleak"}],"is_trial":false,"path_per_floor":["M","?","$","?","?","E","$","R","T","R","M","E","M","?","R_BF","B",null,"M","?","?","M","M","M","M","R","T","M","E"],"character_chosen":"DEFECT","items_purchased":["Iron Hammer","Static Discharge","Flash of Steel"],"campfire_rested":2,"item_purchase_floors":[3,7,7],"current_hp_per_floor":[70,70,54,54,54,44,44,66,66,66,66,53,55,55,75,68,75,75,75,75,75,75,48,43,65,65,53,0,0],"gold":275,"neow_bonus":"TRANSFORM_CARD","is_daily":false,"chose_seed":false,"campfire_upgraded":1,"win_rate":0.0,"timestamp":1612334585,"path_taken":["M","?","?","?","?","E","$","R","T","R","?","E","M","?","R_BF","BOSS","M","?","?","?","?","M","M","R","T","M","E"],"items_purchased_type":["Relic","Card","Card"],"build_version":"2020-12-22","purchased_purges":1,"victory":false,"max_hp_per_floor":[75,75,75,75,75,75,75,75,75,75,75,75,75,75,75,75,75,75,75,75,75,75,75,75,75,75,75,75,75],"card_choices":[{"not_picked":["Gash","Undo"],"picked":"Ball Lightning","floor":1},{"not_picked":["Chill","ReplayTheSpireMod:Repulse"],"picked":"jedi:BurstLightning","floor":6},{"not_picked":["jedi:BurstFrost","Go for the Eyes"],"picked":"jedi:markofdeath","floor":11},{"not_picked":["Gash","jedi:BurstFrost"],"picked":"Reinforced Body","floor":12},{"not_picked":["Leap","jedi:reiji"],"picked":"Ball Lightning","floor":13},{"not_picked":["ReplayTheSpireMod:Omega Cannon","Fission"],"picked":"Biased Cognition","floor":16},{"not_picked":["Steam Power","Turbo+1"],"picked":"Consume","floor":18},{"not_picked":["Chaos","Reinforced Body","Go for the Eyes"],"picked":"SKIP","floor":21},{"not_picked":["Panic Button","Rip and Tear"],"picked":"Leap","floor":22},{"not_picked":["jedi:reiji","Panic Button+1"],"picked":"Gash+1","floor":23},{"not_picked":["jedi:BurstFrost+1","Heatsinks"],"picked":"Sweeping Beam+1","floor":24},{"not_picked":["Compile Driver+1","FTL"],"picked":"Double Energy+1","floor":27}],"player_experience":257328,"relics_obtained":[{"floor":6,"key":"FossilizedHelix"},{"floor":12,"key":"hubris:BottledRain"},{"floor":26,"key":"jedi:angrymask"}],"event_choices":[{"damage_healed":0,"gold_gain":0,"player_choice":"Leave","damage_taken":0,"max_hp_gain":0,"max_hp_loss":0,"event_name":"The Cleric","floor":2,"gold_loss":0},{"damage_healed":54,"gold_gain":0,"player_choice":"Embrace Burn","damage_taken":0,"max_hp_gain":0,"max_hp_loss":75,"event_name":"betterThird:BetterShining","floor":4,"gold_loss":0},{"damage_healed":0,"gold_gain":0,"player_choice":"Bought 2 Potions","damage_taken":0,"max_hp_gain":0,"max_hp_loss":0,"event_name":"The Woman in Blue","floor":5,"gold_loss":0},{"damage_healed":0,"gold_gain":0,"player_choice":"Forge","damage_taken":0,"max_hp_gain":0,"max_hp_loss":0,"event_name":"Accursed Blacksmith","floor":20,"gold_loss":0,"cards_upgraded":["Consume"]}],"is_beta":false,"boss_relics":[{"not_picked":["Runic Pyramid","hubris:ScarierMask"],"picked":"hubris:Backtick"}],"items_purged_floors":[7],"is_endless":false,"potions_floor_spawned":[6,11,16,21,22,24],"killed_by":"Gremlin Leader","ascension_level":0}}