{"host":"6fkscwgr344hcmao","time":1612367721,"event":{"mods":["2.2 Compatiblity","AchievementEnabler","BaseMod","Colored Map","Highlight Path","Minty Spire (QoL Compilation)","Random Character Button","Rare Cards Sparkle"],"gold_per_floor":[114,18,93,93,111,136,136,136,136,163,179,179,11,11,11,109,109,122,122,27,0,13,26,26,26,26,26,26,26,26,43,43,140,140,151,151,167,116,136,136,167,167,167,181,181,199,199,217,217,217,217],"floor_reached":50,"language":"POL","playtime":2826,"items_purged":["Strike_R"],"score":501,"play_id":"d47b2c8c-394b-4bf0-8f2a-fe63be14def1","local_time":"20210203165521","is_ascension_mode":false,"campfire_choices":[{"data":"Anger","floor":7.0,"key":"SMITH"},{"data":"Armaments","floor":12.0,"key":"SMITH"},{"data":"Flash of Steel","floor":15.0,"key":"SMITH"},{"floor":24.0,"key":"REST"},{"data":"Pommel Strike","floor":27.0,"key":"SMITH"},{"floor":30.0,"key":"RECALL"},{"floor":32.0,"key":"REST"},{"data":"Berserk","floor":40,"key":"SMITH"},{"data":"Fire Breathing","floor":42,"key":"SMITH"},{"floor":45,"key":"REST"},{"data":"Impatience","floor":47,"key":"SMITH"},{"floor":49,"key":"REST"}],"circlet_count":0,"master_deck":["Bash","Armaments+1","Impatience+1","Power Through","Anger+1","Dropkick","Flash of Steel+1","Berserk+1","Fire Breathing+1","Metallicize","Pommel Strike+1","Sentinel","Double Tap","Rage+1","Purity","Iron Wave+1","Clothesline","Warcry","Parasite","Shrug It Off+1","Iron Wave+1","Flame Barrier+1"],"relics":["Burning Blood","NeowsBlessing","PreservedInsect","HornCleat","Gremlin Horn","Pandora\u0027s Box","White Beast Statue","Mark of Pain","Toxic Egg 2","TungstenRod"],"acts_visited":["Exordium","TheCity","TheBeyond"],"potions_floor_usage":[39,41,41,41,46,50,50,50],"damage_taken":[{"damage":0.0,"enemies":"Small Slimes","floor":1.0,"turns":1.0},{"damage":0.0,"enemies":"Jaw Worm","floor":5.0,"turns":1.0},{"damage":0.0,"enemies":"3 Sentries","floor":6.0,"turns":2.0},{"damage":25.0,"enemies":"Gremlin Nob","floor":10.0,"turns":4.0},{"damage":0.0,"enemies":"Cultist","floor":11.0,"turns":4.0},{"damage":40.0,"enemies":"The Guardian","floor":16.0,"turns":8.0},{"damage":5.0,"enemies":"3 Byrds","floor":18.0,"turns":4.0},{"damage":5.0,"enemies":"2 Thieves","floor":22.0,"turns":4.0},{"damage":35.0,"enemies":"Snake Plant","floor":23.0,"turns":6.0},{"damage":21.0,"enemies":"Snecko","floor":31.0,"turns":6.0},{"damage":6,"enemies":"Collector","floor":33,"turns":5},{"damage":2,"enemies":"Orb Walker","floor":35,"turns":4},{"damage":3,"enemies":"3 Shapes","floor":37,"turns":7},{"damage":21,"enemies":"Writhing Mass","floor":39,"turns":6},{"damage":7,"enemies":"Nemesis","floor":41,"turns":7},{"damage":15,"enemies":"Jaw Worm Horde","floor":44,"turns":5},{"damage":18,"enemies":"Maw","floor":46,"turns":9},{"damage":12,"enemies":"Spire Growth","floor":48,"turns":6},{"damage":109,"enemies":"Time Eater","floor":50,"turns":16}],"seed_played":"-3604051780161790101","potions_obtained":[{"floor":10.0,"key":"FearPotion"},{"floor":11.0,"key":"Weak Potion"},{"floor":23.0,"key":"SpeedPotion"},{"floor":31.0,"key":"Weak Potion"},{"floor":33,"key":"AttackPotion"},{"floor":37,"key":"DistilledChaos"},{"floor":39,"key":"Swift Potion"},{"floor":41,"key":"ColorlessPotion"},{"floor":44,"key":"Ancient Potion"},{"floor":46,"key":"BloodPotion"},{"floor":48,"key":"PowerPotion"}],"is_trial":false,"path_per_floor":["M","$","?","?","M","E","R","?","T","E","M","R","$","?","R","B",null,"M","?","$","?","M","M","R","?","T","R","T","$","R","M","R","B",null,"M","?","M","$","M","R","E","R","T","M","R","M","R","M","R","B"],"character_chosen":"IRONCLAD","items_purchased":["Impatience","Flash of Steel","Purity","Warcry"],"campfire_rested":4,"item_purchase_floors":[2,13,20,38],"current_hp_per_floor":[80,80,69,69,75,80,80,80,80,61,67,67,67,67,67,33,80,80,65,65,65,66,37,62,62,62,62,62,62,62,47,72,72,85,85,85,85,85,70,70,69,69,69,60,85,73,73,67,85,0,0],"gold":217,"neow_bonus":"THREE_ENEMY_KILL","is_daily":false,"chose_seed":false,"campfire_upgraded":7,"win_rate":0.0,"timestamp":1612367721,"path_taken":["M","$","?","?","?","E","R","?","T","E","M","R","$","?","R","BOSS","M","?","$","?","M","M","R","?","T","R","?","$","R","?","R","BOSS","M","?","M","$","M","R","E","R","T","?","R","M","R","M","R","BOSS"],"items_purchased_type":["Card","Card","Card","Card"],"build_version":"2020-12-22","purchased_purges":1,"victory":false,"max_hp_per_floor":[80,80,80,80,80,80,80,80,80,80,80,80,80,80,80,80,80,80,85,85,85,85,85,85,85,85,85,85,85,85,85,85,85,85,85,85,85,85,85,85,85,85,85,85,85,85,85,85,85,85,85],"card_choices":[{"not_picked":["Wild Strike","Rage"],"picked":"Armaments","floor":1.0},{"not_picked":["Rupture","Thunderclap","Cleave"],"picked":"SKIP","floor":5.0},{"not_picked":["Bloodletting","Heavy Blade"],"picked":"Anger","floor":6.0},{"not_picked":["Armaments","True Grit","Corruption"],"picked":"SKIP","floor":10.0},{"not_picked":["Seeing Red","Fire Breathing"],"picked":"Dropkick","floor":11.0},{"not_picked":["Reaper","Limit Break"],"picked":"Berserk","floor":16.0},{"not_picked":["Ghostly Armor","Sentinel"],"picked":"Rage+1","floor":18.0},{"not_picked":["Rampage","Armaments","Clothesline+1"],"picked":"SKIP","floor":22.0},{"not_picked":["Body Slam+1","Shockwave","Fire Breathing"],"picked":"SKIP","floor":23.0},{"not_picked":["Clothesline+1","Armaments","Hemokinesis+1"],"picked":"SKIP","floor":31.0},{"not_picked":["Disarm","Metallicize+1"],"picked":"Iron Wave+1","floor":35},{"not_picked":["Body Slam","Uppercut"],"picked":"Clothesline","floor":37},{"not_picked":["Twin Strike","Pummel+1"],"picked":"Shrug It Off+1","floor":39},{"not_picked":["Twin Strike+1","Perfected Strike"],"picked":"Iron Wave+1","floor":41},{"not_picked":["Clothesline","True Grit+1","Rampage+1"],"picked":"SKIP","floor":44},{"not_picked":["Rampage","Anger","Sword Boomerang"],"picked":"SKIP","floor":46},{"not_picked":["Seeing Red+1","Clothesline"],"picked":"Flame Barrier+1","floor":48}],"player_experience":212993,"relics_obtained":[{"floor":6.0,"key":"PreservedInsect"},{"floor":9.0,"key":"HornCleat"},{"floor":10.0,"key":"Gremlin Horn"},{"floor":28.0,"key":"White Beast Statue"},{"floor":41,"key":"Toxic Egg 2"},{"floor":43,"key":"TungstenRod"}],"event_choices":[{"damage_healed":0.0,"max_hp_gain":0.0,"max_hp_loss":0.0,"gold_gain":75.0,"event_name":"World of Goop","player_choice":"Gather Gold","floor":3.0,"gold_loss":0.0,"damage_taken":11.0},{"damage_healed":0.0,"max_hp_gain":0.0,"max_hp_loss":0.0,"gold_gain":0.0,"cards_transformed":["Strike_R"],"event_name":"Transmorgrifier","player_choice":"Transformed","floor":4.0,"gold_loss":0.0,"damage_taken":0.0,"cards_obtained":["Power Through"]},{"cards_removed":["Strike_R"],"damage_healed":0.0,"max_hp_gain":0.0,"max_hp_loss":0.0,"gold_gain":0.0,"event_name":"Living Wall","player_choice":"Forget","floor":8.0,"gold_loss":0.0,"damage_taken":0.0},{"damage_healed":0.0,"max_hp_gain":0.0,"max_hp_loss":0.0,"gold_gain":0.0,"event_name":"Liars Game","player_choice":"Ignored","floor":14.0,"gold_loss":0.0,"damage_taken":0.0},{"damage_healed":0.0,"max_hp_gain":5.0,"max_hp_loss":0.0,"gold_gain":0.0,"event_name":"Forgotten Altar","player_choice":"Shed Blood","floor":19.0,"gold_loss":0.0,"damage_taken":20.0},{"damage_healed":0.0,"max_hp_gain":0.0,"max_hp_loss":0.0,"gold_gain":0.0,"event_name":"Masked Bandits","player_choice":"Paid Fearfully","floor":21.0,"gold_loss":27.0,"damage_taken":0.0},{"damage_healed":0.0,"max_hp_gain":0.0,"max_hp_loss":0.0,"gold_gain":0.0,"event_name":"Vampires","player_choice":"Ignored","floor":25.0,"gold_loss":0.0,"damage_taken":0.0},{"cards_removed":["Rampage"],"damage_healed":0,"gold_gain":0,"player_choice":"Offered Uncommon","damage_taken":0,"max_hp_gain":0,"max_hp_loss":0,"event_name":"Bonfire Elementals","floor":36,"gold_loss":0}],"is_beta":false,"boss_relics":[{"not_picked":["Velvet Choker","Cursed Key"],"picked":"Pandora\u0027s Box"},{"not_picked":["Astrolabe","Runic Pyramid"],"picked":"Mark of Pain"}],"items_purged_floors":[13],"is_endless":false,"potions_floor_spawned":[10,11,23,31,33,35,37,39,41,44,46,48],"killed_by":"Time Eater","ascension_level":0}}