{"host":"13o02hya6v6rzuva","time":1612359951,"event":{"mods":["BaseMod","Minty Spire (QoL Compilation)","Relic Stats"],"gold_per_floor":[114,130,140,152,167,167,198,198,198,198,273,298,298,54,54,157,157,171,171,190,207,221,221,237,237,237,252,252,252,270,281,281,383,383,393,393,22,22,41,41,59,59,59,59,59,59],"floor_reached":45,"language":"ENG","playtime":1488,"items_purged":["Pain"],"score":662,"play_id":"02a99e56-33e6-41e1-9178-a6239d180746","local_time":"20210203144551","is_ascension_mode":true,"campfire_choices":[{"data":"Static Discharge","floor":6,"key":"SMITH"},{"floor":10,"key":"REST"},{"floor":13,"key":"REST"},{"floor":15,"key":"REST"},{"floor":23,"key":"REST"},{"floor":25,"key":"REST"},{"floor":32,"key":"REST"},{"floor":40,"key":"RECALL"},{"floor":42,"key":"REST"},{"data":"Echo Form","floor":44,"key":"SMITH"}],"circlet_count":0,"master_deck":["AscendersBane","Strike_B+1","Strike_B+1","Defend_B+1","Defend_B+1","Defend_B+1","Defend_B+1","Zap","Dualcast","Blizzard","Doom and Gloom","Blizzard","Melter","Static Discharge+1","Chaos","Conserve Battery","Electrodynamics","Leap+1","Cold Snap","Reinforced Body+1","Ball Lightning+1","Defragment","Coolheaded+1","Cold Snap","Echo Form+1","Defragment+1","Writhe","Auto Shields+1","Conserve Battery+1"],"relics":["Cracked Core","NeowsBlessing","TungstenRod","CaptainsWheel","Shuriken","Toxic Egg 2","Empty Cage","WarpedTongs","Runic Pyramid","Bronze Scales","Chemical X","Orichalcum"],"acts_visited":["Exordium","TheCity","TheBeyond"],"potions_floor_usage":[5,21,27,27,41],"damage_taken":[{"damage":0,"enemies":"Small Slimes","floor":1,"turns":1},{"damage":0,"enemies":"2 Louse","floor":2,"turns":1},{"damage":0,"enemies":"Jaw Worm","floor":3,"turns":1},{"damage":11,"enemies":"Looter","floor":4,"turns":4},{"damage":5,"enemies":"Gremlin Gang","floor":5,"turns":2},{"damage":32,"enemies":"Gremlin Nob","floor":7,"turns":4},{"damage":24,"enemies":"Lagavulin","floor":12,"turns":5},{"damage":57,"enemies":"Slime Boss","floor":16,"turns":9},{"damage":0,"enemies":"Spheric Guardian","floor":18,"turns":1},{"damage":8,"enemies":"Shell Parasite","floor":20,"turns":4},{"damage":21,"enemies":"Cultist and Chosen","floor":21,"turns":5},{"damage":21,"enemies":"Snecko","floor":22,"turns":5},{"damage":1,"enemies":"Snake Plant","floor":24,"turns":6},{"damage":6,"enemies":"3 Cultists","floor":27,"turns":4},{"damage":6,"enemies":"Snecko","floor":30,"turns":5},{"damage":8,"enemies":"Snake Plant","floor":31,"turns":4},{"damage":55,"enemies":"Collector","floor":33,"turns":10},{"damage":0,"enemies":"3 Shapes","floor":35,"turns":4},{"damage":39,"enemies":"3 Darklings","floor":39,"turns":3},{"damage":21,"enemies":"Jaw Worm Horde","floor":41,"turns":2},{"damage":53,"enemies":"Writhing Mass","floor":45,"turns":2}],"seed_played":"6683758703858255821","potions_obtained":[{"floor":3,"key":"SneckoOil"},{"floor":4,"key":"Explosive Potion"},{"floor":5,"key":"PotionOfCapacity"},{"floor":16,"key":"Explosive Potion"},{"floor":21,"key":"DuplicationPotion"},{"floor":39,"key":"Block Potion"}],"is_trial":false,"path_per_floor":["M","M","M","M","M","R","E","?","T","R","?","E","R","$","R","B",null,"M","?","M","M","M","R","M","R","T","M","?","?","M","M","R","B",null,"M","?","$","?","M","R","M","R","T","R","M"],"character_chosen":"DEFECT","items_purchased":["Toxic Egg 2","Bronze Scales","Chemical X"],"campfire_rested":7,"item_purchase_floors":[14,37,37],"current_hp_per_floor":[68,68,68,57,52,52,20,25,25,49,39,15,39,39,63,6,62,62,62,54,33,12,36,35,59,59,53,53,53,47,39,63,8,62,62,80,80,80,41,41,20,44,44,44,0,0],"gold":59,"neow_bonus":"THREE_ENEMY_KILL","is_daily":false,"chose_seed":false,"campfire_upgraded":2,"win_rate":0.0,"timestamp":1612359951,"path_taken":["M","M","M","M","M","R","E","?","T","R","?","E","R","?","R","BOSS","M","?","M","?","M","R","M","R","T","M","?","?","M","M","R","BOSS","M","?","$","?","?","R","M","R","T","R","M"],"items_purchased_type":["Relic","Relic","Relic"],"build_version":"2020-12-22","purchased_purges":1,"victory":false,"max_hp_per_floor":[75,75,75,75,75,75,75,80,80,80,80,80,80,80,80,80,80,80,80,80,80,80,80,80,80,80,80,80,80,80,80,80,80,80,80,80,80,80,80,80,80,80,80,80,80,80],"relic_stats":{"counters":[21,82],"Shuriken":[5],"Bronze Scales":[24],"Chemical X":[1],"Orichalcum":[6],"obtain_stats":[{"CaptainsWheel":9,"NeowsBlessing":0,"Shuriken":12,"Bronze Scales":37,"Chemical X":37,"Toxic Egg 2":14,"Orichalcum":43,"Cracked Core":0,"Empty Cage":17,"TungstenRod":7,"WarpedTongs":19,"Runic Pyramid":34},{"CaptainsWheel":6,"NeowsBlessing":0,"Shuriken":7,"Bronze Scales":18,"Chemical X":18,"Toxic Egg 2":7,"Orichalcum":20,"Cracked Core":0,"Empty Cage":8,"TungstenRod":6,"WarpedTongs":9,"Runic Pyramid":17},{"CaptainsWheel":13,"NeowsBlessing":0,"Shuriken":18,"Bronze Scales":75,"Chemical X":75,"Toxic Egg 2":18,"Orichalcum":80,"Cracked Core":0,"Empty Cage":27,"TungstenRod":13,"WarpedTongs":28,"Runic Pyramid":71}],"TungstenRod":76,"WarpedTongs":[52]},"card_choices":[{"not_picked":["Hologram","Turbo"],"picked":"Blizzard","floor":1},{"not_picked":["Heatsinks","Aggregate"],"picked":"Doom and Gloom","floor":2},{"not_picked":["Steam","Recycle"],"picked":"Blizzard","floor":3},{"not_picked":["Compile Driver","Beam Cell"],"picked":"Melter","floor":4},{"not_picked":["Rebound","Stack"],"picked":"Static Discharge","floor":5},{"not_picked":["Barrage","Rebound"],"picked":"Chaos","floor":7},{"not_picked":["Coolheaded","BootSequence"],"picked":"Conserve Battery","floor":12},{"not_picked":["Meteor Strike","Core Surge"],"picked":"Electrodynamics","floor":16},{"not_picked":["Stack+1","Auto Shields+1"],"picked":"Leap+1","floor":18},{"not_picked":["Redo+1","Aggregate+1"],"picked":"Cold Snap","floor":20},{"not_picked":["Ball Lightning","Rebound"],"picked":"Reinforced Body+1","floor":21},{"not_picked":["Sweeping Beam","Doom and Gloom+1"],"picked":"Ball Lightning+1","floor":22},{"not_picked":["Gash","Reboot+1"],"picked":"Defragment","floor":24},{"not_picked":["Chaos+1","Recycle+1","Undo+1"],"picked":"SKIP","floor":27},{"not_picked":["Streamline","Stack+1"],"picked":"Coolheaded+1","floor":30},{"not_picked":["Rebound+1","Compile Driver"],"picked":"Cold Snap","floor":31},{"not_picked":["Multi-Cast+1","Reboot+1"],"picked":"Echo Form","floor":33},{"not_picked":["Hologram+1","Redo+1"],"picked":"Defragment","floor":35},{"not_picked":["Gash","Leap+1"],"picked":"Auto Shields+1","floor":39},{"not_picked":["Coolheaded+1","Scrape"],"picked":"Conserve Battery+1","floor":41}],"player_experience":1180589,"relics_obtained":[{"floor":7,"key":"TungstenRod"},{"floor":9,"key":"CaptainsWheel"},{"floor":12,"key":"Shuriken"},{"floor":43,"key":"Orichalcum"}],"event_choices":[{"damage_healed":0,"gold_gain":0,"player_choice":"Donut","damage_taken":0,"max_hp_gain":5,"max_hp_loss":0,"event_name":"Big Fish","floor":8,"gold_loss":0},{"damage_healed":0,"gold_gain":75,"player_choice":"Gather Gold","damage_taken":11,"max_hp_gain":0,"max_hp_loss":0,"event_name":"World of Goop","floor":11,"gold_loss":0},{"damage_healed":0,"gold_gain":0,"player_choice":"Rummage","damage_taken":0,"relics_obtained":["WarpedTongs"],"max_hp_gain":0,"max_hp_loss":0,"event_name":"Accursed Blacksmith","floor":19,"gold_loss":0,"cards_obtained":["Pain"]},{"damage_healed":0,"gold_gain":0,"player_choice":"Ignored","damage_taken":0,"max_hp_gain":0,"max_hp_loss":0,"event_name":"Vampires","floor":28,"gold_loss":0},{"damage_healed":0,"gold_gain":0,"player_choice":"Simplicity","damage_taken":0,"max_hp_gain":0,"max_hp_loss":0,"event_name":"Back to Basics","floor":29,"gold_loss":0,"cards_upgraded":["Strike_B","Strike_B","Defend_B","Defend_B","Defend_B","Defend_B"]},{"damage_healed":20,"gold_gain":0,"player_choice":"Writhe","damage_taken":0,"max_hp_gain":0,"max_hp_loss":0,"event_name":"Winding Halls","floor":36,"gold_loss":0,"cards_obtained":["Writhe"]},{"damage_healed":0,"gold_gain":0,"player_choice":"Upgraded","damage_taken":0,"max_hp_gain":0,"max_hp_loss":0,"event_name":"Upgrade Shrine","floor":38,"gold_loss":0,"cards_upgraded":["Defragment"]}],"is_beta":false,"boss_relics":[{"not_picked":["Nuclear Battery","Ectoplasm"],"picked":"Empty Cage"},{"not_picked":["Velvet Choker","Cursed Key"],"picked":"Runic Pyramid"}],"items_purged_floors":[37],"is_endless":false,"potions_floor_spawned":[3,4,5,16,18,20,21,24,39],"killed_by":"Writhing Mass","ascension_level":11}}