{"host":"lq2h7q9ca6uwu60x","time":1612346254,"event":{"mods":["Act Like it!","BaseMod","Gensokyo","Koishi","Marisa£®ÏF”Í°°ƒß¿Ì…≥£©","Minty Spire (QoL Compilation)","StSLib"],"gold_per_floor":[114,114,114,126,126,159,172,172,172,102,121,121,153,153,153,255,255,266,266,266,266,279,279,3,3,3],"floor_reached":25,"language":"ZHS","playtime":781,"items_purged":[],"score":331,"play_id":"f37e3162-b2a3-46c0-93e2-757b7c31232e","local_time":"20210203175734","is_ascension_mode":true,"campfire_choices":[{"data":"Koishi:CatchAndRose","floor":8,"key":"SMITH"},{"data":"Koishi:PerfectMindControl","floor":15,"key":"SMITH"},{"floor":23,"key":"RECALL"}],"circlet_count":0,"master_deck":["Koishi:BasicStrike","Koishi:BasicStrike+1","Koishi:BasicDefend","Koishi:BasicDefend","Koishi:BasicDefend+1","Koishi:BasicDefend+1","Koishi:Provoke+1","Koishi:HauntingSlash","Koishi:CatchAndRose+1","Koishi:GeneticsOfTheUnconscious","Koishi:PerfectMindControl+1","Koishi:FadingMemory","Koishi:Whimsy+1","Shame","Koishi:Whimsy","Koishi:GeneticsOfTheUnconscious+1"],"relics":["Koishi:ImaginaryFriend","NeowsBlessing","MealTicket","Mercury Hourglass","Kunai","Gremlin Horn","Mango","Regal Pillow","Coffee Dripper","Gensokyo:DayTheSeaSplit","Medical Kit","TheAbacus"],"acts_visited":["Exordium","Gensokyo:Gensokyo"],"potions_floor_usage":[17,22,22],"damage_taken":[{"damage":0.0,"enemies":"Gensokyo:Python","floor":1.0,"turns":1.0},{"damage":0.0,"enemies":"Gensokyo:2_Kodama","floor":4.0,"turns":1.0},{"damage":0,"enemies":"Gensokyo:Aya","floor":6,"turns":1},{"damage":9,"enemies":"Gensokyo:Gryphon","floor":7,"turns":4},{"damage":8,"enemies":"Gensokyo:2_Rabbits","floor":11,"turns":4},{"damage":5,"enemies":"Gensokyo:Mamizou","floor":13,"turns":7},{"damage":6,"enemies":"Gensokyo:Kokoro","floor":16,"turns":12},{"damage":0,"enemies":"Gensokyo:AngelMirror","floor":18,"turns":6},{"damage":0,"enemies":"Gensokyo:2_Gloops","floor":22,"turns":5},{"damage":0,"enemies":"Gensokyo:Reisen","floor":25,"turns":3}],"seed_played":"1618271946934029879","potions_obtained":[{"floor":4.0,"key":"FearPotion"},{"floor":13,"key":"Swift Potion"},{"floor":16,"key":"Fruit Juice"}],"is_trial":false,"path_per_floor":["M","?","?","M","?","E","M","R","T","?","M","?","E","?","R","B",null,"M","?","?","?","M","R","COS","E"],"character_chosen":"KOISHI","items_purchased":[],"campfire_rested":0,"item_purchase_floors":[],"current_hp_per_floor":[54,54,42,42,60,60,52,52,52,52,46,39,35,7,7,18,65,67,67,67,67,72,72,72,72,72],"gold":3,"neow_bonus":"THREE_ENEMY_KILL","is_daily":false,"chose_seed":false,"campfire_upgraded":2,"win_rate":0.0,"timestamp":1612346254,"path_taken":["M","?","?","M","?","E","?","R","T","?","M","?","E","?","R","BOSS","M","?","?","?","?","R","COS","E"],"items_purchased_type":[],"build_version":"2020-12-22","purchased_purges":0,"victory":false,"max_hp_per_floor":[60,60,60,60,60,60,60,60,60,60,60,74,74,74,74,74,79,79,79,79,79,79,79,79,79,79],"card_choices":[{"not_picked":["Koishi:SubterraneanRose","Koishi:Vanish"],"picked":"Koishi:CatchAndRose","floor":1.0},{"not_picked":["Koishi:BramblyRoseGarden","Koishi:Vanish","Koishi:SubconsciousSweep"],"picked":"SKIP","floor":4.0},{"not_picked":["Koishi:SprinkleStarAndHeart","Koishi:StingingMind"],"picked":"Koishi:GeneticsOfTheUnconscious","floor":6},{"not_picked":["Koishi:RacingHeart","Koishi:BramblyRoseGarden","Koishi:Jaunt"],"picked":"SKIP","floor":7},{"not_picked":["Koishi:UnconsciousUprising","Koishi:PhantomStrike","Koishi:BramblyRoseGarden"],"picked":"SKIP","floor":11},{"not_picked":["Koishi:HeartfeltFancy","Koishi:Prune"],"picked":"Koishi:PerfectMindControl","floor":13},{"not_picked":["Koishi:RoseHell","Koishi:FormlessExistence"],"picked":"Koishi:FadingMemory","floor":16},{"not_picked":["Koishi:BloodcurdlingScream","Koishi:EmbersOfLove"],"picked":"Koishi:Whimsy","floor":18},{"not_picked":["Koishi:YoukaiPolygraph","Koishi:EmbryosDream+1"],"picked":"Koishi:GeneticsOfTheUnconscious+1","floor":22}],"player_experience":839482,"relics_obtained":[{"floor":6,"key":"Kunai"},{"floor":9,"key":"Gremlin Horn"},{"floor":13,"key":"Regal Pillow"}],"event_choices":[],"is_beta":false,"boss_relics":[{"not_picked":["Pandora\u0027s Box","Velvet Choker"],"picked":"Coffee Dripper"}],"items_purged_floors":[],"is_endless":false,"potions_floor_spawned":[4,13,16],"killed_by":"Gensokyo:Reisen","ascension_level":7}}