{"host":"rolltorest","time":1612338722,"event":{"mods":["BaseMod","Minty Spire (QoL Compilation)","Relic Stats","Slay the Relics Exporter","StSLib"],"gold_per_floor":[111,128,196,212,229,255,274,303,303,303,303,330,389,424,424,497,497,511,523,523,557,577,577,608,620,620,258,289,289,320,332,332,410,410,428,441,453,433,433,433],"floor_reached":39,"language":"ENG","playtime":1894,"items_purged":["Strike_P"],"score":1022,"play_id":"1cd41481-ab9f-4765-ab6c-fff044d530c0","local_time":"20210202235202","is_ascension_mode":true,"campfire_choices":[{"data":"SpiritShield","floor":15,"key":"SMITH"},{"data":"SandsOfTime","floor":23,"key":"SMITH"},{"data":"WaveOfTheHand","floor":29,"key":"SMITH"},{"data":"Omniscience","floor":32,"key":"SMITH"}],"circlet_count":0,"master_deck":["AscendersBane","Strike_P","Strike_P","Strike_P+1","Defend_P","Defend_P","Defend_P","Defend_P","Eruption+1","Vigilance","CurseOfTheBell","Conclude","Protect","CutThroughFate","FollowUp","BowlingBash","SpiritShield+1","FearNoEvil","Vengeance+1","EmptyFist","Omniscience+1","ThirdEye","SandsOfTime+1","MentalFortress","FlurryOfBlows+1","Halt+1","Weave","MentalFortress+1","TalkToTheHand","LessonLearned+1","WaveOfTheHand+1","Scrawl","Indignation"],"relics":["Calling Bell","Omamori","Pantograph","CaptainsWheel","Du-Vu Doll","Shuriken","Gremlin Horn","Blue Candle","Pen Nib","Eternal Feather","Damaru","Sozu","Red Mask","Blood Vial","Letter Opener","Strawberry","Boot","Runic Pyramid"],"acts_visited":["Exordium","TheCity","TheBeyond"],"potions_floor_usage":[6,8,37],"damage_taken":[{"damage":0,"enemies":"Jaw Worm","floor":1,"turns":4},{"damage":0,"enemies":"2 Louse","floor":2,"turns":1},{"damage":3,"enemies":"Small Slimes","floor":4,"turns":4},{"damage":6,"enemies":"Looter","floor":5,"turns":4},{"damage":14,"enemies":"3 Sentries","floor":6,"turns":5},{"damage":9,"enemies":"2 Fungi Beasts","floor":7,"turns":2},{"damage":1,"enemies":"Gremlin Nob","floor":8,"turns":3},{"damage":7,"enemies":"3 Sentries","floor":13,"turns":5},{"damage":0,"enemies":"Lagavulin","floor":14,"turns":4},{"damage":27,"enemies":"Hexaghost","floor":16,"turns":8},{"damage":0,"enemies":"3 Byrds","floor":18,"turns":2},{"damage":0,"enemies":"Chosen","floor":19,"turns":2},{"damage":0,"enemies":"Masked Bandits","floor":21,"turns":2},{"damage":10,"enemies":"Centurion and Healer","floor":22,"turns":5},{"damage":8,"enemies":"Book of Stabbing","floor":24,"turns":3},{"damage":0,"enemies":"Snecko","floor":25,"turns":2},{"damage":27,"enemies":"Slavers","floor":28,"turns":4},{"damage":25,"enemies":"Gremlin Leader","floor":30,"turns":4},{"damage":0,"enemies":"3 Cultists","floor":31,"turns":3},{"damage":62,"enemies":"Automaton","floor":33,"turns":10},{"damage":16,"enemies":"3 Darklings","floor":35,"turns":4},{"damage":0,"enemies":"3 Shapes","floor":36,"turns":4},{"damage":5,"enemies":"Transient","floor":37,"turns":6},{"damage":16,"enemies":"Maw","floor":39,"turns":5}],"seed_played":"5632223163152156934","potions_obtained":[{"floor":1,"key":"Explosive Potion"},{"floor":7,"key":"LiquidMemories"},{"floor":8,"key":"SpeedPotion"},{"floor":13,"key":"Explosive Potion"}],"is_trial":false,"path_per_floor":["M","M","?","M","M","E","M","E","T","?","?","T","?","E","R","B",null,"M","M","?","?","M","R","E","M","T","$","E","R","E","M","R","B",null,"M","M","M","?","M"],"character_chosen":"WATCHER","items_purchased":["TalkToTheHand","LessonLearned","WaveOfTheHand"],"campfire_rested":0,"item_purchase_floors":[27,27,27],"current_hp_per_floor":[61,61,61,58,52,38,29,28,28,50,24,24,17,17,29,27,58,58,58,58,58,48,63,55,57,57,57,39,57,34,36,54,13,60,46,48,45,45,31,31],"gold":433,"neow_bonus":"BOSS_RELIC","is_daily":false,"chose_seed":false,"campfire_upgraded":4,"win_rate":0.0,"timestamp":1612338722,"path_taken":["M","M","?","M","M","E","M","E","T","?","?","?","?","E","R","BOSS","M","M","?","?","M","R","E","M","T","$","E","R","E","M","R","BOSS","M","M","M","?","?"],"items_purchased_type":["Card","Card","Card"],"build_version":"2020-12-18","purchased_purges":1,"victory":false,"max_hp_per_floor":[68,68,68,68,68,68,68,68,68,68,68,68,68,68,68,68,68,68,68,68,68,68,68,68,68,68,68,75,75,75,75,75,75,75,75,75,75,75,75,75],"relic_stats":{"Sozu":5,"Blood Vial":18,"Gremlin Horn":[17,17],"counters":[24,96],"Shuriken":[35],"Pantograph":44,"Blue Candle":[0],"Eternal Feather":63,"Pen Nib":[17],"Letter Opener":[71],"Boot":[2],"obtain_stats":[{"Gremlin Horn":9,"Blue Candle":11,"Damaru":14,"Eternal Feather":13,"Pen Nib":12,"Omamori":0,"Letter Opener":26,"Boot":30,"Calling Bell":0,"Du-Vu Doll":6,"Sozu":17,"Blood Vial":24,"CaptainsWheel":0,"Shuriken":8,"Pantograph":0,"Strawberry":28,"Red Mask":21,"PureWater":0,"Runic Pyramid":34},{"Gremlin Horn":7,"Blue Candle":7,"Damaru":9,"Eternal Feather":8,"Pen Nib":7,"Omamori":0,"Letter Opener":16,"Boot":18,"Calling Bell":0,"Du-Vu Doll":5,"Sozu":10,"Blood Vial":15,"CaptainsWheel":0,"Shuriken":7,"Pantograph":0,"Strawberry":17,"Red Mask":13,"PureWater":0,"Runic Pyramid":20},{"Gremlin Horn":23,"Blue Candle":23,"Damaru":32,"Eternal Feather":28,"Pen Nib":23,"Omamori":0,"Letter Opener":56,"Boot":64,"Calling Bell":0,"Du-Vu Doll":18,"Sozu":40,"Blood Vial":54,"CaptainsWheel":0,"Shuriken":23,"Pantograph":0,"Strawberry":60,"Red Mask":46,"PureWater":0,"Runic Pyramid":77}]},"card_choices":[{"not_picked":["Collect","EmptyMind"],"picked":"Conclude","floor":1},{"not_picked":["EmptyBody","Study"],"picked":"Protect","floor":2},{"not_picked":["Ragnarok","FollowUp"],"picked":"CutThroughFate","floor":4},{"not_picked":["JustLucky","DeceiveReality"],"picked":"FollowUp","floor":5},{"not_picked":["PathToVictory","EmptyBody"],"picked":"BowlingBash","floor":6},{"not_picked":["ForeignInfluence","Wallop"],"picked":"SpiritShield","floor":7},{"not_picked":["FlyingSleeves","ClearTheMind"],"picked":"FearNoEvil","floor":8},{"not_picked":["FearNoEvil","ForeignInfluence"],"picked":"Vengeance","floor":13},{"not_picked":["EmptyMind","BowlingBash"],"picked":"EmptyFist","floor":14},{"not_picked":["DevaForm","Brilliance"],"picked":"Omniscience","floor":16},{"not_picked":["Consecrate","Collect"],"picked":"ThirdEye","floor":18},{"not_picked":["FollowUp","ClearTheMind"],"picked":"SandsOfTime","floor":19},{"not_picked":["SashWhip","CutThroughFate"],"picked":"FlurryOfBlows+1","floor":21},{"not_picked":["CutThroughFate","Consecrate"],"picked":"Halt+1","floor":22},{"not_picked":["LikeWater","Evaluate"],"picked":"Weave","floor":24},{"not_picked":["Swivel","Halt"],"picked":"MentalFortress+1","floor":25},{"not_picked":["EmptyBody","Crescendo","SashWhip"],"picked":"SKIP","floor":28},{"not_picked":["Fasting2","WreathOfFlame"],"picked":"Scrawl","floor":30},{"not_picked":["Halt","DeceiveReality","Prostrate"],"picked":"SKIP","floor":31},{"not_picked":["Perseverance","PathToVictory+1","Halt"],"picked":"SKIP","floor":35},{"not_picked":["WindmillStrike","Weave","FollowUp"],"picked":"SKIP","floor":36},{"not_picked":["Sanctity","CarveReality+1"],"picked":"Indignation","floor":37}],"player_experience":1821684,"relics_obtained":[{"floor":0,"key":"Omamori"},{"floor":0,"key":"Pantograph"},{"floor":0,"key":"CaptainsWheel"},{"floor":6,"key":"Du-Vu Doll"},{"floor":8,"key":"Shuriken"},{"floor":9,"key":"Gremlin Horn"},{"floor":12,"key":"Pen Nib"},{"floor":13,"key":"Eternal Feather"},{"floor":14,"key":"Damaru"},{"floor":21,"key":"Red Mask"},{"floor":24,"key":"Blood Vial"},{"floor":26,"key":"Letter Opener"},{"floor":28,"key":"Strawberry"},{"floor":30,"key":"Boot"}],"event_choices":[{"damage_healed":0,"gold_gain":68,"player_choice":"Gained Gold","damage_taken":0,"max_hp_gain":0,"max_hp_loss":0,"event_name":"Golden Wing","floor":3,"gold_loss":0},{"damage_healed":22,"gold_gain":0,"player_choice":"Banana","damage_taken":0,"max_hp_gain":0,"max_hp_loss":0,"event_name":"Big Fish","floor":10,"gold_loss":0},{"damage_healed":0,"gold_gain":0,"player_choice":"Success","damage_taken":26,"relics_obtained":["Blue Candle"],"max_hp_gain":0,"max_hp_loss":0,"event_name":"Scrap Ooze","floor":11,"gold_loss":0},{"damage_healed":0,"gold_gain":30,"player_choice":"Searched \u00273\u0027 times","damage_taken":0,"max_hp_gain":0,"max_hp_loss":0,"event_name":"Dead Adventurer","floor":13,"gold_loss":0},{"damage_healed":0,"gold_gain":0,"player_choice":"Read","damage_taken":0,"max_hp_gain":0,"max_hp_loss":0,"event_name":"The Library","floor":20,"gold_loss":0,"cards_obtained":["MentalFortress"]},{"damage_healed":0,"gold_gain":0,"player_choice":"Fought Bandits","damage_taken":0,"max_hp_gain":0,"max_hp_loss":0,"event_name":"Masked Bandits","floor":21,"gold_loss":0},{"damage_healed":0,"gold_gain":0,"player_choice":"Bought 1 Potion","damage_taken":0,"max_hp_gain":0,"max_hp_loss":0,"event_name":"The Woman in Blue","floor":38,"gold_loss":0}],"is_beta":true,"boss_relics":[{"not_picked":["Tiny House","Runic Dome"],"picked":"Sozu"},{"not_picked":["Black Star","Busted Crown"],"picked":"Runic Pyramid"}],"items_purged_floors":[27],"is_endless":false,"potions_floor_spawned":[1,7,8,13,18,21,25,28,35,36,37],"killed_by":"Maw","ascension_level":20}}