{"host":"poixavpewvabi3b6","time":1612347042,"event":{"mods":["BaseMod","DeckTracker","GungeonMod","Minty Spire (QoL Compilation)","StSLib"],"gold_per_floor":[152,162,162,47,58,58,77,88,88,99,124,124,124,89,89,189,189,209,209,209,221,221,221],"floor_reached":22,"language":"KOR","playtime":817,"items_purged":[],"score":263,"play_id":"c184b0e8-d985-4f65-ab6f-a462547f7502","local_time":"20210203191042","is_ascension_mode":false,"campfire_choices":[{"floor":12,"key":"REST"},{"data":"DemoMod:StickyCrossBow","floor":15,"key":"SMITH"}],"circlet_count":0,"master_deck":["DemoMod:Strike_Huntress","DemoMod:Strike_Huntress","DemoMod:Defend_Huntress","DemoMod:Defend_Huntress","DemoMod:Defend_Huntress","DemoMod:Defend_Huntress","DemoMod:Roll","DemoMod:ManualReload","DemoMod:RustySidearm+1","DemoMod:CrossBow","DemoMod:StickyCrossBow","DemoMod:StickyCrossBow+1","DemoMod:Ejector","DemoMod:DirectionalPad","DemoMod:StickyCrossBow+1","DemoMod:DoubleSwitch","DemoMod:ThirdPartyController","DemoMod:FightSabre","DemoMod:DoubleSwitch","DemoMod:GunstockTap"],"relics":["DemoMod:Dog","DemoMod:GnawedKey","InkBottle","Regal Pillow","DemoMod:Test1"],"acts_visited":["Exordium","TheCity"],"potions_floor_usage":[],"damage_taken":[{"damage":3,"enemies":"2 Louse","floor":1,"turns":3},{"damage":2,"enemies":"Cultist","floor":2,"turns":5},{"damage":0,"enemies":"Jaw Worm","floor":5,"turns":4},{"damage":15,"enemies":"3 Louse","floor":7,"turns":2},{"damage":12,"enemies":"2 Fungi Beasts","floor":8,"turns":3},{"damage":20,"enemies":"Gremlin Gang","floor":10,"turns":3},{"damage":11,"enemies":"Lagavulin","floor":11,"turns":3},{"damage":0,"enemies":"Slime Boss","floor":16,"turns":3},{"damage":3,"enemies":"Chosen","floor":18,"turns":3},{"damage":19,"enemies":"Spheric Guardian","floor":19,"turns":4},{"damage":33,"enemies":"Snake Plant","floor":21,"turns":3},{"damage":15,"enemies":"Centurion and Healer","floor":22,"turns":2}],"seed_played":"-1206622404846549147","potions_obtained":[{"floor":5,"key":"Regen Potion"},{"floor":7,"key":"CultistPotion"},{"floor":10,"key":"GamblersBrew"}],"is_trial":false,"path_per_floor":["M","M","?","$","M","$","M","M","T","M","E","R","?","?","R","B",null,"M","M","?","M","M"],"character_chosen":"HUNTRESS","items_purchased":["DemoMod:GnawedKey"],"campfire_rested":1,"item_purchase_floors":[4],"current_hp_per_floor":[67,65,65,65,65,65,50,38,38,18,7,43,43,60,60,60,70,67,48,48,15,0,0],"gold":221,"neow_bonus":"UPGRADE_CARD","is_daily":false,"chose_seed":false,"campfire_upgraded":1,"win_rate":0.0,"timestamp":1612347042,"path_taken":["M","M","?","$","?","$","M","?","T","M","E","R","?","?","R","BOSS","M","M","?","?","M"],"items_purchased_type":["Relic"],"build_version":"2020-12-22","purchased_purges":0,"victory":false,"max_hp_per_floor":[70,70,70,70,70,70,70,70,70,70,70,70,70,70,70,70,70,70,70,70,70,70,70],"card_choices":[{"not_picked":["DemoMod:LifeOrb","DemoMod:ConditionalReflex"],"picked":"DemoMod:StickyCrossBow","floor":1},{"not_picked":["DemoMod:FortunesFavor","DemoMod:FastSwitch"],"picked":"DemoMod:StickyCrossBow","floor":2},{"not_picked":["DemoMod:BoxingGlove","DemoMod:GunslingerForm"],"picked":"DemoMod:Ejector","floor":5},{"not_picked":["DemoMod:MegaHand","DemoMod:ConditionalReflex"],"picked":"DemoMod:DirectionalPad","floor":7},{"not_picked":["DemoMod:FullFirepower","DemoMod:PotionOfGunFriendShip"],"picked":"DemoMod:StickyCrossBow","floor":8},{"not_picked":["DemoMod:PracticeMakesPerfect","DemoMod:SAA"],"picked":"DemoMod:DoubleSwitch","floor":10},{"not_picked":["DemoMod:MachoBrace","DemoMod:FeignSurrender"],"picked":"DemoMod:ThirdPartyController","floor":11},{"not_picked":["DemoMod:DoubleVision","DemoMod:BlackHoleGun"],"picked":"DemoMod:FightSabre","floor":16},{"not_picked":["DemoMod:Purify","DemoMod:Unmoved","DemoMod:Rummage"],"picked":"SKIP","floor":18},{"not_picked":["DemoMod:DirectionalPad","DemoMod:JK47"],"picked":"DemoMod:DoubleSwitch","floor":19},{"not_picked":["DemoMod:Purify","DemoMod:TeaPot","DemoMod:MachoBrace"],"picked":"SKIP","floor":19},{"not_picked":["DemoMod:TripleGun","DemoMod:BoxingGlove"],"picked":"DemoMod:GunstockTap","floor":21}],"player_experience":150257,"relics_obtained":[{"floor":9,"key":"InkBottle"},{"floor":11,"key":"Regal Pillow"}],"event_choices":[{"damage_healed":0,"gold_gain":0,"player_choice":"Upgraded","damage_taken":0,"max_hp_gain":0,"max_hp_loss":0,"event_name":"Upgrade Shrine","floor":3,"gold_loss":0,"cards_upgraded":["DemoMod:StickyCrossBow"]},{"damage_healed":0,"gold_gain":0,"player_choice":"Ignored","damage_taken":0,"max_hp_gain":0,"max_hp_loss":0,"event_name":"Shining Light","floor":13,"gold_loss":0},{"damage_healed":17,"gold_gain":0,"player_choice":"Healed","damage_taken":0,"max_hp_gain":0,"max_hp_loss":0,"event_name":"The Cleric","floor":14,"gold_loss":35},{"cards_removed":["DemoMod:Strike_Huntress"],"damage_healed":0,"gold_gain":0,"player_choice":"Offered Basic","damage_taken":0,"max_hp_gain":0,"max_hp_loss":0,"event_name":"Bonfire Elementals","floor":20,"gold_loss":0}],"is_beta":false,"boss_relics":[{"not_picked":["Runic Pyramid","Pandora\u0027s Box"],"picked":"DemoMod:Test1"}],"items_purged_floors":[],"is_endless":false,"potions_floor_spawned":[5,7,10,16,18,19],"killed_by":"Centurion and Healer","ascension_level":0}}