{"host":"sav7uxregyirlf69","time":1612315179,"event":{"mods":["AchievementEnabler","BaseMod","Colored Map","DeckTracker","Keyboard Shortcuts","Minty Spire (QoL Compilation)","READ ME - Guardian Mod","StSLib","SuperFastMode"],"gold_per_floor":[361,436,461,461,479,479,46,46,46,66,66,40,40,54,54,126,126,145,360,360,231,156,156,181,181,181,191,191,205,216,235,235,306,306,322,322,322,340,354,354,381,381,408,408,408,418,446,466,466,466,466],"floor_reached":50,"language":"KOR","playtime":883,"items_purged":["Normality","Strike_G"],"score":1141,"play_id":"10aec6db-0229-4b47-a38c-250d2340dc0c","local_time":"20210203101939","is_ascension_mode":true,"campfire_choices":[{"data":"Neutralize","floor":6.0,"key":"SMITH"},{"data":"Noxious Fumes","floor":8.0,"key":"SMITH"},{"floor":11.0,"key":"REST"},{"data":"Underhanded Strike","floor":13.0,"key":"SMITH"},{"floor":15.0,"key":"RECALL"},{"data":"Dagger Throw","floor":23.0,"key":"SMITH"},{"floor":25.0,"key":"REST"},{"data":"Survivor","floor":28.0,"key":"SMITH"},{"floor":32.0,"key":"REST"},{"floor":40.0,"key":"REST"},{"floor":42.0,"key":"REST"},{"data":"Defend_G","floor":44.0,"key":"SMITH"},{"floor":49.0,"key":"REST"}],"circlet_count":0,"master_deck":["AscendersBane","Strike_G","Strike_G","Defend_G","Defend_G","Defend_G","Defend_G","Defend_G+1","Survivor+1","Neutralize+1","Underhanded Strike+1","Dagger Throw+1","Noxious Fumes+1","Escape Plan+1","Calculated Gamble+1","Blade Dance+1","Terror+1","Corpse Explosion+1","Catalyst+1","Acrobatics+1","Doppelganger+1","Catalyst+1","Backflip+1","Discovery+1","Madness+1","Madness+1","Dodge and Roll+1","Leg Sweep+1","Deadly Poison+1","Reflex+1"],"relics":["Ring of the Snake","Dream Catcher","Thread and Needle","Toxic Egg 2","TungstenRod","Philosopher\u0027s Stone","Old Coin","Frozen Egg 2","HoveringKite","Toy Ornithopter","Vajra","Bottled Lightning"],"acts_visited":["Exordium","TheCity","TheBeyond"],"potions_floor_usage":[50],"damage_taken":[{"damage":4.0,"enemies":"Small Slimes","floor":1.0,"turns":4.0},{"damage":5.0,"enemies":"Jaw Worm","floor":5.0,"turns":5.0},{"damage":0.0,"enemies":"2 Louse","floor":10.0,"turns":2.0},{"damage":0.0,"enemies":"Blue Slaver","floor":14.0,"turns":4.0},{"damage":20.0,"enemies":"Hexaghost","floor":16.0,"turns":8.0},{"damage":8.0,"enemies":"Chosen","floor":18.0,"turns":3.0},{"damage":7.0,"enemies":"Book of Stabbing","floor":24.0,"turns":4.0},{"damage":3.0,"enemies":"2 Thieves","floor":27.0,"turns":2.0},{"damage":0.0,"enemies":"Centurion and Healer","floor":29.0,"turns":3.0},{"damage":13.0,"enemies":"Snake Plant","floor":30.0,"turns":4.0},{"damage":14.0,"enemies":"Snecko","floor":31.0,"turns":4.0},{"damage":7.0,"enemies":"Champ","floor":33.0,"turns":7.0},{"damage":0.0,"enemies":"3 Shapes","floor":35.0,"turns":4.0},{"damage":0.0,"enemies":"Orb Walker","floor":38.0,"turns":3.0},{"damage":11.0,"enemies":"Sphere and 2 Shapes","floor":39.0,"turns":4.0},{"damage":15.0,"enemies":"Giant Head","floor":41.0,"turns":5.0},{"damage":0.0,"enemies":"4 Shapes","floor":46.0,"turns":5.0},{"damage":0.0,"enemies":"Nemesis","floor":47.0,"turns":5.0},{"damage":13.0,"enemies":"Jaw Worm Horde","floor":48.0,"turns":3.0},{"damage":74,"enemies":"Time Eater","floor":50,"turns":7}],"seed_played":"5448422218304809863","potions_obtained":[{"floor":5.0,"key":"BlessingOfTheForge"},{"floor":14.0,"key":"Block Potion"},{"floor":27.0,"key":"SneckoOil"},{"floor":29.0,"key":"PowerPotion"},{"floor":30.0,"key":"Regen Potion"},{"floor":35.0,"key":"Explosive Potion"},{"floor":47.0,"key":"Block Potion"}],"is_trial":false,"path_per_floor":["M","?","T","?","M","R","$","R","T","M","R","$","R","M","R","B",null,"M","?","?","$","?","R","E","R","T","M","R","M","M","M","R","B",null,"M","?","?","M","M","R","E","R","T","R","?","M","E","M","R","B"],"character_chosen":"THE_SILENT","items_purchased":["Toxic Egg 2","Noxious Fumes","Blade Dance+1","Acrobatics+1"],"campfire_rested":6,"item_purchase_floors":[7,7,12,21],"current_hp_per_floor":[55,44,44,39,34,34,34,34,34,34,53,53,53,53,53,33,58,50,50,50,50,50,50,43,62,62,59,59,59,46,32,51,44,61,61,52,52,52,53,66,51,66,66,66,66,66,66,53,66,0,0],"gold":466,"neow_bonus":"TWO_FIFTY_GOLD","is_daily":false,"chose_seed":false,"campfire_upgraded":6,"win_rate":0.0,"timestamp":1612315179,"path_taken":["M","?","?","?","M","R","$","R","T","M","R","?","R","M","R","BOSS","M","?","?","$","?","R","E","R","T","M","R","M","M","M","R","BOSS","M","?","?","M","?","R","E","R","T","R","?","M","E","M","R","BOSS"],"items_purchased_type":["Relic","Card","Card","Card"],"build_version":"2020-12-22","purchased_purges":2,"victory":false,"max_hp_per_floor":[66,66,66,66,66,66,66,66,66,66,66,66,66,66,66,66,66,66,66,66,66,66,66,66,66,66,66,66,66,66,66,66,66,66,66,66,66,66,66,66,66,66,66,66,66,66,66,66,66,66,66],"card_choices":[{"not_picked":["Riddle With Holes","Bane"],"picked":"Underhanded Strike","floor":1.0},{"not_picked":["Prepared","Backstab"],"picked":"Dagger Throw","floor":5.0},{"not_picked":["Slice","Finisher"],"picked":"Escape Plan+1","floor":10.0},{"not_picked":["Outmaneuver+1","Dagger Spray"],"picked":"Calculated Gamble+1","floor":11.0},{"not_picked":["Bane","Caltrops"],"picked":"Terror+1","floor":14.0},{"not_picked":["Bullet Time+1","Tools of the Trade"],"picked":"Corpse Explosion+1","floor":16.0},{"not_picked":["Dash","Poisoned Stab"],"picked":"Catalyst+1","floor":18.0},{"not_picked":["Deflect+1","Quick Slash","Sucker Punch+1"],"picked":"SKIP","floor":24.0},{"not_picked":["Dodge and Roll+1","Quick Slash+1","Poisoned Stab"],"picked":"SKIP","floor":27.0},{"not_picked":["Flying Knee","Outmaneuver+1"],"picked":"Doppelganger+1","floor":29.0},{"not_picked":["Skewer","Deflect+1","Eviscerate"],"picked":"SKIP","floor":30.0},{"not_picked":["Infinite Blades+1","Endless Agony","Outmaneuver+1"],"picked":"SKIP","floor":31.0},{"not_picked":["Dagger Spray","Masterful Stab+1"],"picked":"Catalyst+1","floor":32.0},{"not_picked":["Flying Knee","PiercingWail+1"],"picked":"Backflip+1","floor":35.0},{"not_picked":["Forethought+1","Thinking Ahead+1"],"picked":"Discovery+1","floor":36.0},{"not_picked":["Transmutation+1","Dramatic Entrance"],"picked":"Madness+1","floor":36.0},{"not_picked":["Mind Blast","Dark Shackles+1"],"picked":"Madness+1","floor":36.0},{"not_picked":["Blade Dance+1","Predator"],"picked":"Dodge and Roll+1","floor":38.0},{"not_picked":["Eviscerate","Dagger Throw","Cloak And Dagger+1"],"picked":"SKIP","floor":39.0},{"not_picked":["Dagger Throw","Cloak And Dagger+1","Calculated Gamble+1"],"picked":"SKIP","floor":41.0},{"not_picked":["Underhanded Strike","Quick Slash+1"],"picked":"Leg Sweep+1","floor":42.0},{"not_picked":["Accuracy+1","Outmaneuver+1","Deflect+1"],"picked":"SKIP","floor":46.0},{"not_picked":["Dagger Spray","Dodge and Roll+1","Corpse Explosion+1"],"picked":"SKIP","floor":47.0},{"not_picked":["Backflip+1","Blade Dance+1"],"picked":"Deadly Poison+1","floor":48.0},{"not_picked":["Underhanded Strike","Catalyst+1"],"picked":"Reflex+1","floor":49.0}],"player_experience":1465736,"relics_obtained":[{"floor":3.0,"key":"Dream Catcher"},{"floor":9.0,"key":"TungstenRod"},{"floor":24.0,"key":"Frozen Egg 2"},{"floor":41.0,"key":"Toy Ornithopter"},{"floor":43.0,"key":"Vajra"},{"floor":47.0,"key":"Bottled Lightning"}],"event_choices":[{"damage_healed":0.0,"max_hp_gain":0.0,"max_hp_loss":0.0,"gold_gain":75.0,"event_name":"World of Goop","player_choice":"Gather Gold","floor":2.0,"gold_loss":0.0,"damage_taken":11.0},{"damage_healed":0.0,"max_hp_gain":0.0,"max_hp_loss":0.0,"gold_gain":0.0,"event_name":"Scrap Ooze","player_choice":"Success","floor":4.0,"gold_loss":0.0,"damage_taken":5.0,"relics_obtained":["Thread and Needle"]},{"damage_healed":0.0,"max_hp_gain":0.0,"max_hp_loss":0.0,"gold_gain":0.0,"event_name":"Addict","player_choice":"Obtained Relic","floor":19.0,"gold_loss":85.0,"damage_taken":0.0,"relics_obtained":["Old Coin"]},{"damage_healed":0.0,"max_hp_gain":0.0,"max_hp_loss":0.0,"gold_gain":0.0,"event_name":"Vampires","player_choice":"Ignored","floor":20.0,"gold_loss":0.0,"damage_taken":0.0},{"cards_removed":["Strike_G"],"damage_healed":0.0,"max_hp_gain":0.0,"max_hp_loss":0.0,"gold_gain":0.0,"event_name":"Beggar","player_choice":"Gave Gold","floor":22.0,"gold_loss":75.0,"damage_taken":0.0},{"damage_healed":0.0,"max_hp_gain":0.0,"max_hp_loss":0.0,"gold_gain":0.0,"event_name":"SensoryStone","player_choice":"Memory 3","floor":36.0,"gold_loss":0.0,"damage_taken":10.0},{"cards_removed":["Strike_G"],"damage_healed":0.0,"max_hp_gain":0.0,"max_hp_loss":0.0,"gold_gain":0.0,"event_name":"Purifier","player_choice":"Purged","floor":37.0,"gold_loss":0.0,"damage_taken":0.0},{"damage_healed":0.0,"max_hp_gain":0.0,"max_hp_loss":0.0,"gold_gain":0.0,"event_name":"Mysterious Sphere","player_choice":"Ignored","floor":45.0,"gold_loss":0.0,"damage_taken":0.0}],"is_beta":false,"boss_relics":[{"not_picked":["Calling Bell","Black Star"],"picked":"Philosopher\u0027s Stone"},{"not_picked":["Busted Crown","Sozu"],"picked":"HoveringKite"}],"items_purged_floors":[7,21],"is_endless":false,"potions_floor_spawned":[5,14,27,29,30,31,35,38,47],"killed_by":"Time Eater","ascension_level":20}}