{"host":"r4aerl4ckfvw1dw3","time":1612311086,"event":{"mods":["BaseMod","BetterRewards","Minty Spire (QoL Compilation)","Quick Restart","StSLib"],"gold_per_floor":[116,116,116,136,136,177,177,215,215,258,258,287,309,3,3,140,140,168,168,193,233,262,262,262,262,262,58,95,95,119,44,44,148,148,167,182,210,210,210,210,239,239,297,323,349,381,381,424,424,424,424,424,19,56,56],"floor_reached":56,"language":"ENG","playtime":3132,"items_purged":["Decay"],"score":1488,"play_id":"2db29d58-3bfc-4d14-a245-e8bc0a80d34b","local_time":"20210202161126","is_ascension_mode":true,"campfire_choices":[{"floor":7.0,"key":"RECALL"},{"data":"Intimidate","floor":15.0,"key":"SMITH"},{"data":"Heavy Blade","floor":23.0,"key":"SMITH"},{"data":"Rupture","floor":25.0,"key":"SMITH"},{"data":"Flame Barrier","floor":29.0,"key":"SMITH"},{"data":"Inflame","floor":32.0,"key":"SMITH"},{"data":"Warcry","floor":40.0,"key":"SMITH"},{"data":"Iron Wave","floor":42.0,"key":"SMITH"},{"data":"Flex","floor":47.0,"key":"SMITH"},{"floor":49,"key":"REST"},{"data":"Impervious","floor":52,"key":"SMITH"}],"circlet_count":0,"master_deck":["Strike_R","Strike_R","Strike_R","Strike_R","Strike_R","Defend_R","Defend_R","Defend_R","Defend_R","Bash","Clash","Cleave+1","Iron Wave+1","Reaper","Intimidate+1","Headbutt","Heavy Blade+1","Offering","Rupture+1","Thunderclap","Intimidate+1","Shrug It Off+1","Inflame+1","Flame Barrier+1","Body Slam+1","Warcry+1","Impervious+1","Headbutt","Parasite","Clothesline+1","Rampage+1","Flex+1","Anger+1","Seeing Red","Exhume","Metallicize","Blood for Blood","Shrug It Off"],"relics":["Burning Blood","NeowsBlessing","Bloody Idol","Matryoshka","Akabeko","CeramicFish","Potion Belt","Vajra","Shuriken","Membership Card","Bronze Scales","Omamori","Cursed Key","Necronomicon","Red Mask","MealTicket","Kunai","PreservedInsect","HandDrill","Pen Nib","Busted Crown","InkBottle","Gremlin Horn","Orichalcum","White Beast Statue","Mummified Hand"],"acts_visited":["Exordium","TheCity","TheBeyond","TheEnding"],"potions_floor_usage":[48,48,48,50,50,55,55,55,55,55,55,55,55,55],"damage_taken":[{"damage":0.0,"enemies":"Small Slimes","floor":1.0,"turns":1.0},{"damage":0.0,"enemies":"Jaw Worm","floor":4.0,"turns":1.0},{"damage":0.0,"enemies":"Lagavulin","floor":6.0,"turns":1.0},{"damage":21.0,"enemies":"Gremlin Nob","floor":8.0,"turns":4.0},{"damage":21.0,"enemies":"Lagavulin","floor":10.0,"turns":6.0},{"damage":0.0,"enemies":"2 Louse","floor":12.0,"turns":1.0},{"damage":5.0,"enemies":"Large Slime","floor":13.0,"turns":3.0},{"damage":65.0,"enemies":"Hexaghost","floor":16.0,"turns":9.0},{"damage":3.0,"enemies":"3 Byrds","floor":18.0,"turns":2.0},{"damage":3.0,"enemies":"Chosen","floor":20.0,"turns":3.0},{"damage":0.0,"enemies":"Masked Bandits","floor":21.0,"turns":2.0},{"damage":27.0,"enemies":"Centurion and Healer","floor":22.0,"turns":3.0},{"damage":23.0,"enemies":"Gremlin Leader","floor":28.0,"turns":2.0},{"damage":6.0,"enemies":"3 Cultists","floor":30.0,"turns":2.0},{"damage":14.0,"enemies":"Automaton","floor":33.0,"turns":6.0},{"damage":3.0,"enemies":"Orb Walker","floor":35.0,"turns":2.0},{"damage":9.0,"enemies":"3 Shapes","floor":36.0,"turns":4.0},{"damage":24.0,"enemies":"Writhing Mass","floor":37.0,"turns":4.0},{"damage":1.0,"enemies":"4 Shapes","floor":41.0,"turns":2.0},{"damage":36.0,"enemies":"Sphere and 2 Shapes","floor":44.0,"turns":4.0},{"damage":7.0,"enemies":"Transient","floor":45.0,"turns":5.0},{"damage":8.0,"enemies":"Giant Head","floor":46.0,"turns":5.0},{"damage":29,"enemies":"Reptomancer","floor":48,"turns":3},{"damage":46,"enemies":"Time Eater","floor":50,"turns":7},{"damage":7,"enemies":"Shield and Spear","floor":54,"turns":6},{"damage":69,"enemies":"The Heart","floor":55,"turns":6}],"seed_played":"-9112917058932316961","potions_obtained":[{"floor":1.0,"key":"Strength Potion"},{"floor":4.0,"key":"Swift Potion"},{"floor":8.0,"key":"Block Potion"},{"floor":10.0,"key":"GamblersBrew"},{"floor":13.0,"key":"Energy Potion"},{"floor":20.0,"key":"PowerPotion"},{"floor":21.0,"key":"Fire Potion"},{"floor":28.0,"key":"Weak Potion"},{"floor":36.0,"key":"HeartOfIron"},{"floor":44.0,"key":"Weak Potion"},{"floor":46.0,"key":"EntropicBrew"},{"floor":48,"key":"Fire Potion"},{"floor":54,"key":"ColorlessPotion"}],"is_trial":false,"path_per_floor":["M","?","?","M","?","E","R","E","T","E","?","M","M","$","R","B",null,"M","?","M","?","M","R","?","R","T","$","E","R","M","?","R","B",null,"M","M","M","?","?","R","M","R","T","M","M","E","R","E","R","B",null,"R","$","E","B",null],"character_chosen":"IRONCLAD","items_purchased":["Membership Card","Bronze Scales","Omamori","PreservedInsect","Inflame","Flame Barrier","HandDrill","Seeing Red","Exhume","Metallicize","AttackPotion","Blood for Blood","Orichalcum","SteroidPotion","White Beast Statue"],"campfire_rested":1,"item_purchase_floors":[14,14,14,27,27,27,27,53,53,53,53,53,53,53,53],"current_hp_per_floor":[80,80,85,85,85,85,85,70,70,55,48,79,80,80,80,27,85,85,69,72,78,70,70,70,70,70,85,78,78,85,85,85,85,85,85,85,77,77,77,77,85,85,85,85,85,85,85,72,85,82,85,85,85,85,54],"gold":56,"neow_bonus":"THREE_ENEMY_KILL","is_daily":false,"chose_seed":false,"campfire_upgraded":9,"win_rate":0.0,"timestamp":1612311086,"path_taken":["M","?","?","M","?","E","R","E","T","E","?","M","M","$","R","BOSS","M","?","M","?","M","R","?","R","T","$","E","R","M","?","R","BOSS","M","M","M","?","?","R","M","R","T","M","?","E","R","E","R","BOSS","R","$","E","BOSS"],"items_purchased_type":["Relic","Relic","Relic","Relic","Card","Card","Relic","Card","Card","Card","Potion","Card","Relic","Potion","Relic"],"build_version":"2020-12-22","purchased_purges":1,"victory":true,"max_hp_per_floor":[80,80,85,85,85,85,85,85,85,85,85,85,85,85,85,85,85,85,85,85,85,85,85,85,85,85,85,85,85,85,85,85,85,85,85,85,85,85,85,85,85,85,85,85,85,85,85,85,85,85,85,85,85,85,85],"card_choices":[{"not_picked":["Dual Wield","Havoc"],"picked":"Clash","floor":1.0},{"not_picked":["Body Slam","Dropkick"],"picked":"Cleave","floor":4.0},{"not_picked":["Carnage","Reckless Charge"],"picked":"Iron Wave","floor":6.0},{"not_picked":["Clash","Shrug It Off"],"picked":"Reaper","floor":8.0},{"not_picked":["Sever Soul","Warcry"],"picked":"Intimidate","floor":10.0},{"not_picked":["Rage","Bloodletting"],"picked":"Headbutt","floor":12.0},{"not_picked":["True Grit","Headbutt"],"picked":"Heavy Blade","floor":13.0},{"not_picked":["Fiend Fire","Bludgeon"],"picked":"Offering","floor":16.0},{"not_picked":["Wild Strike","Pommel Strike"],"picked":"Rupture","floor":18.0},{"not_picked":["Warcry+1","Armaments"],"picked":"Thunderclap","floor":20.0},{"not_picked":["Heavy Blade","Pommel Strike"],"picked":"Intimidate+1","floor":21.0},{"not_picked":["Clothesline","Anger"],"picked":"Shrug It Off","floor":22.0},{"not_picked":["Shrug It Off","Whirlwind"],"picked":"Body Slam+1","floor":28.0},{"not_picked":["Pommel Strike","Searing Blow"],"picked":"Warcry","floor":30.0},{"not_picked":["Limit Break","Immolate"],"picked":"Impervious","floor":33.0},{"not_picked":[],"picked":"Headbutt","floor":35.0},{"not_picked":["Wild Strike"],"picked":"SKIP","floor":36.0},{"not_picked":["Sentinel"],"picked":"SKIP","floor":37.0},{"not_picked":[],"picked":"Clothesline+1","floor":41.0},{"not_picked":[],"picked":"Rampage+1","floor":44.0},{"not_picked":[],"picked":"Flex","floor":45.0},{"not_picked":["Havoc"],"picked":"SKIP","floor":46.0},{"not_picked":[],"picked":"Anger+1","floor":48},{"not_picked":[],"picked":"Shrug It Off","floor":54}],"player_experience":464384,"relics_obtained":[{"floor":6.0,"key":"Matryoshka"},{"floor":8.0,"key":"Akabeko"},{"floor":9.0,"key":"CeramicFish"},{"floor":9.0,"key":"Potion Belt"},{"floor":10.0,"key":"Vajra"},{"floor":19.0,"key":"Necronomicon"},{"floor":21.0,"key":"Red Mask"},{"floor":26.0,"key":"MealTicket"},{"floor":26.0,"key":"Kunai"},{"floor":28.0,"key":"Pen Nib"},{"floor":46.0,"key":"InkBottle"},{"floor":48,"key":"Gremlin Horn"},{"floor":54,"key":"Mummified Hand"}],"event_choices":[{"damage_healed":0.0,"max_hp_gain":0.0,"max_hp_loss":0.0,"gold_gain":0.0,"event_name":"Golden Idol","player_choice":"Take Wound","floor":2.0,"gold_loss":0.0,"damage_taken":0.0,"relics_obtained":["Golden Idol"],"cards_obtained":["Injury"]},{"damage_healed":0.0,"max_hp_gain":5.0,"max_hp_loss":0.0,"gold_gain":0.0,"event_name":"Big Fish","player_choice":"Donut","floor":3.0,"gold_loss":0.0,"damage_taken":0.0},{"damage_healed":0.0,"max_hp_gain":0.0,"max_hp_loss":0.0,"gold_gain":0.0,"event_name":"Living Wall","player_choice":"Grow","floor":5.0,"gold_loss":0.0,"damage_taken":0.0,"cards_upgraded":["Cleave"]},{"damage_healed":0.0,"max_hp_gain":0.0,"max_hp_loss":0.0,"gold_gain":0.0,"event_name":"Scrap Ooze","player_choice":"Success","floor":11.0,"gold_loss":0.0,"damage_taken":7.0,"relics_obtained":["Shuriken"]},{"damage_healed":0.0,"max_hp_gain":0.0,"max_hp_loss":0.0,"gold_gain":0.0,"event_name":"Cursed Tome","player_choice":"Obtained Book","floor":19.0,"gold_loss":0.0,"damage_taken":16.0},{"damage_healed":0.0,"max_hp_gain":0.0,"max_hp_loss":0.0,"gold_gain":0.0,"event_name":"Masked Bandits","player_choice":"Fought Bandits","floor":21.0,"gold_loss":0.0,"damage_taken":0.0},{"damage_healed":0.0,"max_hp_gain":0.0,"max_hp_loss":0.0,"gold_gain":0.0,"event_name":"Forgotten Altar","player_choice":"Gave Idol","floor":24.0,"relics_lost":["Golden Idol"],"gold_loss":0.0,"damage_taken":0.0,"relics_obtained":["Bloody Idol"]},{"cards_removed":["Injury"],"damage_healed":0.0,"max_hp_gain":0.0,"max_hp_loss":0.0,"gold_gain":0.0,"event_name":"Beggar","player_choice":"Gave Gold","floor":31.0,"gold_loss":75.0,"damage_taken":0.0},{"damage_healed":0.0,"max_hp_gain":0.0,"max_hp_loss":0.0,"gold_gain":0.0,"event_name":"SensoryStone","player_choice":"Memory 1","floor":38.0,"gold_loss":0.0,"damage_taken":0.0},{"damage_healed":0.0,"max_hp_gain":0.0,"max_hp_loss":0.0,"gold_gain":0.0,"event_name":"Upgrade Shrine","player_choice":"Upgraded","floor":39.0,"gold_loss":0.0,"damage_taken":0.0,"cards_upgraded":["Shrug It Off"]}],"is_beta":false,"boss_relics":[{"not_picked":["Runic Pyramid","Sozu"],"picked":"Cursed Key"},{"not_picked":["Empty Cage","Fusion Hammer"],"picked":"Busted Crown"}],"items_purged_floors":[53],"is_endless":false,"potions_floor_spawned":[1,4,8,10,13,20,21,28,36,44,46,48,54],"ascension_level":3}}