{"host":"vyjryxuuuxkt43k4","time":1612312167,"event":{"mods":["AchievementEnabler","BaseMod","Colored Map","DeckTracker","Keyboard Shortcuts","Minty Spire (QoL Compilation)","Permanent Neow","Quick Restart","Rare Cards Sparkle","Relic Stats","StSLib","SuperFastMode","everything is the same but u backflip on backflip"],"gold_per_floor":[111,111,36,36,6,6,19,19,45,45,58,81,81,6,6,102,102,123,83,96,121,140,140,158,174,174,174,194,119,19,35,35,131,131,144,144,190,1189,951,951,33,33,60,84,125,141,154,172,172,172,172,172,119,153,153,153],"floor_reached":55,"language":"KOR","playtime":2922,"items_purged":["Predator","Setup","Normality","Normality"],"score":1307,"play_id":"1e3d9c08-b8e8-46c3-9cf8-82fd4308d14d","local_time":"20210203092927","is_ascension_mode":true,"campfire_choices":[{"data":"Prepared","floor":6.0,"key":"SMITH"},{"data":"Die Die Die","floor":8.0,"key":"SMITH"},{"data":"Neutralize","floor":10.0,"key":"SMITH"},{"data":"Reflex","floor":13.0,"key":"SMITH"},{"floor":15.0,"key":"REST"},{"data":"Well Laid Plans","floor":23.0,"key":"SMITH"},{"floor":27.0,"key":"REST"},{"data":"Tactician","floor":32.0,"key":"SMITH"},{"data":"Footwork","floor":40.0,"key":"SMITH"},{"data":"Acrobatics","floor":42.0,"key":"SMITH"},{"floor":49.0,"key":"RECALL"},{"data":"Wraith Form v2","floor":52.0,"key":"SMITH"}],"circlet_count":0,"master_deck":["AscendersBane","Survivor","Neutralize+1","Quick Slash","Reflex+1","Dagger Throw","Die Die Die+1","Prepared+1","Underhanded Strike","Well Laid Plans+1","Doppelganger","Noxious Fumes","Backflip","Footwork+1","Malaise","Grand Finale","Acrobatics+1","Blur+1","Tactician+1","Burst","Grand Finale","Wraith Form v2+1"],"relics":["Ring of the Snake","Golden Idol","Tiny Chest","Pandora\u0027s Box","Bronze Scales","Shuriken","Coffee Dripper","Medical Kit","Calipers","Sundial","Pen Nib","MealTicket","CaptainsWheel"],"acts_visited":["Exordium","TheCity","TheBeyond","TheEnding"],"potions_floor_usage":[55],"damage_taken":[{"damage":3.0,"enemies":"Jaw Worm","floor":1.0,"turns":5.0},{"damage":0.0,"enemies":"Small Slimes","floor":7.0,"turns":2.0},{"damage":0.0,"enemies":"Cultist","floor":11.0,"turns":2.0},{"damage":3.0,"enemies":"Looter","floor":12.0,"turns":2.0},{"damage":47.0,"enemies":"Slime Boss","floor":16.0,"turns":13.0},{"damage":15.0,"enemies":"2 Thieves","floor":18.0,"turns":3.0},{"damage":9.0,"enemies":"Shell Parasite","floor":20.0,"turns":2.0},{"damage":0.0,"enemies":"Centurion and Healer","floor":22.0,"turns":3.0},{"damage":10.0,"enemies":"Shelled Parasite and Fungi","floor":24.0,"turns":2.0},{"damage":0.0,"enemies":"3 Cultists","floor":25.0,"turns":3.0},{"damage":1.0,"enemies":"Centurion and Healer","floor":28.0,"turns":2.0},{"damage":1.0,"enemies":"Cultist and Chosen","floor":31.0,"turns":5.0},{"damage":14.0,"enemies":"Automaton","floor":33.0,"turns":3.0},{"damage":0.0,"enemies":"Orb Walker","floor":35.0,"turns":3.0},{"damage":13.0,"enemies":"3 Darklings","floor":44.0,"turns":2.0},{"damage":0.0,"enemies":"Giant Head","floor":45.0,"turns":4.0},{"damage":33.0,"enemies":"4 Shapes","floor":46.0,"turns":2.0},{"damage":0.0,"enemies":"Maw","floor":47.0,"turns":4.0},{"damage":0.0,"enemies":"3 Darklings","floor":48.0,"turns":2.0},{"damage":25.0,"enemies":"Donu and Deca","floor":50.0,"turns":5.0},{"damage":5.0,"enemies":"Shield and Spear","floor":54.0,"turns":4.0},{"damage":59,"enemies":"The Heart","floor":55,"turns":5}],"seed_played":"326755856124022175","potions_obtained":[{"floor":1.0,"key":"SneckoOil"},{"floor":11.0,"key":"DuplicationPotion"},{"floor":19.0,"key":"Fruit Juice"},{"floor":19.0,"key":"EntropicBrew"},{"floor":19.0,"key":"GamblersBrew"},{"floor":22.0,"key":"DuplicationPotion"},{"floor":24.0,"key":"LiquidMemories"},{"floor":25.0,"key":"PowerPotion"},{"floor":35.0,"key":"SpeedPotion"},{"floor":48.0,"key":"FearPotion"}],"is_trial":false,"path_per_floor":["M","?","?","?","$","R","M","R","T","R","M","M","R","$","R","B",null,"M","?","M","T","M","R","M","M","T","R","M","$","$","M","R","B",null,"M","?","T","?","$","R","$","R","T","M","E","M","M","M","R","B",null,"R","$","E","B"],"character_chosen":"THE_SILENT","items_purchased":["Prepared","Well Laid Plans","FairyPotion","Medical Kit","Calipers","Sundial","Dexterity Potion"],"campfire_rested":2,"item_purchase_floors":[5,14,39,41,41,41,53],"current_hp_per_floor":[56,35,35,35,35,35,35,35,35,35,35,32,32,32,50,3,46,31,36,27,27,27,27,17,17,17,36,35,35,35,34,34,20,54,54,54,54,54,54,54,54,54,54,41,41,8,8,8,8,8,49,49,62,57,0,0],"gold":153,"neow_bonus":"TRANSFORM_TWO_CARDS","is_daily":false,"chose_seed":false,"campfire_upgraded":9,"win_rate":0.0,"timestamp":1612312167,"path_taken":["M","?","?","?","$","R","M","R","T","R","?","M","R","$","R","BOSS","M","?","?","?","?","R","M","M","T","R","M","?","$","M","R","BOSS","M","?","?","?","$","R","$","R","T","M","E","M","M","?","R","BOSS","R","$","E","BOSS"],"items_purchased_type":["Card","Card","Potion","Relic","Relic","Relic","Potion"],"build_version":"2020-12-22","purchased_purges":4,"victory":false,"max_hp_per_floor":[60,60,60,60,60,60,60,60,60,60,60,60,60,60,60,60,60,60,65,65,65,65,65,65,65,65,65,65,65,65,65,65,65,65,65,62,62,62,62,62,62,62,62,62,62,62,62,62,62,62,62,62,62,62,62,62],"relic_stats":{"counters":[22,78],"Golden Idol":126,"Shuriken":[24],"Sundial":[10],"Bronze Scales":[180],"Tiny Chest":2,"Pandora\u0027s Box":["Noxious Fumes","Setup","Backflip","Footwork","Malaise","Predator","Grand Finale"],"MealTicket":13,"Pen Nib":[7],"Medical Kit":[8],"obtain_stats":[{"Calipers":41,"Golden Idol":2,"Pen Nib":43,"Medical Kit":41,"CaptainsWheel":54,"Shuriken":26,"Sundial":41,"Bronze Scales":21,"Tiny Chest":9,"Pandora\u0027s Box":17,"MealTicket":45,"Coffee Dripper":34,"Ring of the Snake":0},{"Calipers":14,"Golden Idol":1,"Pen Nib":14,"Medical Kit":14,"CaptainsWheel":21,"Shuriken":10,"Sundial":14,"Bronze Scales":7,"Tiny Chest":2,"Pandora\u0027s Box":5,"MealTicket":16,"Coffee Dripper":13,"Ring of the Snake":0},{"Calipers":50,"Golden Idol":5,"Pen Nib":50,"Medical Kit":50,"CaptainsWheel":73,"Shuriken":37,"Sundial":50,"Bronze Scales":29,"Tiny Chest":7,"Pandora\u0027s Box":24,"MealTicket":56,"Coffee Dripper":47,"Ring of the Snake":0}],"Ring of the Snake":[44]},"card_choices":[{"not_picked":["Underhanded Strike","Blade Dance"],"picked":"Dagger Throw","floor":1.0},{"not_picked":["Setup","Catalyst"],"picked":"Underhanded Strike","floor":7.0},{"not_picked":["Slice","Outmaneuver","PiercingWail"],"picked":"SKIP","floor":11.0},{"not_picked":["Sucker Punch","Deflect","Slice"],"picked":"SKIP","floor":12.0},{"not_picked":["Unload","Night Terror"],"picked":"Doppelganger","floor":16.0},{"not_picked":["Bane","Quick Slash"],"picked":"Acrobatics","floor":18.0},{"not_picked":["Sucker Punch","Bouncing Flask"],"picked":"Blur+1","floor":20.0},{"not_picked":["Flying Knee+1","Blade Dance","Prepared"],"picked":"SKIP","floor":22.0},{"not_picked":["Bane","Acrobatics"],"picked":"Tactician","floor":24.0},{"not_picked":["Terror","Outmaneuver","Bane"],"picked":"SKIP","floor":25.0},{"not_picked":["Leg Sweep+1","Choke","Blade Dance"],"picked":"SKIP","floor":28.0},{"not_picked":["Prepared","Bane","Crippling Poison"],"picked":"SKIP","floor":31.0},{"not_picked":["Envenom","Glass Knife"],"picked":"Burst","floor":33.0},{"not_picked":["Dodge and Roll+1","Catalyst","PiercingWail"],"picked":"SKIP","floor":35.0},{"not_picked":["Deflect+1","Endless Agony+1","Skewer"],"picked":"SKIP","floor":44.0},{"not_picked":["Crippling Poison","Setup"],"picked":"Grand Finale","floor":45.0},{"not_picked":["Bane","Deflect","Quick Slash"],"picked":"SKIP","floor":46.0},{"not_picked":["Prepared","Infinite Blades","PiercingWail"],"picked":"SKIP","floor":47.0},{"not_picked":["Deflect","Backflip"],"picked":"Wraith Form v2","floor":48.0},{"not_picked":["Infinite Blades","Bane","Masterful Stab"],"picked":"SKIP","floor":54.0}],"player_experience":636886,"relics_obtained":[{"floor":9.0,"key":"Tiny Chest"},{"floor":21.0,"key":"Bronze Scales"},{"floor":26.0,"key":"Shuriken"},{"floor":43.0,"key":"Pen Nib"},{"floor":45.0,"key":"MealTicket"},{"floor":54.0,"key":"CaptainsWheel"}],"event_choices":[{"damage_healed":0.0,"max_hp_gain":0.0,"max_hp_loss":0.0,"gold_gain":0.0,"event_name":"Golden Idol","player_choice":"Take Damage","floor":2.0,"gold_loss":0.0,"damage_taken":21.0,"relics_obtained":["Golden Idol"]},{"cards_removed":["Strike_G"],"damage_healed":0.0,"max_hp_gain":0.0,"max_hp_loss":0.0,"gold_gain":0.0,"event_name":"The Cleric","player_choice":"Card Removal","floor":3.0,"gold_loss":75.0,"damage_taken":0.0},{"damage_healed":0.0,"max_hp_gain":0.0,"max_hp_loss":0.0,"gold_gain":0.0,"event_name":"Match and Keep!","player_choice":"1 cards matched","floor":4.0,"gold_loss":0.0,"damage_taken":0.0,"cards_obtained":["Die Die Die"]},{"damage_healed":0.0,"max_hp_gain":0.0,"max_hp_loss":0.0,"gold_gain":0.0,"event_name":"The Woman in Blue","player_choice":"Bought 3 Potions","floor":19.0,"gold_loss":0.0,"damage_taken":0.0},{"damage_healed":0.0,"max_hp_gain":0.0,"max_hp_loss":3.0,"gold_gain":0.0,"event_name":"Winding Halls","player_choice":"Max HP","floor":36.0,"gold_loss":0.0,"damage_taken":0.0},{"damage_healed":0.0,"max_hp_gain":0.0,"max_hp_loss":0.0,"gold_gain":999.0,"event_name":"MindBloom","player_choice":"Gold","floor":38.0,"gold_loss":0.0,"damage_taken":0.0,"cards_obtained":["Normality","Normality"]}],"is_beta":false,"boss_relics":[{"not_picked":["Velvet Choker","Ring of the Serpent"],"picked":"Pandora\u0027s Box"},{"not_picked":["Fusion Hammer","Sozu"],"picked":"Coffee Dripper"}],"items_purged_floors":[29,30,39,41],"is_endless":false,"potions_floor_spawned":[1,11,22,24,25,28,35,46,48],"killed_by":"The Heart","ascension_level":16}}