{"host":"bf5upntvbdompq33","time":1612317564,"event":{"mods":["BaseMod","Colored Map","Colored Powertips","Curses Come First","Minty Spire (QoL Compilation)","StSLib","The Hierophant","The Mystic"],"gold_per_floor":[114,39,54,66,66,66,86,86,86],"floor_reached":8,"language":"ENG","playtime":204,"items_purged":["Strike_B"],"score":72,"play_id":"a45bb0f9-21a9-4bd6-97ce-edc8bdb35de4","local_time":"20210202185924","is_ascension_mode":true,"campfire_choices":[{"floor":6,"key":"REST"}],"circlet_count":0,"master_deck":["AscendersBane","Strike_B","Strike_B","Defend_B","Defend_B","Defend_B","Defend_B","Zap","Dualcast","Electrodynamics","White Noise","Streamline","White Noise","Loop"],"relics":["Cracked Core"],"acts_visited":["Exordium"],"potions_floor_usage":[],"damage_taken":[{"damage":0,"enemies":"2 Louse","floor":1,"turns":1},{"damage":16,"enemies":"Cultist","floor":3,"turns":4},{"damage":13,"enemies":"Jaw Worm","floor":4,"turns":4},{"damage":23,"enemies":"Red Slaver","floor":7,"turns":3},{"damage":36,"enemies":"Gremlin Nob","floor":8,"turns":3}],"seed_played":"1335514442322263093","potions_obtained":[{"floor":1,"key":"SkillPotion"},{"floor":4,"key":"LiquidBronze"},{"floor":7,"key":"EssenceOfDarkness"}],"is_trial":false,"path_per_floor":["M","$","M","M","?","R","M","E"],"character_chosen":"DEFECT","items_purchased":[],"campfire_rested":1,"item_purchase_floors":[],"current_hp_per_floor":[50,50,34,21,21,43,20,0,0],"gold":86,"neow_bonus":"THREE_RARE_CARDS","is_daily":false,"chose_seed":false,"campfire_upgraded":0,"win_rate":0.0,"timestamp":1612317564,"path_taken":["M","$","M","M","?","R","M","E"],"items_purchased_type":[],"build_version":"2020-12-22","purchased_purges":1,"victory":false,"max_hp_per_floor":[75,75,75,75,75,75,75,75,75],"card_choices":[{"not_picked":["Reboot","Hyperbeam"],"picked":"Electrodynamics","floor":0},{"not_picked":["Lockon","Force Field"],"picked":"White Noise","floor":1},{"not_picked":["Cold Snap","Hologram"],"picked":"Streamline","floor":3},{"not_picked":["Lockon","Sweeping Beam"],"picked":"White Noise","floor":4},{"not_picked":["Gash","Hologram"],"picked":"Loop","floor":7}],"player_experience":1352094,"relics_obtained":[],"event_choices":[{"cards_removed":["Strike_B"],"damage_healed":0,"gold_gain":0,"player_choice":"Offered Basic","damage_taken":0,"max_hp_gain":0,"max_hp_loss":0,"event_name":"Bonfire Elementals","floor":5,"gold_loss":0}],"is_beta":false,"boss_relics":[],"items_purged_floors":[2],"is_endless":false,"potions_floor_spawned":[1,4,7],"killed_by":"Gremlin Nob","ascension_level":10}}