{"host":"t7mx8yfj1no5p62f","time":1612372654,"event":{"mods":["BaseMod","Colored Map","Colored Powertips","Curses Come First","Minty Spire (QoL Compilation)","Relic Stats","StSLib"],"gold_per_floor":[110,127,141,141,160,160,194,194,194,194,206,206,240,240,240,315,315,295,308,55,83,95,95,95,106,132,132,147,179,39,50,50,50,50],"floor_reached":33,"language":"ENG","playtime":1399,"items_purged":[],"score":579,"play_id":"13edfd25-e93a-4af4-8716-8119d78f685e","local_time":"20210203121734","is_ascension_mode":true,"campfire_choices":[{"data":"Cleave","floor":6,"key":"SMITH"},{"data":"Swift Strike","floor":8,"key":"SMITH"},{"data":"True Grit","floor":10,"key":"SMITH"},{"data":"Bash","floor":15,"key":"SMITH"},{"data":"Juggernaut","floor":23,"key":"SMITH"},{"data":"Spot Weakness","floor":27,"key":"SMITH"},{"floor":32,"key":"REST"}],"circlet_count":0,"master_deck":["AscendersBane","Strike_R+1","Strike_R","Defend_R","Defend_R","Defend_R","Defend_R+1","Bash+1","Swift Strike+1","Shrug It Off","Headbutt","Clothesline+1","Cleave+1","True Grit+1","Rage","Juggernaut+1","Sever Soul+1","Intimidate+1","Corruption+1","Second Wind","Shrug It Off","Spot Weakness+1","Clash+1","Shrug It Off+1","Spot Weakness","Sword Boomerang","Limit Break","Shrug It Off","Power Through"],"relics":["Burning Blood","Sundial","Gambling Chip","CaptainsWheel","Astrolabe","Bag of Preparation","Red Mask","Bag of Marbles"],"acts_visited":["Exordium","TheCity"],"potions_floor_usage":[13,21,25,28,31,33],"damage_taken":[{"damage":1,"enemies":"Cultist","floor":1,"turns":3},{"damage":2,"enemies":"Jaw Worm","floor":2,"turns":4},{"damage":6,"enemies":"2 Louse","floor":3,"turns":3},{"damage":25,"enemies":"Exordium Wildlife","floor":5,"turns":7},{"damage":8,"enemies":"Gremlin Nob","floor":7,"turns":3},{"damage":4,"enemies":"Large Slime","floor":11,"turns":5},{"damage":9,"enemies":"3 Sentries","floor":13,"turns":5},{"damage":13,"enemies":"The Guardian","floor":16,"turns":12},{"damage":20,"enemies":"2 Thieves","floor":18,"turns":4},{"damage":16,"enemies":"Shell Parasite","floor":19,"turns":6},{"damage":14,"enemies":"Masked Bandits","floor":21,"turns":4},{"damage":12,"enemies":"Shelled Parasite and Fungi","floor":22,"turns":6},{"damage":0,"enemies":"Snecko","floor":25,"turns":4},{"damage":18,"enemies":"3 Cultists","floor":28,"turns":6},{"damage":6,"enemies":"Slavers","floor":29,"turns":4},{"damage":19,"enemies":"Snake Plant","floor":31,"turns":5},{"damage":34,"enemies":"Champ","floor":33,"turns":10}],"seed_played":"7337333562939331917","potions_obtained":[{"floor":1,"key":"ColorlessPotion"},{"floor":11,"key":"Block Potion"},{"floor":13,"key":"DistilledChaos"},{"floor":22,"key":"Explosive Potion"},{"floor":25,"key":"SkillPotion"},{"floor":31,"key":"Swift Potion"}],"is_trial":false,"path_per_floor":["M","M","M","?","M","R","E","R","T","R","M","?","E","?","R","B",null,"M","M","$","?","M","R","?","M","T","R","M","E","$","M","R","B"],"character_chosen":"IRONCLAD","items_purchased":["Bag of Preparation","Spot Weakness","DuplicationPotion","Shrug It Off"],"campfire_rested":1,"item_purchase_floors":[20,20,30,30],"current_hp_per_floor":[73,75,75,75,56,56,54,54,54,54,56,33,30,35,35,28,67,53,43,43,35,29,29,29,35,35,35,23,23,23,10,34,0,0],"gold":50,"neow_bonus":"RANDOM_COLORLESS","is_daily":false,"chose_seed":false,"campfire_upgraded":6,"win_rate":0.0,"timestamp":1612372654,"path_taken":["M","M","?","?","M","R","E","R","T","R","M","?","E","?","R","BOSS","M","M","$","?","M","R","?","M","T","R","M","E","$","?","R","BOSS"],"items_purchased_type":["Relic","Card","Potion","Card"],"build_version":"2020-12-22","purchased_purges":0,"victory":false,"max_hp_per_floor":[75,75,75,75,75,75,75,75,75,75,75,75,75,80,80,80,80,80,80,80,80,80,80,80,80,80,80,80,80,80,80,80,80,80],"relic_stats":{"counters":[17,91],"Sundial":[10],"Gambling Chip":[52],"Astrolabe":["Sever Soul","Intimidate","Corruption"],"Bag of Preparation":[14],"obtain_stats":[{"CaptainsWheel":13,"Sundial":7,"Gambling Chip":9,"Astrolabe":17,"Bag of Preparation":20,"Red Mask":21,"Bag of Marbles":29,"Burning Blood":0},{"CaptainsWheel":7,"Sundial":5,"Gambling Chip":5,"Astrolabe":8,"Bag of Preparation":10,"Red Mask":11,"Bag of Marbles":15,"Burning Blood":0},{"CaptainsWheel":30,"Sundial":20,"Gambling Chip":20,"Astrolabe":42,"Bag of Preparation":52,"Red Mask":56,"Bag of Marbles":76,"Burning Blood":0}],"Burning Blood":94},"card_choices":[{"not_picked":["Madness","Mind Blast"],"picked":"Swift Strike","floor":0},{"not_picked":["Warcry","Burning Pact"],"picked":"Shrug It Off","floor":1},{"not_picked":["Armaments","Shrug It Off"],"picked":"Headbutt","floor":2},{"not_picked":["Sword Boomerang","Reckless Charge"],"picked":"Clothesline","floor":3},{"not_picked":["Havoc","Perfected Strike"],"picked":"Cleave","floor":5},{"not_picked":["Body Slam","Havoc"],"picked":"True Grit","floor":7},{"not_picked":["Wild Strike","Pommel Strike","Perfected Strike"],"picked":"SKIP","floor":11},{"not_picked":["Power Through","Headbutt"],"picked":"Rage","floor":13},{"not_picked":["Limit Break","Double Tap"],"picked":"Juggernaut","floor":16},{"not_picked":["Wild Strike","Headbutt"],"picked":"Second Wind","floor":18},{"not_picked":["Combust","Warcry"],"picked":"Shrug It Off","floor":19},{"not_picked":["Thunderclap","Headbutt+1"],"picked":"Clash+1","floor":21},{"not_picked":["Thunderclap","Demon Form"],"picked":"Shrug It Off+1","floor":22},{"not_picked":["Thunderclap","Wild Strike"],"picked":"Sword Boomerang","floor":25},{"not_picked":["Seeing Red","Wild Strike","Headbutt"],"picked":"SKIP","floor":28},{"not_picked":["Rage","Fire Breathing"],"picked":"Limit Break","floor":29},{"not_picked":["Wild Strike","Warcry"],"picked":"Power Through","floor":31}],"player_experience":1920930,"relics_obtained":[{"floor":7,"key":"Sundial"},{"floor":9,"key":"Gambling Chip"},{"floor":13,"key":"CaptainsWheel"},{"floor":21,"key":"Red Mask"},{"floor":29,"key":"Bag of Marbles"}],"event_choices":[{"damage_healed":0,"gold_gain":0,"player_choice":"Grow","damage_taken":0,"max_hp_gain":0,"max_hp_loss":0,"event_name":"Living Wall","floor":4,"gold_loss":0,"cards_upgraded":["Clothesline"]},{"damage_healed":0,"gold_gain":0,"player_choice":"Entered Light","damage_taken":23,"max_hp_gain":0,"max_hp_loss":0,"event_name":"Shining Light","floor":12,"gold_loss":0,"cards_upgraded":["Strike_R","Defend_R"]},{"damage_healed":0,"gold_gain":0,"player_choice":"Donut","damage_taken":0,"max_hp_gain":5,"max_hp_loss":0,"event_name":"Big Fish","floor":14,"gold_loss":0},{"damage_healed":0,"gold_gain":0,"player_choice":"Fought Bandits","damage_taken":0,"max_hp_gain":0,"max_hp_loss":0,"event_name":"Masked Bandits","floor":21,"gold_loss":0},{"damage_healed":0,"gold_gain":0,"player_choice":"Copied","damage_taken":0,"max_hp_gain":0,"max_hp_loss":0,"event_name":"Duplicator","floor":24,"gold_loss":0,"cards_obtained":["Spot Weakness"]}],"is_beta":false,"boss_relics":[{"not_picked":["Empty Cage","Runic Pyramid"],"picked":"Astrolabe"}],"items_purged_floors":[],"is_endless":false,"potions_floor_spawned":[1,11,13,16,19,22,25,31],"killed_by":"Champ","ascension_level":20}}