{"host":"r0e4s450fexxrjel","time":1612374630,"event":{"mods":["AchievementEnabler","Act Like it!","Aspiration","BaseMod","Better Third Choice","Clawfect","Colored Map","Conspire","Dota2Spire","Downfall","Energized Spire","Friendly Minions","GifTheSpireLib","Gold Saver","Hubris","Infinite Spire","Minty Spire (QoL Compilation)","Pale of the Ancients","RRrroohrrRGHHhhh!!","Reliquary","Replay The Spire","Shop Mod","StSLib"],"gold_per_floor":[362,378,378,395,413,413,468,201,201,201,211,111,111,122,122,217,217,233,233,108,127,226,245,280,280,280,280,97,107,107,123,123,123,123],"floor_reached":33,"language":"DEU","playtime":591,"items_purged":["Defend_B","Defend_B","Defend_B","Defend_B"],"score":282,"play_id":"b7ce5b24-4d8b-4fa2-a8dc-6a98782b0e06","local_time":"20210203185030","is_ascension_mode":false,"campfire_choices":[{"data":"Clawfect:Clawline","floor":6,"key":"SMITH"},{"floor":13,"key":"REST"},{"data":"Apotheosis","floor":15,"key":"SMITH"},{"floor":25,"key":"REST"},{"floor":27,"key":"REST"},{"floor":30,"key":"REST"},{"floor":32,"key":"REST"}],"circlet_count":0,"master_deck":["Gash","Gash","Gash","Gash","Gash","rorgmod:Biogeneration","Clawfect:Clawline+1","Clawfect:Clawter+1","Apotheosis+1","Reboot","Clawfect:ClawLightning+1","Clawfect:ClawLightning"],"relics":["Clawfect:DRClaw"],"acts_visited":["Exordium","TheCity"],"potions_floor_usage":[16,24,24,33],"damage_taken":[{"damage":0,"enemies":"2 Louse","floor":1,"turns":2},{"damage":0,"enemies":"Small Slimes","floor":2,"turns":3},{"damage":0,"enemies":"Cultist","floor":4,"turns":3},{"damage":7,"enemies":"Large Slime","floor":5,"turns":5},{"damage":30,"enemies":"Exordium Thugs","floor":11,"turns":4},{"damage":0,"enemies":"Gremlin Gang","floor":14,"turns":2},{"damage":38,"enemies":"Hexaghost","floor":16,"turns":5},{"damage":4,"enemies":"Chosen","floor":18,"turns":4},{"damage":27,"enemies":"conspire:FuzzyDice","floor":21,"turns":4},{"damage":13,"enemies":"Shelled Parasite and Fungi","floor":23,"turns":3},{"damage":20,"enemies":"Slavers","floor":24,"turns":4},{"damage":42,"enemies":"Snake Plant","floor":29,"turns":3},{"damage":30,"enemies":"Snecko","floor":31,"turns":4},{"damage":29,"enemies":"Pondfish","floor":33,"turns":2}],"seed_played":"-8199127905895440356","potions_obtained":[{"floor":2,"key":"Dota2Spire:HealingSalve"},{"floor":16,"key":"Strength Potion"},{"floor":21,"key":"Fire Potion"},{"floor":24,"key":"Venom Potion"}],"is_trial":false,"path_per_floor":["M","M","?","M","M","R","?","$","T","?","M","$","R","M","R","B",null,"M","?","$","M","?","M","E","R","T","R","$","M","R","M","R","B"],"character_chosen":"DEFECT","items_purchased":["Apotheosis","Clawfect:ClawLightning+1"],"campfire_rested":5,"item_purchase_floors":[8,28],"current_hp_per_floor":[75,75,75,75,68,68,68,68,68,68,38,38,60,60,60,28,75,71,71,71,44,44,31,11,33,33,55,55,13,35,5,27,0,0],"gold":123,"neow_bonus":"ONE_RANDOM_RARE_CARD","is_daily":false,"chose_seed":false,"campfire_upgraded":2,"win_rate":0.0,"timestamp":1612374630,"path_taken":["M","M","?","M","M","R","?","$","T","?","M","$","R","M","R","BOSS","M","?","$","M","?","M","E","R","T","R","$","M","R","M","R","BOSS"],"items_purchased_type":["Card","Card"],"build_version":"2020-12-22","purchased_purges":4,"victory":false,"max_hp_per_floor":[75,75,75,75,75,75,75,75,75,75,75,75,75,75,75,75,75,75,75,75,75,75,75,75,75,75,75,75,75,75,75,75,75,75],"card_choices":[{"not_picked":["BasicCrystalCard","ReplayTheSpireMod:System Scan"],"picked":"Clawfect:Clawline","floor":1},{"not_picked":["Turbo","Stack"],"picked":"Clawfect:Clawter","floor":2},{"not_picked":["Darkness","Clawfect:Clawter","Stack"],"picked":"SKIP","floor":4},{"not_picked":["ReplayGash","hubris:Prefetch","Time Bomb"],"picked":"SKIP","floor":5},{"not_picked":["rorgmod:Ventilation Error","Skim","Clawfect:Clawrage"],"picked":"SKIP","floor":11},{"not_picked":["Capacitor","Clawfect:ClawpileDriver","rorgmod:Leap"],"picked":"SKIP","floor":14},{"not_picked":["Consume","rorgmod:Centralize"],"picked":"Reboot","floor":18},{"not_picked":["Clawfect:ScrapingClaw+1","rorgmod:Antivirus","Reinforced Body"],"picked":"SKIP","floor":21},{"not_picked":["Clawfect:ClawpileDriver","rorgmod:Refrigerate","Clawfect:ScrapingClaw"],"picked":"SKIP","floor":23},{"not_picked":["rorgmod:Fragmentation","BasicCrystalCard+1","Consume"],"picked":"SKIP","floor":24},{"not_picked":["rorgmod:Storm","Hyperbeam","rorgmod:Critical Section"],"picked":"SKIP","floor":29},{"not_picked":["Rebound","Blizzard+1"],"picked":"Clawfect:ClawLightning","floor":31}],"player_experience":79525,"relics_obtained":[],"event_choices":[{"damage_healed":0,"gold_gain":55,"player_choice":"Gained Gold","damage_taken":0,"max_hp_gain":0,"max_hp_loss":0,"event_name":"Golden Wing","floor":7,"gold_loss":0},{"cards_removed":["Defend_B"],"damage_healed":0,"gold_gain":0,"player_choice":"Offered Basic","damage_taken":0,"max_hp_gain":0,"max_hp_loss":0,"event_name":"Bonfire Elementals","floor":10,"gold_loss":0},{"damage_healed":0,"gold_gain":0,"player_choice":"Ignored","damage_taken":0,"max_hp_gain":0,"max_hp_loss":0,"event_name":"Cursed Tome","floor":19,"gold_loss":0},{"damage_healed":0,"gold_gain":99,"player_choice":"Steal","damage_taken":0,"max_hp_gain":0,"max_hp_loss":0,"event_name":"betterThird:BetterNest","floor":22,"gold_loss":0}],"is_beta":false,"boss_relics":[{"not_picked":["Runic Pyramid","Black Star","aspiration:RunicSpoon"]}],"items_purged_floors":[8,12,20,28],"is_endless":false,"potions_floor_spawned":[2,16,21,24],"killed_by":"Pondfish","ascension_level":0}}