{"host":"yq2wmfr0u0wuvxc0","time":1612381484,"event":{"mods":["Act Like it!","Aspiration","BaseMod","Colored Powertips","Curses Come First","Defuse TimeMaze Blight","Downfall","Friendly Minions","Gensokyo","Gremlin Mod","Hallownest","Hubris","Infinite Spire","Koishi","Marisa????????","Minty Spire (QoL Compilation)","Pale of the Ancients","Quick Restart","Rare Cards Sparkle","Remilia??????","Shop Mod","Smile Girya","Spicy Shops","StSLib","The Servant 0.9.4","Wide Potions","Youmu??????"],"gold_per_floor":[99,99,99,99,113,113,113,113,23,48,148,148,148,148],"floor_reached":12,"language":"ZHS","playtime":546,"items_purged":["champ:Strike"],"score":65,"play_id":"a2daa1df-c9dc-42fd-b20b-875393ff805e","local_time":"20210203114444","is_ascension_mode":true,"campfire_choices":[{"data":"champ:Taunt","floor":1.0,"key":"SMITH"}],"circlet_count":0,"master_deck":["champ:Strike","champ:Strike","champ:Strike","champ:Defend","champ:Defend","champ:Defend","champ:Defend","champ:Execute","champ:Taunt+1","champ:RecklessLeap","champ:Backstep+1","champ:BladeFlurry","champ:RapidStrikes","champ:BerserkerStyle","champ:SteelEdge+1","champ:CrownThrow+1"],"relics":["champ:ChampionCrown","downfall:HeartsMalice","Molten Egg 2","downfall:BrokenWingStatue","Odd Mushroom","Champion Belt"],"acts_visited":["Exordium"],"potions_floor_usage":[12],"damage_taken":[{"damage":0.0,"enemies":"2 Louse","floor":2.0,"turns":1.0},{"damage":0.0,"enemies":"Small Slimes","floor":3.0,"turns":1.0},{"damage":0.0,"enemies":"Jaw Worm","floor":4.0,"turns":1.0},{"damage":22.0,"enemies":"2 Fungi Beasts","floor":5.0,"turns":4.0},{"damage":10.0,"enemies":"downfall:FleeingMerchant","floor":9.0,"turns":4.0},{"damage":44.0,"enemies":"The Mushroom Lair","floor":10.0,"turns":5.0},{"damage":46.0,"enemies":"The Mushroom Lair","floor":11.0,"turns":6.0},{"damage":38,"enemies":"Lagavulin","floor":12,"turns":5}],"seed_played":"3897814205132040185","potions_obtained":[{"floor":5.0,"key":"Ancient Potion"},{"floor":11.0,"key":"champ:OpenerPotion"}],"is_trial":false,"path_per_floor":["R","M","M","M","M","?","T","?","$","?","?","E"],"character_chosen":"THE_CHAMP","items_purchased":[],"campfire_rested":0,"item_purchase_floors":[],"current_hp_per_floor":[90,90,90,90,78,78,78,78,78,59,33,0,0,0],"gold":148,"neow_bonus":"THREE_ENEMY_KILL","is_daily":false,"chose_seed":false,"campfire_upgraded":1,"win_rate":0.0,"timestamp":1612381484,"path_taken":["R","M","M","M","M","?","T","?","$","?","?","E"],"items_purchased_type":[],"build_version":"2020-12-22","purchased_purges":1,"victory":false,"max_hp_per_floor":[90,90,90,90,90,90,90,90,90,90,90,90,90,90],"card_choices":[{"not_picked":["champ:TornadoPunch","champ:FocusedBerserking"],"picked":"champ:RecklessLeap","floor":2.0},{"not_picked":["champ:Circumvent","champ:FocusedBerserking"],"picked":"champ:Backstep","floor":3.0},{"not_picked":["champ:PreemptiveStrike","champ:FancyFootwork"],"picked":"champ:BladeFlurry","floor":4.0},{"not_picked":["champ:Haymaker","champ:CrownThrow"],"picked":"champ:RapidStrikes","floor":5.0},{"not_picked":["champ:BringItOn","champ:SetATrap"],"picked":"champ:BerserkerStyle","floor":9.0},{"not_picked":["champ:BerserkersShout","champ:AdrenalArmor"],"picked":"champ:SteelEdge+1","floor":10.0},{"not_picked":["champ:PreciseThrust+1","champ:Shatter+1"],"picked":"champ:CrownThrow+1","floor":11.0}],"player_experience":323456,"relics_obtained":[{"floor":7.0,"key":"Molten Egg 2"},{"floor":10.0,"key":"Odd Mushroom"},{"floor":11.0,"key":"Champion Belt"}],"event_choices":[{"damage_healed":0.0,"max_hp_gain":0.0,"max_hp_loss":0.0,"gold_gain":0.0,"event_name":"Mushrooms","player_choice":"Fought Mushrooms","floor":10.0,"gold_loss":0.0,"damage_taken":0.0}],"is_beta":false,"boss_relics":[],"items_purged_floors":[9],"is_endless":false,"potions_floor_spawned":[5,11],"killed_by":"Lagavulin","ascension_level":1}}