{"host":"dlre6nluqh4zuhws","time":1612367129,"event":{"mods":["BaseMod","Colored Powertips","Hermit","Highlight Path","Minty Spire (QoL Compilation)","Quick Restart","StSLib"],"gold_per_floor":[134,149,164,14,14,14,14,14,39,39,94,46,46,86,86,211,211,251,291,291,41,81,81,136,176,201,226,226],"floor_reached":27,"language":"ENG","playtime":1166,"items_purged":[],"score":231,"play_id":"f93f6e33-11c1-40b4-b811-22b3c85b6b1b","local_time":"20210203224529","daily_mods":["Allstar","Time Dilation","Lethality"],"is_ascension_mode":false,"campfire_choices":[{"data":"Apotheosis","floor":6.0,"key":"SMITH"},{"data":"HandOfGreed","floor":8.0,"key":"SMITH"},{"data":"hermit:Misfire","floor":10.0,"key":"SMITH"},{"data":"hermit:GhostlyPresence","floor":15.0,"key":"SMITH"},{"data":"hermit:Feint","floor":23.0,"key":"SMITH"}],"circlet_count":0,"master_deck":["hermit:Strike_Hermit","hermit:Strike_Hermit","hermit:Strike_Hermit","hermit:Strike_Hermit","hermit:Defend_Hermit","hermit:Defend_Hermit","hermit:Defend_Hermit","hermit:Defend_Hermit","hermit:Snapshot","hermit:Covet","Bandage Up","Apotheosis+1","Secret Weapon","Secret Technique","HandOfGreed+1","hermit:Misfire+1","hermit:Ricochet","hermit:Glare","Regret","hermit:FlashPowder+1","hermit:Feint+1","hermit:GhostlyPresence+1","hermit:OverwhelmingPower","hermit:Determination"],"relics":["hermit:Momento","Frozen Eye","Ornamental Fan","Omamori","Gambling Chip","Busted Crown","Kunai","Boot","CeramicFish"],"acts_visited":["Exordium","TheCity"],"potions_floor_usage":[],"damage_taken":[{"damage":0.0,"enemies":"Cultist","floor":1.0,"turns":2.0},{"damage":9.0,"enemies":"2 Louse","floor":2.0,"turns":2.0},{"damage":0.0,"enemies":"Jaw Worm","floor":3.0,"turns":1.0},{"damage":4.0,"enemies":"Gremlin Nob","floor":11.0,"turns":3.0},{"damage":10.0,"enemies":"Large Slime","floor":14.0,"turns":2.0},{"damage":18.0,"enemies":"The Guardian","floor":16.0,"turns":7.0},{"damage":0.0,"enemies":"Spheric Guardian","floor":18.0,"turns":2.0},{"damage":5.0,"enemies":"2 Thieves","floor":19.0,"turns":4.0},{"damage":18.0,"enemies":"Sentry and Sphere","floor":22.0,"turns":4.0},{"damage":21.0,"enemies":"Book of Stabbing","floor":24.0,"turns":5.0},{"damage":26.0,"enemies":"Cultist and Chosen","floor":25.0,"turns":5.0},{"damage":5,"enemies":"Chosen and Byrds","floor":27,"turns":4}],"seed_played":"4031875728642390749","potions_obtained":[{"floor":2.0,"key":"Dexterity Potion"},{"floor":14.0,"key":"SpeedPotion"},{"floor":19.0,"key":"hermit:Tonic"},{"floor":20.0,"key":"CultistPotion"},{"floor":22.0,"key":"DuplicationPotion"}],"is_trial":false,"path_per_floor":["M","M","M","$","?","R","$","R","T","R","E","$","?","M","R","B",null,"M","M","?","$","M","R","E","M","T","M"],"character_chosen":"HERMIT","items_purchased":["Frozen Eye","hermit:Feint","Kunai"],"campfire_rested":0,"item_purchase_floors":[4,12,21],"current_hp_per_floor":[75,66,66,66,66,66,66,66,66,66,66,66,66,62,62,50,75,75,70,70,70,52,52,37,15,15,16,16],"gold":226,"neow_bonus":"","is_daily":true,"chose_seed":false,"campfire_upgraded":5,"win_rate":0.0,"timestamp":1612367129,"path_taken":["M","M","?","$","?","R","?","R","T","R","E","$","?","M","R","BOSS","M","M","?","$","?","R","E","M","T","M"],"items_purchased_type":["Relic","Card","Relic"],"build_version":"2020-12-13","purchased_purges":0,"victory":false,"max_hp_per_floor":[75,75,75,75,75,75,75,75,75,75,75,75,75,75,75,75,75,75,75,75,75,75,75,75,75,75,75,75],"card_choices":[{"not_picked":["hermit:Dive","hermit:Feint"],"picked":"hermit:Misfire","floor":1.0},{"not_picked":["hermit:TakeCover","hermit:Feint"],"picked":"hermit:Ricochet","floor":2.0},{"not_picked":["hermit:Horror","hermit:HighCaliber"],"picked":"hermit:Glare","floor":3.0},{"not_picked":["hermit:LuckOfTheDraw","hermit:TrackingShot"],"picked":"hermit:FlashPowder","floor":11.0},{"not_picked":["hermit:Vantage","hermit:Maintenance"],"picked":"hermit:GhostlyPresence","floor":14.0},{"not_picked":["hermit:HighNoon","hermit:HeroicBravado"],"picked":"hermit:OverwhelmingPower","floor":16.0},{"not_picked":["hermit:LowProfile"],"picked":"SKIP","floor":18.0},{"not_picked":["hermit:TakeAim"],"picked":"SKIP","floor":19.0},{"not_picked":["hermit:ItchyTrigger"],"picked":"SKIP","floor":22.0},{"not_picked":[],"picked":"hermit:Determination","floor":24.0},{"not_picked":["hermit:LowProfile"],"picked":"SKIP","floor":25.0}],"player_experience":64563,"relics_obtained":[{"floor":9.0,"key":"Omamori"},{"floor":11.0,"key":"Gambling Chip"},{"floor":24.0,"key":"Boot"},{"floor":26.0,"key":"CeramicFish"}],"event_choices":[{"damage_healed":0.0,"max_hp_gain":0.0,"max_hp_loss":0.0,"gold_gain":0.0,"event_name":"Big Fish","player_choice":"Box","floor":5.0,"gold_loss":0.0,"damage_taken":0.0,"relics_obtained":["Ornamental Fan"],"cards_obtained":["Regret"]},{"damage_healed":0.0,"max_hp_gain":0.0,"max_hp_loss":0.0,"gold_gain":0.0,"event_name":"Upgrade Shrine","player_choice":"Upgraded","floor":13.0,"gold_loss":0.0,"damage_taken":0.0,"cards_upgraded":["hermit:FlashPowder"]},{"damage_healed":0.0,"max_hp_gain":0.0,"max_hp_loss":0.0,"gold_gain":0.0,"event_name":"Lab","player_choice":"Got Potions","floor":20.0,"gold_loss":0.0,"damage_taken":0.0}],"is_beta":false,"boss_relics":[{"not_picked":["hermit:BartenderGlass","Snecko Eye"],"picked":"Busted Crown"}],"items_purged_floors":[],"is_endless":false,"potions_floor_spawned":[2,14,19,22],"killed_by":"Chosen and Byrds","ascension_level":0}}