{"host":"sxnl403xm2xmiyj1","time":1612363871,"event":{"mods":["AchievementEnabler","BaseMod","Colored Map","Keyboard Shortcuts","Minty Spire (QoL Compilation)","Quick Restart","StSLib","SuperFastMode"],"gold_per_floor":[115,115,48,60,60,60,89,106,129,159,169,169,199,274,274,371,371,386,35,47,64,81,81,99,99,99],"floor_reached":25,"language":"KOR","playtime":512,"items_purged":[],"score":315,"play_id":"83e35c46-d01d-47f9-904c-cf8642b9ca71","local_time":"20210203235111","is_ascension_mode":true,"campfire_choices":[{"data":"Blood for Blood","floor":6.0,"key":"SMITH"},{"data":"Blood for Blood","floor":12.0,"key":"SMITH"},{"data":"Metallicize","floor":15.0,"key":"SMITH"},{"floor":23.0,"key":"REST"}],"circlet_count":0,"master_deck":["Strike_R","Strike_R","Strike_R","Defend_R","Defend_R","Defend_R","Defend_R","Bash","Flash of Steel","Blood for Blood+1","Metallicize","Metallicize","Blood for Blood+1","Metallicize+1","Inflame","Feel No Pain","Brutality","Metallicize","Dark Embrace","Rupture","Shrug It Off+1","Berserk","Pummel","True Grit"],"relics":["Burning Blood","MealTicket","Potion Belt","Gambling Chip","The Courier","Runic Cube","Self Forming Clay"],"acts_visited":["Exordium","TheCity"],"potions_floor_usage":[25,25],"damage_taken":[{"damage":8.0,"enemies":"2 Louse","floor":1.0,"turns":3.0},{"damage":20.0,"enemies":"Jaw Worm","floor":4.0,"turns":4.0},{"damage":18.0,"enemies":"Lagavulin","floor":7.0,"turns":7.0},{"damage":0.0,"enemies":"Cultist","floor":8.0,"turns":3.0},{"damage":14.0,"enemies":"3 Sentries","floor":10.0,"turns":7.0},{"damage":15.0,"enemies":"Gremlin Gang","floor":11.0,"turns":4.0},{"damage":5.0,"enemies":"Gremlin Nob","floor":13.0,"turns":4.0},{"damage":16.0,"enemies":"Hexaghost","floor":16.0,"turns":8.0},{"damage":39.0,"enemies":"2 Thieves","floor":18.0,"turns":4.0},{"damage":8.0,"enemies":"Shell Parasite","floor":20.0,"turns":6.0},{"damage":20.0,"enemies":"Centurion and Healer","floor":21.0,"turns":5.0},{"damage":12.0,"enemies":"Cultist and Chosen","floor":22.0,"turns":6.0},{"damage":23.0,"enemies":"Snake Plant","floor":24.0,"turns":5.0},{"damage":29,"enemies":"Slavers","floor":25,"turns":6}],"seed_played":"1251705955035565026","potions_obtained":[{"floor":4.0,"key":"SneckoOil"},{"floor":7.0,"key":"Weak Potion"},{"floor":10.0,"key":"Swift Potion"},{"floor":16.0,"key":"CultistPotion"},{"floor":21.0,"key":"LiquidMemories"},{"floor":24.0,"key":"ColorlessPotion"}],"is_trial":false,"path_per_floor":["M","?","$","M","?","R","E","M","T","E","M","R","E","?","R","B",null,"M","$","M","M","M","R","M","E"],"character_chosen":"IRONCLAD","items_purchased":["Metallicize","Metallicize","Self Forming Clay","Dark Embrace","Rupture"],"campfire_rested":1,"item_purchase_floors":[3,19,19,19,19],"current_hp_per_floor":[70,70,70,56,49,49,37,43,43,35,26,26,27,19,19,9,62,29,44,42,28,22,46,29,0,0],"gold":99,"neow_bonus":"RANDOM_COLORLESS","is_daily":false,"chose_seed":false,"campfire_upgraded":3,"win_rate":0.0,"timestamp":1612363871,"path_taken":["M","?","$","M","?","R","E","M","T","E","M","R","E","?","R","BOSS","M","?","?","?","M","R","M","E"],"items_purchased_type":["Card","Card","Relic","Card","Card"],"build_version":"2020-12-22","purchased_purges":0,"victory":false,"max_hp_per_floor":[80,80,80,80,80,80,80,80,80,80,80,80,80,80,80,80,80,80,80,80,80,80,80,80,80,80],"card_choices":[{"not_picked":["Finesse","Good Instincts"],"picked":"Flash of Steel","floor":0.0},{"not_picked":["Iron Wave","Headbutt"],"picked":"Blood for Blood","floor":1.0},{"not_picked":["Heavy Blade","Feel No Pain"],"picked":"Metallicize","floor":4.0},{"not_picked":["Spot Weakness","Cleave"],"picked":"Blood for Blood","floor":7.0},{"not_picked":["Body Slam","Thunderclap"],"picked":"Metallicize","floor":8.0},{"not_picked":["Wild Strike","Heavy Blade"],"picked":"Inflame","floor":10.0},{"not_picked":["Armaments","Cleave","Clash"],"picked":"SKIP","floor":11.0},{"not_picked":["Armaments","Twin Strike"],"picked":"Feel No Pain","floor":13.0},{"not_picked":["Limit Break","Reaper"],"picked":"Brutality","floor":16.0},{"not_picked":["Thunderclap","Flame Barrier","Clothesline+1"],"picked":"SKIP","floor":18.0},{"not_picked":["Perfected Strike","Armaments"],"picked":"Shrug It Off+1","floor":20.0},{"not_picked":["Flex+1","Heavy Blade"],"picked":"Berserk","floor":21.0},{"not_picked":["Hemokinesis","Reckless Charge"],"picked":"Pummel","floor":22.0},{"not_picked":["Headbutt","Perfected Strike"],"picked":"True Grit","floor":24.0}],"player_experience":185791,"relics_obtained":[{"floor":7.0,"key":"MealTicket"},{"floor":9.0,"key":"Potion Belt"},{"floor":10.0,"key":"Gambling Chip"},{"floor":13.0,"key":"The Courier"}],"event_choices":[{"cards_removed":["Strike_R"],"damage_healed":0.0,"max_hp_gain":0.0,"max_hp_loss":0.0,"gold_gain":0.0,"event_name":"Living Wall","player_choice":"Forget","floor":2.0,"gold_loss":0.0,"damage_taken":0.0},{"cards_removed":["Strike_R"],"damage_healed":0.0,"max_hp_gain":0.0,"max_hp_loss":0.0,"gold_gain":0.0,"event_name":"Golden Wing","player_choice":"Card Removal","floor":5.0,"gold_loss":0.0,"damage_taken":7.0},{"damage_healed":0.0,"max_hp_gain":0.0,"max_hp_loss":0.0,"gold_gain":75.0,"event_name":"FaceTrader","player_choice":"Touch","floor":14.0,"gold_loss":0.0,"damage_taken":8.0}],"is_beta":false,"boss_relics":[{"not_picked":["Astrolabe","Busted Crown"],"picked":"Runic Cube"}],"items_purged_floors":[],"is_endless":false,"potions_floor_spawned":[4,7,10,16,21,24],"killed_by":"Slavers","ascension_level":6}}