{"host":"ipnf7ktf1pyxq9u3","time":1612316366,"event":{"mods":["Act Like it!","Aspiration","BaseMod","BetterRewards","Conspire","Downfall","Gremlin Mod","Hallownest","Hermit","Hubris","Infinite Spire","Lobotomy","Minty Spire (QoL Compilation)","Reworked Bosses","Shade Mod","Shop Mod","StSLib","The Bug Knight","The Construct","The Cursed","The Forsaken","The Hierophant","The Jungle","The Necromancer"],"gold_per_floor":[99,99,99,129,129,91,115,133,159,59,88,88,73,173,185,282,282,182,201,201,220,237,263,345,345,345,345],"floor_reached":25,"language":"ENG","playtime":1625,"items_purged":[],"score":263,"play_id":"e1fe19d3-4b37-4e0f-8d37-b60d7cb51cf1","local_time":"20210203123926","is_ascension_mode":true,"campfire_choices":[{"floor":1,"key":"RECALL"},{"data":"bronze:Replicate","floor":10,"key":"SMITH"},{"data":"bronze:FollowUp","floor":12,"key":"SMITH"},{"data":"bronze:Library","floor":18,"key":"SMITH"}],"circlet_count":0,"master_deck":["bronze:Strike","bronze:Strike","bronze:Strike","bronze:Strike","bronze:Defend","bronze:Defend","bronze:Defend","bronze:Defend","bronze:Replicate+1","bronze:Goto","bronze:Branch","bronze:FollowUp+1","bronze:WildBeam","bronze:MaxOutput","bronze:BugBarrage","bronze:Library+1","bronze:ChosenStrike+1","bronze:Refactor"],"relics":["bronze:PlatinumCore","downfall:HeartsMalice","Bronze Scales","aspiration:FetidBarrel","Bag of Preparation","Omamori","downfall:HeartBlessingRed","Ancient Tea Set","downfall:HeartBlessingGreen","Nunchaku","Singing Bowl"],"acts_visited":["Exordium","TheCity"],"potions_floor_usage":[],"damage_taken":[{"damage":0,"enemies":"2 Louse","floor":2,"turns":1},{"damage":0,"enemies":"Small Slimes","floor":5,"turns":1},{"damage":0,"enemies":"downfall:FleeingMerchant","floor":6,"turns":1},{"damage":1,"enemies":"Jaw Worm","floor":8,"turns":3},{"damage":19,"enemies":"Lagavulin","floor":9,"turns":7},{"damage":0,"enemies":"3 Sentries","floor":11,"turns":6},{"damage":0,"enemies":"downfall:FleeingMerchant","floor":13,"turns":4},{"damage":4,"enemies":"Lots of Slimes","floor":15,"turns":2},{"damage":17,"enemies":"SI_SHIV_ARCHETYPE","floor":16,"turns":7},{"damage":0,"enemies":"conspire:FuzzyDice","floor":19,"turns":4},{"damage":9,"enemies":"Snecko","floor":21,"turns":3},{"damage":1,"enemies":"conspire:HollyBat","floor":22,"turns":4},{"damage":9,"enemies":"HollowMod:Nosk","floor":23,"turns":5},{"damage":0,"enemies":"Centurion and Healer","floor":25,"turns":1}],"seed_played":"-2458885662081721585","potions_obtained":[{"floor":9,"key":"bronze:FreeFunctionsPotion"},{"floor":15,"key":"PowerPotion"},{"floor":16,"key":"Dexterity Potion"}],"is_trial":false,"path_per_floor":["R","M","?","?","M","$","T","M","E","R","E","R","$","?","M","B",null,"R","M","?","M","M","E","T","M"],"character_chosen":"THE_AUTOMATON","items_purchased":["bronze:FollowUp"],"campfire_rested":0,"item_purchase_floors":[6],"current_hp_per_floor":[70,70,52,52,52,52,52,51,32,32,32,32,32,32,28,11,70,70,70,70,61,60,51,51,51,51,51],"gold":345,"neow_bonus":"THREE_ENEMY_KILL","is_daily":false,"chose_seed":false,"campfire_upgraded":3,"win_rate":0.0,"timestamp":1612316366,"path_taken":["R","M","?","?","M","?","T","M","E","R","E","R","$","?","M","BOSS","R","M","?","M","M","E","T","M"],"items_purchased_type":["Card"],"build_version":"2020-12-22","purchased_purges":0,"victory":false,"max_hp_per_floor":[70,70,70,70,70,70,70,70,70,70,70,70,70,70,70,70,70,70,70,70,70,70,70,70,70,70,70],"card_choices":[{"not_picked":["bronze:Deprecate","bronze:Invalidate"],"picked":"bronze:Branch","floor":2},{"not_picked":["bronze:Deprecate","bronze:Repair","bronze:DelayedSlice"],"picked":"SKIP","floor":5},{"not_picked":["bronze:CutThrough","bronze:FineTuning","bronze:BugBarrage"],"picked":"SKIP","floor":6},{"not_picked":["bronze:Overheat","bronze:ItsAFeature","bronze:OilSpill"],"picked":"SKIP","floor":8},{"not_picked":["bronze:Frontload","bronze:FineTuning"],"picked":"bronze:WildBeam","floor":9},{"not_picked":["bronze:ForLoop","bronze:BitShift","bronze:ClassDefault"],"picked":"SKIP","floor":11},{"not_picked":["bronze:WhirlingStrike","bronze:FineTuning"],"picked":"bronze:MaxOutput","floor":13},{"not_picked":["bronze:Fortify","bronze:Branch"],"picked":"bronze:BugBarrage","floor":15},{"not_picked":["bronze:TinkerersToolbox","bronze:Verify"],"picked":"bronze:Library","floor":16},{"not_picked":["bronze:Branch+1","bronze:Repair"],"picked":"bronze:ChosenStrike+1","floor":19},{"not_picked":["bronze:BronzeArmor","bronze:Frontload","bronze:InfiniteBeams"],"picked":"SKIP","floor":21},{"not_picked":["bronze:Deprecate+1","bronze:DarkDash","bronze:Iterate+1"],"picked":"SKIP","floor":22},{"not_picked":["bronze:Deprecate+1","bronze:DarkDash","bronze:Iterate+1"],"picked":"SKIP","floor":22},{"not_picked":["bronze:DelayedGuard","bronze:Turbo","bronze:Constructor"],"picked":"SKIP","floor":23}],"player_experience":625886,"relics_obtained":[{"floor":7,"key":"Bag of Preparation"},{"floor":9,"key":"Omamori"},{"floor":11,"key":"Ancient Tea Set"},{"floor":23,"key":"Nunchaku"},{"floor":24,"key":"Singing Bowl"}],"event_choices":[{"damage_healed":0,"gold_gain":0,"player_choice":"Success","damage_taken":18,"relics_obtained":["Bronze Scales"],"max_hp_gain":0,"max_hp_loss":0,"event_name":"Scrap Ooze","floor":3,"gold_loss":0},{"damage_healed":0,"gold_gain":0,"player_choice":"Read","damage_taken":0,"max_hp_gain":0,"max_hp_loss":0,"event_name":"The Library","floor":20,"gold_loss":0,"cards_obtained":["bronze:Refactor"]}],"is_beta":false,"boss_relics":[{"not_picked":["Fusion Hammer","hubris:ScarierMask"],"picked":"bronze:PlatinumCore"}],"items_purged_floors":[],"is_endless":false,"potions_floor_spawned":[9,15,16,23],"killed_by":"Centurion and Healer","ascension_level":1}}