{"host":"ol6cojosz79w5ghb","time":1612321260,"event":{"mods":["BaseMod","Minty Spire (QoL Compilation)"],"gold_per_floor":[113,128,142,142,155,155,155,155,208,222,222,282,282,282,282,382,382,392,392,200,200,177,211,227,227,252,252,252,252,252,252],"floor_reached":30,"language":"ENG","playtime":1397,"items_purged":["Armaments"],"score":394,"play_id":"d37e57e1-5259-41da-aa5f-a6df5e3db3c8","local_time":"20210202190100","daily_mods":["Draft","Allstar","Colorless Cards","Heirloom","Time Dilation","Flight"],"is_ascension_mode":false,"campfire_choices":[{"data":"HandOfGreed","floor":6,"key":"SMITH"},{"data":"Flex","floor":7,"key":"SMITH"},{"data":"Seeing Red","floor":8,"key":"SMITH"},{"data":"Flex","floor":11,"key":"SMITH"},{"data":"Finesse","floor":13,"key":"SMITH"},{"data":"Headbutt","floor":15,"key":"SMITH"},{"data":"Inflame","floor":27,"key":"SMITH"}],"circlet_count":0,"master_deck":["Pommel Strike","Cleave","Anger","Anger","Flex+1","Flex+1","Blind","Rampage","Headbutt+1","Twin Strike","Whirlwind","Iron Wave","Shrug It Off","Iron Wave","Seeing Red+1","HandOfGreed+1","Finesse+1","Bludgeon","Headbutt","Pummel+1","Inflame+1"],"relics":["Burning Blood","Lizard Tail","Anchor","Toy Ornithopter","Pocketwatch","Membership Card","Mummified Hand","Bag of Preparation"],"acts_visited":["Exordium","TheCity"],"potions_floor_usage":[16],"damage_taken":[{"damage":0,"enemies":"Cultist","floor":1,"turns":2},{"damage":1,"enemies":"Jaw Worm","floor":2,"turns":2},{"damage":0,"enemies":"2 Louse","floor":3,"turns":1},{"damage":2,"enemies":"Exordium Thugs","floor":5,"turns":2},{"damage":0,"enemies":"2 Fungi Beasts","floor":10,"turns":2},{"damage":0,"enemies":"Lagavulin","floor":12,"turns":3},{"damage":41,"enemies":"The Guardian","floor":16,"turns":6},{"damage":17,"enemies":"Spheric Guardian","floor":18,"turns":4},{"damage":0,"enemies":"Gremlin Leader","floor":23,"turns":3},{"damage":15,"enemies":"2 Thieves","floor":24,"turns":3},{"damage":3,"enemies":"Book of Stabbing","floor":30,"turns":3}],"seed_played":"-7590993925283103980","potions_obtained":[{"floor":2,"key":"DistilledChaos"},{"floor":5,"key":"LiquidMemories"},{"floor":18,"key":"Explosive Potion"},{"floor":24,"key":"FearPotion"}],"is_trial":true,"path_per_floor":["M","M","M","?","M","R","R","R","T","M","R","E","R","?","R","B",null,"M","?","$","?","$","E","M","?","T","R","?","?","E"],"character_chosen":"IRONCLAD","items_purchased":["Membership Card","Headbutt"],"campfire_rested":0,"item_purchase_floors":[20,22],"current_hp_per_floor":[80,80,80,80,80,80,80,80,80,80,80,80,80,73,73,43,80,69,69,69,69,69,75,66,66,66,66,66,66,63,63],"gold":252,"neow_bonus":"","is_daily":false,"chose_seed":false,"campfire_upgraded":7,"win_rate":0.0,"timestamp":1612321260,"path_taken":["M","?","?","?","?","R","R","R","T","?","R","E","R","?","R","BOSS","M","?","?","?","$","E","?","?","T","R","?","?","E"],"items_purchased_type":["Relic","Card"],"build_version":"2020-12-22","purchased_purges":1,"victory":false,"max_hp_per_floor":[80,80,80,80,80,80,80,80,80,80,80,80,80,80,80,80,80,80,80,80,80,80,80,80,80,80,80,80,80,80,80],"card_choices":[{"not_picked":["Flex","Reckless Charge"],"picked":"Pommel Strike","floor":0},{"not_picked":["Reckless Charge","True Grit"],"picked":"Cleave","floor":0},{"not_picked":["Blind","PanicButton"],"picked":"Armaments","floor":0},{"not_picked":["Clothesline","Bandage Up"],"picked":"Anger","floor":0},{"not_picked":["Battle Trance","Wild Strike"],"picked":"Anger","floor":0},{"not_picked":["Feel No Pain","Anger"],"picked":"Flex","floor":0},{"not_picked":["Pummel","Body Slam"],"picked":"Flex","floor":0},{"not_picked":["Warcry","Wild Strike"],"picked":"Blind","floor":0},{"not_picked":["Hemokinesis","Warcry"],"picked":"Perfected Strike","floor":0},{"not_picked":["True Grit","Body Slam"],"picked":"Rampage","floor":0},{"not_picked":["Shrug It Off","Cleave"],"picked":"Headbutt","floor":0},{"not_picked":["Trip","Pommel Strike"],"picked":"Twin Strike","floor":0},{"not_picked":["Sword Boomerang","Swift Strike"],"picked":"Whirlwind","floor":0},{"not_picked":["Twin Strike","Pommel Strike"],"picked":"Iron Wave","floor":0},{"not_picked":["Deep Breath","Dark Embrace"],"picked":"Shrug It Off","floor":0},{"not_picked":["Clothesline","Clash"],"picked":"Iron Wave","floor":1},{"not_picked":["Pommel Strike","Body Slam","Warcry"],"picked":"SKIP","floor":2},{"not_picked":["Thunderclap","Warcry"],"picked":"Seeing Red","floor":3},{"not_picked":["Burning Pact","Cleave"],"picked":"HandOfGreed","floor":5},{"not_picked":["Reckless Charge","PanicButton","Havoc"],"picked":"SKIP","floor":10},{"not_picked":["Intimidate","Dramatic Entrance"],"picked":"Finesse","floor":12},{"not_picked":["Master of Strategy","Sadistic Nature"],"picked":"Bludgeon","floor":16},{"not_picked":["Havoc+1","Clothesline"],"picked":"Enlightenment","floor":18},{"not_picked":["Cleave","Evolve+1"],"picked":"Pummel+1","floor":23},{"not_picked":["Rage","Pommel Strike+1"],"picked":"Inflame","floor":24}],"player_experience":228495,"relics_obtained":[{"floor":9,"key":"Toy Ornithopter"},{"floor":12,"key":"Pocketwatch"},{"floor":23,"key":"Mummified Hand"},{"floor":26,"key":"Bag of Preparation"}],"event_choices":[{"damage_healed":0,"gold_gain":0,"player_choice":"Gave Potion","damage_taken":0,"relics_obtained":["Anchor"],"max_hp_gain":0,"max_hp_loss":0,"event_name":"WeMeetAgain","floor":4,"gold_loss":0},{"cards_removed":["Perfected Strike"],"damage_healed":0,"gold_gain":0,"player_choice":"Card Removal","damage_taken":7,"max_hp_gain":0,"max_hp_loss":0,"event_name":"Golden Wing","floor":14,"gold_loss":0},{"damage_healed":0,"gold_gain":0,"player_choice":"Ignored","damage_taken":0,"max_hp_gain":0,"max_hp_loss":0,"event_name":"The Mausoleum","floor":19,"gold_loss":0},{"damage_healed":0,"gold_gain":0,"player_choice":"Ignored","damage_taken":0,"max_hp_gain":0,"max_hp_loss":0,"event_name":"Duplicator","floor":21,"gold_loss":0},{"cards_removed":["Enlightenment"],"damage_healed":0,"gold_gain":0,"player_choice":"Elegance","damage_taken":0,"max_hp_gain":0,"max_hp_loss":0,"event_name":"Back to Basics","floor":25,"gold_loss":0},{"damage_healed":0,"gold_gain":0,"player_choice":"Ignored","damage_taken":0,"max_hp_gain":0,"max_hp_loss":0,"event_name":"Ghosts","floor":28,"gold_loss":0},{"damage_healed":0,"gold_gain":0,"player_choice":"Ignored","damage_taken":0,"max_hp_gain":0,"max_hp_loss":0,"event_name":"Cursed Tome","floor":29,"gold_loss":0}],"is_beta":false,"boss_relics":[{"not_picked":["Velvet Choker","Mark of Pain","Busted Crown"]}],"items_purged_floors":[20],"is_endless":true,"potions_floor_spawned":[2,5,18,24],"killed_by":"Book of Stabbing","ascension_level":0}}