{"host":"p8bnstsjdxjza4jm","time":1612332721,"event":{"mods":["BaseMod","Colored Powertips","Marisa£¨Ùöéë¡¡Øª×âÞÞ£©","Minty Spire (QoL Compilation)","Quick Restart","StSLib"],"gold_per_floor":[219,233,233,253,141,141,175,193,193,222,222,222,142,157,157,283,283,304,344,369,394,413,413,413,413,413,313,313,313,361,385,385,385,385],"floor_reached":33,"language":"KOR","playtime":1448,"items_purged":["Strike_R","Reckless Charge","Defend_R"],"score":268,"play_id":"5235018b-09f0-45d9-976a-70ef58293412","local_time":"20210203151201","is_ascension_mode":true,"campfire_choices":[{"data":"Hemokinesis","floor":6.0,"key":"SMITH"},{"data":"Combust","floor":15,"key":"SMITH"},{"floor":23,"key":"REST"},{"floor":25,"key":"REST"},{"data":"Blood for Blood","floor":32,"key":"SMITH"}],"circlet_count":0,"master_deck":["Strike_R","Strike_R","Strike_R","Strike_R","Defend_R","Defend_R","Defend_R","Bash","Hemokinesis+1","Combust+1","Rage","Rupture","Blood for Blood+1","Bloodletting+1"],"relics":["Burning Blood","Self Forming Clay","The Courier","Ornamental Fan","Tiny Chest","Golden Idol","Black Star","Red Mask","Pen Nib","Regal Pillow","PreservedInsect"],"acts_visited":["Exordium","TheCity"],"potions_floor_usage":[16,16,19,24],"damage_taken":[{"damage":7.0,"enemies":"2 Louse","floor":1.0,"turns":2.0},{"damage":10.0,"enemies":"Small Slimes","floor":2.0,"turns":3.0},{"damage":5.0,"enemies":"Jaw Worm","floor":4.0,"turns":3.0},{"damage":18.0,"enemies":"Lagavulin","floor":7.0,"turns":4.0},{"damage":10.0,"enemies":"Blue Slaver","floor":8.0,"turns":2.0},{"damage":8.0,"enemies":"Gremlin Nob","floor":10.0,"turns":3.0},{"damage":11,"enemies":"3 Louse","floor":14,"turns":3},{"damage":34,"enemies":"Slime Boss","floor":16,"turns":9},{"damage":35,"enemies":"3 Byrds","floor":18,"turns":6},{"damage":22,"enemies":"Masked Bandits","floor":19,"turns":4},{"damage":24,"enemies":"2 Thieves","floor":21,"turns":4},{"damage":8,"enemies":"Cultist and Chosen","floor":22,"turns":6},{"damage":2,"enemies":"Snecko","floor":24,"turns":3},{"damage":21,"enemies":"Snake Plant","floor":31,"turns":4},{"damage":65,"enemies":"Collector","floor":33,"turns":7}],"seed_played":"-2700451918879788915","potions_obtained":[{"floor":1.0,"key":"Weak Potion"},{"floor":2.0,"key":"EntropicBrew"},{"floor":7.0,"key":"Weak Potion"},{"floor":14,"key":"Block Potion"},{"floor":21,"key":"SmokeBomb"}],"is_trial":false,"path_per_floor":["M","M","?","M","$","R","E","M","T","E","?","?","$","M","R","B",null,"M","?","T","M","M","R","M","R","T","$","?","?","T","M","R","B"],"character_chosen":"IRONCLAD","items_purchased":["Combust"],"campfire_rested":2,"item_purchase_floors":[5],"current_hp_per_floor":[79,75,68,69,69,69,57,53,53,51,51,74,74,69,69,41,74,45,29,29,11,9,31,35,57,57,57,57,74,74,59,59,0,0],"gold":385,"neow_bonus":"HUNDRED_GOLD","is_daily":false,"chose_seed":false,"campfire_upgraded":3,"win_rate":0.0,"timestamp":1612332721,"path_taken":["M","M","?","M","$","R","E","M","T","E","?","?","$","M","R","BOSS","M","?","?","M","?","R","M","R","T","$","?","?","?","M","R","BOSS"],"items_purchased_type":["Card"],"build_version":"2020-12-22","purchased_purges":3,"victory":false,"max_hp_per_floor":[80,80,80,80,80,80,80,80,80,80,74,74,74,74,74,74,74,74,74,74,74,74,74,74,74,74,74,74,74,74,74,74,74,74],"card_choices":[{"not_picked":["Disarm","Thunderclap"],"picked":"Reckless Charge","floor":1.0},{"not_picked":["Flex","Pommel Strike","Perfected Strike"],"picked":"SKIP","floor":2.0},{"not_picked":["Clothesline","Rage"],"picked":"Hemokinesis","floor":4.0},{"not_picked":["Power Through","Warcry","Heavy Blade"],"picked":"SKIP","floor":7.0},{"not_picked":["Iron Wave","Perfected Strike","Impervious"],"picked":"SKIP","floor":8.0},{"not_picked":["Seeing Red","Thunderclap"],"picked":"Rage","floor":10.0},{"not_picked":["Infernal Blade","Dark Embrace","Headbutt"],"picked":"SKIP","floor":14},{"not_picked":["Flex","Havoc+1","Ghostly Armor"],"picked":"SKIP","floor":18},{"not_picked":["Ghostly Armor+1","Shrug It Off"],"picked":"Rupture","floor":21},{"not_picked":["Perfected Strike","True Grit","Pommel Strike"],"picked":"SKIP","floor":22},{"not_picked":["Dropkick","Fire Breathing"],"picked":"Bloodletting+1","floor":31}],"player_experience":86307,"relics_obtained":[{"floor":7.0,"key":"The Courier"},{"floor":9.0,"key":"Ornamental Fan"},{"floor":10.0,"key":"Tiny Chest"},{"floor":19,"key":"Red Mask"},{"floor":20,"key":"Pen Nib"},{"floor":26,"key":"Regal Pillow"},{"floor":30,"key":"PreservedInsect"}],"event_choices":[{"damage_healed":0.0,"max_hp_gain":0.0,"max_hp_loss":0.0,"gold_gain":0.0,"event_name":"Scrap Ooze","player_choice":"Success","floor":3.0,"gold_loss":0.0,"damage_taken":7.0,"relics_obtained":["Self Forming Clay"]},{"damage_healed":0.0,"max_hp_gain":0.0,"max_hp_loss":6.0,"gold_gain":0.0,"event_name":"Golden Idol","player_choice":"Lose Max HP","floor":11.0,"gold_loss":0.0,"damage_taken":0.0,"relics_obtained":["Golden Idol"]},{"damage_healed":24.0,"max_hp_gain":0.0,"max_hp_loss":0.0,"gold_gain":0.0,"event_name":"Big Fish","player_choice":"Banana","floor":12.0,"gold_loss":0.0,"damage_taken":0.0},{"damage_healed":0,"gold_gain":0,"player_choice":"Fought Bandits","damage_taken":0,"max_hp_gain":0,"max_hp_loss":0,"event_name":"Masked Bandits","floor":19,"gold_loss":0},{"damage_healed":0,"gold_gain":0,"player_choice":"Read","damage_taken":0,"max_hp_gain":0,"max_hp_loss":0,"event_name":"The Library","floor":28,"gold_loss":0,"cards_obtained":["Blood for Blood"]},{"damage_healed":17,"gold_gain":0,"player_choice":"Full Heal","damage_taken":0,"max_hp_gain":0,"max_hp_loss":0,"event_name":"Wheel of Change","floor":29,"gold_loss":0}],"is_beta":false,"boss_relics":[{"not_picked":["SacredBark","Runic Pyramid"],"picked":"Black Star"}],"items_purged_floors":[5,13,27],"is_endless":false,"potions_floor_spawned":[1,2,7,14,21],"killed_by":"Collector","ascension_level":1}}