{"host":"5h6e4l6hpn0p5lap","time":1612357003,"event":{"mods":["AchievementEnabler","BaseMod","Better Altar","Better Match","Better Sensory Stone","Better Skull","Better Third Choice","Colored Map","Filter the Spire","Minty Spire (QoL Compilation)","StSLib"],"gold_per_floor":[113,133,208,219,232,232,250,269,269,269,286,20,34,64,64,161,161,173,184,283,85,105,115,15,15,15,15,41,55,70,70,70,170,170,190,203,203,221,236,236,270,270,270,270,281,281,292,322,322,322,322,322,7,36,36],"floor_reached":56,"language":"ENG","playtime":3526,"items_purged":["Strike_R","Strike_R"],"score":1285,"play_id":"fe218dff-4819-4d80-975c-10c55f25fe7b","local_time":"20210203075643","is_ascension_mode":false,"campfire_choices":[{"data":"Whirlwind","floor":6,"key":"SMITH"},{"data":"Apotheosis","floor":15,"key":"SMITH"},{"floor":27,"key":"REST"},{"floor":32,"key":"REST"},{"floor":40,"key":"RECALL"},{"floor":42,"key":"REST"},{"floor":44,"key":"REST"},{"floor":49,"key":"REST"},{"floor":52,"key":"REST"}],"circlet_count":0,"master_deck":["Strike_R","Strike_R","Strike_R","Defend_R","Defend_R","Defend_R","Defend_R","Bash","Whirlwind+1","Inflame","Rupture","Sword Boomerang","Heavy Blade","Shrug It Off","Feed","Clothesline","Apotheosis+1","Flame Barrier","Berserk","Impervious","Reaper","Pummel","Shrug It Off","Flex","Shame","Flex","Shockwave+1","Shrug It Off","Immolate","Inflame","Trip","Shrug It Off","Hemokinesis+1","Brutality","Combust","Metamorphosis","Intimidate"],"relics":["Burning Blood","Pen Nib","Ginger","Fusion Hammer","Orrery","MealTicket","Blue Candle","Boot","Runic Pyramid","Vajra","Dream Catcher","Du-Vu Doll","Happy Flower"],"acts_visited":["Exordium","TheCity","TheBeyond","TheEnding"],"potions_floor_usage":[14,14,14,19,33,33,35,48,50,50,54,55,55,55,55,55,55],"damage_taken":[{"damage":7.0,"enemies":"Small Slimes","floor":1.0,"turns":4.0},{"damage":5.0,"enemies":"Cultist","floor":2.0,"turns":4.0},{"damage":0,"enemies":"2 Louse","floor":4,"turns":2},{"damage":23,"enemies":"Red Slaver","floor":5,"turns":4},{"damage":6,"enemies":"2 Fungi Beasts","floor":7,"turns":3},{"damage":6,"enemies":"Exordium Wildlife","floor":8,"turns":4},{"damage":2,"enemies":"3 Louse","floor":11,"turns":2},{"damage":0,"enemies":"Large Slime","floor":13,"turns":5},{"damage":12,"enemies":"Gremlin Nob","floor":14,"turns":4},{"damage":29,"enemies":"Hexaghost","floor":16,"turns":8},{"damage":2,"enemies":"Chosen","floor":18,"turns":4},{"damage":20,"enemies":"2 Thieves","floor":19,"turns":3},{"damage":1,"enemies":"Centurion and Healer","floor":22,"turns":6},{"damage":12,"enemies":"Snake Plant","floor":23,"turns":5},{"damage":20,"enemies":"Book of Stabbing","floor":28,"turns":6},{"damage":13,"enemies":"Snecko","floor":29,"turns":4},{"damage":15,"enemies":"Centurion and Healer","floor":30,"turns":5},{"damage":47,"enemies":"Collector","floor":33,"turns":9},{"damage":7,"enemies":"Orb Walker","floor":35,"turns":2},{"damage":2,"enemies":"3 Darklings","floor":36,"turns":4},{"damage":39,"enemies":"Writhing Mass","floor":38,"turns":5},{"damage":19,"enemies":"Transient","floor":39,"turns":5},{"damage":45,"enemies":"Reptomancer","floor":41,"turns":6},{"damage":14,"enemies":"3 Darklings","floor":45,"turns":3},{"damage":11,"enemies":"Sphere and 2 Shapes","floor":47,"turns":3},{"damage":15,"enemies":"Giant Head","floor":48,"turns":8},{"damage":102,"enemies":"Donu and Deca","floor":50,"turns":8},{"damage":37,"enemies":"Shield and Spear","floor":54,"turns":5},{"damage":87,"enemies":"The Heart","floor":55,"turns":8}],"seed_played":"-7737195578276867166","potions_obtained":[{"floor":1.0,"key":"SpeedPotion"},{"floor":4,"key":"LiquidMemories"},{"floor":5,"key":"EssenceOfSteel"},{"floor":13,"key":"LiquidMemories"},{"floor":14,"key":"Fire Potion"},{"floor":18,"key":"DuplicationPotion"},{"floor":23,"key":"Explosive Potion"},{"floor":29,"key":"Regen Potion"},{"floor":33,"key":"Strength Potion"},{"floor":39,"key":"FearPotion"},{"floor":45,"key":"DistilledChaos"},{"floor":48,"key":"Energy Potion"},{"floor":54,"key":"EntropicBrew"}],"is_trial":false,"path_per_floor":["M","M","?","M","M","R","M","M","T","?","M","$","M","E","R","B",null,"M","M","?","$","M","M","$","?","T","R","E","M","M","?","R","B",null,"M","M","?","M","M","R","E","R","T","R","M","?","M","E","R","B",null,"R","$","E","B",null],"character_chosen":"IRONCLAD","items_purchased":["Apotheosis","Orrery","Shrug It Off","SkillPotion","Metamorphosis","LiquidMemories"],"campfire_rested":6,"item_purchase_floors":[12,21,21,53,53,53],"current_hp_per_floor":[79,80,72,78,61,61,61,61,61,53,60,60,70,64,64,45,91,95,81,81,81,86,89,89,89,89,95,88,88,79,79,95,91,95,94,99,99,92,92,92,77,107,107,107,106,102,100,105,105,27,105,105,105,74,12],"gold":36,"neow_bonus":"THREE_CARDS","is_daily":false,"chose_seed":false,"campfire_upgraded":2,"win_rate":0.0,"timestamp":1612357003,"path_taken":["M","M","?","M","?","R","M","M","T","?","?","$","M","E","R","BOSS","M","M","?","$","M","M","$","?","T","R","E","M","M","?","R","BOSS","M","M","?","M","M","R","E","R","T","R","M","?","M","E","R","BOSS","R","$","E","BOSS"],"items_purchased_type":["Card","Relic","Card","Potion","Card","Potion"],"build_version":"2020-12-22","purchased_purges":2,"victory":true,"max_hp_per_floor":[80,80,80,80,80,80,80,80,80,80,83,83,87,87,87,91,91,95,95,95,95,95,95,95,95,95,95,95,95,95,95,95,95,95,95,99,99,103,103,103,107,107,107,107,107,102,105,105,105,105,105,105,105,105,105],"card_choices":[{"not_picked":["Rupture","Armaments"],"picked":"Whirlwind","floor":0.0},{"not_picked":["Disarm","Second Wind"],"picked":"Inflame","floor":1.0},{"not_picked":["Iron Wave","Reckless Charge"],"picked":"Rupture","floor":2.0},{"not_picked":["Cleave","Perfected Strike"],"picked":"Sword Boomerang","floor":4},{"not_picked":["Dark Embrace","Metallicize"],"picked":"Heavy Blade","floor":5},{"not_picked":["Anger","Warcry"],"picked":"Shrug It Off","floor":7},{"not_picked":["Flex","Cleave"],"picked":"Feed","floor":8},{"not_picked":["Rage","Headbutt"],"picked":"Clothesline","floor":11},{"not_picked":["Seeing Red","Thunderclap"],"picked":"Flame Barrier","floor":13},{"not_picked":["Armaments","Sword Boomerang"],"picked":"Berserk","floor":14},{"not_picked":["Demon Form","Bludgeon"],"picked":"Impervious","floor":16},{"not_picked":["Dropkick+1","Sentinel+1","Perfected Strike+1"],"picked":"SKIP","floor":18},{"not_picked":["Burning Pact","Uppercut","Clothesline"],"picked":"SKIP","floor":19},{"not_picked":["Reckless Charge","Metallicize"],"picked":"Reaper","floor":21},{"not_picked":["Rupture+1","Headbutt"],"picked":"Pummel","floor":21},{"not_picked":["Iron Wave","Dual Wield"],"picked":"Flex","floor":22},{"not_picked":["Sword Boomerang","Rampage","Sentinel"],"picked":"SKIP","floor":23},{"not_picked":["Carnage","Clothesline"],"picked":"Flex","floor":28},{"not_picked":["Blood for Blood","Fire Breathing"],"picked":"Shockwave+1","floor":29},{"not_picked":["Body Slam","Clash+1"],"picked":"Shrug It Off","floor":30},{"not_picked":["Exhume","Brutality"],"picked":"Immolate","floor":33},{"not_picked":["Wild Strike+1","True Grit","Metallicize"],"picked":"SKIP","floor":35},{"not_picked":["Twin Strike","Blood for Blood"],"picked":"Inflame","floor":36},{"not_picked":["Madness","Impatience"],"picked":"Trip","floor":37},{"not_picked":["Sentinel+1","True Grit"],"picked":"Shrug It Off","floor":38},{"not_picked":["Blood for Blood+1","Warcry"],"picked":"Hemokinesis+1","floor":39},{"not_picked":["Iron Wave+1","Armaments+1","Havoc+1"],"picked":"SKIP","floor":41},{"not_picked":["Thunderclap+1","Pommel Strike+1"],"picked":"Brutality","floor":44},{"not_picked":["Warcry+1","Inflame","Shrug It Off+1"],"picked":"SKIP","floor":45},{"not_picked":["Whirlwind+1","Shockwave","Anger+1"],"picked":"SKIP","floor":47},{"not_picked":["Rampage+1","Wild Strike+1"],"picked":"Combust","floor":48},{"not_picked":["Flex","Pummel"],"picked":"Intimidate","floor":54}],"player_experience":1050866,"relics_obtained":[{"floor":9,"key":"Pen Nib"},{"floor":14,"key":"Ginger"},{"floor":28,"key":"Blue Candle"},{"floor":41,"key":"Vajra"},{"floor":43,"key":"Dream Catcher"},{"floor":48,"key":"Du-Vu Doll"},{"floor":54,"key":"Happy Flower"}],"event_choices":[{"damage_healed":0,"gold_gain":75,"player_choice":"Touch","damage_taken":8,"max_hp_gain":0,"max_hp_loss":0,"event_name":"FaceTrader","floor":3,"gold_loss":0},{"damage_healed":0,"gold_gain":0,"player_choice":"Damaged","damage_taken":8,"max_hp_gain":0,"max_hp_loss":0,"event_name":"Wheel of Change","floor":10,"gold_loss":0},{"damage_healed":0,"gold_gain":99,"player_choice":"Steal","damage_taken":0,"max_hp_gain":0,"max_hp_loss":0,"event_name":"betterThird:BetterNest","floor":20,"gold_loss":0},{"damage_healed":0,"gold_gain":0,"player_choice":"Stole Relic","damage_taken":0,"relics_obtained":["MealTicket"],"max_hp_gain":0,"max_hp_loss":0,"event_name":"Addict","floor":25,"gold_loss":0,"cards_obtained":["Shame"]},{"damage_healed":0,"gold_gain":0,"player_choice":"Opened","damage_taken":0,"relics_obtained":["Boot"],"max_hp_gain":0,"max_hp_loss":0,"event_name":"The Mausoleum","floor":31,"gold_loss":0},{"damage_healed":0,"gold_gain":3,"player_choice":"1","damage_taken":0,"max_hp_gain":0,"max_hp_loss":0,"event_name":"betterStone:BetterStone","floor":37,"gold_loss":0},{"damage_healed":0,"gold_gain":0,"player_choice":"Max HP","damage_taken":0,"max_hp_gain":0,"max_hp_loss":5,"event_name":"Winding Halls","floor":46,"gold_loss":0}],"is_beta":false,"boss_relics":[{"not_picked":["Ectoplasm","Black Star"],"picked":"Fusion Hammer"},{"not_picked":["SacredBark","Tiny House"],"picked":"Runic Pyramid"}],"items_purged_floors":[12,24],"is_endless":false,"potions_floor_spawned":[1,4,5,13,14,18,23,29,33,39,45,48,54],"ascension_level":0}}