{"host":"fa19f27vz2zfochh","time":1612355778,"event":{"mods":["Act Like it!","Aspiration","BaseMod","Better Third Choice","Conspire","Downfall","Energized Spire","Halation","Hallownest","Hubris","Infinite Spire","Ironclad Rager","Minty Spire (QoL Compilation)","Relic Stats","Replay The Spire","StSLib","The Bug Knight"],"gold_per_floor":[99,110,128,79,93,93,174,174,185,285,285,300,300,313,323,426,426,426,440,199,213,7,27,27,27,27,44,44,44,42,42,60,163,163,163,180,34,50,60,70,70,70,88,88,102,120,120,120,140,140],"floor_reached":51,"language":"ENG","playtime":2130,"items_purged":["bronze:Strike","bronze:Strike"],"score":745,"play_id":"ec891351-1cbe-4146-8d61-ab60412a80d7","local_time":"20210203133618","is_ascension_mode":false,"campfire_choices":[{"data":"bronze:Goto","floor":1,"key":"SMITH"},{"floor":8,"key":"REST"},{"floor":11,"key":"REST"},{"data":"bronze:Iterate","floor":13,"key":"SMITH"},{"data":"bronze:DelayedSlice","floor":18,"key":"SMITH"},{"floor":25,"key":"REST"},{"floor":29,"key":"REST"},{"data":"bronze:Verify","floor":35,"key":"SMITH"}],"circlet_count":0,"master_deck":["bronze:Strike","bronze:Strike","bronze:Defend","bronze:Defend","bronze:Defend","bronze:Defend","bronze:Replicate","bronze:Goto+1","bronze:WhirlingStrike","bronze:DelayedSlice+1","bronze:FineTuning","bronze:FineTuning","bronze:Iterate+1","bronze:Constructor","bronze:CutThrough","bronze:Verify+1","bronze:DelayedSlice+1","bronze:Iterate+1","bronze:Boost+1","bronze:Branch+1","bronze:WhirlingStrike+1","bronze:Flail+1","bronze:Separator+1","infinitespire:UltimateForm"],"relics":["bronze:BronzeCore","Meat on the Bone","Potion Belt","Painkiller Herb","Pen Nib","hubris:EmptyBottle","Du-Vu Doll","Iron Hammer","aspiration:DefectSkillbook","Anchor","Chameleon Ring","Lee\u0027s Waffle","Coffee Dripper"],"acts_visited":["Exordium","TheCity","TheBeyond"],"potions_floor_usage":[16,23,27,40,50,50,50,50,50,50],"damage_taken":[{"damage":10,"enemies":"Small Slimes","floor":2,"turns":3},{"damage":1,"enemies":"Cultist","floor":3,"turns":3},{"damage":5,"enemies":"downfall:FleeingMerchant","floor":4,"turns":4},{"damage":1,"enemies":"Jaw Worm","floor":5,"turns":2},{"damage":11,"enemies":"Exordium Wildlife","floor":9,"turns":3},{"damage":38,"enemies":"downfall:LadyInBlue","floor":10,"turns":10},{"damage":0,"enemies":"2 Fungi Beasts","floor":12,"turns":1},{"damage":2,"enemies":"3 Louse","floor":14,"turns":2},{"damage":0,"enemies":"Blue Slaver","floor":15,"turns":3},{"damage":28,"enemies":"IC_STATUS_ARCHETYPE","floor":16,"turns":7},{"damage":6,"enemies":"conspire:FuzzyDice","floor":19,"turns":7},{"damage":10,"enemies":"downfall:FleeingMerchant","floor":20,"turns":4},{"damage":0,"enemies":"3 Byrds","floor":21,"turns":2},{"damage":4,"enemies":"downfall:FleeingMerchant","floor":22,"turns":4},{"damage":19,"enemies":"Snake Plant","floor":23,"turns":3},{"damage":15,"enemies":"Centurion and Healer","floor":27,"turns":6},{"damage":9,"enemies":"downfall:FleeingMerchant","floor":30,"turns":3},{"damage":0,"enemies":"3 Cultists","floor":32,"turns":2},{"damage":46,"enemies":"DF_ARCHETYPE_CLAW","floor":33,"turns":6},{"damage":8,"enemies":"3 Darklings","floor":36,"turns":3},{"damage":0,"enemies":"3 Shapes","floor":38,"turns":2},{"damage":0,"enemies":"Jaw Worm Horde","floor":39,"turns":2},{"damage":11,"enemies":"Spire Growth","floor":40,"turns":4},{"damage":1,"enemies":"3 Darklings","floor":43,"turns":2},{"damage":21,"enemies":"Writhing Mass","floor":45,"turns":6},{"damage":2,"enemies":"Jaw Worm Horde","floor":46,"turns":3},{"damage":26,"enemies":"Writhing Mass","floor":49,"turns":5},{"damage":4,"enemies":"SI_POISON_ARCHETYPE","floor":50,"turns":4}],"seed_played":"-7888894938006811766","potions_obtained":[{"floor":2,"key":"Guardian:BlockOnCardUsePotion"},{"floor":5,"key":"Guardian:BlockOnCardUsePotion"},{"floor":9,"key":"Dexterity Potion"},{"floor":10,"key":"Flashbang"},{"floor":10,"key":"Weak Potion"},{"floor":15,"key":"PowerPotion"},{"floor":16,"key":"DuplicationPotion"},{"floor":19,"key":"bronze:FreeFunctionsPotion"},{"floor":21,"key":"bronze:BuildAFunctionPotion"},{"floor":39,"key":"Strength Potion"}],"is_trial":false,"path_per_floor":["R","M","M","$","M","?","T","R","M","?","R","M","R","M","M","B",null,"T","?","T","?","T","?","T","T","?","?","?","T","T","?","?","B",null,"T","?","T","?","?","?","T","?","?","T","?","?","AVR","?","?","B",null],"character_chosen":"THE_AUTOMATON","items_purchased":["bronze:FineTuning","Pen Nib","hubris:EmptyBottle","bronze:Iterate+1","Iron Hammer","Anchor"],"campfire_rested":4,"item_purchase_floors":[4,20,22,22,30,37],"current_hp_per_floor":[63,53,52,47,46,46,46,71,60,34,59,59,59,57,57,41,84,84,78,68,68,64,45,45,70,70,55,55,80,71,71,71,37,84,84,76,76,76,76,65,65,65,64,64,43,53,91,91,65,61],"gold":140,"neow_bonus":"TWENTY_PERCENT_HP_BONUS","is_daily":false,"chose_seed":false,"campfire_upgraded":4,"win_rate":0.0,"timestamp":1612355778,"path_taken":["R","M","M","$","M","?","T","R","M","?","R","M","R","M","M","BOSS","T","?","T","?","T","?","T","T","?","?","?","T","?","?","?","BOSS","T","?","T","?","?","?","T","?","?","T","?","?","AVR","?","?","BOSS"],"items_purchased_type":["Card","Relic","Relic","Card","Relic","Relic"],"build_version":"2020-12-22","purchased_purges":2,"victory":true,"max_hp_per_floor":[84,84,84,84,84,84,84,84,84,84,84,84,84,84,84,84,84,84,84,84,84,84,84,84,84,84,84,84,84,84,84,84,84,84,84,84,84,84,84,84,84,84,84,84,84,84,91,91,91,91],"relic_stats":{"Lee\u0027s Waffle":38,"counters":[28,105],"Pen Nib":[15],"obtain_stats":[{"Potion Belt":10,"Lee\u0027s Waffle":47,"bronze:BronzeCore":0,"Painkiller Herb":17,"Pen Nib":20,"hubris:EmptyBottle":22,"Du-Vu Doll":24,"Anchor":37,"Chameleon Ring":41,"aspiration:DefectSkillbook":34,"Iron Hammer":30,"Coffee Dripper":47,"Meat on the Bone":7},{"Potion Belt":6,"Lee\u0027s Waffle":26,"bronze:BronzeCore":0,"Painkiller Herb":10,"Pen Nib":12,"hubris:EmptyBottle":14,"Du-Vu Doll":15,"Anchor":20,"Chameleon Ring":23,"aspiration:DefectSkillbook":19,"Iron Hammer":17,"Coffee Dripper":26,"Meat on the Bone":4},{"Potion Belt":25,"Lee\u0027s Waffle":96,"bronze:BronzeCore":0,"Painkiller Herb":38,"Pen Nib":49,"hubris:EmptyBottle":55,"Du-Vu Doll":58,"Anchor":78,"Chameleon Ring":85,"aspiration:DefectSkillbook":75,"Iron Hammer":67,"Coffee Dripper":96,"Meat on the Bone":12}],"Meat on the Bone":48},"card_choices":[{"not_picked":["bronze:Deprecate","bronze:BuggyMess","bronze:ForLoop"],"picked":"SKIP","floor":2},{"not_picked":["bronze:CloningBeam","bronze:ClassDefault"],"picked":"bronze:WhirlingStrike","floor":3},{"not_picked":["bronze:Fortify","bronze:WhirlingStrike"],"picked":"bronze:DelayedSlice","floor":4},{"not_picked":["bronze:WildBeam","bronze:Branch"],"picked":"bronze:Iterate","floor":5},{"not_picked":["bronze:WhirlingStrike","bronze:DelayedSlice","bronze:Overheat"],"picked":"SKIP","floor":9},{"not_picked":["bronze:Repulsor","bronze:BronzeArmor"],"picked":"bronze:Constructor","floor":12},{"not_picked":["bronze:Deprecate","bronze:HardenedForm","bronze:OilSpill"],"picked":"SKIP","floor":14},{"not_picked":["bronze:Philosophize","bronze:Deprecate"],"picked":"bronze:CutThrough","floor":15},{"not_picked":["bronze:Break","bronze:CleanCode"],"picked":"bronze:Verify","floor":16},{"not_picked":["bronze:Deprecate+1","bronze:GetLatest+1"],"picked":"bronze:DelayedSlice+1","floor":19},{"not_picked":["bronze:ThunderWave","bronze:DelayedSlice","bronze:CutThrough"],"picked":"SKIP","floor":20},{"not_picked":["bronze:ClassDefault","bronze:CutThrough+1","bronze:WildBeam"],"picked":"SKIP","floor":21},{"not_picked":["bronze:Constructor+1","bronze:WhirlingStrike","bronze:Turbo"],"picked":"SKIP","floor":22},{"not_picked":["bronze:Frontload","bronze:Safeguard+1","bronze:WhirlingStrike"],"picked":"SKIP","floor":23},{"not_picked":["bronze:Deprecate+1","bronze:WildBeam","bronze:DarkDash"],"picked":"SKIP","floor":27},{"not_picked":["bronze:Turbo","bronze:DarkDash+1"],"picked":"bronze:Boost+1","floor":30},{"not_picked":["bronze:Deprecate","bronze:DelayedSlice+1","bronze:Fortify"],"picked":"SKIP","floor":32},{"not_picked":["Go for the Eyes+1","Chaos","bronze:Constructor"],"picked":"bronze:Branch+1","floor":36},{"not_picked":["Lockon","bronze:Overheat+1","Hologram+1"],"picked":"bronze:WhirlingStrike+1","floor":38},{"not_picked":["Stack+1","Sweeping Beam","Turbo+1","bronze:Overheat"],"picked":"SKIP","floor":39},{"not_picked":["Steam","bronze:Turbo+1","Reinforced Body","bronze:FollowUp"],"picked":"SKIP","floor":40},{"not_picked":["bronze:Mutator","Ball Lightning+1","bronze:Safeguard"],"picked":"bronze:Flail+1","floor":43},{"not_picked":["bronze:Boost","Rebound","bronze:DelayedGuard"],"picked":"bronze:Separator+1","floor":45},{"not_picked":["Blizzard+1","bronze:Overheat","bronze:CutThrough","Cold Snap+1"],"picked":"SKIP","floor":46},{"not_picked":["Crystallizer","bronze:BitShift","Stack","bronze:Constructor+1"],"picked":"SKIP","floor":49}],"player_experience":414793,"relics_obtained":[{"floor":7,"key":"Meat on the Bone"},{"floor":10,"key":"Potion Belt"},{"floor":24,"key":"Du-Vu Doll"},{"floor":41,"key":"Chameleon Ring"}],"event_choices":[{"damage_healed":0,"gold_gain":0,"player_choice":"Ignored","damage_taken":0,"max_hp_gain":0,"max_hp_loss":0,"event_name":"Mysterious Sphere","floor":42,"gold_loss":0}],"is_beta":false,"boss_relics":[{"not_picked":["halation:Prosthetics","Snecko Heart"],"picked":"Painkiller Herb"},{"not_picked":["energizedSpire:NeverEndingSparkler","halation:PinkAlligatorPlush"],"picked":"aspiration:DefectSkillbook"}],"items_purged_floors":[20,30],"is_endless":false,"potions_floor_spawned":[2,5,9,12,15,16,19,21,23,33,36,39,45,49],"ascension_level":0}}