{"host":"92wx9z21c4p52du4","time":1612379440,"event":{"mods":["BaseMod","Downfall","Hermit","Minty Spire (QoL Compilation)","Reliquary","StSLib","The Hierophant"],"gold_per_floor":[114,133,133,83,108,118,146,146,146,146,146,182,216,3,3,3,3],"floor_reached":16,"language":"ENG","playtime":555,"items_purged":["hierophant:Strike_Hierophant"],"score":119,"play_id":"650cc635-406e-4620-9c74-52f91e876fde","local_time":"20210203131040","is_ascension_mode":false,"campfire_choices":[{"data":"hierophant:Patience","floor":8,"key":"SMITH"},{"data":"hierophant:FaithHealing","floor":11,"key":"SMITH"},{"floor":15,"key":"REST"}],"circlet_count":0,"master_deck":["hierophant:Strike_Hierophant","hierophant:Punish","hierophant:Defend_Hierophant","hierophant:Defend_Hierophant","hierophant:Defend_Hierophant","hierophant:Defend_Hierophant+1","hierophant:ChurchCoffers+1","hierophant:FaithHealing+1","hierophant:Doubloon+1","hierophant:Charity","hierophant:Doubloon","hierophant:Refuge","hierophant:Patience+1","hierophant:Flagellation","hierophant:Doubloon+1","hierophant:Refuge","hierophant:MintersHammer","hierophant:Doubloon+1","hierophant:CoinFling","hierophant:SealAway","Bandage Up"],"relics":["hierophant:PropheticMaskRelic"],"acts_visited":["Exordium"],"potions_floor_usage":[12,13,16],"damage_taken":[{"damage":1,"enemies":"Cultist","floor":1,"turns":3},{"damage":3,"enemies":"2 Louse","floor":2,"turns":2},{"damage":0,"enemies":"Small Slimes","floor":5,"turns":4},{"damage":0,"enemies":"2 Fungi Beasts","floor":6,"turns":2},{"damage":19,"enemies":"Gremlin Gang","floor":7,"turns":4},{"damage":11,"enemies":"Large Slime","floor":12,"turns":4},{"damage":0,"enemies":"Exordium Wildlife","floor":13,"turns":1},{"damage":58,"enemies":"Hexaghost","floor":16,"turns":10}],"seed_played":"8948928406673486094","potions_obtained":[{"floor":1,"key":"sneckomod:MuddlingPotion"},{"floor":7,"key":"DuplicationPotion"},{"floor":12,"key":"bronze:BurnAndBuffPotion"}],"is_trial":false,"path_per_floor":["M","M","?","?","M","M","M","R","T","?","R","M","M","$","R","B"],"character_chosen":"HIEROPHANT","items_purchased":["hierophant:SealAway","Bandage Up"],"campfire_rested":1,"item_purchase_floors":[14,14],"current_hp_per_floor":[74,71,56,56,56,56,37,37,37,37,37,26,26,26,48,0,0],"gold":3,"neow_bonus":"UPGRADE_CARD","is_daily":false,"chose_seed":false,"campfire_upgraded":2,"win_rate":0.0,"timestamp":1612379440,"path_taken":["M","?","?","?","M","M","M","R","T","?","R","?","M","$","R","BOSS"],"items_purchased_type":["Card","Card"],"build_version":"2020-12-22","purchased_purges":1,"victory":false,"max_hp_per_floor":[75,75,75,75,75,75,75,75,75,75,75,75,75,75,75,75,75],"card_choices":[{"not_picked":["hierophant:FlamingChariot","hierophant:Purify"],"picked":"hierophant:FaithHealing","floor":1},{"not_picked":["hierophant:Chorus","hierophant:FaithHealing"],"picked":"hierophant:Charity","floor":2},{"not_picked":["hierophant:FaithHealing","hierophant:Remorse"],"picked":"hierophant:Refuge","floor":5},{"not_picked":["hierophant:DisplayOfPower","hierophant:Zeal"],"picked":"hierophant:Patience","floor":6},{"not_picked":["hierophant:Remorse","hierophant:ThreeLashes"],"picked":"hierophant:Flagellation","floor":7},{"not_picked":["hierophant:Mercenaries","hierophant:HolyVerse"],"picked":"hierophant:MintersHammer","floor":12},{"not_picked":["hierophant:Doomsaying","hierophant:Remorse"],"picked":"hierophant:CoinFling","floor":13}],"player_experience":237717,"relics_obtained":[],"event_choices":[{"damage_healed":0,"gold_gain":0,"player_choice":"Entered Light","damage_taken":15,"max_hp_gain":0,"max_hp_loss":0,"event_name":"Shining Light","floor":3,"gold_loss":0,"cards_upgraded":["hierophant:Doubloon","hierophant:Defend_Hierophant"]},{"cards_removed":["hierophant:Strike_Hierophant"],"damage_healed":0,"gold_gain":0,"player_choice":"Card Removal","damage_taken":0,"max_hp_gain":0,"max_hp_loss":0,"event_name":"The Cleric","floor":4,"gold_loss":50},{"damage_healed":0,"gold_gain":0,"cards_transformed":["hierophant:Strike_Hierophant"],"player_choice":"Transformed","damage_taken":0,"max_hp_gain":0,"max_hp_loss":0,"event_name":"Transmorgrifier","floor":10,"gold_loss":0,"cards_obtained":["hierophant:Refuge"]}],"is_beta":false,"boss_relics":[],"items_purged_floors":[14],"is_endless":false,"potions_floor_spawned":[1,7,12],"killed_by":"Hexaghost","ascension_level":0}}