{"host":"cj3w8v5z0njuqga9","time":1612372961,"event":{"mods":["BaseMod","BetterRewards","Card Forge","Colored Powertips","Custom Start","Minty Spire (QoL Compilation)","Permanent Neow","Relic Stats","Shop Mod","StSLib"],"gold_per_floor":[109,120,120,120,120,120,130,161,240,267,68,68,82,108,108,179,179,195,212,227,227,227,254,254,254,254],"floor_reached":25,"language":"ENG","playtime":1128,"items_purged":["Strike_B"],"score":642,"play_id":"3441cd13-e1e9-4e9e-a2a4-7c5f7b155d81","local_time":"20210203112241","is_ascension_mode":true,"campfire_choices":[{"data":"Self Repair","floor":6,"key":"SMITH"},{"floor":15,"key":"REST"},{"data":"White Noise","floor":24,"key":"SMITH"}],"circlet_count":0,"master_deck":["AscendersBane","Strike_B","Strike_B","Defend_B+1","Defend_B","Defend_B+1","Zap","Dualcast","Ball Lightning+1","Self Repair+1","Go for the Eyes","Coolheaded","Coolheaded","Darkness","Skim","Static Discharge","White Noise+1","Echo Form","Necronomicurse"],"relics":["Cracked Core","Hammer of Thor","Seething Fire","Anvil of the Gods","Anchor","Runic Capacitor","Thread and Needle","Lantern","Oddly Smooth Stone","Kunai","White Beast Statue","Happy Flower","Busted Crown","Necronomicon","Sundial"],"acts_visited":["Exordium","TheCity"],"potions_floor_usage":[16,25,25],"damage_taken":[{"damage":0,"enemies":"2 Louse","floor":1,"turns":2},{"damage":0,"enemies":"Cultist","floor":2,"turns":2},{"damage":0,"enemies":"Small Slimes","floor":7,"turns":3},{"damage":20,"enemies":"3 Sentries","floor":8,"turns":7},{"damage":11,"enemies":"Lagavulin","floor":10,"turns":6},{"damage":0,"enemies":"3 Louse","floor":13,"turns":4},{"damage":31,"enemies":"Gremlin Nob","floor":14,"turns":4},{"damage":0,"enemies":"The Guardian","floor":16,"turns":12},{"damage":8,"enemies":"Chosen","floor":18,"turns":5},{"damage":16,"enemies":"Spheric Guardian","floor":19,"turns":4},{"damage":11,"enemies":"Snecko","floor":20,"turns":4},{"damage":28,"enemies":"Book of Stabbing","floor":23,"turns":4},{"damage":32,"enemies":"Slavers","floor":25,"turns":3}],"seed_played":"-1188362822588180979","potions_obtained":[{"floor":7,"key":"Strength Potion"},{"floor":8,"key":"EssenceOfDarkness"},{"floor":14,"key":"Block Potion"},{"floor":16,"key":"SkillPotion"},{"floor":19,"key":"DuplicationPotion"},{"floor":20,"key":"FocusPotion"}],"is_trial":false,"path_per_floor":["M","M","?","?","?","R","M","E","T","E","$","?","M","E","R","B",null,"M","M","M","T","?","E","R","E"],"character_chosen":"DEFECT","items_purchased":["Anchor","Runic Capacitor","Coolheaded","Darkness"],"campfire_rested":1,"item_purchase_floors":[0,0,11,11],"current_hp_per_floor":[44,44,44,29,29,29,39,29,29,28,28,28,38,17,39,49,69,71,65,64,64,48,30,30,0,0],"gold":254,"neow_bonus":"","is_daily":false,"chose_seed":false,"campfire_upgraded":2,"win_rate":0.0,"timestamp":1612372961,"path_taken":["M","M","?","?","?","R","?","E","T","E","$","?","M","E","R","BOSS","M","M","M","?","?","E","R","E"],"items_purchased_type":["Relic","Relic","Card","Card"],"build_version":"2020-12-22","purchased_purges":1,"victory":false,"max_hp_per_floor":[75,75,75,75,75,75,75,75,75,75,75,75,75,75,75,75,75,75,75,75,75,75,75,75,75,75],"relic_stats":{"Busted Crown":8,"Happy Flower":[10],"counters":[13,60],"Sundial":[0],"Necronomicon":[0],"Kunai":[5],"obtain_stats":[{"Lantern":0,"Happy Flower":14,"Oddly Smooth Stone":8,"Thread and Needle":0,"Hammer of Thor":0,"Runic Capacitor":0,"Seething Fire":0,"White Beast Statue":10,"Anchor":0,"Busted Crown":17,"Anvil of the Gods":0,"Sundial":23,"Necronomicon":22,"Kunai":9,"Cracked Core":0},{"Lantern":0,"Happy Flower":7,"Oddly Smooth Stone":4,"Thread and Needle":0,"Hammer of Thor":0,"Runic Capacitor":0,"Seething Fire":0,"White Beast Statue":5,"Anchor":0,"Busted Crown":8,"Anvil of the Gods":0,"Sundial":12,"Necronomicon":11,"Kunai":4,"Cracked Core":0},{"Lantern":0,"Happy Flower":28,"Oddly Smooth Stone":14,"Thread and Needle":0,"Hammer of Thor":0,"Runic Capacitor":0,"Seething Fire":0,"White Beast Statue":20,"Anchor":0,"Busted Crown":40,"Anvil of the Gods":0,"Sundial":57,"Necronomicon":53,"Kunai":14,"Cracked Core":0}]},"card_choices":[{"not_picked":["White Noise","Reinforced Body"],"picked":"Ball Lightning","floor":1},{"not_picked":["Sweeping Beam","Rebound"],"picked":"Self Repair","floor":2},{"not_picked":["Chaos","Static Discharge","Gash"],"picked":"SKIP","floor":7},{"not_picked":["Sweeping Beam","Compile Driver"],"picked":"Go for the Eyes","floor":8},{"not_picked":["Amplify","Streamline"],"picked":"Coolheaded","floor":10},{"not_picked":["Rebound","Gash"],"picked":"Static Discharge","floor":13},{"not_picked":["Beam Cell","Self Repair"],"picked":"White Noise","floor":14},{"not_picked":["Go for the Eyes"],"picked":"SKIP","floor":18},{"not_picked":["Streamline"],"picked":"SKIP","floor":19},{"not_picked":["Hologram"],"picked":"SKIP","floor":20},{"not_picked":["Recycle"],"picked":"SKIP","floor":23}],"player_experience":376232,"relics_obtained":[{"floor":8,"key":"Oddly Smooth Stone"},{"floor":9,"key":"Kunai"},{"floor":10,"key":"White Beast Statue"},{"floor":14,"key":"Happy Flower"},{"floor":22,"key":"Necronomicon"},{"floor":23,"key":"Sundial"}],"event_choices":[{"damage_healed":0,"gold_gain":0,"player_choice":"Ignored","damage_taken":0,"max_hp_gain":0,"max_hp_loss":0,"event_name":"Liars Game","floor":3,"gold_loss":0},{"damage_healed":0,"gold_gain":0,"player_choice":"Entered Light","damage_taken":15,"max_hp_gain":0,"max_hp_loss":0,"event_name":"Shining Light","floor":4,"gold_loss":0,"cards_upgraded":["Defend_B","Defend_B"]},{"damage_healed":0,"gold_gain":0,"player_choice":"Upgraded","damage_taken":0,"max_hp_gain":0,"max_hp_loss":0,"event_name":"Upgrade Shrine","floor":5,"gold_loss":0,"cards_upgraded":["Ball Lightning"]},{"damage_healed":0,"gold_gain":0,"cards_transformed":["Strike_B"],"player_choice":"Transformed","damage_taken":0,"max_hp_gain":0,"max_hp_loss":0,"event_name":"Transmorgrifier","floor":12,"gold_loss":0,"cards_obtained":["Skim"]},{"damage_healed":0,"gold_gain":0,"player_choice":"Obtained Book","damage_taken":16,"max_hp_gain":0,"max_hp_loss":0,"event_name":"Cursed Tome","floor":22,"gold_loss":0}],"is_beta":false,"boss_relics":[{"not_picked":["Astrolabe","SlaversCollar"],"picked":"Busted Crown"}],"items_purged_floors":[11],"is_endless":false,"potions_floor_spawned":[7,8,10,13,14,16,18,19,20,23],"killed_by":"Slavers","ascension_level":13}}