{"host":"og2dufvjgkards7m","time":1612314459,"event":{"mods":["AchievementEnabler","BaseMod","Better Match","Better Note","Better Sensory Stone","Block Reminder","Colored Map","Colored Powertips","DeckTracker","Highlight Path","Minty Spire (QoL Compilation)","Rare Cards Sparkle","Relic Sorter","StSLib","SuperFastMode"],"gold_per_floor":[119,119,119,137,153,153,186,197,197,208,208,226,262,275,275,275,275],"floor_reached":16,"language":"SPA","playtime":982,"items_purged":[],"score":131,"play_id":"c0f4a9b4-dba4-4a03-8561-fdd72242516f","local_time":"20210202170739","is_ascension_mode":true,"campfire_choices":[{"data":"Genetic Algorithm","floor":6.0,"key":"SMITH"},{"data":"Multi-Cast","floor":15.0,"key":"SMITH"}],"circlet_count":0,"master_deck":["Strike_B","Strike_B","Strike_B","Defend_B","Defend_B","Defend_B","Defend_B","Zap","Dualcast","Genetic Algorithm+1","Melter","Chaos","Coolheaded","Multi-Cast+1","Beam Cell+1","Tempest","Melter+1"],"relics":["Black Star","White Beast Statue","Shuriken","Toy Ornithopter","Molten Egg 2","Golden Idol","Potion Belt","Meat on the Bone"],"acts_visited":[],"potions_floor_usage":[16],"damage_taken":[{"damage":9.0,"enemies":"2 Louse","floor":1.0,"turns":3.0},{"damage":1.0,"enemies":"Cultist","floor":4.0,"turns":4.0},{"damage":9.0,"enemies":"Jaw Worm","floor":5.0,"turns":6.0},{"damage":20.0,"enemies":"Lagavulin","floor":7.0,"turns":6.0},{"damage":6.0,"enemies":"3 Louse","floor":8.0,"turns":4.0},{"damage":0.0,"enemies":"Looter","floor":10.0,"turns":4.0},{"damage":1.0,"enemies":"Blue Slaver","floor":12.0,"turns":4.0},{"damage":24.0,"enemies":"3 Sentries","floor":13.0,"turns":8.0},{"damage":10.0,"enemies":"Large Slime","floor":14.0,"turns":5.0},{"damage":41,"enemies":"Slime Boss","floor":16,"turns":8}],"seed_played":"-7810178549431728727","potions_obtained":[{"floor":4.0,"key":"FairyPotion"},{"floor":5.0,"key":"EssenceOfDarkness"},{"floor":8.0,"key":"SpeedPotion"},{"floor":10.0,"key":"FocusPotion"},{"floor":12.0,"key":"SteroidPotion"},{"floor":13.0,"key":"BlessingOfTheForge"},{"floor":14.0,"key":"LiquidBronze"}],"is_trial":false,"path_per_floor":["M","?","?","M","M","R","E","M","T","M","?","M","E","M","R","B"],"character_chosen":"DEFECT","items_purchased":[],"campfire_rested":0,"item_purchase_floors":[],"current_hp_per_floor":[66,66,66,65,56,56,36,30,30,30,12,11,21,28,28,0,0],"gold":275,"neow_bonus":"BOSS_RELIC","is_daily":false,"chose_seed":false,"campfire_upgraded":2,"win_rate":0.0,"timestamp":1612314459,"path_taken":["M","?","?","M","M","R","E","M","T","?","?","M","E","M","R","BOSS"],"items_purchased_type":[],"build_version":"2020-12-22","purchased_purges":0,"victory":false,"max_hp_per_floor":[75,75,75,75,75,75,75,75,75,75,75,75,75,75,75,75,75],"card_choices":[{"not_picked":["Coolheaded","Compile Driver"],"picked":"FTL","floor":1.0},{"not_picked":["Rebound","Recycle"],"picked":"Genetic Algorithm","floor":4.0},{"not_picked":["Heatsinks","Coolheaded"],"picked":"Melter","floor":5.0},{"not_picked":["Sweeping Beam","Lockon"],"picked":"Chaos","floor":7.0},{"not_picked":["Redo","Cold Snap"],"picked":"Coolheaded","floor":8.0},{"not_picked":["Go for the Eyes+1","Conserve Battery"],"picked":"Multi-Cast","floor":10.0},{"not_picked":["Leap","Redo"],"picked":"Beam Cell+1","floor":12.0},{"not_picked":["White Noise","Turbo"],"picked":"Tempest","floor":13.0},{"not_picked":["Cold Snap+1","Barrage+1"],"picked":"Melter+1","floor":14.0}],"player_experience":159774,"relics_obtained":[{"floor":7.0,"key":"Shuriken"},{"floor":7.0,"key":"Toy Ornithopter"},{"floor":9.0,"key":"Molten Egg 2"},{"floor":13.0,"key":"Potion Belt"},{"floor":13.0,"key":"Meat on the Bone"}],"event_choices":[{"cards_removed":["Strike_B"],"damage_healed":0.0,"max_hp_gain":0.0,"max_hp_loss":0.0,"gold_gain":0.0,"event_name":"Living Wall","player_choice":"Forget","floor":2.0,"gold_loss":0.0,"damage_taken":0.0},{"cards_removed":["FTL"],"damage_healed":0.0,"max_hp_gain":0.0,"max_hp_loss":0.0,"gold_gain":0.0,"event_name":"WeMeetAgain","player_choice":"Gave Card","floor":3.0,"gold_loss":0.0,"damage_taken":0.0,"relics_obtained":["White Beast Statue"]},{"damage_healed":0.0,"max_hp_gain":0.0,"max_hp_loss":0.0,"gold_gain":0.0,"event_name":"Golden Idol","player_choice":"Take Damage","floor":11.0,"gold_loss":0.0,"damage_taken":18.0,"relics_obtained":["Golden Idol"]}],"is_beta":false,"boss_relics":[],"items_purged_floors":[],"is_endless":false,"potions_floor_spawned":[4,5,8,10,12,13,14],"killed_by":"Slime Boss","ascension_level":3}}