{"host":"9rexl4trwadr43zo","time":1612356625,"event":{"mods":["BaseMod","Colored Map","Minty Spire (QoL Compilation)"],"gold_per_floor":[118,137,154,172,172,172,122,122,122,138,149,149,74,87,87,191,191,206,4,20,20,20],"floor_reached":21,"language":"ENG","playtime":906,"items_purged":["Strike_R","Strike_R"],"score":216,"play_id":"8da416bb-c9fe-4e03-be67-7aa820066c78","local_time":"20210203125025","is_ascension_mode":true,"campfire_choices":[{"data":"Pommel Strike","floor":6,"key":"SMITH"},{"data":"Body Slam","floor":12,"key":"SMITH"},{"floor":15,"key":"REST"}],"circlet_count":0,"master_deck":["Strike_R","Strike_R","Defend_R","Defend_R","Defend_R","Defend_R","Bash+1","Cleave","Pommel Strike+1","Body Slam+1","Limit Break","Clothesline","Flex","Entrench","Shrug It Off+1"],"relics":["Burning Blood","Calipers","Ice Cream","Sozu"],"acts_visited":["Exordium","TheCity"],"potions_floor_usage":[16],"damage_taken":[{"damage":5,"enemies":"Jaw Worm","floor":1,"turns":6},{"damage":7,"enemies":"Small Slimes","floor":2,"turns":3},{"damage":6,"enemies":"2 Louse","floor":3,"turns":2},{"damage":13,"enemies":"Gremlin Gang","floor":4,"turns":3},{"damage":9,"enemies":"Red Slaver","floor":10,"turns":3},{"damage":11,"enemies":"Blue Slaver","floor":11,"turns":3},{"damage":5,"enemies":"3 Louse","floor":14,"turns":2},{"damage":57,"enemies":"Slime Boss","floor":16,"turns":11},{"damage":14,"enemies":"Spheric Guardian","floor":18,"turns":4},{"damage":32,"enemies":"2 Thieves","floor":20,"turns":4},{"damage":41,"enemies":"Chosen and Byrds","floor":21,"turns":6}],"seed_played":"-5105860341474537801","potions_obtained":[{"floor":1,"key":"ElixirPotion"},{"floor":3,"key":"ElixirPotion"},{"floor":10,"key":"Block Potion"},{"floor":16,"key":"Swift Potion"}],"is_trial":false,"path_per_floor":["M","M","M","M","?","R","?","?","T","M","M","R","$","M","R","B",null,"M","$","M","M"],"character_chosen":"IRONCLAD","items_purchased":["Flex","Entrench"],"campfire_rested":1,"item_purchase_floors":[19,19],"current_hp_per_floor":[80,79,79,72,65,65,65,65,65,62,57,57,57,58,80,29,67,59,59,33,0,0],"gold":20,"neow_bonus":"UPGRADE_CARD","is_daily":false,"chose_seed":false,"campfire_upgraded":2,"win_rate":0.0,"timestamp":1612356625,"path_taken":["M","M","M","M","?","R","?","?","T","?","M","R","$","M","R","BOSS","M","$","M","M"],"items_purchased_type":["Card","Card"],"build_version":"2020-12-22","purchased_purges":2,"victory":false,"max_hp_per_floor":[80,80,80,80,80,80,80,80,80,80,80,80,80,80,80,80,80,80,80,80,80,80],"card_choices":[{"not_picked":["Sentinel","Havoc"],"picked":"Cleave","floor":1},{"not_picked":["Perfected Strike","Havoc","Warcry"],"picked":"SKIP","floor":2},{"not_picked":["Anger","Havoc","Clash"],"picked":"SKIP","floor":3},{"not_picked":["Headbutt","Heavy Blade"],"picked":"Pommel Strike","floor":4},{"not_picked":["Iron Wave","Uppercut","Sever Soul"],"picked":"SKIP","floor":10},{"not_picked":["Wild Strike","Sword Boomerang"],"picked":"Body Slam","floor":11},{"not_picked":["Armaments","Heavy Blade","Blood for Blood"],"picked":"SKIP","floor":14},{"not_picked":["Corruption","Immolate"],"picked":"Limit Break","floor":16},{"not_picked":["Headbutt","Anger+1"],"picked":"Clothesline","floor":18},{"not_picked":["Anger","Perfected Strike+1"],"picked":"Shrug It Off+1","floor":20}],"player_experience":295202,"relics_obtained":[{"floor":9,"key":"Ice Cream"}],"event_choices":[{"damage_healed":0,"gold_gain":0,"player_choice":"Success","damage_taken":7,"relics_obtained":["Calipers"],"max_hp_gain":0,"max_hp_loss":0,"event_name":"Scrap Ooze","floor":5,"gold_loss":0},{"cards_removed":["Strike_R"],"damage_healed":0,"gold_gain":0,"player_choice":"Card Removal","damage_taken":0,"max_hp_gain":0,"max_hp_loss":0,"event_name":"The Cleric","floor":7,"gold_loss":50},{"damage_healed":0,"gold_gain":0,"player_choice":"0 cards matched","damage_taken":0,"max_hp_gain":0,"max_hp_loss":0,"event_name":"Match and Keep!","floor":8,"gold_loss":0,"cards_obtained":[]}],"is_beta":false,"boss_relics":[{"not_picked":["Ectoplasm","Cursed Key"],"picked":"Sozu"}],"items_purged_floors":[13,19],"is_endless":false,"potions_floor_spawned":[1,3,10,16,20],"killed_by":"Chosen and Byrds","ascension_level":5}}