{"host":"j4g6ia6asvpyu2b0","time":1612395745,"event":{"mods":["BaseMod","Colored Map","Minty Spire (QoL Compilation)","Permanent Neow","Quick Restart","Relic Stats","StSLib","Unceasing Turn Reminder"],"gold_per_floor":[119,119,139,149,167,192,205,205,257,286,286,298,298,331,331,430,430,449,462,561,575,585,585,617,617,668,697,738,756,791,302,302,412,412,436,464,485,320,345,384,443,468,468,512,512,550,590,599,599,599,599,599,39,83,83],"floor_reached":56,"language":"ENG","playtime":2249,"items_purged":["Strike_B","Strike_B","Strike_B"],"score":1689,"play_id":"5af755a0-7a17-4885-8e81-8ae0469b6e7f","local_time":"20210203164225","is_ascension_mode":true,"campfire_choices":[{"data":"Sunder","floor":8.0,"key":"SMITH"},{"data":"Zap","floor":13.0,"key":"SMITH"},{"data":"Lockon","floor":15.0,"key":"SMITH"},{"data":"Fission","floor":23.0,"key":"SMITH"},{"data":"Double Energy","floor":25.0,"key":"SMITH"},{"data":"Hologram","floor":32.0,"key":"SMITH"},{"floor":49.0,"key":"RECALL"},{"data":"Biased Cognition","floor":52,"key":"SMITH"}],"circlet_count":0,"master_deck":["Strike_B","Defend_B","Defend_B","Defend_B+1","Defend_B+1","Zap+1","Dualcast","Ball Lightning","Lockon+1","Ball Lightning","Sunder+1","Undo","Sunder","Conserve Battery","Coolheaded","Reinforced Body","Fission+1","Go for the Eyes+1","Hologram+1","Double Energy+1","Capacitor","Aggregate","Genetic Algorithm+1","Amplify+1","Capacitor","Conserve Battery+1","Impatience+1","Biased Cognition+1","Glacier+1","Coolheaded+1","Fission+1","Echo Form","Compile Driver","BootSequence+1","Hologram+1","Chaos+1","Sunder+1","Tempest+1","Echo Form","Creative AI","Defragment","Coolheaded+1","Panacea+1","Doom and Gloom"],"relics":["Black Star","Incense Burner","Symbiotic Virus","Vajra","Bag of Preparation","Question Card","Toy Ornithopter","Matryoshka","Busted Crown","CeramicFish","MealTicket","Omamori","DataDisk","War Paint","Toxic Egg 2","InkBottle","Eternal Feather","Calling Bell","Pen Nib","Pantograph","Turnip","Lantern","Ice Cream","Prayer Wheel","Anchor","Bottled Lightning","Blue Candle","Bronze Scales","Blood Vial","Sundial","Gremlin Horn","PreservedInsect","Pear","Bag of Marbles","Boot"],"acts_visited":["Exordium","TheCity","TheBeyond","TheEnding"],"potions_floor_usage":[55,55],"damage_taken":[{"damage":0.0,"enemies":"2 Louse","floor":1.0,"turns":2.0},{"damage":2.0,"enemies":"Jaw Worm","floor":3.0,"turns":4.0},{"damage":6.0,"enemies":"Cultist","floor":4.0,"turns":3.0},{"damage":0.0,"enemies":"Large Slime","floor":5.0,"turns":4.0},{"damage":18.0,"enemies":"3 Sentries","floor":6.0,"turns":5.0},{"damage":11.0,"enemies":"Looter","floor":7.0,"turns":2.0},{"damage":8.0,"enemies":"Lagavulin","floor":10.0,"turns":4.0},{"damage":1.0,"enemies":"Exordium Thugs","floor":12.0,"turns":3.0},{"damage":2.0,"enemies":"3 Sentries","floor":14.0,"turns":3.0},{"damage":0.0,"enemies":"Slime Boss","floor":16.0,"turns":7.0},{"damage":0.0,"enemies":"Chosen","floor":18.0,"turns":3.0},{"damage":0.0,"enemies":"Spheric Guardian","floor":19.0,"turns":1.0},{"damage":0.0,"enemies":"Snake Plant","floor":21.0,"turns":2.0},{"damage":9.0,"enemies":"Cultist and Chosen","floor":22.0,"turns":4.0},{"damage":6.0,"enemies":"Slavers","floor":24.0,"turns":5.0},{"damage":0.0,"enemies":"Centurion and Healer","floor":27.0,"turns":4.0},{"damage":13.0,"enemies":"Book of Stabbing","floor":28.0,"turns":4.0},{"damage":13.0,"enemies":"Snake Plant","floor":29.0,"turns":3.0},{"damage":22.0,"enemies":"Slavers","floor":30.0,"turns":4.0},{"damage":38.0,"enemies":"Collector","floor":33.0,"turns":11.0},{"damage":9.0,"enemies":"3 Shapes","floor":35.0,"turns":4.0},{"damage":4.0,"enemies":"3 Darklings","floor":36.0,"turns":5.0},{"damage":0.0,"enemies":"Writhing Mass","floor":37.0,"turns":6.0},{"damage":12.0,"enemies":"Transient","floor":39.0,"turns":5.0},{"damage":6.0,"enemies":"Reptomancer","floor":40.0,"turns":6.0},{"damage":0.0,"enemies":"Mind Bloom Boss Battle","floor":41.0,"turns":3.0},{"damage":7.0,"enemies":"Giant Head","floor":42.0,"turns":8.0},{"damage":0.0,"enemies":"Nemesis","floor":44.0,"turns":5.0},{"damage":0.0,"enemies":"3 Darklings","floor":46.0,"turns":4.0},{"damage":0.0,"enemies":"Giant Head","floor":47.0,"turns":7.0},{"damage":31,"enemies":"Awakened One","floor":50,"turns":6},{"damage":42,"enemies":"Shield and Spear","floor":54,"turns":3},{"damage":17,"enemies":"The Heart","floor":55,"turns":6}],"seed_played":"597465168558152221","potions_obtained":[{"floor":1.0,"key":"Strength Potion"},{"floor":5.0,"key":"FearPotion"},{"floor":10.0,"key":"SmokeBomb"},{"floor":12.0,"key":"Energy Potion"},{"floor":14.0,"key":"SkillPotion"},{"floor":21.0,"key":"CultistPotion"},{"floor":27.0,"key":"Weak Potion"},{"floor":28.0,"key":"Energy Potion"},{"floor":29.0,"key":"SteroidPotion"},{"floor":40.0,"key":"BlessingOfTheForge"},{"floor":41.0,"key":"LiquidBronze"},{"floor":42.0,"key":"Swift Potion"},{"floor":44.0,"key":"LiquidMemories"}],"is_trial":false,"path_per_floor":["M","$","M","M","M","E","M","R","T","E","?","M","R","E","R","B",null,"M","M","?","M","M","R","E","R","T","M","E","M","E","$","R","B",null,"M","M","M","$","M","E","?","E","T","E","?","M","E","?","R","B",null,"R","$","E","B",null],"character_chosen":"DEFECT","items_purchased":["Capacitor","Conserve Battery+1","Eternal Feather","Impatience+1","Echo Form","Defragment","Coolheaded+1","Panacea+1","Pear"],"campfire_rested":0,"item_purchase_floors":[31,31,31,31,38,53,53,53,53],"current_hp_per_floor":[75,75,73,67,67,49,38,38,38,30,35,34,34,32,32,32,80,80,80,80,80,71,71,65,65,65,65,57,49,27,42,57,19,80,71,67,67,80,68,62,80,73,73,73,73,75,77,77,80,49,80,80,90,48,68],"gold":83,"neow_bonus":"BOSS_RELIC","is_daily":false,"chose_seed":false,"campfire_upgraded":7,"win_rate":0.0,"timestamp":1612395745,"path_taken":["M","$","M","M","M","E","M","R","T","E","?","M","R","E","R","BOSS","M","M","?","M","M","R","E","R","T","M","E","M","E","$","R","BOSS","M","M","M","$","M","E","?","E","T","E","?","M","E","?","R","BOSS","R","$","E","BOSS"],"items_purchased_type":["Card","Card","Relic","Card","Card","Card","Card","Card","Relic"],"build_version":"2020-12-22","purchased_purges":3,"victory":true,"max_hp_per_floor":[75,75,75,75,75,75,75,75,75,75,80,80,80,80,80,80,80,80,80,80,80,80,80,80,80,80,80,80,80,80,80,80,80,80,80,80,80,80,80,80,80,80,80,80,80,80,80,80,80,80,80,80,90,90,90],"relic_stats":{"Gremlin Horn":[4,4],"counters":[33,146],"CeramicFish":207,"Blue Candle":[0],"Eternal Feather":18,"Pen Nib":[13],"PreservedInsect":68,"Bag of Preparation":[52],"War Paint":["Defend_B","Defend_B"],"Question Card":26,"Boot":[0],"Blood Vial":6,"Busted Crown":46,"Sundial":[2],"Pantograph":43,"Bronze Scales":[148],"MealTicket":28,"Prayer Wheel":1,"Turnip":[2],"Black Star":11,"obtain_stats":[{"Ice Cream":40,"Lantern":40,"Gremlin Horn":47,"CeramicFish":24,"Vajra":9,"Incense Burner":6,"Bag of Preparation":10,"Boot":54,"Blood Vial":44,"Matryoshka":14,"Sundial":44,"Pantograph":34,"MealTicket":24,"Prayer Wheel":41,"Toxic Egg 2":30,"Cracked Core":0,"InkBottle":30,"Pear":53,"Blue Candle":43,"Eternal Feather":31,"Pen Nib":34,"PreservedInsect":47,"Omamori":26,"War Paint":28,"Question Card":10,"Calling Bell":34,"DataDisk":28,"Anchor":42,"Busted Crown":17,"Bronze Scales":43,"Turnip":34,"Black Star":0,"Bag of Marbles":54,"Bottled Lightning":42,"Symbiotic Virus":6,"Toy Ornithopter":14},{"Ice Cream":25,"Lantern":25,"Gremlin Horn":30,"CeramicFish":15,"Vajra":6,"Incense Burner":5,"Bag of Preparation":7,"Boot":32,"Blood Vial":28,"Matryoshka":9,"Sundial":28,"Pantograph":20,"MealTicket":15,"Prayer Wheel":26,"Toxic Egg 2":19,"Cracked Core":0,"InkBottle":19,"Pear":31,"Blue Candle":27,"Eternal Feather":19,"Pen Nib":20,"PreservedInsect":30,"Omamori":15,"War Paint":17,"Question Card":7,"Calling Bell":20,"DataDisk":17,"Anchor":27,"Busted Crown":10,"Bronze Scales":27,"Turnip":20,"Black Star":0,"Bag of Marbles":32,"Bottled Lightning":27,"Symbiotic Virus":5,"Toy Ornithopter":9},{"Ice Cream":104,"Lantern":104,"Gremlin Horn":131,"CeramicFish":52,"Vajra":20,"Incense Burner":18,"Bag of Preparation":24,"Boot":140,"Blood Vial":120,"Matryoshka":30,"Sundial":120,"Pantograph":78,"MealTicket":52,"Prayer Wheel":107,"Toxic Egg 2":67,"Cracked Core":0,"InkBottle":67,"Pear":137,"Blue Candle":115,"Eternal Feather":67,"Pen Nib":78,"PreservedInsect":131,"Omamori":52,"War Paint":60,"Question Card":24,"Calling Bell":78,"DataDisk":60,"Anchor":115,"Busted Crown":37,"Bronze Scales":115,"Turnip":78,"Black Star":0,"Bag of Marbles":140,"Bottled Lightning":115,"Symbiotic Virus":18,"Toy Ornithopter":30}],"Toy Ornithopter":20,"InkBottle":[48]},"card_choices":[{"not_picked":["Tempest","Aggregate"],"picked":"Ball Lightning","floor":1.0},{"not_picked":["Fusion","Rebound"],"picked":"Lockon","floor":3.0},{"not_picked":["Lockon","Go for the Eyes"],"picked":"Ball Lightning","floor":4.0},{"not_picked":["Barrage","Undo"],"picked":"Sunder","floor":5.0},{"not_picked":["Sunder","Coolheaded"],"picked":"Undo","floor":6.0},{"not_picked":["FTL","Compile Driver"],"picked":"Sunder","floor":7.0},{"not_picked":["Go for the Eyes","Reprogram"],"picked":"Conserve Battery","floor":10.0},{"not_picked":["Turbo","Barrage","Hello World"],"picked":"Coolheaded","floor":12.0},{"not_picked":["Sweeping Beam","Meteor Strike","Gash"],"picked":"Reinforced Body","floor":14.0},{"not_picked":["Creative AI","Buffer","Core Surge"],"picked":"Fission","floor":16.0},{"not_picked":["Stack"],"picked":"Go for the Eyes+1","floor":18.0},{"not_picked":["Auto Shields"],"picked":"Hologram","floor":19.0},{"not_picked":["Multi-Cast"],"picked":"Double Energy","floor":21.0},{"not_picked":["Rebound"],"picked":"Capacitor","floor":22.0},{"not_picked":["Go for the Eyes","Steam Power"],"picked":"SKIP","floor":24.0},{"not_picked":["Hologram"],"picked":"Aggregate","floor":27.0},{"not_picked":["Steam"],"picked":"Genetic Algorithm+1","floor":28.0},{"not_picked":["Auto Shields","Genetic Algorithm"],"picked":"SKIP","floor":29.0},{"not_picked":["Undo+1"],"picked":"Amplify+1","floor":30.0},{"not_picked":["Core Surge"],"picked":"Biased Cognition","floor":33.0},{"not_picked":["Hello World+1"],"picked":"Glacier+1","floor":35.0},{"not_picked":["Recycle+1"],"picked":"Coolheaded+1","floor":36.0},{"not_picked":["Conserve Battery+1"],"picked":"Fission+1","floor":37.0},{"not_picked":["Steam+1"],"picked":"Compile Driver","floor":39.0},{"not_picked":["Gash+1"],"picked":"BootSequence+1","floor":40.0},{"not_picked":["Sweeping Beam"],"picked":"Hologram+1","floor":41.0},{"not_picked":["Blizzard+1","Gash+1"],"picked":"SKIP","floor":42.0},{"not_picked":["Blizzard"],"picked":"Chaos+1","floor":44.0},{"not_picked":["Stack+1"],"picked":"Sunder+1","floor":46.0},{"not_picked":["Redo+1"],"picked":"Tempest+1","floor":46.0},{"not_picked":["Cold Snap"],"picked":"Echo Form","floor":47.0},{"not_picked":["Compile Driver"],"picked":"Doom and Gloom","floor":54}],"player_experience":1128327,"relics_obtained":[{"floor":6.0,"key":"Incense Burner"},{"floor":6.0,"key":"Symbiotic Virus"},{"floor":9.0,"key":"Vajra"},{"floor":10.0,"key":"Bag of Preparation"},{"floor":10.0,"key":"Question Card"},{"floor":14.0,"key":"Toy Ornithopter"},{"floor":14.0,"key":"Matryoshka"},{"floor":24.0,"key":"CeramicFish"},{"floor":24.0,"key":"MealTicket"},{"floor":26.0,"key":"Omamori"},{"floor":28.0,"key":"DataDisk"},{"floor":28.0,"key":"War Paint"},{"floor":30.0,"key":"Toxic Egg 2"},{"floor":30.0,"key":"InkBottle"},{"floor":34.0,"key":"Pen Nib"},{"floor":34.0,"key":"Pantograph"},{"floor":34.0,"key":"Turnip"},{"floor":40.0,"key":"Lantern"},{"floor":40.0,"key":"Ice Cream"},{"floor":41.0,"key":"Prayer Wheel"},{"floor":42.0,"key":"Anchor"},{"floor":42.0,"key":"Bottled Lightning"},{"floor":43.0,"key":"Blue Candle"},{"floor":43.0,"key":"Bronze Scales"},{"floor":44.0,"key":"Blood Vial"},{"floor":44.0,"key":"Sundial"},{"floor":47.0,"key":"Gremlin Horn"},{"floor":47.0,"key":"PreservedInsect"},{"floor":54,"key":"Bag of Marbles"},{"floor":54,"key":"Boot"}],"event_choices":[{"damage_healed":0.0,"max_hp_gain":5.0,"max_hp_loss":0.0,"gold_gain":0.0,"event_name":"Big Fish","player_choice":"Donut","floor":11.0,"gold_loss":0.0,"damage_taken":0.0},{"damage_healed":0.0,"max_hp_gain":0.0,"max_hp_loss":0.0,"gold_gain":99.0,"event_name":"Nest","player_choice":"Stole From Cult","floor":20.0,"gold_loss":0.0,"damage_taken":0.0},{"damage_healed":0.0,"max_hp_gain":0.0,"max_hp_loss":0.0,"gold_gain":0.0,"event_name":"MindBloom","player_choice":"Fight","floor":41.0,"gold_loss":0.0,"damage_taken":0.0},{"damage_healed":0.0,"max_hp_gain":0.0,"max_hp_loss":0.0,"gold_gain":0.0,"event_name":"Tomb of Lord Red Mask","player_choice":"Ignored","floor":45.0,"gold_loss":0.0,"damage_taken":0.0},{"damage_healed":0.0,"max_hp_gain":0.0,"max_hp_loss":0.0,"gold_gain":0.0,"event_name":"Match and Keep!","player_choice":"1 cards matched","floor":48.0,"gold_loss":0.0,"damage_taken":0.0,"cards_obtained":["Creative AI"]}],"is_beta":false,"boss_relics":[{"not_picked":["Runic Pyramid","Pandora\u0027s Box"],"picked":"Busted Crown"},{"not_picked":["Astrolabe","Snecko Eye"],"picked":"Calling Bell"}],"items_purged_floors":[31,38,53],"is_endless":false,"potions_floor_spawned":[1,5,10,12,14,21,27,28,29,40,41,42,44],"ascension_level":2}}