{"host":"bf5upntvbdompq33","time":1612391474,"event":{"mods":["BaseMod","Colored Map","Colored Powertips","Curses Come First","Minty Spire (QoL Compilation)","StSLib","The Hierophant","The Mystic"],"gold_per_floor":[117,132,34,34,34,62,62,96,96,109,109,109],"floor_reached":11,"language":"ENG","playtime":271,"items_purged":["Strike_B"],"score":159,"play_id":"e921206e-8cf6-4de4-ade3-cb69ac9d6727","local_time":"20210203153114","is_ascension_mode":true,"campfire_choices":[],"circlet_count":0,"master_deck":["AscendersBane","Strike_B","Defend_B","Defend_B","Defend_B","Defend_B","Zap","Dualcast","Defragment","Ball Lightning","Leap","Undo","Recycle","Coolheaded","Doom and Gloom"],"relics":["Cracked Core","NeowsBlessing","Question Card","Smiling Mask","Centennial Puzzle"],"acts_visited":["Exordium"],"potions_floor_usage":[],"damage_taken":[{"damage":0,"enemies":"2 Louse","floor":1,"turns":1},{"damage":0,"enemies":"Small Slimes","floor":2,"turns":1},{"damage":0,"enemies":"3 Sentries","floor":6,"turns":1},{"damage":50,"enemies":"Gremlin Nob","floor":8,"turns":5},{"damage":3,"enemies":"Jaw Worm","floor":10,"turns":3},{"damage":10,"enemies":"3 Sentries","floor":11,"turns":2}],"seed_played":"-245027729818507083","potions_obtained":[{"floor":1,"key":"SteroidPotion"},{"floor":6,"key":"SpeedPotion"},{"floor":10,"key":"GamblersBrew"}],"is_trial":false,"path_per_floor":["M","M","$","?","$","E","?","E","T","M","E"],"character_chosen":"DEFECT","items_purchased":["Leap"],"campfire_rested":0,"item_purchase_floors":[3],"current_hp_per_floor":[68,68,68,61,61,61,61,11,11,8,0,0],"gold":109,"neow_bonus":"THREE_ENEMY_KILL","is_daily":false,"chose_seed":false,"campfire_upgraded":0,"win_rate":0.0,"timestamp":1612391474,"path_taken":["M","M","$","?","$","E","?","E","T","M","E"],"items_purchased_type":["Card"],"build_version":"2020-12-22","purchased_purges":1,"victory":false,"max_hp_per_floor":[75,75,75,75,75,75,75,75,75,75,75,75],"card_choices":[{"not_picked":["Redo","Undo"],"picked":"Defragment","floor":1},{"not_picked":["Lockon","Cold Snap"],"picked":"Ball Lightning","floor":2},{"not_picked":["Streamline","Recycle"],"picked":"Undo","floor":6},{"not_picked":["Hologram","Compile Driver","Turbo"],"picked":"Coolheaded","floor":8},{"not_picked":["Recycle","Beam Cell","Conserve Battery"],"picked":"Doom and Gloom","floor":10}],"player_experience":1382650,"relics_obtained":[{"floor":6,"key":"Question Card"},{"floor":8,"key":"Smiling Mask"},{"floor":9,"key":"Centennial Puzzle"}],"event_choices":[{"cards_removed":["Strike_B"],"damage_healed":0,"gold_gain":0,"player_choice":"Card Removal","damage_taken":7,"max_hp_gain":0,"max_hp_loss":0,"event_name":"Golden Wing","floor":4,"gold_loss":0},{"damage_healed":0,"gold_gain":0,"cards_transformed":["Strike_B"],"player_choice":"Change","damage_taken":0,"max_hp_gain":0,"max_hp_loss":0,"event_name":"Living Wall","floor":7,"gold_loss":0,"cards_obtained":["Recycle"]}],"is_beta":false,"boss_relics":[],"items_purged_floors":[3],"is_endless":false,"potions_floor_spawned":[1,6,10],"killed_by":"3 Sentries","ascension_level":10}}