{"host":"p9vmbvw2hh2n16dn","time":1612392675,"event":{"mods":["AchievementEnabler","BaseMod","Block Reminder","Minty Spire (QoL Compilation)","Relic Stats","SuperFastMode"],"gold_per_floor":[116,116,116,134,134,178,203,238,238,271,446,471,511,536,536,666,666,685,671,586,599,54,54,90,110,188,219,219,219,232,192,192,323,323,342,79,79,93,114,152,152,165,165,180,203,227,327,346,346,346],"floor_reached":51,"language":"ENG","playtime":2143,"items_purged":["Doubt","Defend_B"],"score":1109,"play_id":"b8fcfe2d-b01f-4a38-ada7-460c2971c72e","local_time":"20210203235115","is_ascension_mode":true,"campfire_choices":[{"floor":15.0,"key":"REST"},{"floor":23.0,"key":"REST"},{"floor":29.0,"key":"REST"},{"data":"Dualcast","floor":32.0,"key":"SMITH"},{"data":"Loop","floor":41.0,"key":"SMITH"},{"floor":49,"key":"REST"}],"circlet_count":0,"master_deck":["Strike_B+1","Strike_B+1","Defend_B","Defend_B+1","Zap","Dualcast+1","Darkness+1","Rip and Tear+1","Steam+1","Loop+1","Rebound","Seek+1","Auto Shields+1","Glacier+1","Sweeping Beam","Go for the Eyes+1","Cold Snap+1","Reinforced Body+1","Compile Driver+1","Loop+1"],"relics":["Busted Crown","Golden Idol","Toxic Egg 2","Eternal Feather","The Courier","Odd Mushroom","Strawberry","Black Star","Oddly Smooth Stone","Orichalcum","Whetstone","Regal Pillow","Blood Vial","Vajra","Potion Belt","Cables","HornCleat","Happy Flower","Astrolabe","PreservedInsect","Centennial Puzzle","Singing Bowl","Turnip"],"acts_visited":["Exordium","TheCity","TheBeyond"],"potions_floor_usage":[45,45,50,50,50],"damage_taken":[{"damage":2.0,"enemies":"Jaw Worm","floor":1.0,"turns":3.0},{"damage":0.0,"enemies":"Small Slimes","floor":4.0,"turns":2.0},{"damage":17.0,"enemies":"3 Sentries","floor":6.0,"turns":6.0},{"damage":1.0,"enemies":"2 Louse","floor":7.0,"turns":3.0},{"damage":0.0,"enemies":"Lagavulin","floor":8.0,"turns":4.0},{"damage":7.0,"enemies":"The Mushroom Lair","floor":10.0,"turns":4.0},{"damage":9.0,"enemies":"Exordium Thugs","floor":12.0,"turns":4.0},{"damage":4.0,"enemies":"Gremlin Nob","floor":13.0,"turns":3.0},{"damage":14.0,"enemies":"Large Slime","floor":14.0,"turns":4.0},{"damage":13.0,"enemies":"Slime Boss","floor":16.0,"turns":5.0},{"damage":22.0,"enemies":"3 Byrds","floor":18.0,"turns":6.0},{"damage":17.0,"enemies":"2 Thieves","floor":19.0,"turns":4.0},{"damage":20.0,"enemies":"Cultist and Chosen","floor":21.0,"turns":6.0},{"damage":31.0,"enemies":"Book of Stabbing","floor":24.0,"turns":5.0},{"damage":5.0,"enemies":"Centurion and Healer","floor":25.0,"turns":6.0},{"damage":17.0,"enemies":"Slavers","floor":27.0,"turns":6.0},{"damage":13.0,"enemies":"Snake Plant","floor":30.0,"turns":6.0},{"damage":23.0,"enemies":"Champ","floor":33.0,"turns":8.0},{"damage":0.0,"enemies":"3 Shapes","floor":35.0,"turns":6.0},{"damage":29.0,"enemies":"3 Darklings","floor":38.0,"turns":4.0},{"damage":12.0,"enemies":"Jaw Worm Horde","floor":39.0,"turns":6.0},{"damage":0.0,"enemies":"Nemesis","floor":40.0,"turns":5.0},{"damage":0.0,"enemies":"Maw","floor":42.0,"turns":7.0},{"damage":33.0,"enemies":"4 Shapes","floor":44.0,"turns":9.0},{"damage":17,"enemies":"Jaw Worm Horde","floor":45,"turns":5},{"damage":0,"enemies":"Writhing Mass","floor":46,"turns":4},{"damage":3,"enemies":"Maw","floor":48,"turns":7},{"damage":17,"enemies":"Time Eater","floor":50,"turns":8}],"seed_played":"-8449488513218947803","potions_obtained":[{"floor":1.0,"key":"EntropicBrew"},{"floor":4.0,"key":"LiquidBronze"},{"floor":7.0,"key":"CultistPotion"},{"floor":8.0,"key":"EssenceOfDarkness"},{"floor":14.0,"key":"Block Potion"},{"floor":19.0,"key":"FearPotion"},{"floor":21.0,"key":"SpeedPotion"},{"floor":24.0,"key":"Block Potion"},{"floor":31.0,"key":"Fire Potion"},{"floor":31.0,"key":"PotionOfCapacity"},{"floor":31.0,"key":"EssenceOfSteel"},{"floor":38.0,"key":"CultistPotion"},{"floor":39.0,"key":"Dexterity Potion"},{"floor":42.0,"key":"DistilledChaos"},{"floor":46,"key":"Strength Potion"}],"is_trial":false,"path_per_floor":["M","?","?","M","?","E","M","E","T","?","?","M","E","M","R","B",null,"M","M","?","M","$","R","E","M","T","E","?","R","M","?","R","B",null,"M","$","?","M","M","E","R","M","T","M","M","M","?","M","R","B",null],"character_chosen":"DEFECT","items_purchased":["Orichalcum","Whetstone","Regal Pillow","Blood Vial","Loop","PreservedInsect"],"campfire_rested":4,"item_purchase_floors":[22,22,22,22,36,36],"current_hp_per_floor":[66,51,51,51,51,34,33,33,33,26,26,17,20,6,37,24,63,41,24,24,4,4,50,21,18,18,3,3,49,38,38,47,26,64,66,66,66,39,29,33,45,49,49,20,7,11,11,12,65,50],"gold":346,"neow_bonus":"BOSS_RELIC","is_daily":false,"chose_seed":false,"campfire_upgraded":2,"win_rate":0.0,"timestamp":1612392675,"path_taken":["M","?","?","M","?","E","M","E","T","?","?","?","E","M","R","BOSS","M","M","?","M","$","R","E","M","T","E","?","R","?","?","R","BOSS","M","$","?","M","M","E","R","M","T","M","?","M","?","?","R","BOSS"],"items_purchased_type":["Relic","Relic","Relic","Relic","Card","Relic"],"build_version":"2020-12-22","purchased_purges":2,"victory":true,"max_hp_per_floor":[75,75,69,69,69,69,69,69,69,69,69,69,76,76,76,76,76,76,76,76,76,76,76,76,76,76,76,76,76,76,76,76,76,76,76,76,76,76,76,78,78,80,80,82,84,86,86,88,88,88],"relic_stats":{"Regal Pillow":45,"Happy Flower":[25],"Singing Bowl":12,"counters":[28,146],"Golden Idol":197,"Astrolabe":["Go for the Eyes","Cold Snap","Reinforced Body"],"Eternal Feather":60,"PreservedInsect":47,"Whetstone":["Strike_B","Rip and Tear"],"Orichalcum":[42],"Cables":[69,5,24,40,0],"Blood Vial":30,"Centennial Puzzle":[12],"Busted Crown":54,"Turnip":[3],"Black Star":3,"obtain_stats":[{"Potion Belt":24,"Regal Pillow":22,"Happy Flower":27,"Singing Bowl":40,"Golden Idol":3,"Astrolabe":34,"Oddly Smooth Stone":20,"Vajra":24,"Eternal Feather":8,"The Courier":9,"PreservedInsect":36,"Whetstone":22,"Odd Mushroom":10,"Orichalcum":22,"Cables":26,"Blood Vial":22,"Centennial Puzzle":40,"Busted Crown":0,"HornCleat":27,"Strawberry":13,"Turnip":43,"Black Star":17,"Toxic Egg 2":6,"Cracked Core":0},{"Potion Belt":14,"Regal Pillow":13,"Happy Flower":16,"Singing Bowl":22,"Golden Idol":1,"Astrolabe":18,"Oddly Smooth Stone":12,"Vajra":14,"Eternal Feather":5,"The Courier":5,"PreservedInsect":19,"Whetstone":13,"Odd Mushroom":6,"Orichalcum":13,"Cables":15,"Blood Vial":13,"Centennial Puzzle":22,"Busted Crown":0,"HornCleat":16,"Strawberry":8,"Turnip":23,"Black Star":10,"Toxic Egg 2":3,"Cracked Core":0},{"Potion Belt":59,"Regal Pillow":54,"Happy Flower":71,"Singing Bowl":106,"Golden Idol":3,"Astrolabe":85,"Oddly Smooth Stone":48,"Vajra":59,"Eternal Feather":18,"The Courier":18,"PreservedInsect":91,"Whetstone":54,"Odd Mushroom":22,"Orichalcum":54,"Cables":65,"Blood Vial":54,"Centennial Puzzle":106,"Busted Crown":0,"HornCleat":71,"Strawberry":29,"Turnip":113,"Black Star":38,"Toxic Egg 2":11,"Cracked Core":0}]},"card_choices":[{"not_picked":[],"picked":"Darkness","floor":1.0},{"not_picked":[],"picked":"Rip and Tear","floor":4.0},{"not_picked":[],"picked":"Steam+1","floor":6.0},{"not_picked":[],"picked":"Loop","floor":7.0},{"not_picked":["Beam Cell"],"picked":"SKIP","floor":8.0},{"not_picked":[],"picked":"Rebound","floor":10.0},{"not_picked":["FTL"],"picked":"SKIP","floor":12.0},{"not_picked":["Ball Lightning"],"picked":"SKIP","floor":13.0},{"not_picked":["Storm"],"picked":"SKIP","floor":14.0},{"not_picked":[],"picked":"Seek+1","floor":16.0},{"not_picked":[],"picked":"Auto Shields+1","floor":18.0},{"not_picked":["Ball Lightning"],"picked":"SKIP","floor":19.0},{"not_picked":["Rip and Tear"],"picked":"SKIP","floor":21.0},{"not_picked":["Stack+1"],"picked":"SKIP","floor":24.0},{"not_picked":["Heatsinks"],"picked":"SKIP","floor":25.0},{"not_picked":[],"picked":"Glacier+1","floor":27.0},{"not_picked":[],"picked":"Sweeping Beam","floor":30.0},{"not_picked":[],"picked":"Compile Driver+1","floor":35.0},{"not_picked":["Double Energy+1"],"picked":"SKIP","floor":38.0},{"not_picked":["Go for the Eyes+1"],"picked":"SKIP","floor":39.0},{"not_picked":["Coolheaded+1"],"picked":"Singing Bowl","floor":40.0},{"not_picked":["Compile Driver+1"],"picked":"Singing Bowl","floor":42.0},{"not_picked":["Reprogram+1"],"picked":"Singing Bowl","floor":44.0},{"not_picked":["Steam Power+1"],"picked":"Singing Bowl","floor":45},{"not_picked":["FTL+1"],"picked":"Singing Bowl","floor":46},{"not_picked":["Barrage+1"],"picked":"Singing Bowl","floor":48}],"player_experience":293781,"relics_obtained":[{"floor":6.0,"key":"Toxic Egg 2"},{"floor":8.0,"key":"Eternal Feather"},{"floor":9.0,"key":"The Courier"},{"floor":10.0,"key":"Odd Mushroom"},{"floor":13.0,"key":"Strawberry"},{"floor":24.0,"key":"Vajra"},{"floor":24.0,"key":"Potion Belt"},{"floor":26.0,"key":"Cables"},{"floor":27.0,"key":"HornCleat"},{"floor":27.0,"key":"Happy Flower"},{"floor":40.0,"key":"Centennial Puzzle"},{"floor":40.0,"key":"Singing Bowl"},{"floor":43.0,"key":"Turnip"}],"event_choices":[{"damage_healed":0.0,"max_hp_gain":0.0,"max_hp_loss":0.0,"gold_gain":0.0,"event_name":"Shining Light","player_choice":"Entered Light","floor":2.0,"gold_loss":0.0,"damage_taken":15.0,"cards_upgraded":["Strike_B","Defend_B"]},{"damage_healed":0.0,"max_hp_gain":0.0,"max_hp_loss":6.0,"gold_gain":0.0,"event_name":"Golden Idol","player_choice":"Lose Max HP","floor":3.0,"gold_loss":0.0,"damage_taken":0.0,"relics_obtained":["Golden Idol"]},{"damage_healed":0.0,"max_hp_gain":0.0,"max_hp_loss":0.0,"gold_gain":0.0,"event_name":"Living Wall","player_choice":"Grow","floor":5.0,"gold_loss":0.0,"damage_taken":0.0,"cards_upgraded":["Darkness"]},{"damage_healed":0.0,"max_hp_gain":0.0,"max_hp_loss":0.0,"gold_gain":0.0,"event_name":"Mushrooms","player_choice":"Fought Mushrooms","floor":10.0,"gold_loss":0.0,"damage_taken":0.0},{"damage_healed":0.0,"max_hp_gain":0.0,"max_hp_loss":0.0,"gold_gain":175.0,"event_name":"Liars Game","player_choice":"AGREE","floor":11.0,"gold_loss":0.0,"damage_taken":0.0,"cards_obtained":["Doubt"]},{"damage_healed":0.0,"max_hp_gain":0.0,"max_hp_loss":0.0,"gold_gain":0.0,"event_name":"Addict","player_choice":"Obtained Relic","floor":20.0,"gold_loss":85.0,"damage_taken":0.0,"relics_obtained":["Oddly Smooth Stone"]},{"damage_healed":0.0,"max_hp_gain":0.0,"max_hp_loss":0.0,"gold_gain":0.0,"event_name":"Accursed Blacksmith","player_choice":"Forge","floor":28.0,"gold_loss":0.0,"damage_taken":0.0,"cards_upgraded":["Loop"]},{"damage_healed":0.0,"max_hp_gain":0.0,"max_hp_loss":0.0,"gold_gain":0.0,"event_name":"The Woman in Blue","player_choice":"Bought 3 Potions","floor":31.0,"gold_loss":0.0,"damage_taken":0.0},{"damage_healed":0.0,"max_hp_gain":0.0,"max_hp_loss":0.0,"gold_gain":0.0,"event_name":"Transmorgrifier","player_choice":"Ignored","floor":37.0,"gold_loss":0.0,"damage_taken":0.0},{"damage_healed":0,"gold_gain":100,"player_choice":"Pray","damage_taken":0,"max_hp_gain":0,"max_hp_loss":0,"event_name":"Golden Shrine","floor":47,"gold_loss":0}],"is_beta":false,"boss_relics":[{"not_picked":["Inserter","Velvet Choker"],"picked":"Black Star"},{"not_picked":["SacredBark","Tiny House"],"picked":"Astrolabe"}],"items_purged_floors":[22,36],"is_endless":false,"potions_floor_spawned":[1,4,7,8,14,19,21,24,38,39,42,46],"ascension_level":7}}