{"host":"eemx8njkng76fu5x","time":1612343629,"event":{"mods":["2.2 Compatiblity","BaseMod","Colored Map","Downfall","Minty Spire (QoL Compilation)","Permanent Neow","StSLib","Unceasing Turn Reminder","Unknown Chances"],"gold_per_floor":[99,99,99,274,274,303,303,315,341,141,156,156,170,170,180,275,275,275,287,306,32,32,32,56,141,41,41,26,26,40,69,83,184,184,184,204,217,236,255,362,386,401,401,160,160,192,192,211,223,223,223,249,75,75,75,75],"floor_reached":57,"language":"ENG","playtime":3135,"items_purged":["Doubt","Guardian:CurlUp","Guardian:TwinSlam"],"score":1898,"play_id":"08e4d433-360a-4fa2-b956-1d7ea782e32b","local_time":"20210203171349","is_ascension_mode":true,"campfire_choices":[{"floor":1.0,"key":"RECALL"},{"data":"Guardian:FloatingOrbs","floor":10.0,"key":"SMITH"},{"data":"Guardian:ChargeUp","floor":12.0,"key":"SMITH"},{"data":"Guardian:GatlingBeam","floor":18.0,"key":"SMITH"},{"data":"Guardian:BronzeOrb","floor":26.0,"key":"SMITH"},{"floor":29,"key":"REST"},{"data":"Guardian:CompilePackage","floor":35,"key":"SMITH"},{"data":"Guardian:SentryBeam","floor":43,"key":"SMITH"},{"data":"Guardian:Emergency","floor":54,"key":"SMITH"}],"circlet_count":0,"master_deck":["Guardian:Defend_Guardian+1","Guardian:Defend_Guardian+1","Guardian:Defend_Guardian+1","Guardian:Defend_Guardian+1","Guardian:ChargeUp+1","Guardian:Incinerate","Guardian:TemporalStrike","Guardian:Planning","Guardian:FloatingOrbs+1","Guardian:ShieldCharger","Guardian:GatlingBeam+1","Guardian:ShieldCharger","Guardian:Preprogram+1","Guardian:BronzeOrb+1","Slimebound:Tackle+1","Slimebound:Tackle+1","Slimebound:Tackle+1","Guardian:TemporalShield","Guardian:Emergency+1","Guardian:ConstructionForm","Guardian:CompilePackage+1","Guardian:Incinerate+1","Guardian:TimeCapacitor","Guardian:SentryBeam+1","expansioncontent:YouAreMine"],"relics":["Guardian:ModeShifter","downfall:HeartsMalice","Pear","champ:DuelingGlove","Guardian:GemstoneGun","Juzu Bracelet","downfall:HeartBlessingRed","downfall:HeartBlessingGreen","Orichalcum","Sozu","Vajra","downfall:HeartBlessingBlue","Anchor","SlaversCollar","Membership Card","Oddly Smooth Stone","Sundial","Happy Flower","sneckomod:BlankCard","Toy Ornithopter","Guardian:StasisUpgradeRelic"],"acts_visited":["Exordium","TheCity","TheBeyond","TheEnding"],"potions_floor_usage":[56,56],"damage_taken":[{"damage":0.0,"enemies":"Small Slimes","floor":2.0,"turns":1.0},{"damage":0.0,"enemies":"Cultist","floor":3.0,"turns":1.0},{"damage":0.0,"enemies":"Lagavulin","floor":6.0,"turns":1.0},{"damage":6.0,"enemies":"Jaw Worm","floor":8.0,"turns":4.0},{"damage":12.0,"enemies":"Gremlin Nob","floor":9.0,"turns":4.0},{"damage":1.0,"enemies":"Blue Slaver","floor":11.0,"turns":3.0},{"damage":0.0,"enemies":"2 Fungi Beasts","floor":13.0,"turns":2.0},{"damage":5.0,"enemies":"Exordium Thugs","floor":15.0,"turns":4.0},{"damage":16.0,"enemies":"WA_ARCHETYPE_RETAIN","floor":16.0,"turns":7.0},{"damage":0.0,"enemies":"Chosen","floor":19.0,"turns":4.0},{"damage":18.0,"enemies":"Snake Plant","floor":20.0,"turns":2.0},{"damage":4.0,"enemies":"downfall:FleeingMerchant","floor":21.0,"turns":4.0},{"damage":0,"enemies":"downfall:FleeingMerchant","floor":28,"turns":4},{"damage":0,"enemies":"Shelled Parasite and Fungi","floor":30,"turns":3},{"damage":8,"enemies":"Slavers","floor":31,"turns":4},{"damage":0,"enemies":"Centurion and Healer","floor":32,"turns":4},{"damage":0,"enemies":"DF_ARCHETYPE_CLAW","floor":33,"turns":5},{"damage":1,"enemies":"3 Darklings","floor":36,"turns":5},{"damage":0,"enemies":"3 Shapes","floor":37,"turns":3},{"damage":2,"enemies":"Transient","floor":38,"turns":5},{"damage":0,"enemies":"Spire Growth","floor":39,"turns":5},{"damage":0,"enemies":"downfall:FleeingMerchant","floor":40,"turns":2},{"damage":0,"enemies":"3 Darklings","floor":42,"turns":3},{"damage":0,"enemies":"Giant Head","floor":46,"turns":5},{"damage":0,"enemies":"Sphere and 2 Shapes","floor":48,"turns":3},{"damage":0,"enemies":"4 Shapes","floor":49,"turns":4},{"damage":4,"enemies":"IC_BLOCK_ARCHETYPE","floor":50,"turns":8},{"damage":0,"enemies":"downfall:CharBossMerchant","floor":52,"turns":8},{"damage":10,"enemies":"downfall:NeowBoss","floor":55,"turns":11},{"damage":0,"enemies":"downfall:NeowBossFinal","floor":56,"turns":8}],"seed_played":"-8073342079080500182","potions_obtained":[{"floor":9.0,"key":"Guardian:BlockOnCardUsePotion"},{"floor":11.0,"key":"champ:CounterPotion"},{"floor":13.0,"key":"Guardian:AcceleratePotion"},{"floor":15.0,"key":"AttackPotion"},{"floor":16.0,"key":"SteroidPotion"}],"is_trial":false,"path_per_floor":["R","M","M","?","?","E","T","M","E","R","M","R","M","?","M","B",null,"R","M","M","$","?","?","T","?","R","?","$","R","M","E","M","B",null,"R","M","M","M","M","$","T","M","R","$","?","E","?","M","M","B",null,"E","$","R","B","B",null],"character_chosen":"GUARDIAN","items_purchased":["Vajra","Guardian:BronzeOrb","Membership Card","Guardian:Gem_Purple","Sundial","Happy Flower","expansioncontent:YouAreMine","Guardian:StasisUpgradeRelic","Guardian:Gem_Purple"],"campfire_rested":1,"item_purchase_floors":[21,21,40,40,44,44,44,53,53],"current_hp_per_floor":[72,72,72,72,82,82,82,76,64,64,63,63,63,63,58,42,78,78,78,60,56,56,56,56,40,50,30,30,61,61,53,53,53,92,92,91,91,89,89,89,89,89,89,89,89,89,89,89,89,85,100,100,100,100,90,100],"gold":75,"neow_bonus":"THREE_ENEMY_KILL","is_daily":false,"chose_seed":false,"campfire_upgraded":7,"win_rate":0.0,"timestamp":1612343629,"path_taken":["R","M","M","?","?","E","T","M","E","R","M","R","M","?","M","BOSS","R","M","M","$","?","?","T","?","R","?","$","R","M","E","M","BOSS","R","M","M","M","M","$","T","M","R","$","?","E","?","M","M","BOSS","E","$","R","BOSS","BOSS"],"items_purchased_type":["Relic","Card","Relic","Card","Relic","Relic","Card","Relic","Card"],"build_version":"2020-12-22","purchased_purges":3,"victory":true,"max_hp_per_floor":[80,80,80,80,90,90,90,90,90,90,90,90,90,90,90,90,90,90,90,90,90,90,90,90,90,100,105,105,105,105,105,105,105,105,105,105,105,105,105,105,105,105,105,105,105,105,105,105,105,105,105,105,105,105,105,105],"card_choices":[{"not_picked":["Guardian:Recover","Guardian:Gem_Cyan"],"picked":"Guardian:ChargeUp","floor":2.0},{"not_picked":["Guardian:Preprogram","Guardian:Reroute"],"picked":"Guardian:Incinerate","floor":3.0},{"not_picked":["Guardian:Orbwalk","Guardian:Gem_Lightblue"],"picked":"Guardian:TemporalStrike","floor":6.0},{"not_picked":["Guardian:SpikerProtocol","Guardian:TimeBomb"],"picked":"Guardian:Planning","floor":8.0},{"not_picked":["Guardian:ShieldSpikes","Guardian:Planning"],"picked":"Guardian:FloatingOrbs","floor":9.0},{"not_picked":["Guardian:RollAttack","Guardian:TemporalShield"],"picked":"Guardian:ChargeCore","floor":11.0},{"not_picked":["Guardian:PrimingBeam","Guardian:EvasiveProtocol"],"picked":"Guardian:ShieldCharger","floor":13.0},{"not_picked":["Guardian:Suspension","Guardian:Recover"],"picked":"Guardian:Gem_White","floor":15.0},{"not_picked":["Guardian:StasisEngine","Guardian:BaubleBeam"],"picked":"Guardian:GatlingBeam","floor":16.0},{"not_picked":["Guardian:RollAttack","Guardian:PrismaticBarrier"],"picked":"Guardian:ShieldCharger","floor":19.0},{"not_picked":["Guardian:Recover","Guardian:TemporalShield"],"picked":"Guardian:Preprogram+1","floor":20.0},{"not_picked":["Guardian:RollAttack+1","Guardian:DecasProtection","Guardian:PolyBeam"],"picked":"SKIP","floor":21.0},{"not_picked":["Guardian:ChargeCore+1","Guardian:PrimingBeam"],"picked":"Guardian:TemporalShield","floor":28},{"not_picked":["Guardian:ChargeCore","Guardian:BronzeOrb"],"picked":"Guardian:Emergency","floor":30},{"not_picked":["Guardian:Reroute","Guardian:Planning"],"picked":"Guardian:ConstructionForm","floor":31},{"not_picked":["Guardian:Gem_Lightblue","Guardian:Gem_Green","Guardian:Clone"],"picked":"SKIP","floor":32},{"not_picked":["Guardian:GemFire","Guardian:GemFinder"],"picked":"Guardian:CompilePackage","floor":33},{"not_picked":["Guardian:ShieldCharger+1","Guardian:TemporalStrike"],"picked":"Guardian:Incinerate+1","floor":36},{"not_picked":["Guardian:PrismaticBarrier","Guardian:Reroute"],"picked":"Guardian:TimeCapacitor","floor":37},{"not_picked":["Guardian:Gem_Green","Guardian:Preprogram"],"picked":"Guardian:SentryBeam","floor":38},{"not_picked":["Guardian:Gem_Lightblue","Guardian:MultiBeam+1"],"picked":"Guardian:Gem_Yellow","floor":39},{"not_picked":["Guardian:WalkerClaw+1","Guardian:TimeBomb+1","Guardian:Gem_Red"],"picked":"SKIP","floor":40},{"not_picked":["Guardian:PiercingHide","Guardian:TemporalStrike"],"picked":"Guardian:Gem_Blue","floor":42},{"not_picked":["Guardian:Gem_Red","Guardian:Gem_Lightblue","Guardian:PrimingBeam+1"],"picked":"SKIP","floor":46},{"not_picked":["Guardian:SpikerProtocol+1","Guardian:CrystalBeam","Guardian:Incinerate+1"],"picked":"SKIP","floor":48},{"not_picked":["Guardian:PiercingHide","Guardian:Suspension","Guardian:Gem_Blue"],"picked":"SKIP","floor":49},{"not_picked":["Guardian:CompilePackage","Guardian:DecasProtection","Guardian:Recover"],"picked":"SKIP","floor":52}],"player_experience":534308,"relics_obtained":[{"floor":6.0,"key":"champ:DuelingGlove"},{"floor":7.0,"key":"Guardian:GemstoneGun"},{"floor":9.0,"key":"Juzu Bracelet"},{"floor":14.0,"key":"Orichalcum"},{"floor":31,"key":"Anchor"},{"floor":41,"key":"Oddly Smooth Stone"},{"floor":46,"key":"sneckomod:BlankCard"},{"floor":52,"key":"Toy Ornithopter"}],"event_choices":[{"damage_healed":0.0,"max_hp_gain":0.0,"max_hp_loss":0.0,"gold_gain":0.0,"event_name":"Wheel of Change","player_choice":"Relic","floor":14.0,"gold_loss":0.0,"damage_taken":0.0},{"cards_removed":["Guardian:ChargeCore"],"damage_healed":0,"gold_gain":0,"player_choice":"Removed Attack","damage_taken":0,"max_hp_gain":0,"max_hp_loss":0,"event_name":"Falling","floor":45,"gold_loss":0}],"is_beta":false,"boss_relics":[{"not_picked":["Runic Pyramid","Astrolabe"],"picked":"Sozu"},{"not_picked":["Pandora\u0027s Box","Calling Bell"],"picked":"SlaversCollar"}],"items_purged_floors":[21,40,53],"is_endless":false,"potions_floor_spawned":[9,11,13,15,16,20,31,32,38,39,42,46,49],"ascension_level":9}}