{"host":"qrbkigq52dd42dk0","time":1612387338,"event":{"mods":["AchievementEnabler","BaseMod","Colored Map","Colored Powertips","Minty Spire (QoL Compilation)","Morshu Shopkeeper - ENHANCED","Quick Restart","StSLib","SuperFastMode","The IronCluck"],"gold_per_floor":[112,112,112,130,130,164,189,225,225,150,170,170,208,229,229,229,229],"floor_reached":16,"language":"ENG","playtime":369,"items_purged":["Regret"],"score":239,"play_id":"60f484e8-fbb4-4970-837a-cc06c41fbdfe","local_time":"20210203222218","is_ascension_mode":true,"campfire_choices":[{"floor":12,"key":"RECALL"},{"floor":15,"key":"REST"}],"circlet_count":0,"master_deck":["AscendersBane","Strike_R","Strike_R","Strike_R","Strike_R","Strike_R","Defend_R","Defend_R","Defend_R","Defend_R","Bash","Heavy Blade","Seeing Red+1","Exhume+1","Entrench+1","Battle Trance+1"],"relics":["Burning Blood","NeowsBlessing","Red Skull","Golden Idol","Toxic Egg 2","Regal Pillow","HornCleat","Question Card","Meat on the Bone"],"acts_visited":["Exordium"],"potions_floor_usage":[8,13,16],"damage_taken":[{"damage":0,"enemies":"Jaw Worm","floor":1,"turns":1},{"damage":0,"enemies":"Small Slimes","floor":4,"turns":1},{"damage":0,"enemies":"3 Sentries","floor":6,"turns":1},{"damage":6,"enemies":"2 Louse","floor":7,"turns":2},{"damage":43,"enemies":"Gremlin Nob","floor":8,"turns":5},{"damage":6,"enemies":"Looter","floor":11,"turns":3},{"damage":29,"enemies":"Lagavulin","floor":13,"turns":7},{"damage":0,"enemies":"Blue Slaver","floor":14,"turns":3},{"damage":78,"enemies":"Slime Boss","floor":16,"turns":14}],"seed_played":"1409813713316714126","potions_obtained":[{"floor":1,"key":"Weak Potion"},{"floor":6,"key":"Regen Potion"},{"floor":11,"key":"Energy Potion"}],"is_trial":false,"path_per_floor":["M","?","?","M","?","E","M","E","T","$","M","R","E","M","R","B"],"character_chosen":"IRONCLAD","items_purchased":[],"campfire_rested":1,"item_purchase_floors":[],"current_hp_per_floor":[78,78,58,64,61,67,67,44,44,44,44,44,21,39,78,0,0],"gold":229,"neow_bonus":"THREE_ENEMY_KILL","is_daily":false,"chose_seed":false,"campfire_upgraded":0,"win_rate":0.0,"timestamp":1612387338,"path_taken":["M","?","?","M","?","E","M","E","T","$","M","R","E","M","R","BOSS"],"items_purchased_type":[],"build_version":"2020-12-22","purchased_purges":1,"victory":false,"max_hp_per_floor":[80,80,80,80,80,80,80,80,80,80,80,80,80,80,80,80,80],"card_choices":[{"not_picked":["Fire Breathing","Cleave","Flex"],"picked":"SKIP","floor":1},{"not_picked":["Rupture","Perfected Strike"],"picked":"Heavy Blade","floor":4},{"not_picked":["Perfected Strike","Anger","Iron Wave"],"picked":"SKIP","floor":6},{"not_picked":["Flame Barrier+1","Twin Strike"],"picked":"Seeing Red+1","floor":7},{"not_picked":["Headbutt","Clash"],"picked":"Exhume+1","floor":8},{"not_picked":["Pommel Strike","Blood for Blood","Iron Wave"],"picked":"Entrench+1","floor":11},{"not_picked":["Wild Strike","Power Through+1","Armaments+1"],"picked":"Battle Trance+1","floor":13},{"not_picked":["Clothesline","Sentinel+1","Clash","Hemokinesis"],"picked":"SKIP","floor":14}],"player_experience":198700,"relics_obtained":[{"floor":6,"key":"Regal Pillow"},{"floor":8,"key":"HornCleat"},{"floor":9,"key":"Question Card"},{"floor":13,"key":"Meat on the Bone"}],"event_choices":[{"damage_healed":0,"gold_gain":0,"player_choice":"Box","damage_taken":0,"relics_obtained":["Red Skull"],"max_hp_gain":0,"max_hp_loss":0,"event_name":"Big Fish","floor":2,"gold_loss":0,"cards_obtained":["Regret"]},{"damage_healed":0,"gold_gain":0,"player_choice":"Take Damage","damage_taken":20,"relics_obtained":["Golden Idol"],"max_hp_gain":0,"max_hp_loss":0,"event_name":"Golden Idol","floor":3,"gold_loss":0},{"damage_healed":0,"gold_gain":0,"player_choice":"Success","damage_taken":3,"relics_obtained":["Toxic Egg 2"],"max_hp_gain":0,"max_hp_loss":0,"event_name":"Scrap Ooze","floor":5,"gold_loss":0}],"is_beta":false,"boss_relics":[],"items_purged_floors":[10],"is_endless":false,"potions_floor_spawned":[1,6,7,11],"killed_by":"Slime Boss","ascension_level":13}}