{"host":"7gewg82ormp6yt4e","time":1612362085,"event":{"mods":["BaseMod","Block Reminder","Colored Map","DeckTracker","Highlight Path","Minty Spire (QoL Compilation)","Relic Stats","StSLib","ojb\u0027s Info Mod"],"gold_per_floor":[109,123,142,142,242,242,281,281,281,324,324,359,374,418,418,517,517,536,561,615,189,214,214,254,254,254,275,309,309,353,368,368,457,457,477,498,308,327,327,327,367,367,391,223,96,96,135,15,15,15,15],"floor_reached":50,"language":"JPN","playtime":3567,"items_purged":["Injury","Pain"],"score":1618,"play_id":"0b9ec488-43e5-4850-978e-1fd6046ecbe7","local_time":"20210203232125","is_ascension_mode":true,"campfire_choices":[{"data":"Conclude","floor":6.0,"key":"SMITH"},{"floor":8.0,"key":"REST"},{"floor":11.0,"key":"REST"},{"data":"Wallop","floor":15.0,"key":"SMITH"},{"floor":23.0,"key":"REST"},{"floor":29.0,"key":"RECALL"},{"floor":32.0,"key":"REST"},{"floor":40.0,"key":"REST"},{"floor":42.0,"key":"REST"},{"floor":46.0,"key":"REST"},{"floor":49.0,"key":"REST"}],"circlet_count":0,"master_deck":["AscendersBane","Strike_P","Strike_P","Strike_P","Strike_P","Defend_P","Defend_P","Defend_P","Defend_P","Eruption+1","Vigilance","CurseOfTheBell","ThirdEye","ConjureBlade","Conclude+1","ThirdEye+1","FearNoEvil","Crescendo+1","CarveReality","Wallop+1","DevaForm","TalkToTheHand+1","TalkToTheHand+1","Ragnarok","EmptyBody","Tantrum","SashWhip+1","Ragnarok","Wireheading","Sanctity","Crescendo+1","TalkToTheHand","Study","Evaluate+1","Fasting2","Fasting2"],"relics":["Calling Bell","Bag of Marbles","Darkstone Periapt","WingedGreaves","Golden Idol","Blue Candle","FossilizedHelix","Yang","StrikeDummy","Oddly Smooth Stone","Fusion Hammer","PreservedInsect","Membership Card","Centennial Puzzle","Whetstone","Anchor","Smiling Mask","Bottled Lightning","InkBottle","Cursed Key","Lee\u0027s Waffle","War Paint","Lantern","Chemical X","OrangePellets","TeardropLocket","DollysMirror"],"acts_visited":["Exordium","TheCity","TheBeyond"],"potions_floor_usage":[],"damage_taken":[{"damage":0.0,"enemies":"Small Slimes","floor":1.0,"turns":3.0},{"damage":6.0,"enemies":"Jaw Worm","floor":2.0,"turns":6.0},{"damage":0.0,"enemies":"Cultist","floor":3.0,"turns":3.0},{"damage":27.0,"enemies":"3 Sentries","floor":7.0,"turns":6.0},{"damage":29.0,"enemies":"Gremlin Nob","floor":10.0,"turns":4.0},{"damage":20.0,"enemies":"3 Sentries","floor":12.0,"turns":4.0},{"damage":0.0,"enemies":"Exordium Wildlife","floor":13.0,"turns":1.0},{"damage":0.0,"enemies":"Gremlin Nob","floor":14.0,"turns":3.0},{"damage":0.0,"enemies":"Slime Boss","floor":16.0,"turns":5.0},{"damage":0.0,"enemies":"Shell Parasite","floor":18.0,"turns":2.0},{"damage":0.0,"enemies":"Chosen","floor":19.0,"turns":2.0},{"damage":0.0,"enemies":"Snake Plant","floor":22.0,"turns":2.0},{"damage":9.0,"enemies":"Book of Stabbing","floor":24.0,"turns":4.0},{"damage":1.0,"enemies":"Snecko","floor":27.0,"turns":3.0},{"damage":0.0,"enemies":"Slavers","floor":28.0,"turns":2.0},{"damage":0.0,"enemies":"Gremlin Leader","floor":30.0,"turns":3.0},{"damage":16.0,"enemies":"Shelled Parasite and Fungi","floor":31.0,"turns":4.0},{"damage":1.0,"enemies":"Champ","floor":33.0,"turns":29.0},{"damage":0.0,"enemies":"3 Shapes","floor":35.0,"turns":2.0},{"damage":0.0,"enemies":"3 Darklings","floor":36.0,"turns":3.0},{"damage":0.0,"enemies":"Maw","floor":38.0,"turns":8.0},{"damage":9.0,"enemies":"Reptomancer","floor":41.0,"turns":3.0},{"damage":1.0,"enemies":"Giant Head","floor":47.0,"turns":8.0},{"damage":106,"enemies":"Awakened One","floor":50,"turns":4}],"seed_played":"502794965790864818","potions_obtained":[{"floor":3.0,"key":"Dexterity Potion"},{"floor":12.0,"key":"Weak Potion"},{"floor":24.0,"key":"Explosive Potion"},{"floor":27.0,"key":"SkillPotion"},{"floor":28.0,"key":"Strength Potion"},{"floor":35.0,"key":"LiquidBronze"},{"floor":41.0,"key":"FearPotion"}],"is_trial":false,"path_per_floor":["M","M","M","?","?","R","E","R","T","E","R","E","M","E","R","B",null,"M","M","T","$","M","R","E","?","T","M","E","R","E","M","R","B",null,"M","M","$","M","?","R","E","R","T","$","$","R","E","$","R","B"],"character_chosen":"WATCHER","items_purchased":["Membership Card","BlessingOfTheForge","Fire Potion","Centennial Puzzle","Ragnarok","Lee\u0027s Waffle","BlessingOfTheForge","War Paint","Chemical X","TalkToTheHand","OrangePellets","Study","Fasting2","DollysMirror"],"campfire_rested":8,"item_purchase_floors":[21,21,21,21,21,37,37,37,44,44,45,45,48,48],"current_hp_per_floor":[61,55,55,61,61,61,34,56,56,27,49,29,29,29,29,29,63,63,63,63,63,63,74,65,65,65,64,64,64,64,48,70,69,73,73,73,81,81,81,81,72,81,87,87,87,87,86,86,87,0,0],"gold":15,"neow_bonus":"BOSS_RELIC","is_daily":false,"chose_seed":false,"campfire_upgraded":2,"win_rate":0.0,"timestamp":1612362085,"path_taken":["M","M","M","?","?","R","E","R","T","E","R","E","M","E","R","BOSS","M","M","?","$","M","R","E","?","T","M","E","R","E","?","R","BOSS","M","M","$","M","?","R","E","R","T","?","$","R","E","$","R","BOSS"],"items_purchased_type":["Relic","Potion","Potion","Relic","Card","Relic","Potion","Relic","Relic","Card","Relic","Card","Card","Relic"],"build_version":"2020-12-22","purchased_purges":2,"victory":false,"max_hp_per_floor":[68,68,68,74,74,74,74,74,74,74,74,74,74,74,74,74,74,74,74,74,74,74,74,74,74,74,74,74,74,74,74,74,74,74,74,74,81,81,81,81,81,81,87,87,87,87,87,87,87,87,87],"relic_stats":{"Darkstone Periapt":12,"Lee\u0027s Waffle":8,"counters":[24,114],"Golden Idol":147,"Blue Candle":[2],"Yang":[184],"PreservedInsect":325,"Whetstone":["TalkToTheHand","Eruption"],"War Paint":["Crescendo","ThirdEye"],"Smiling Mask":0,"Cursed Key":1,"OrangePellets":[5],"Centennial Puzzle":[21],"Chemical X":[2],"obtain_stats":[{"Darkstone Periapt":0,"Lantern":41,"Yang":10,"Whetstone":24,"TeardropLocket":47,"Smiling Mask":26,"Cursed Key":34,"Centennial Puzzle":21,"DollysMirror":48,"WingedGreaves":0,"Fusion Hammer":17,"Chemical X":44,"InkBottle":30,"Lee\u0027s Waffle":37,"Golden Idol":4,"Blue Candle":7,"Oddly Smooth Stone":14,"PreservedInsect":20,"War Paint":37,"Calling Bell":0,"OrangePellets":45,"Anchor":25,"Bag of Marbles":0,"Membership Card":21,"Bottled Lightning":28,"PureWater":0,"StrikeDummy":12,"FossilizedHelix":9},{"Darkstone Periapt":0,"Lantern":22,"Yang":5,"Whetstone":13,"TeardropLocket":23,"Smiling Mask":13,"Cursed Key":18,"Centennial Puzzle":11,"DollysMirror":23,"WingedGreaves":0,"Fusion Hammer":9,"Chemical X":22,"InkBottle":16,"Lee\u0027s Waffle":20,"Golden Idol":3,"Blue Candle":4,"Oddly Smooth Stone":8,"PreservedInsect":11,"War Paint":20,"Calling Bell":0,"OrangePellets":22,"Anchor":13,"Bag of Marbles":0,"Membership Card":11,"Bottled Lightning":15,"PureWater":0,"StrikeDummy":6,"FossilizedHelix":4},{"Darkstone Periapt":0,"Lantern":102,"Yang":22,"Whetstone":45,"TeardropLocket":110,"Smiling Mask":45,"Cursed Key":86,"Centennial Puzzle":39,"DollysMirror":110,"WingedGreaves":0,"Fusion Hammer":35,"Chemical X":102,"InkBottle":53,"Lee\u0027s Waffle":91,"Golden Idol":12,"Blue Candle":18,"Oddly Smooth Stone":30,"PreservedInsect":39,"War Paint":91,"Calling Bell":0,"OrangePellets":102,"Anchor":45,"Bag of Marbles":0,"Membership Card":39,"Bottled Lightning":50,"PureWater":0,"StrikeDummy":26,"FossilizedHelix":18}],"InkBottle":[19]},"card_choices":[{"not_picked":["JustLucky","FlurryOfBlows"],"picked":"ThirdEye","floor":1.0},{"not_picked":["ClearTheMind","Collect"],"picked":"ConjureBlade","floor":2.0},{"not_picked":["JustLucky","Fasting2"],"picked":"Conclude","floor":3.0},{"not_picked":["WreathOfFlame","Worship"],"picked":"ThirdEye","floor":7.0},{"not_picked":["ClearTheMind","FlurryOfBlows"],"picked":"FearNoEvil","floor":10.0},{"not_picked":["Consecrate","Indignation"],"picked":"Crescendo","floor":12.0},{"not_picked":["CrushJoints","Devotion"],"picked":"CarveReality","floor":13.0},{"not_picked":["ClearTheMind","EmptyBody"],"picked":"Wallop","floor":14.0},{"not_picked":["Alpha","LessonLearned"],"picked":"DevaForm","floor":16.0},{"not_picked":["InnerPeace","SashWhip"],"picked":"TalkToTheHand","floor":18.0},{"not_picked":["ClearTheMind","Protect"],"picked":"TalkToTheHand+1","floor":19.0},{"not_picked":["SashWhip","Protect","Crescendo"],"picked":"SKIP","floor":22.0},{"not_picked":["Evaluate","FlyingSleeves","Devotion"],"picked":"SKIP","floor":24.0},{"not_picked":["Prostrate","BattleHymn"],"picked":"EmptyBody","floor":27.0},{"not_picked":["SashWhip","MentalFortress"],"picked":"Tantrum","floor":28.0},{"not_picked":["ReachHeaven","Blasphemy","Consecrate"],"picked":"SKIP","floor":30.0},{"not_picked":["Evaluate","Meditate+1"],"picked":"SashWhip+1","floor":31.0},{"not_picked":["Devotion","ConjureBlade"],"picked":"Ragnarok","floor":33.0},{"not_picked":["JustLucky","CutThroughFate"],"picked":"Wireheading","floor":35.0},{"not_picked":["Evaluate","Protect","JustLucky"],"picked":"SKIP","floor":36.0},{"not_picked":["Devotion","ThirdEye"],"picked":"Sanctity","floor":38.0},{"not_picked":["FlyingSleeves","EmptyBody"],"picked":"Crescendo+1","floor":41.0},{"not_picked":["EmptyFist+1","FlyingSleeves"],"picked":"Evaluate+1","floor":47.0}],"player_experience":2766315,"relics_obtained":[{"floor":0.0,"key":"Bag of Marbles"},{"floor":0.0,"key":"Darkstone Periapt"},{"floor":0.0,"key":"WingedGreaves"},{"floor":7.0,"key":"Blue Candle"},{"floor":9.0,"key":"FossilizedHelix"},{"floor":10.0,"key":"Yang"},{"floor":12.0,"key":"StrikeDummy"},{"floor":14.0,"key":"Oddly Smooth Stone"},{"floor":20.0,"key":"PreservedInsect"},{"floor":24.0,"key":"Whetstone"},{"floor":26.0,"key":"Smiling Mask"},{"floor":28.0,"key":"Bottled Lightning"},{"floor":30.0,"key":"InkBottle"},{"floor":41.0,"key":"Lantern"},{"floor":47.0,"key":"TeardropLocket"}],"event_choices":[{"damage_healed":0.0,"max_hp_gain":0.0,"max_hp_loss":0.0,"gold_gain":0.0,"event_name":"Golden Idol","player_choice":"Take Wound","floor":4.0,"gold_loss":0.0,"damage_taken":0.0,"relics_obtained":["Golden Idol"],"cards_obtained":["Injury"]},{"damage_healed":0.0,"max_hp_gain":0.0,"max_hp_loss":0.0,"gold_gain":100.0,"event_name":"Wheel of Change","player_choice":"Gold","floor":5.0,"gold_loss":0.0,"damage_taken":0.0},{"damage_healed":0.0,"max_hp_gain":0.0,"max_hp_loss":0.0,"gold_gain":0.0,"event_name":"WeMeetAgain","player_choice":"Gave Potion","floor":25.0,"gold_loss":0.0,"damage_taken":0.0,"relics_obtained":["Anchor"]},{"damage_healed":0.0,"max_hp_gain":0.0,"max_hp_loss":0.0,"gold_gain":0.0,"event_name":"SecretPortal","player_choice":"Ignored","floor":39.0,"gold_loss":0.0,"damage_taken":0.0}],"is_beta":false,"boss_relics":[{"not_picked":["Ectoplasm","Velvet Choker"],"picked":"Fusion Hammer"},{"not_picked":["Runic Dome","Busted Crown"],"picked":"Cursed Key"}],"items_purged_floors":[21,44],"is_endless":false,"potions_floor_spawned":[3,12,13,14,22,24,27,28,35,41],"killed_by":"Awakened One","ascension_level":20}}