{"host":"kq5z4hx2798lxd5l","time":1612394831,"event":{"mods":["BaseMod","Better Note","BetterRewards","Colored Map","Colored Powertips","Downfall","Hermit","Hubris","Infinite Spire","Jorbs\u0027s Wanderer Trilogy","Marisa????????","Minty Spire (QoL Compilation)","Rare Cards Sparkle","Reliquary","Replay The Spire","StSLib","The Cursed","The Disciple","The Hierophant","The Necromancer","The Runesmith","The Servant 0.9.4"],"gold_per_floor":[112,129,144,24,43,69,69,69,69],"floor_reached":8,"language":"SPA","playtime":408,"items_purged":["Strike_R"],"score":58,"play_id":"c2427a5b-ee16-46c2-a8b3-298b95bdb691","local_time":"20210203232711","is_ascension_mode":false,"campfire_choices":[],"circlet_count":0,"master_deck":["Strike_R","Strike_R","Strike_R","Strike_R","Defend_R","Defend_R","Defend_R","Defend_R","Bash","Forethought","Sword Boomerang","Shockwave","infinitespire:OneForAll","Shrug It Off","Run Through","hubris:SharpeningStone"],"relics":["Burning Blood","Bottled Lightning"],"acts_visited":["Exordium"],"potions_floor_usage":[6],"damage_taken":[{"damage":5,"enemies":"Jaw Worm","floor":1,"turns":4},{"damage":5,"enemies":"Small Slimes","floor":2,"turns":4},{"damage":1,"enemies":"2 Louse","floor":3,"turns":3},{"damage":2,"enemies":"Exordium Thugs","floor":5,"turns":5},{"damage":68,"enemies":"Lagavulin","floor":6,"turns":9},{"damage":21,"enemies":"3 Sentries","floor":8,"turns":4}],"seed_played":"-5348432932394906904","potions_obtained":[{"floor":1,"key":"ColorlessPotion"}],"is_trial":false,"path_per_floor":["M","M","M","$","M","E","$","E"],"character_chosen":"IRONCLAD","items_purchased":["Shrug It Off"],"campfire_rested":0,"item_purchase_floors":[4],"current_hp_per_floor":[80,80,80,80,80,18,18,0,0],"gold":69,"neow_bonus":"RANDOM_COLORLESS","is_daily":false,"chose_seed":false,"campfire_upgraded":0,"win_rate":0.0,"timestamp":1612394831,"path_taken":["M","M","M","$","M","E","$","E"],"items_purchased_type":["Card"],"build_version":"2020-12-22","purchased_purges":1,"victory":false,"max_hp_per_floor":[80,80,80,80,80,80,80,80,80],"card_choices":[{"not_picked":["Enlightenment","Replay:Bootleg Shield Generator"],"picked":"Forethought","floor":0},{"not_picked":["Clash","Replay:Undeath\u0027s Touch"],"picked":"Sword Boomerang","floor":1},{"not_picked":["Intimidate","Iron Wave"],"picked":"Shockwave","floor":2},{"not_picked":["Anger","Flex"],"picked":"infinitespire:OneForAll","floor":3},{"not_picked":["Clash","hubris:CleavingFinish"],"picked":"Run Through","floor":5},{"not_picked":["Uppercut","ReplayTheSpireMod:Limb From Limb"],"picked":"hubris:SharpeningStone","floor":6}],"player_experience":489725,"relics_obtained":[{"floor":6,"key":"Bottled Lightning"}],"event_choices":[],"is_beta":false,"boss_relics":[],"items_purged_floors":[4],"is_endless":false,"potions_floor_spawned":[1],"killed_by":"3 Sentries","ascension_level":0}}