{"host":"qdfumeom6htv8yxl","time":1612382710,"event":{"mods":["AchievementEnabler","BaseMod","Bestiary","Block Reminder","Colored Powertips","Highlight Path","Minty Spire (QoL Compilation)","Quick Restart","Relic Stats"],"gold_per_floor":[112,112,112,55,20,48,48,73,96,131,131,14,29,29,29,106,106,117,42,42,55,75,75,75,75,75,75,75],"floor_reached":27,"language":"ENG","playtime":878,"items_purged":["Strike_B"],"score":550,"play_id":"479f29ba-2e52-4a78-a073-2445f8dfa775","local_time":"20210203140510","is_ascension_mode":true,"campfire_choices":[{"data":"Hologram","floor":7.0,"key":"SMITH"},{"data":"Self Repair","floor":11.0,"key":"SMITH"},{"data":"Sweeping Beam","floor":15.0,"key":"SMITH"},{"data":"Reboot","floor":23,"key":"SMITH"},{"data":"Genetic Algorithm","floor":25,"key":"SMITH"}],"circlet_count":0,"master_deck":["AscendersBane","Strike_B+1","Strike_B+1","Strike_B+1","Defend_B+1","Defend_B+1","Defend_B+1","Defend_B+1","Zap","Dualcast+1","Hologram+1","Gash","FTL","Self Repair+1","Swift Strike","Sweeping Beam+1","Auto Shields","Reboot+1","Genetic Algorithm+1","Conserve Battery+1"],"relics":["Cracked Core","NeowsBlessing","Dream Catcher","Pantograph","Centennial Puzzle","Bottled Flame","Coffee Dripper","StoneCalendar"],"acts_visited":["Exordium","TheCity"],"potions_floor_usage":[16,16],"damage_taken":[{"damage":0.0,"enemies":"2 Louse","floor":1.0,"turns":1.0},{"damage":0.0,"enemies":"3 Sentries","floor":6.0,"turns":2.0},{"damage":0.0,"enemies":"Gremlin Nob","floor":8.0,"turns":1.0},{"damage":24.0,"enemies":"Lagavulin","floor":10.0,"turns":6.0},{"damage":0.0,"enemies":"Small Slimes","floor":13.0,"turns":2.0},{"damage":30,"enemies":"Slime Boss","floor":16,"turns":7},{"damage":19,"enemies":"3 Byrds","floor":18,"turns":4},{"damage":31,"enemies":"Chosen","floor":21,"turns":4},{"damage":32,"enemies":"Snecko","floor":22,"turns":7},{"damage":0,"enemies":"Slavers","floor":27,"turns":1}],"seed_played":"8269045239225403436","potions_obtained":[{"floor":6.0,"key":"BlessingOfTheForge"},{"floor":10.0,"key":"BlessingOfTheForge"},{"floor":13.0,"key":"Energy Potion"},{"floor":22,"key":"SpeedPotion"}],"is_trial":false,"path_per_floor":["M","?","?","$","?","E","R","E","T","E","R","$","M","$","R","B",null,"M","$","?","M","M","R","$","R","T","E"],"character_chosen":"DEFECT","items_purchased":["Gash","Swift Strike","Sweeping Beam"],"campfire_rested":0,"item_purchase_floors":[4,12,12],"current_hp_per_floor":[64,43,48,48,67,67,67,67,67,43,43,43,53,53,53,56,71,62,62,62,41,19,19,19,19,19,19,19],"gold":75,"neow_bonus":"THREE_ENEMY_KILL","is_daily":false,"chose_seed":false,"campfire_upgraded":5,"win_rate":0.0,"timestamp":1612382710,"path_taken":["M","?","?","$","?","E","R","E","T","E","R","?","?","?","R","BOSS","M","$","?","M","M","R","$","R","T","E"],"items_purchased_type":["Card","Card","Card"],"build_version":"2020-12-22","purchased_purges":1,"victory":false,"max_hp_per_floor":[71,71,76,76,76,76,76,76,76,76,76,76,76,76,76,76,76,76,76,76,76,76,76,76,76,76,76,76],"relic_stats":{"Dream Catcher":0,"Centennial Puzzle":[15],"counters":[10,35],"Pantograph":23,"StoneCalendar":[0],"obtain_stats":[{"Dream Catcher":6,"Centennial Puzzle":9,"Bottled Flame":10,"NeowsBlessing":0,"Pantograph":8,"StoneCalendar":26,"Coffee Dripper":17,"Cracked Core":0},{"Dream Catcher":2,"Centennial Puzzle":3,"Bottled Flame":4,"NeowsBlessing":0,"Pantograph":3,"StoneCalendar":9,"Coffee Dripper":6,"Cracked Core":0},{"Dream Catcher":3,"Centennial Puzzle":4,"Bottled Flame":10,"NeowsBlessing":0,"Pantograph":4,"StoneCalendar":34,"Coffee Dripper":19,"Cracked Core":0}]},"card_choices":[{"not_picked":["Streamline","Compile Driver"],"picked":"Hologram","floor":1.0},{"not_picked":["Heatsinks","Meteor Strike","Recycle"],"picked":"SKIP","floor":6.0},{"not_picked":["BootSequence","Sunder"],"picked":"FTL","floor":8.0},{"not_picked":["Leap","Go for the Eyes"],"picked":"Self Repair","floor":10.0},{"not_picked":["Turbo","Ball Lightning"],"picked":"Auto Shields","floor":13.0},{"not_picked":["Meteor Strike","Rainbow"],"picked":"Reboot","floor":16},{"not_picked":["Conserve Battery+1","Go for the Eyes"],"picked":"Genetic Algorithm","floor":18},{"not_picked":["Chill","Compile Driver"],"picked":"Conserve Battery+1","floor":21},{"not_picked":["Force Field+1","Fusion+1","Leap"],"picked":"SKIP","floor":22}],"player_experience":2003420,"relics_obtained":[{"floor":6.0,"key":"Dream Catcher"},{"floor":8.0,"key":"Pantograph"},{"floor":9.0,"key":"Centennial Puzzle"},{"floor":10.0,"key":"Bottled Flame"},{"floor":26,"key":"StoneCalendar"}],"event_choices":[{"damage_healed":0.0,"max_hp_gain":0.0,"max_hp_loss":0.0,"gold_gain":0.0,"event_name":"Shining Light","player_choice":"Entered Light","floor":2.0,"gold_loss":0.0,"damage_taken":21.0,"cards_upgraded":["Strike_B","Dualcast"]},{"damage_healed":0.0,"max_hp_gain":5.0,"max_hp_loss":0.0,"gold_gain":0.0,"event_name":"Big Fish","player_choice":"Donut","floor":3.0,"gold_loss":0.0,"damage_taken":0.0},{"damage_healed":19.0,"max_hp_gain":0.0,"max_hp_loss":0.0,"gold_gain":0.0,"event_name":"The Cleric","player_choice":"Healed","floor":5.0,"gold_loss":35.0,"damage_taken":0.0},{"damage_healed":0,"gold_gain":0,"player_choice":"Simplicity","damage_taken":0,"max_hp_gain":0,"max_hp_loss":0,"event_name":"Back to Basics","floor":20,"gold_loss":0,"cards_upgraded":["Strike_B","Strike_B","Defend_B","Defend_B","Defend_B","Defend_B"]}],"is_beta":false,"boss_relics":[{"not_picked":["SacredBark","Runic Dome"],"picked":"Coffee Dripper"}],"items_purged_floors":[19],"is_endless":false,"potions_floor_spawned":[6,10,13,22],"killed_by":"Slavers","ascension_level":20}}