{"host":"0kerkzfzn38xsjst","time":1612355939,"event":{"mods":["BaseMod","Minty Spire (QoL Compilation)","Quick Restart","StSLib","The Bug Knight"],"gold_per_floor":[134,149,189,118,183,238,278,278,303,303,658,470,485,525,525,650,650,690,529,594,634,674,729,729,469,494,509,509,564,579,619,619,719,719,734,749,824,674,689,689,363,378,378,378,393,417,492,531,531,531],"floor_reached":51,"language":"ZHS","playtime":13477,"items_purged":["HollowMod:NailStrikeStart","HollowMod:QuickDashStart","HollowMod:QuickDashStart","HollowMod:QuickDashStart","HollowMod:QuickDashStart"],"score":910,"play_id":"a4790488-efe2-4871-85b6-6c820a5460c2","local_time":"20210203203859","daily_mods":["Allstar","Time Dilation","Lethality"],"is_ascension_mode":false,"campfire_choices":[{"data":"Apotheosis","floor":8.0,"key":"SMITH"},{"data":"Secret Technique","floor":10.0,"key":"SMITH"},{"data":"HollowMod:CloakDash","floor":15.0,"key":"SMITH"},{"data":"HollowMod:CloakDash","floor":24.0,"key":"SMITH"},{"data":"HollowMod:BaldurShell","floor":32.0,"key":"SMITH"},{"data":"HollowMod:HuntersJournal","floor":40.0,"key":"SMITH"},{"data":"HollowMod:SlysStrikes","floor":49,"key":"SMITH"}],"circlet_count":0,"master_deck":["HollowMod:NailStrikeStart","HollowMod:NailStrikeStart","HollowMod:NailStrikeStart","HollowMod:PogoStrike","Apotheosis+1","Secret Weapon","Secret Technique+1","HandOfGreed","HollowMod:LifebloodCocoon","HollowMod:SoulSplash","HollowMod:MonarchWings","HollowMod:MonomonsArchive","HollowMod:DoubleDash","HollowMod:CloakDash+1","HollowMod:GreatSlash","HollowMod:SiblingsSouls+1","HollowMod:AwokenDreamNail","HollowMod:CloakDash+1","HollowMod:SoulVessel","HollowMod:DoubleDash","HollowMod:VengefulSpirit+1","HollowMod:SoulShaman","HollowMod:QuirrelsAssistance","HollowMod:HuntersJournal+1","HollowMod:HerrahsAnger","HollowMod:ShapeofUnn","HollowMod:DoubleDash","HollowMod:SlysStrikes+1","HollowMod:CloakDash+1"],"relics":["HollowMod:VesselMask","Blue Candle","Bag of Preparation","Old Coin","Membership Card","Coffee Dripper","HollowMod:PaleOreRelic","HornCleat","Blood Vial","Tiny Chest","Empty Cage","Incense Burner","HollowMod:JonisBlessing","Anchor","FossilizedHelix","CeramicFish","Singing Bowl","White Beast Statue"],"acts_visited":["Exordium","TheCity","TheBeyond"],"potions_floor_usage":[],"damage_taken":[{"damage":0.0,"enemies":"Cultist","floor":1.0,"turns":2.0},{"damage":10.0,"enemies":"2 Louse","floor":2.0,"turns":2.0},{"damage":14.0,"enemies":"Jaw Worm","floor":3.0,"turns":2.0},{"damage":0.0,"enemies":"Large Slime","floor":5.0,"turns":5.0},{"damage":9.0,"enemies":"HollowMod:MossKnight","floor":6.0,"turns":5.0},{"damage":0.0,"enemies":"Red Slaver","floor":7.0,"turns":3.0},{"damage":0.0,"enemies":"Gremlin Nob","floor":11.0,"turns":4.0},{"damage":4.0,"enemies":"Lots of Slimes","floor":13.0,"turns":2.0},{"damage":6.0,"enemies":"Exordium Thugs","floor":14.0,"turns":6.0},{"damage":12.0,"enemies":"Hexaghost","floor":16.0,"turns":7.0},{"damage":0.0,"enemies":"Spheric Guardian","floor":18.0,"turns":3.0},{"damage":16.0,"enemies":"2 Thieves","floor":20.0,"turns":4.0},{"damage":1.0,"enemies":"Sentry and Sphere","floor":21.0,"turns":6.0},{"damage":0.0,"enemies":"Cultist and Chosen","floor":22.0,"turns":3.0},{"damage":0.0,"enemies":"Book of Stabbing","floor":23.0,"turns":4.0},{"damage":0.0,"enemies":"Chosen and Byrds","floor":27.0,"turns":2.0},{"damage":0.0,"enemies":"HollowMod:Nosk","floor":29.0,"turns":6.0},{"damage":0.0,"enemies":"Sentry and Sphere","floor":30.0,"turns":3.0},{"damage":1.0,"enemies":"Centurion and Healer","floor":31.0,"turns":4.0},{"damage":0.0,"enemies":"Collector","floor":33.0,"turns":4.0},{"damage":0.0,"enemies":"3 Shapes","floor":35.0,"turns":3.0},{"damage":10.0,"enemies":"3 Darklings","floor":36.0,"turns":3.0},{"damage":0.0,"enemies":"Mind Bloom Boss Battle","floor":37.0,"turns":3.0},{"damage":0.0,"enemies":"Spire Growth","floor":39.0,"turns":3.0},{"damage":0.0,"enemies":"Transient","floor":42.0,"turns":5.0},{"damage":0.0,"enemies":"Sphere and 2 Shapes","floor":45.0,"turns":5.0},{"damage":0.0,"enemies":"HollowMod:SlobberingHusk","floor":46.0,"turns":7.0},{"damage":0,"enemies":"Nemesis","floor":48,"turns":5},{"damage":0,"enemies":"HollowMod:Radiance","floor":50,"turns":8}],"seed_played":"4031875728642390749","potions_obtained":[{"floor":2.0,"key":"Dexterity Potion"},{"floor":5.0,"key":"FearPotion"},{"floor":11.0,"key":"SneckoOil"},{"floor":14.0,"key":"Dexterity Potion"},{"floor":16.0,"key":"PowerPotion"},{"floor":27.0,"key":"FairyPotion"},{"floor":30.0,"key":"EntropicBrew"},{"floor":36.0,"key":"Swift Potion"}],"is_trial":false,"path_per_floor":["M","M","M","$","M","E","M","R","T","R","E","$","M","M","R","B",null,"M","$","M","M","M","E","R","$","T","M","?","E","M","M","R","B",null,"M","M","?","$","M","R","$","M","T","?","M","M","T","E","R","B",null],"character_chosen":"THE_BUGKNIGHT","items_purchased":["HollowMod:MonomonsArchive","Membership Card","HollowMod:AwokenDreamNail","HollowMod:CloakDash","HollowMod:SoulVessel","HollowMod:SoulShaman","HornCleat","HollowMod:BaldurShell","HollowMod:JonisBlessing","Anchor","FossilizedHelix","HollowMod:DoubleDash"],"campfire_rested":0,"item_purchase_floors":[4,12,19,19,19,25,25,25,38,41,41,41],"current_hp_per_floor":[75,65,63,63,75,72,75,75,75,75,75,75,71,75,75,69,75,75,75,65,75,75,75,75,75,75,75,61,79,80,80,80,80,80,80,70,72,72,72,72,72,72,72,72,72,72,72,72,72,72],"gold":531,"neow_bonus":"","is_daily":true,"chose_seed":false,"campfire_upgraded":7,"win_rate":0.0,"timestamp":1612355939,"path_taken":["M","M","M","$","M","E","?","R","T","R","E","$","M","M","R","BOSS","M","$","M","M","M","E","R","$","T","M","?","E","M","M","R","BOSS","M","M","?","$","M","R","$","M","T","?","?","M","?","E","R","BOSS"],"items_purchased_type":["Card","Relic","Card","Card","Card","Card","Relic","Card","Relic","Relic","Relic","Card"],"build_version":"2020-12-22","purchased_purges":5,"victory":true,"max_hp_per_floor":[75,75,75,75,75,75,75,75,75,75,75,75,75,75,75,75,75,75,75,75,75,75,75,75,75,75,75,80,80,80,80,80,80,80,80,80,80,80,80,80,80,80,80,80,80,80,80,80,80,80],"card_choices":[{"not_picked":["HollowMod:NewJinnsSoul","HollowMod:WraithStrike"],"picked":"HollowMod:LifebloodCocoon","floor":1.0},{"not_picked":["HollowMod:VengefulVoid","HollowMod:CoiledNail"],"picked":"HollowMod:SoulSplash","floor":2.0},{"not_picked":["HollowMod:LifebloodCocoon","HollowMod:TaintedHusks"],"picked":"HollowMod:MonarchWings","floor":3.0},{"not_picked":["HollowMod:NewLittleFool","HollowMod:SharpenedNail"],"picked":"HollowMod:DoubleDash","floor":5.0},{"not_picked":["HollowMod:NewInfectedGuardian","HollowMod:HowlingWraiths"],"picked":"HollowMod:CloakDash","floor":6.0},{"not_picked":["HollowMod:GoodIntentions","HollowMod:HeavyBlow"],"picked":"HollowMod:GreatSlash","floor":7.0},{"not_picked":["HollowMod:WraithStrike","HollowMod:HowlingWraiths","HollowMod:PaleKingsBlessing"],"picked":"SKIP","floor":11.0},{"not_picked":["HollowMod:HowlingWraiths","HollowMod:InfectedAttack","HollowMod:BrokenVessel"],"picked":"SKIP","floor":13.0},{"not_picked":["HollowMod:SoulShaman","HollowMod:WraithStrike","HollowMod:CoiledNail"],"picked":"SKIP","floor":14.0},{"not_picked":["HollowMod:DashSlash","HollowMod:NewLittleFool+1"],"picked":"HollowMod:SiblingsSouls+1","floor":18.0},{"not_picked":["HollowMod:BlackTendrils+1","HollowMod:SharpenedNail"],"picked":"HollowMod:DoubleDash","floor":20.0},{"not_picked":["HollowMod:SharpenedNail+1","HollowMod:LuriensSpire"],"picked":"HollowMod:VengefulSpirit+1","floor":21.0},{"not_picked":["HollowMod:ShadowDash","HollowMod:MothsMistake","HollowMod:SiblingsSouls"],"picked":"SKIP","floor":22.0},{"not_picked":["HollowMod:InfectedAttack","HollowMod:SharpenedNail","HollowMod:WraithStrike"],"picked":"SKIP","floor":23.0},{"not_picked":["HollowMod:TaintedHusks","HollowMod:DoubleDash","HollowMod:LuriensSpire"],"picked":"SKIP","floor":27.0},{"not_picked":["HollowMod:HeavyBlow","HollowMod:VengefulVoid"],"picked":"HollowMod:QuirrelsAssistance","floor":29.0},{"not_picked":["HollowMod:ZotesMagnificence","HollowMod:CycloneSlash+1","HollowMod:InfectedAttack"],"picked":"SKIP","floor":30.0},{"not_picked":["HollowMod:CycloneSlash","HollowMod:DreamGate"],"picked":"HollowMod:HuntersJournal","floor":31.0},{"not_picked":["HollowMod:VoidDash","HollowMod:SlysStrikes"],"picked":"HollowMod:HerrahsAnger","floor":33.0},{"not_picked":["HollowMod:HowlingWraiths+1","HollowMod:LifebloodCocoon+1","HollowMod:BrokenVessel+1"],"picked":"SKIP","floor":35.0},{"not_picked":["HollowMod:SharpenedShadows","HollowMod:SoulVessel"],"picked":"HollowMod:ShapeofUnn","floor":36.0},{"not_picked":["HollowMod:ShapeofUnn+1","HollowMod:MonomonsArchive","HollowMod:CycloneSlash"],"picked":"SKIP","floor":39.0},{"not_picked":["HollowMod:VengefulVoid+1","HollowMod:HowlingWraiths+1","HollowMod:NewJinnsSoul"],"picked":"SKIP","floor":42.0},{"not_picked":["HollowMod:HeavyBlow","HollowMod:BlackTendrils+1","HollowMod:Grubsong"],"picked":"SKIP","floor":45.0},{"not_picked":["HollowMod:NewJinnsSoul+1","HollowMod:NewGlowingWomb+1"],"picked":"HollowMod:SlysStrikes","floor":46.0},{"not_picked":["HollowMod:DashSlash","HollowMod:GreatSlash+1"],"picked":"HollowMod:CloakDash+1","floor":48}],"player_experience":141531,"relics_obtained":[{"floor":6.0,"key":"Blue Candle"},{"floor":9.0,"key":"Bag of Preparation"},{"floor":11.0,"key":"Old Coin"},{"floor":23.0,"key":"HollowMod:PaleOreRelic"},{"floor":26.0,"key":"Blood Vial"},{"floor":29.0,"key":"Tiny Chest"},{"floor":37.0,"key":"Incense Burner"},{"floor":43.0,"key":"CeramicFish"},{"floor":47.0,"key":"Singing Bowl"},{"floor":48,"key":"White Beast Statue"}],"event_choices":[{"damage_healed":0.0,"max_hp_gain":5.0,"max_hp_loss":0.0,"gold_gain":0.0,"event_name":"Forgotten Altar","player_choice":"Shed Blood","floor":28.0,"gold_loss":0.0,"damage_taken":19.0},{"damage_healed":0.0,"max_hp_gain":0.0,"max_hp_loss":0.0,"gold_gain":0.0,"event_name":"MindBloom","player_choice":"Fight","floor":37.0,"gold_loss":0.0,"damage_taken":0.0},{"cards_removed":["HollowMod:BaldurShell"],"damage_healed":0.0,"max_hp_gain":0.0,"max_hp_loss":0.0,"gold_gain":0.0,"event_name":"Purifier","player_choice":"Purged","floor":44.0,"gold_loss":0.0,"damage_taken":0.0}],"is_beta":false,"boss_relics":[{"not_picked":["Busted Crown","Astrolabe"],"picked":"Coffee Dripper"},{"not_picked":["Calling Bell","Pandora\u0027s Box"],"picked":"Empty Cage"}],"items_purged_floors":[12,19,25,38,41],"is_endless":false,"potions_floor_spawned":[2,5,11,14,16,21,27,29,30,33,36,37,39,46],"ascension_level":0}}