{"host":"c95txy58ipbu969e","time":1612333891,"event":{"mods":["Act Like it!","BaseMod","Downfall","Minty Spire (QoL Compilation)","Quick Restart","StSLib"],"gold_per_floor":[99,115,115,115,128,159,159,159,179,213,225,245,245,245,255,329,329,329,344,357,457,457,457,502,502,614,661,673,90,118,128,139,216,216,216,236,251,566,577,591,591,602,178,78,110,110,210,222,241,241,241,267,8,8,8,8],"floor_reached":57,"language":"ZHS","playtime":4957,"items_purged":["Pride","hexamod:NightmareStrike"],"score":2310,"play_id":"dd63b848-c912-43e9-83f9-b4f3ac3f8582","local_time":"20210203143131","is_ascension_mode":true,"campfire_choices":[{"data":"hexamod:Float","floor":1.0,"key":"SMITH"},{"data":"hexamod:GhostLash","floor":8.0,"key":"SMITH"},{"data":"hexamod:PowerFromBeyond","floor":13.0,"key":"SMITH"},{"data":"hexamod:GiftsFromTheDead","floor":18.0,"key":"SMITH"},{"data":"hexamod:GhostLash","floor":28.0,"key":"SMITH"},{"floor":35.0,"key":"RECALL"},{"data":"hexamod:RecurringNightmare","floor":44.0,"key":"SMITH"},{"data":"hexamod:RecurringNightmare","floor":46.0,"key":"SMITH"},{"data":"hexamod:SpectralSpark","floor":54.0,"key":"SMITH"}],"circlet_count":0,"master_deck":["AscendersBane","hexamod:Sear","hexamod:Float+1","hexamod:GhostLash+1","hexamod:SpectersWail","hexamod:PowerFromBeyond+1","hexamod:GhostLash+1","hexamod:GiftsFromTheDead+1","hexamod:Again","Ghostly","Ghostly","Ghostly","hexamod:CouncilsJustice","hexamod:CouncilsJustice","hexamod:CouncilsJustice","hexamod:SkipABeat","hexamod:Hexaguard","hexamod:RecurringNightmare+1","hexamod:GhostShield","hexamod:ApocalypseNow","hexamod:VolcanoVisage","hexamod:SpectersWail+1","hexamod:EmpoweredFlame","hexamod:Hexaguard","hexamod:RecurringNightmare+1","hexamod:HeatCrush","hexamod:SpectralSpark+1","hexamod:GhostOfSpirePast","expansioncontent:Chronoboost","hexamod:ForkedFlame","hexamod:DynamicBlow"],"relics":["Sozu","Dead Branch","bronze:DecasWashers","Incense Burner","Torii","Orichalcum","Busted Crown","Prayer Wheel","Pear","bronze:BronzeIdol","MawBank","downfall:GremlinWheel","Matryoshka","downfall:HeartBlessingBlue","downfall:HeartBlessingGreen","hexamod:RecyclingMachine","Lizard Tail","Art of War","Coffee Dripper","Lantern","hexamod:BolsterEngine","hexamod:JarOfFuel","downfall:HeartBlessingRed","Centennial Puzzle","downfall:GremlinWheel","Blood Vial","Kunai"],"acts_visited":["TheCity","TheBeyond","TheEnding"],"potions_floor_usage":[],"damage_taken":[{"damage":0.0,"enemies":"Small Slimes","floor":2.0,"turns":3.0},{"damage":2.0,"enemies":"Jaw Worm","floor":5.0,"turns":3.0},{"damage":4.0,"enemies":"Lagavulin","floor":6.0,"turns":5.0},{"damage":0.0,"enemies":"2 Louse","floor":9.0,"turns":1.0},{"damage":6.0,"enemies":"Gremlin Nob","floor":10.0,"turns":3.0},{"damage":0.0,"enemies":"Exordium Wildlife","floor":11.0,"turns":2.0},{"damage":0.0,"enemies":"2 Fungi Beasts","floor":12.0,"turns":2.0},{"damage":7.0,"enemies":"3 Louse","floor":15.0,"turns":2.0},{"damage":17.0,"enemies":"IC_STATUS_ARCHETYPE","floor":16.0,"turns":6.0},{"damage":6.0,"enemies":"Shell Parasite","floor":19.0,"turns":3.0},{"damage":21.0,"enemies":"Centurion and Healer","floor":20.0,"turns":4.0},{"damage":0.0,"enemies":"WA_ARCHETYPE_RETAIN","floor":21.0,"turns":4.0},{"damage":0.0,"enemies":"WA_ARCHETYPE_RETAIN","floor":26.0,"turns":2.0},{"damage":1.0,"enemies":"Slavers","floor":27.0,"turns":3.0},{"damage":0.0,"enemies":"downfall:FleeingMerchant","floor":29.0,"turns":4.0},{"damage":0.0,"enemies":"Book of Stabbing","floor":30.0,"turns":3.0},{"damage":0.0,"enemies":"Sentry and Sphere","floor":31.0,"turns":3.0},{"damage":0.0,"enemies":"Snecko","floor":32.0,"turns":3.0},{"damage":1.0,"enemies":"DF_ARCHETYPE_CLAW","floor":33.0,"turns":4.0},{"damage":0.0,"enemies":"Orb Walker","floor":36.0,"turns":3.0},{"damage":1.0,"enemies":"3 Shapes","floor":37.0,"turns":3.0},{"damage":0.0,"enemies":"downfall:FleeingMerchant","floor":38.0,"turns":2.0},{"damage":0.0,"enemies":"Writhing Mass","floor":39.0,"turns":3.0},{"damage":0.0,"enemies":"3 Darklings","floor":40.0,"turns":3.0},{"damage":0.0,"enemies":"4 Shapes","floor":42.0,"turns":3.0},{"damage":0.0,"enemies":"Nemesis","floor":45.0,"turns":3.0},{"damage":0.0,"enemies":"Nemesis","floor":47.0,"turns":1.0},{"damage":0.0,"enemies":"Jaw Worm Horde","floor":48.0,"turns":2.0},{"damage":0.0,"enemies":"3 Darklings","floor":49.0,"turns":3.0},{"damage":2.0,"enemies":"SI_POISON_ARCHETYPE","floor":50.0,"turns":6.0},{"damage":0.0,"enemies":"downfall:CharBossMerchant","floor":52.0,"turns":3.0},{"damage":4,"enemies":"downfall:NeowBoss","floor":55,"turns":8},{"damage":53,"enemies":"downfall:NeowBossFinal","floor":56,"turns":9}],"seed_played":"390938175550533987","potions_obtained":[],"is_trial":false,"path_per_floor":["R","M","?","T","M","E","T","R","M","E","M","M","R","?","M","B",null,"R","M","M","?","?","?","T","T","?","E","R","$","E","M","M","B",null,"R","M","M","$","M","M","T","M","?","R","E","R","?","M","M","B",null,"E","$","R","B","B",null],"character_chosen":"THE_SPIRIT","items_purchased":["hexamod:RecyclingMachine","hexamod:Hexaguard","Lizard Tail","hexamod:JarOfFuel","hexamod:GhostOfSpirePast","expansioncontent:Chronoboost","Kunai"],"campfire_rested":0,"item_purchase_floors":[29,29,29,43,43,43,53],"current_hp_per_floor":[57,57,52,52,50,46,46,46,46,40,40,40,40,40,33,16,51,51,45,24,34,34,34,34,34,34,33,43,43,43,43,43,42,45,45,45,44,44,44,44,44,44,44,44,44,44,44,44,44,42,45,45,45,45,42,23],"gold":8,"neow_bonus":"BOSS_RELIC","is_daily":false,"chose_seed":false,"campfire_upgraded":8,"win_rate":0.0,"timestamp":1612333891,"path_taken":["R","M","?","?","M","E","T","R","M","E","M","M","R","?","M","BOSS","R","M","M","?","?","?","T","?","?","E","R","$","E","?","M","BOSS","R","M","M","$","M","M","T","M","?","R","E","R","?","M","M","BOSS","E","$","R","BOSS","BOSS"],"items_purchased_type":["Relic","Card","Relic","Relic","Card","Card","Relic"],"build_version":"2020-12-22","purchased_purges":2,"victory":true,"max_hp_per_floor":[63,63,63,63,63,63,63,63,63,63,63,63,63,63,63,63,63,63,63,63,73,73,36,36,36,36,36,46,46,46,46,46,46,46,46,46,46,46,46,46,46,46,46,46,46,46,46,46,46,46,46,46,46,46,46,46],"card_choices":[{"not_picked":["hexamod:BurningTouch","hexamod:InspiringFlames","hexamod:ChargedBarrage"],"picked":"SKIP","floor":2.0},{"not_picked":["hexamod:SuperheatedStrike","hexamod:StepThrough"],"picked":"hexamod:NightmareStrike","floor":5.0},{"not_picked":["hexamod:GhostShield","hexamod:FirstSeal"],"picked":"hexamod:GhostLash","floor":6.0},{"not_picked":["hexamod:AdvancingGuard","hexamod:FourthSeal"],"picked":"hexamod:SpectersWail","floor":9.0},{"not_picked":["hexamod:GhostShield","hexamod:BurningTouch"],"picked":"hexamod:PowerFromBeyond","floor":10.0},{"not_picked":["hexamod:GhostOfSpireFuture","hexamod:ThirdSeal","hexamod:NightmareStrike"],"picked":"SKIP","floor":11.0},{"not_picked":["hexamod:SuperheatedStrike","hexamod:NightmareStrike","hexamod:FirstSeal"],"picked":"SKIP","floor":12.0},{"not_picked":["hexamod:ThermalTransfer","hexamod:ShieldOfDarkness"],"picked":"hexamod:GhostLash","floor":15.0},{"not_picked":["hexamod:SixthSeal","hexamod:TimeWarp"],"picked":"hexamod:GiftsFromTheDead","floor":16.0},{"not_picked":["hexamod:NightmareStrike"],"picked":"SKIP","floor":19.0},{"not_picked":[],"picked":"hexamod:Again","floor":20.0},{"not_picked":["hexamod:InspiringFlames"],"picked":"SKIP","floor":27.0},{"not_picked":[],"picked":"hexamod:SkipABeat","floor":29.0},{"not_picked":[],"picked":"hexamod:RecurringNightmare","floor":30.0},{"not_picked":[],"picked":"hexamod:GhostShield","floor":31.0},{"not_picked":["hexamod:InspiringFlames"],"picked":"SKIP","floor":31.0},{"not_picked":[],"picked":"hexamod:ApocalypseNow","floor":32.0},{"not_picked":["hexamod:SwordOfDarkness"],"picked":"SKIP","floor":32.0},{"not_picked":[],"picked":"hexamod:VolcanoVisage","floor":33.0},{"not_picked":[],"picked":"hexamod:SpectersWail+1","floor":36.0},{"not_picked":["hexamod:NightmareStrike+1"],"picked":"SKIP","floor":36.0},{"not_picked":[],"picked":"hexamod:EmpoweredFlame","floor":37.0},{"not_picked":["hexamod:ThermalTransfer"],"picked":"SKIP","floor":37.0},{"not_picked":["hexamod:FastForward+1"],"picked":"SKIP","floor":38.0},{"not_picked":[],"picked":"hexamod:Hexaguard","floor":39.0},{"not_picked":[],"picked":"hexamod:RecurringNightmare","floor":39.0},{"not_picked":[],"picked":"hexamod:HeatCrush","floor":40.0},{"not_picked":["hexamod:HauntingEcho+1"],"picked":"SKIP","floor":40.0},{"not_picked":[],"picked":"hexamod:SpectralSpark","floor":42.0},{"not_picked":["hexamod:HeatMetal"],"picked":"SKIP","floor":42.0},{"not_picked":["hexamod:InspiringFlames"],"picked":"SKIP","floor":45.0},{"not_picked":[],"picked":"hexamod:ForkedFlame","floor":48.0},{"not_picked":["hexamod:SuperheatedStrike"],"picked":"SKIP","floor":48.0},{"not_picked":["hexamod:Again"],"picked":"SKIP","floor":49.0},{"not_picked":["hexamod:HauntingEcho"],"picked":"SKIP","floor":49.0},{"not_picked":[],"picked":"hexamod:DynamicBlow","floor":52.0}],"player_experience":539001,"relics_obtained":[{"floor":4.0,"key":"bronze:DecasWashers"},{"floor":6.0,"key":"Incense Burner"},{"floor":7.0,"key":"Torii"},{"floor":10.0,"key":"Orichalcum"},{"floor":21.0,"key":"Prayer Wheel"},{"floor":21.0,"key":"Pear"},{"floor":25.0,"key":"MawBank"},{"floor":26.0,"key":"downfall:GremlinWheel"},{"floor":27.0,"key":"Matryoshka"},{"floor":30.0,"key":"Art of War"},{"floor":41.0,"key":"Lantern"},{"floor":41.0,"key":"hexamod:BolsterEngine"},{"floor":45.0,"key":"Centennial Puzzle"},{"floor":47.0,"key":"downfall:GremlinWheel"},{"floor":52.0,"key":"Blood Vial"}],"event_choices":[{"damage_healed":0.0,"max_hp_gain":0.0,"max_hp_loss":0.0,"gold_gain":0.0,"event_name":"Scrap Ooze","player_choice":"Success","floor":3.0,"gold_loss":0.0,"damage_taken":5.0,"relics_obtained":["Dead Branch"]},{"damage_healed":0.0,"max_hp_gain":0.0,"max_hp_loss":0.0,"gold_gain":0.0,"event_name":"Addict","player_choice":"Stole Relic","floor":22.0,"gold_loss":0.0,"damage_taken":0.0,"relics_obtained":["bronze:BronzeIdol"],"cards_obtained":["Pride"]},{"damage_healed":0.0,"max_hp_gain":0.0,"max_hp_loss":0.0,"gold_gain":200.0,"event_name":"Wheel of Change","player_choice":"Gold","floor":28.0,"gold_loss":0.0,"damage_taken":0.0}],"is_beta":false,"boss_relics":[{"not_picked":["bronze:MakeshiftBattery","Velvet Choker"],"picked":"Busted Crown"},{"not_picked":["SacredBark","Runic Dome"],"picked":"Coffee Dripper"}],"items_purged_floors":[29,43],"is_endless":false,"potions_floor_spawned":[6,11,12,15,26,30,31,32,39,42,48],"ascension_level":15}}