{"host":"s41rn2jhghpwfrvz","time":1612388754,"event":{"mods":["BaseMod","Minty Spire (QoL Compilation)","Quick Restart","Relic Stats","SuperFastMode"],"gold_per_floor":[116,116,191,191,116,116,149,166,190,217,217,244,259,273,273,349,349,365,2,2,13,13,38,38,71,71,89,124,24,53,67,67,141,141,159,176,192,206,206,206,237,250,300,335,358,395,407,744,756,768,780,792,804,68,95,95],"floor_reached":57,"language":"ENG","playtime":1843,"items_purged":["Fire Breathing","Whirlwind","True Grit","Inflame"],"score":4011,"play_id":"cf001b80-a1da-4de5-ae93-669642977d5c","local_time":"20210203234554","daily_mods":["SealedDeck","DeadlyEvents","Elite Swarm"],"is_ascension_mode":true,"campfire_choices":[{"data":"Pommel Strike","floor":6,"key":"SMITH"},{"data":"Barricade","floor":11,"key":"SMITH"},{"data":"Offering","floor":15,"key":"SMITH"},{"data":"Body Slam","floor":24,"key":"SMITH"},{"floor":32,"key":"RECALL"},{"data":"Burning Pact","floor":40,"key":"SMITH"},{"data":"Rage","floor":47,"key":"SMITH"},{"data":"Shrug It Off","floor":49,"key":"SMITH"},{"data":"Offering","floor":53,"key":"SMITH"}],"circlet_count":0,"master_deck":["AscendersBane","Body Slam+1","Shrug It Off+1","Evolve","Pommel Strike+1","Ghostly Armor","Rage+1","Shrug It Off+1","Barricade+1","Offering+1","Offering+1","Body Slam+1","Burning Pact+1"],"relics":["Burning Blood","Mummified Hand","Question Card","Pantograph","Runic Dome","Sundial","Pear","Anchor","StrikeDummy","Frozen Egg 2","The Courier","Boot","Black Star","Bird Faced Urn","Nunchaku","Meat on the Bone","MawBank","Whetstone","Calipers","Old Coin","TungstenRod","Bronze Scales","HandDrill","Incense Burner","Lantern","Happy Flower","InkBottle"],"acts_visited":["Exordium","TheCity","TheBeyond","TheEnding"],"potions_floor_usage":[21,56,56],"damage_taken":[{"damage":15,"enemies":"Jaw Worm","floor":1,"turns":4},{"damage":0,"enemies":"Lagavulin","floor":7,"turns":6},{"damage":7,"enemies":"Small Slimes","floor":8,"turns":3},{"damage":9,"enemies":"3 Sentries","floor":10,"turns":5},{"damage":0,"enemies":"Gremlin Nob","floor":12,"turns":3},{"damage":0,"enemies":"2 Louse","floor":13,"turns":2},{"damage":6,"enemies":"Large Slime","floor":14,"turns":2},{"damage":6,"enemies":"Slime Boss","floor":16,"turns":4},{"damage":6,"enemies":"Chosen","floor":18,"turns":3},{"damage":6,"enemies":"Spheric Guardian","floor":21,"turns":3},{"damage":6,"enemies":"Gremlin Leader","floor":23,"turns":2},{"damage":12,"enemies":"Slavers","floor":25,"turns":1},{"damage":12,"enemies":"Centurion and Healer","floor":27,"turns":2},{"damage":6,"enemies":"Book of Stabbing","floor":28,"turns":2},{"damage":6,"enemies":"Slavers","floor":30,"turns":1},{"damage":6,"enemies":"Shelled Parasite and Fungi","floor":31,"turns":2},{"damage":12,"enemies":"Champ","floor":33,"turns":2},{"damage":6,"enemies":"Orb Walker","floor":35,"turns":1},{"damage":12,"enemies":"3 Darklings","floor":36,"turns":1},{"damage":12,"enemies":"Spire Growth","floor":37,"turns":1},{"damage":23,"enemies":"Jaw Worm Horde","floor":38,"turns":2},{"damage":12,"enemies":"Reptomancer","floor":41,"turns":1},{"damage":6,"enemies":"Transient","floor":42,"turns":3},{"damage":6,"enemies":"Nemesis","floor":44,"turns":1},{"damage":6,"enemies":"3 Darklings","floor":45,"turns":1},{"damage":12,"enemies":"Giant Head","floor":46,"turns":1},{"damage":12,"enemies":"Nemesis","floor":48,"turns":1},{"damage":13,"enemies":"Time Eater","floor":50,"turns":4},{"damage":5,"enemies":"Awakened One","floor":51,"turns":2},{"damage":10,"enemies":"Shield and Spear","floor":55,"turns":1},{"damage":10,"enemies":"The Heart","floor":56,"turns":4}],"seed_played":"6564954252593251430","potions_obtained":[{"floor":1,"key":"ElixirPotion"},{"floor":8,"key":"Regen Potion"},{"floor":25,"key":"ElixirPotion"},{"floor":41,"key":"PowerPotion"}],"is_trial":true,"path_per_floor":["M","?","?","?","$","R","E","M","T","E","R","E","M","M","R","B",null,"M","$","?","M","T","E","R","E","T","M","E","$","E","M","R","B",null,"M","M","M","M","?","R","E","M","T","E","M","E","R","E","R","B","B",null,"R","$","E","B",null],"character_chosen":"IRONCLAD","items_purchased":["Sundial","Bronze Scales","HandDrill","Incense Burner","Lantern"],"campfire_rested":0,"item_purchase_floors":[19,54,54,54,54],"current_hp_per_floor":[59,36,25,30,30,30,36,35,35,32,32,38,44,44,44,69,77,77,77,77,80,90,90,90,84,84,78,78,78,78,78,78,84,89,89,83,77,60,50,50,44,50,50,56,62,62,62,62,62,83,90,90,90,90,90,90],"gold":95,"neow_bonus":"","is_daily":false,"chose_seed":false,"campfire_upgraded":8,"win_rate":0.0,"timestamp":1612388754,"path_taken":["M","?","?","?","$","R","E","M","T","E","R","E","M","?","R","BOSS","M","$","?","?","?","E","R","E","T","?","E","$","E","M","R","BOSS","M","?","M","M","?","R","E","M","T","E","M","E","R","E","R","BOSS","BOSS","R","$","E","BOSS"],"items_purchased_type":["Relic","Relic","Relic","Relic","Relic"],"build_version":"2020-12-22","purchased_purges":4,"victory":true,"max_hp_per_floor":[75,75,75,80,80,80,80,80,80,80,80,80,80,80,80,80,80,80,80,80,80,90,90,90,90,90,90,90,90,90,90,90,90,90,90,90,90,90,90,90,90,90,90,90,90,90,90,90,90,90,90,90,90,90,90,90],"relic_stats":{"Happy Flower":[1],"counters":[31,71],"Whetstone":[],"Question Card":27,"Boot":[2],"MawBank":120,"Burning Blood":179,"Nunchaku":[8],"Mummified Hand":[82],"Sundial":[64],"Pantograph":69,"Bird Faced Urn":[43],"Bronze Scales":[48],"Black Star":5,"HandDrill":[0],"obtain_stats":[{"Lantern":54,"Calipers":46,"Incense Burner":54,"Whetstone":46,"Boot":30,"Burning Blood":0,"Old Coin":48,"Nunchaku":43,"Mummified Hand":7,"Sundial":19,"Pantograph":12,"HandDrill":54,"InkBottle":55,"Pear":22,"Happy Flower":55,"The Courier":28,"Frozen Egg 2":26,"Question Card":10,"MawBank":44,"Runic Dome":17,"Anchor":23,"Bird Faced Urn":41,"Bronze Scales":54,"Black Star":34,"StrikeDummy":25,"TungstenRod":48,"Meat on the Bone":44},{"Lantern":29,"Calipers":26,"Incense Burner":29,"Whetstone":26,"Boot":15,"Burning Blood":0,"Old Coin":27,"Nunchaku":23,"Mummified Hand":2,"Sundial":9,"Pantograph":5,"HandDrill":29,"InkBottle":30,"Pear":10,"Happy Flower":30,"The Courier":14,"Frozen Egg 2":12,"Question Card":4,"MawBank":24,"Runic Dome":8,"Anchor":11,"Bird Faced Urn":22,"Bronze Scales":29,"Black Star":17,"StrikeDummy":12,"TungstenRod":27,"Meat on the Bone":24},{"Lantern":66,"Calipers":59,"Incense Burner":66,"Whetstone":59,"Boot":43,"Burning Blood":0,"Old Coin":60,"Nunchaku":56,"Mummified Hand":10,"Sundial":32,"Pantograph":21,"HandDrill":66,"InkBottle":67,"Pear":35,"Happy Flower":67,"The Courier":42,"Frozen Egg 2":38,"Question Card":18,"MawBank":57,"Runic Dome":29,"Anchor":37,"Bird Faced Urn":53,"Bronze Scales":66,"Black Star":47,"StrikeDummy":38,"TungstenRod":60,"Meat on the Bone":57}],"TungstenRod":9,"InkBottle":[5],"Meat on the Bone":0},"card_choices":[{"not_picked":["Headbutt","Combust"],"picked":"Shrug It Off","floor":1},{"not_picked":["Offering","Impervious"],"picked":"Barricade","floor":7},{"not_picked":["Perfected Strike","Rupture","Wild Strike"],"picked":"SKIP","floor":8},{"not_picked":["Feed","Corruption","Fiend Fire"],"picked":"SKIP","floor":10},{"not_picked":["Berserk","Fiend Fire","Bludgeon"],"picked":"Offering","floor":12},{"not_picked":["Uppercut","Intimidate","Combust","Clash"],"picked":"SKIP","floor":13},{"not_picked":["Twin Strike","Searing Blow","Anger","Heavy Blade"],"picked":"SKIP","floor":14},{"not_picked":["Limit Break","Berserk","Brutality"],"picked":"Offering","floor":16},{"not_picked":["Iron Wave","Flex","True Grit"],"picked":"Body Slam","floor":18},{"not_picked":["Wild Strike","Pommel Strike","Twin Strike+1"],"picked":"Burning Pact","floor":21},{"not_picked":["Feed","Limit Break","Offering","Demon Form"],"picked":"SKIP","floor":23},{"not_picked":["Demon Form","Double Tap","Fiend Fire","Brutality"],"picked":"SKIP","floor":25},{"not_picked":["Ghostly Armor+1","Headbutt","Body Slam","True Grit"],"picked":"SKIP","floor":27},{"not_picked":["Brutality+1","Feed","Berserk+1","Immolate"],"picked":"SKIP","floor":28},{"not_picked":["Exhume","Feed","Reaper","Barricade+1"],"picked":"SKIP","floor":30},{"not_picked":["Combust+1","Rampage","Body Slam","Heavy Blade"],"picked":"SKIP","floor":31},{"not_picked":["Iron Wave","Armaments+1","Clothesline","Flex"],"picked":"SKIP","floor":35},{"not_picked":["Perfected Strike","Wild Strike","Headbutt+1","Havoc"],"picked":"SKIP","floor":36},{"not_picked":["Thunderclap+1","Rampage","Iron Wave","Wild Strike"],"picked":"SKIP","floor":37},{"not_picked":["Shockwave","Inflame+1","Clothesline","Battle Trance"],"picked":"SKIP","floor":38},{"not_picked":["Feed","Impervious","Exhume","Barricade+1"],"picked":"SKIP","floor":41},{"not_picked":["Sword Boomerang","Shockwave","Heavy Blade+1","Clothesline"],"picked":"SKIP","floor":42},{"not_picked":["Immolate","Brutality+1","Berserk+1","Double Tap"],"picked":"SKIP","floor":44},{"not_picked":["Twin Strike","Iron Wave","Havoc","Pommel Strike"],"picked":"SKIP","floor":45},{"not_picked":["Fiend Fire","Double Tap","Berserk+1","Bludgeon"],"picked":"SKIP","floor":46},{"not_picked":["Immolate","Demon Form+1","Bludgeon","Brutality+1"],"picked":"SKIP","floor":48},{"not_picked":["Offering","Barricade+1","Demon Form+1","Bludgeon"],"picked":"SKIP","floor":55}],"player_experience":1873407,"relics_obtained":[{"floor":7,"key":"Mummified Hand"},{"floor":10,"key":"Question Card"},{"floor":12,"key":"Pantograph"},{"floor":22,"key":"Pear"},{"floor":23,"key":"Anchor"},{"floor":25,"key":"StrikeDummy"},{"floor":26,"key":"Frozen Egg 2"},{"floor":28,"key":"The Courier"},{"floor":30,"key":"Boot"},{"floor":41,"key":"Bird Faced Urn"},{"floor":43,"key":"Nunchaku"},{"floor":44,"key":"Meat on the Bone"},{"floor":44,"key":"MawBank"},{"floor":46,"key":"Whetstone"},{"floor":46,"key":"Calipers"},{"floor":48,"key":"Old Coin"},{"floor":48,"key":"TungstenRod"},{"floor":55,"key":"Happy Flower"},{"floor":55,"key":"InkBottle"}],"event_choices":[{"damage_healed":0,"gold_gain":0,"player_choice":"Entered Light","damage_taken":23,"max_hp_gain":0,"max_hp_loss":0,"event_name":"Shining Light","floor":2,"gold_loss":0,"cards_upgraded":["Body Slam","Shrug It Off"]},{"damage_healed":0,"gold_gain":75,"player_choice":"Gather Gold","damage_taken":11,"max_hp_gain":0,"max_hp_loss":0,"event_name":"World of Goop","floor":3,"gold_loss":0},{"damage_healed":0,"gold_gain":0,"player_choice":"Donut","damage_taken":0,"max_hp_gain":5,"max_hp_loss":0,"event_name":"Big Fish","floor":4,"gold_loss":0},{"damage_healed":0,"gold_gain":0,"player_choice":"Ignored","damage_taken":0,"max_hp_gain":0,"max_hp_loss":0,"event_name":"Cursed Tome","floor":20,"gold_loss":0},{"damage_healed":0,"gold_gain":0,"player_choice":"Memory 3","damage_taken":10,"max_hp_gain":0,"max_hp_loss":0,"event_name":"SensoryStone","floor":39,"gold_loss":0}],"is_beta":false,"boss_relics":[{"not_picked":["Black Blood","Sozu"],"picked":"Runic Dome"},{"not_picked":["Astrolabe","Runic Cube"],"picked":"Black Star"}],"items_purged_floors":[5,19,29,54],"is_endless":false,"potions_floor_spawned":[1,8,12,14,16,18,25,31,33,35,41,42,44,45],"ascension_level":20}}