{"host":"8abfg9qscoja4hwf","time":1612347786,"event":{"mods":["AchievementEnabler","BaseMod","Colored Powertips","Googly Eyes","Highlight Path","Minty Spire (QoL Compilation)","Quick Restart","Relic Stats","Slay-I","slay the spire mod where everything is the same but ironclad has a cowboy hat"],"gold_per_floor":[119,119,119,119,119,119,134,178,254,295,314,18,18,43,43,174,174,187,187,187,187,201,240,240,54,80,119,119,152,7,23,23,23,23],"floor_reached":33,"language":"ENG","playtime":1625,"items_purged":["Writhe"],"score":396,"play_id":"43c81a80-8e6a-4233-9a78-ee69e58fd88c","local_time":"20210203102306","is_ascension_mode":true,"campfire_choices":[{"floor":6,"key":"RECALL"},{"floor":13,"key":"REST"},{"data":"Terror","floor":15,"key":"SMITH"},{"floor":24,"key":"REST"},{"data":"Backstab","floor":32,"key":"SMITH"}],"circlet_count":0,"master_deck":["Defend_G","Defend_G","Defend_G","Defend_G","Defend_G","Survivor","Neutralize","Dagger Spray","Backstab+1","Terror+1","Noxious Fumes+1","Bane","Backstab","After Image+1","Predator","Bite","Bite","Bite","Bite","Bite","Bane","Catalyst+1","The Bomb","Deadly Poison","Outmaneuver+1","Dash","Deadly Poison+1"],"relics":["Ring of the Snake","Thread and Needle","Meat on the Bone","Golden Idol","Frozen Egg 2","MealTicket","Strange Spoon","Regal Pillow","Cursed Key","Happy Flower","Pen Nib","Snake Skull","Blood Vial"],"acts_visited":["Exordium","TheCity"],"potions_floor_usage":[8,16,22,27,29],"damage_taken":[{"damage":0,"enemies":"2 Louse","floor":1,"turns":5},{"damage":0,"enemies":"Small Slimes","floor":7,"turns":3},{"damage":26,"enemies":"Gremlin Nob","floor":8,"turns":5},{"damage":19,"enemies":"3 Sentries","floor":10,"turns":9},{"damage":0,"enemies":"Cultist","floor":11,"turns":3},{"damage":2,"enemies":"Looter","floor":14,"turns":3},{"damage":39,"enemies":"The Guardian","floor":16,"turns":8},{"damage":13,"enemies":"Spheric Guardian","floor":18,"turns":6},{"damage":8,"enemies":"2 Thieves","floor":22,"turns":4},{"damage":19,"enemies":"Slavers","floor":23,"turns":6},{"damage":16,"enemies":"Gremlin Leader","floor":27,"turns":5},{"damage":14,"enemies":"Book of Stabbing","floor":29,"turns":4},{"damage":1,"enemies":"Snecko","floor":31,"turns":3},{"damage":54,"enemies":"Champ","floor":33,"turns":7}],"seed_played":"-3804133065955657891","potions_obtained":[{"floor":1,"key":"Weak Potion"},{"floor":8,"key":"Weak Potion"},{"floor":11,"key":"DuplicationPotion"},{"floor":14,"key":"Swift Potion"},{"floor":22,"key":"GamblersBrew"},{"floor":23,"key":"FearPotion"}],"is_trial":false,"path_per_floor":["M","?","?","?","?","R","M","E","T","E","M","$","R","M","R","B",null,"M","?","?","?","M","E","R","$","T","E","?","E","$","M","R","B"],"character_chosen":"THE_SILENT","items_purchased":["Strange Spoon","Regal Pillow","The Bomb","Dash"],"campfire_rested":2,"item_purchase_floors":[12,12,25,30],"current_hp_per_floor":[63,60,60,53,53,53,53,39,39,32,32,47,63,61,61,34,63,50,50,44,44,42,35,44,44,44,33,33,25,40,43,43,0,0],"gold":23,"neow_bonus":"ONE_RARE_RELIC","is_daily":false,"chose_seed":false,"campfire_upgraded":2,"win_rate":0.0,"timestamp":1612347786,"path_taken":["M","?","?","?","?","R","?","E","T","E","M","$","R","M","R","BOSS","M","?","?","?","M","E","R","$","T","E","?","E","$","?","R","BOSS"],"items_purchased_type":["Relic","Relic","Card","Card"],"build_version":"2020-12-22","purchased_purges":1,"victory":false,"max_hp_per_floor":[63,63,63,63,63,63,63,63,63,63,63,63,63,63,63,63,63,63,63,44,44,44,44,44,44,44,44,44,44,44,44,44,44,44],"relic_stats":{"Regal Pillow":0,"Happy Flower":[6],"counters":[14,71],"Golden Idol":87,"Pen Nib":[4],"Snake Skull":[16],"Cursed Key":1,"Blood Vial":3,"Strange Spoon":[20],"MealTicket":30,"obtain_stats":[{"Regal Pillow":12,"Happy Flower":23,"Golden Idol":3,"Thread and Needle":0,"Pen Nib":26,"Snake Skull":27,"Frozen Egg 2":8,"Cursed Key":17,"Blood Vial":29,"Strange Spoon":12,"MealTicket":10,"Ring of the Snake":0,"Meat on the Bone":2},{"Regal Pillow":5,"Happy Flower":10,"Golden Idol":1,"Thread and Needle":0,"Pen Nib":10,"Snake Skull":11,"Frozen Egg 2":3,"Cursed Key":7,"Blood Vial":12,"Strange Spoon":5,"MealTicket":4,"Ring of the Snake":0,"Meat on the Bone":1},{"Regal Pillow":25,"Happy Flower":52,"Golden Idol":5,"Thread and Needle":0,"Pen Nib":52,"Snake Skull":57,"Frozen Egg 2":13,"Cursed Key":36,"Blood Vial":61,"Strange Spoon":25,"MealTicket":22,"Ring of the Snake":0,"Meat on the Bone":5}],"Ring of the Snake":[28],"Meat on the Bone":36},"card_choices":[{"not_picked":["Escape Plan","Distraction"],"picked":"Dagger Spray","floor":1},{"not_picked":["Poisoned Stab","PiercingWail"],"picked":"Backstab","floor":7},{"not_picked":["Masterful Stab","Predator"],"picked":"Terror","floor":8},{"not_picked":["Deadly Poison","Choke"],"picked":"Noxious Fumes+1","floor":10},{"not_picked":["Quick Slash","Flechettes"],"picked":"Bane","floor":11},{"not_picked":["Riddle With Holes","Dagger Throw"],"picked":"Backstab","floor":14},{"not_picked":["Burst","Malaise"],"picked":"After Image+1","floor":16},{"not_picked":["Flechettes","Underhanded Strike"],"picked":"Predator","floor":18},{"not_picked":["Outmaneuver","Flying Knee"],"picked":"Bane","floor":22},{"not_picked":["Sucker Punch","Glass Knife"],"picked":"Catalyst","floor":23},{"not_picked":["Expertise","Heel Hook"],"picked":"Deadly Poison","floor":27},{"not_picked":["Endless Agony","Acrobatics"],"picked":"Outmaneuver+1","floor":29},{"not_picked":["Poisoned Stab+1","Backflip"],"picked":"Deadly Poison+1","floor":31}],"player_experience":374536,"relics_obtained":[{"floor":8,"key":"Frozen Egg 2"},{"floor":10,"key":"MealTicket"},{"floor":23,"key":"Happy Flower"},{"floor":26,"key":"Pen Nib"},{"floor":27,"key":"Snake Skull"},{"floor":29,"key":"Blood Vial"}],"event_choices":[{"damage_healed":0,"gold_gain":0,"player_choice":"Success","damage_taken":3,"relics_obtained":["Meat on the Bone"],"max_hp_gain":0,"max_hp_loss":0,"event_name":"Scrap Ooze","floor":2,"gold_loss":0},{"damage_healed":0,"gold_gain":0,"player_choice":"Take Wound","damage_taken":0,"relics_obtained":["Golden Idol"],"max_hp_gain":0,"max_hp_loss":0,"event_name":"Golden Idol","floor":3,"gold_loss":0,"cards_obtained":["Injury"]},{"cards_removed":["Injury"],"damage_healed":0,"gold_gain":0,"player_choice":"Card Removal","damage_taken":7,"max_hp_gain":0,"max_hp_loss":0,"event_name":"Golden Wing","floor":4,"gold_loss":0},{"damage_healed":0,"gold_gain":0,"player_choice":"Ignored","damage_taken":0,"max_hp_gain":0,"max_hp_loss":0,"event_name":"Purifier","floor":5,"gold_loss":0},{"damage_healed":0,"gold_gain":0,"player_choice":"Ignored","damage_taken":0,"max_hp_gain":0,"max_hp_loss":0,"event_name":"Ghosts","floor":19,"gold_loss":0},{"damage_healed":0,"gold_gain":0,"player_choice":"Became a vampire","damage_taken":0,"max_hp_gain":0,"max_hp_loss":19,"event_name":"Vampires","floor":20,"gold_loss":0,"cards_obtained":["Bite","Bite","Bite","Bite","Bite"]},{"damage_healed":0,"gold_gain":0,"player_choice":"Ignored","damage_taken":0,"max_hp_gain":0,"max_hp_loss":0,"event_name":"Beggar","floor":21,"gold_loss":0},{"damage_healed":0,"gold_gain":0,"player_choice":"Upgraded","damage_taken":0,"max_hp_gain":0,"max_hp_loss":0,"event_name":"Upgrade Shrine","floor":28,"gold_loss":0,"cards_upgraded":["Catalyst"]}],"is_beta":false,"boss_relics":[{"not_picked":["Empty Cage","Coffee Dripper"],"picked":"Cursed Key"}],"items_purged_floors":[30],"is_endless":false,"potions_floor_spawned":[1,8,11,14,22,23],"killed_by":"Champ","ascension_level":4}}