{"host":"52m1o8iwwagurbjs","time":1612384916,"event":{"mods":["AchievementEnabler","BaseMod","Bestiary","Colored Powertips","GifTheSpireLib","Minty Spire (QoL Compilation)","Quick Restart","Relic Stats","StSLib"],"gold_per_floor":[112,126,126,145,164,164,190,190,214,243,255,255,430,142,142,262,262,282,322,24,24,24,65,65,65,65,85,103,146,146,171,171,301,301,317,341,341,341,341,384,384,408,408,444,460,460,491,107,107,107,107,107,8,43,43,43],"floor_reached":55,"language":"ENG","playtime":2820,"items_purged":["Doubt","Strike_B","Strike_B"],"score":916,"play_id":"5ef1cff2-e3c7-48e1-84ec-6b9e6501a9e8","local_time":"20210203154156","is_ascension_mode":true,"campfire_choices":[{"data":"Defragment","floor":6.0,"key":"SMITH"},{"data":"Consume","floor":15.0,"key":"SMITH"},{"data":"Capacitor","floor":24.0,"key":"SMITH"},{"data":"Fission","floor":30.0,"key":"SMITH"},{"floor":32.0,"key":"REST"},{"floor":41.0,"key":"RECALL"},{"data":"Echo Form","floor":49.0,"key":"SMITH"},{"data":"Turbo","floor":52.0,"key":"SMITH"}],"circlet_count":0,"master_deck":["Defend_B","Defend_B","Defend_B","Defend_B","Zap","Dualcast+1","BootSequence","Go for the Eyes","Skim+1","Defragment+1","Electrodynamics","Barrage","Turbo+1","Capacitor+1","Consume+1","Coolheaded","Echo Form+1","FTL","Coolheaded","Defragment+1","Fission+1","Machine Learning+1","Ball Lightning","Double Energy+1","Reinforced Body+1"],"relics":["FrozenCore","Boot","Oddly Smooth Stone","HornCleat","Golden Idol","Snecko Eye","Red Mask","PreservedInsect","Frozen Egg 2","Question Card","Letter Opener","Pear","The Courier","Toxic Egg 2","MealTicket","MawBank","Strawberry","War Paint","Dead Branch"],"acts_visited":["Exordium","TheCity","TheBeyond","TheEnding"],"potions_floor_usage":[55,55],"damage_taken":[{"damage":6.0,"enemies":"Jaw Worm","floor":1.0,"turns":3.0},{"damage":2.0,"enemies":"Small Slimes","floor":2.0,"turns":3.0},{"damage":0.0,"enemies":"2 Louse","floor":4.0,"turns":3.0},{"damage":1.0,"enemies":"Red Slaver","floor":5.0,"turns":3.0},{"damage":39.0,"enemies":"3 Sentries","floor":7.0,"turns":10.0},{"damage":21.0,"enemies":"Gremlin Nob","floor":10.0,"turns":4.0},{"damage":0.0,"enemies":"2 Fungi Beasts","floor":11.0,"turns":2.0},{"damage":0.0,"enemies":"The Guardian","floor":16.0,"turns":9.0},{"damage":8.0,"enemies":"Shell Parasite","floor":18.0,"turns":4.0},{"damage":40.0,"enemies":"Masked Bandits","floor":19.0,"turns":4.0},{"damage":1.0,"enemies":"Book of Stabbing","floor":23.0,"turns":4.0},{"damage":0.0,"enemies":"Spheric Guardian","floor":25.0,"turns":2.0},{"damage":14.0,"enemies":"3 Cultists","floor":27.0,"turns":4.0},{"damage":10.0,"enemies":"Sentry and Sphere","floor":28.0,"turns":5.0},{"damage":0.0,"enemies":"Gremlin Leader","floor":29.0,"turns":4.0},{"damage":0.0,"enemies":"Chosen and Byrds","floor":31.0,"turns":5.0},{"damage":19.0,"enemies":"Automaton","floor":33.0,"turns":13.0},{"damage":0.0,"enemies":"3 Darklings","floor":35.0,"turns":4.0},{"damage":0.0,"enemies":"Orb Walker","floor":36.0,"turns":5.0},{"damage":0.0,"enemies":"Giant Head","floor":40.0,"turns":9.0},{"damage":10.0,"enemies":"4 Shapes","floor":42.0,"turns":2.0},{"damage":59.0,"enemies":"Reptomancer","floor":44.0,"turns":5.0},{"damage":1.0,"enemies":"Jaw Worm Horde","floor":45.0,"turns":4.0},{"damage":0.0,"enemies":"Maw","floor":47.0,"turns":7.0},{"damage":16.0,"enemies":"Donu and Deca","floor":50.0,"turns":8.0},{"damage":26.0,"enemies":"Shield and Spear","floor":54.0,"turns":6.0},{"damage":63,"enemies":"The Heart","floor":55,"turns":11}],"seed_played":"-6953216669335375331","potions_obtained":[{"floor":2.0,"key":"Swift Potion"},{"floor":4.0,"key":"PotionOfCapacity"},{"floor":11.0,"key":"ColorlessPotion"},{"floor":16.0,"key":"FocusPotion"},{"floor":23.0,"key":"SmokeBomb"},{"floor":31.0,"key":"Block Potion"},{"floor":33.0,"key":"Dexterity Potion"},{"floor":36.0,"key":"DuplicationPotion"},{"floor":42.0,"key":"AttackPotion"},{"floor":47.0,"key":"Energy Potion"}],"is_trial":false,"path_per_floor":["M","M","?","M","M","R","E","?","T","E","M","?","?","$","R","B",null,"M","?","$","?","T","E","R","M","T","M","M","E","R","M","R","B",null,"M","M","?","?","?","E","R","M","T","E","M","T","M","$","R","B",null,"R","$","E","B"],"character_chosen":"DEFECT","items_purchased":["Capacitor","Consume","Coolheaded","PowerPotion","PreservedInsect","PowerPotion","Strawberry","War Paint","DistilledChaos","DuplicationPotion","PowerPotion"],"campfire_rested":1,"item_purchase_floors":[14,14,14,14,20,20,48,48,48,53,53],"current_hp_per_floor":[69,67,72,72,71,71,32,32,32,11,11,11,11,11,11,11,74,66,26,26,26,26,25,25,25,25,11,1,11,11,11,36,17,84,84,84,80,80,80,80,80,70,70,11,10,10,10,32,32,16,87,87,87,61,0,0],"gold":43,"neow_bonus":"RANDOM_COMMON_RELIC","is_daily":false,"chose_seed":false,"campfire_upgraded":6,"win_rate":0.0,"timestamp":1612384916,"path_taken":["M","M","?","M","M","R","E","?","T","E","M","?","?","?","R","BOSS","M","?","$","?","?","E","R","M","T","?","M","E","R","M","R","BOSS","M","?","?","?","?","E","R","M","T","E","?","?","?","?","R","BOSS","R","$","E","BOSS"],"items_purchased_type":["Card","Card","Card","Potion","Relic","Potion","Relic","Relic","Potion","Potion","Potion"],"build_version":"2020-12-22","purchased_purges":3,"victory":false,"max_hp_per_floor":[75,75,80,80,80,80,80,80,80,80,80,74,74,74,74,74,74,74,74,74,74,74,74,74,74,74,74,74,84,84,84,84,84,84,84,84,80,80,80,80,80,80,80,80,80,80,80,87,87,87,87,87,87,87,87,87],"relic_stats":{"counters":[27,143],"Golden Idol":165,"Dead Branch":[6],"PreservedInsect":338,"Letter Opener":[180],"War Paint":["Dualcast","Skim"],"Boot":[158],"Question Card":15,"MawBank":24,"FrozenCore":[28],"Snecko Eye":[227,227,207,204],"MealTicket":15,"obtain_stats":[{"Pear":29,"Golden Idol":12,"Dead Branch":54,"Oddly Smooth Stone":7,"PreservedInsect":20,"The Courier":40,"Letter Opener":26,"Frozen Egg 2":22,"War Paint":48,"Boot":0,"Question Card":23,"MawBank":46,"FrozenCore":34,"HornCleat":10,"Strawberry":48,"Snecko Eye":17,"MealTicket":44,"Red Mask":19,"Toxic Egg 2":43,"Cracked Core":0},{"Pear":15,"Golden Idol":7,"Dead Branch":26,"Oddly Smooth Stone":5,"PreservedInsect":10,"The Courier":20,"Letter Opener":12,"Frozen Egg 2":10,"War Paint":24,"Boot":0,"Question Card":11,"MawBank":23,"FrozenCore":17,"HornCleat":6,"Strawberry":24,"Snecko Eye":8,"MealTicket":22,"Red Mask":10,"Toxic Egg 2":21,"Cracked Core":0},{"Pear":64,"Golden Idol":28,"Dead Branch":132,"Oddly Smooth Stone":22,"PreservedInsect":45,"The Courier":100,"Letter Opener":51,"Frozen Egg 2":45,"War Paint":118,"Boot":0,"Question Card":49,"MawBank":111,"FrozenCore":82,"HornCleat":26,"Strawberry":118,"Snecko Eye":37,"MealTicket":107,"Red Mask":45,"Toxic Egg 2":102,"Cracked Core":0}]},"card_choices":[{"not_picked":["Redo","Reprogram"],"picked":"BootSequence","floor":1.0},{"not_picked":["Turbo","Rebound"],"picked":"Go for the Eyes","floor":2.0},{"not_picked":["Stack","BootSequence"],"picked":"Skim","floor":4.0},{"not_picked":["Storm","Sweeping Beam"],"picked":"Defragment","floor":5.0},{"not_picked":["Steam Power","Stack"],"picked":"Electrodynamics","floor":7.0},{"not_picked":["Hyperbeam","Blizzard"],"picked":"Barrage","floor":10.0},{"not_picked":["Redo","Hologram"],"picked":"Turbo","floor":11.0},{"not_picked":["Buffer","All For One"],"picked":"Echo Form","floor":16.0},{"not_picked":["Hologram+1","Streamline"],"picked":"FTL","floor":18.0},{"not_picked":["Leap","Stack+1"],"picked":"Coolheaded","floor":19.0},{"not_picked":["Go for the Eyes","Hologram","Blizzard"],"picked":"SKIP","floor":23.0},{"not_picked":["Genetic Algorithm+1","Turbo","Steam Power"],"picked":"Defragment+1","floor":27.0},{"not_picked":["Leap","Hologram","Steam","Gash"],"picked":"SKIP","floor":28.0},{"not_picked":["Rip and Tear+1","Steam Power","Turbo"],"picked":"Fission","floor":29.0},{"not_picked":["Redo","Coolheaded+1","Hologram","Compile Driver"],"picked":"SKIP","floor":31.0},{"not_picked":["Amplify","Fission","All For One"],"picked":"Machine Learning+1","floor":33.0},{"not_picked":["Redo+1","Cold Snap+1","Hologram","Sweeping Beam"],"picked":"SKIP","floor":35.0},{"not_picked":["Darkness","Compile Driver","Rebound","Go for the Eyes+1"],"picked":"SKIP","floor":36.0},{"not_picked":["Force Field","Gash+1","Go for the Eyes","Static Discharge+1"],"picked":"SKIP","floor":40.0},{"not_picked":["Steam","Chill","Darkness+1","Turbo"],"picked":"SKIP","floor":42.0},{"not_picked":["Self Repair+1","Streamline","Storm+1"],"picked":"Double Energy+1","floor":44.0},{"not_picked":["Fusion+1","Cold Snap+1","Hello World+1","Aggregate+1"],"picked":"SKIP","floor":45.0},{"not_picked":["Stack+1","Sweeping Beam+1","Streamline+1","Tempest+1"],"picked":"SKIP","floor":47.0},{"not_picked":["Hologram+1","Multi-Cast+1","Compile Driver+1"],"picked":"Reinforced Body+1","floor":54.0}],"player_experience":1294956,"relics_obtained":[{"floor":7.0,"key":"Oddly Smooth Stone"},{"floor":10.0,"key":"HornCleat"},{"floor":19.0,"key":"Red Mask"},{"floor":22.0,"key":"Frozen Egg 2"},{"floor":23.0,"key":"Question Card"},{"floor":26.0,"key":"Letter Opener"},{"floor":29.0,"key":"Pear"},{"floor":40.0,"key":"The Courier"},{"floor":43.0,"key":"Toxic Egg 2"},{"floor":44.0,"key":"MealTicket"},{"floor":46.0,"key":"MawBank"},{"floor":54.0,"key":"Dead Branch"}],"event_choices":[{"damage_healed":0.0,"max_hp_gain":5.0,"max_hp_loss":0.0,"gold_gain":0.0,"event_name":"Big Fish","player_choice":"Donut","floor":3.0,"gold_loss":0.0,"damage_taken":0.0},{"cards_removed":["Strike_B"],"damage_healed":0.0,"max_hp_gain":0.0,"max_hp_loss":0.0,"gold_gain":0.0,"event_name":"Bonfire Elementals","player_choice":"Offered Basic","floor":8.0,"gold_loss":0.0,"damage_taken":0.0},{"damage_healed":0.0,"max_hp_gain":0.0,"max_hp_loss":6.0,"gold_gain":0.0,"event_name":"Golden Idol","player_choice":"Lose Max HP","floor":12.0,"gold_loss":0.0,"damage_taken":0.0,"relics_obtained":["Golden Idol"]},{"damage_healed":0.0,"max_hp_gain":0.0,"max_hp_loss":0.0,"gold_gain":175.0,"event_name":"Liars Game","player_choice":"AGREE","floor":13.0,"gold_loss":0.0,"damage_taken":0.0,"cards_obtained":["Doubt"]},{"damage_healed":0.0,"max_hp_gain":0.0,"max_hp_loss":0.0,"gold_gain":0.0,"event_name":"Masked Bandits","player_choice":"Fought Bandits","floor":19.0,"gold_loss":0.0,"damage_taken":0.0},{"damage_healed":0.0,"max_hp_gain":0.0,"max_hp_loss":0.0,"gold_gain":0.0,"event_name":"NoteForYourself","player_choice":"Ignored","floor":21.0,"gold_loss":0.0,"damage_taken":0.0},{"damage_healed":0.0,"max_hp_gain":0.0,"max_hp_loss":4.0,"gold_gain":0.0,"event_name":"Winding Halls","player_choice":"Max HP","floor":37.0,"gold_loss":0.0,"damage_taken":0.0},{"damage_healed":0.0,"max_hp_gain":0.0,"max_hp_loss":0.0,"gold_gain":0.0,"event_name":"SensoryStone","player_choice":"Memory 1","floor":38.0,"gold_loss":0.0,"damage_taken":0.0},{"damage_healed":0.0,"max_hp_gain":0.0,"max_hp_loss":0.0,"gold_gain":0.0,"cards_transformed":["Strike_B"],"event_name":"Transmorgrifier","player_choice":"Transformed","floor":39.0,"gold_loss":0.0,"damage_taken":0.0,"cards_obtained":["Ball Lightning"]}],"is_beta":false,"boss_relics":[{"not_picked":["Runic Dome","Calling Bell"],"picked":"Snecko Eye"},{"not_picked":["Fusion Hammer","Runic Pyramid"],"picked":"FrozenCore"}],"items_purged_floors":[14,20,48],"is_endless":false,"potions_floor_spawned":[2,4,11,16,23,25,31,33,36,42,47],"killed_by":"The Heart","ascension_level":1}}