{"host":"mw3dmj42qtkbha4b","time":1612361998,"event":{"mods":["BaseMod","Colored Map","Colored Powertips","DeckTracker","Minty Spire (QoL Compilation)","StSLib","SuperFastMode"],"gold_per_floor":[111,128,128,138,138,164,178,178,178],"floor_reached":8,"language":"KOR","playtime":185,"items_purged":[],"score":116,"play_id":"75559edb-f55b-40f9-9ece-f60debd3c832","local_time":"20210203231958","is_ascension_mode":true,"campfire_choices":[],"circlet_count":0,"master_deck":["AscendersBane","Strike_P","Strike_P+1","Strike_P","Strike_P","Defend_P","Defend_P","Defend_P","Defend_P","Eruption+1","Vigilance+1"],"relics":["PureWater","Akabeko","Orichalcum"],"acts_visited":["Exordium"],"potions_floor_usage":[2,6,7],"damage_taken":[{"damage":0,"enemies":"Cultist","floor":1,"turns":2},{"damage":0,"enemies":"Jaw Worm","floor":2,"turns":5},{"damage":0,"enemies":"Small Slimes","floor":4,"turns":2},{"damage":20,"enemies":"Gremlin Nob","floor":6,"turns":3},{"damage":0,"enemies":"Looter","floor":7,"turns":2},{"damage":24,"enemies":"3 Sentries","floor":8,"turns":2}],"seed_played":"-2315819092592706428","potions_obtained":[{"floor":1,"key":"EssenceOfSteel"},{"floor":4,"key":"Explosive Potion"},{"floor":6,"key":"SneckoOil"}],"is_trial":false,"path_per_floor":["M","M","?","M","?","E","M","E"],"character_chosen":"WATCHER","items_purchased":[],"campfire_rested":0,"item_purchase_floors":[],"current_hp_per_floor":[61,61,61,61,41,21,21,0,0],"gold":178,"neow_bonus":"RANDOM_COMMON_RELIC","is_daily":false,"chose_seed":false,"campfire_upgraded":0,"win_rate":0.0,"timestamp":1612361998,"path_taken":["M","M","?","M","?","E","M","E"],"items_purchased_type":[],"build_version":"2020-12-22","purchased_purges":0,"victory":false,"max_hp_per_floor":[68,68,68,68,68,68,68,68,68],"card_choices":[{"not_picked":["Adaptation","Halt","FlurryOfBlows"],"picked":"SKIP","floor":1},{"not_picked":["Nirvana","FollowUp","FlurryOfBlows"],"picked":"SKIP","floor":2},{"not_picked":["BowlingBash","Crescendo","ThirdEye"],"picked":"SKIP","floor":4},{"not_picked":["WindmillStrike","ConjureBlade","Wireheading"],"picked":"SKIP","floor":6},{"not_picked":["Protect","JustLucky","PathToVictory"],"picked":"SKIP","floor":7}],"player_experience":1799562,"relics_obtained":[{"floor":6,"key":"Orichalcum"}],"event_choices":[{"damage_healed":0,"gold_gain":0,"player_choice":"Grow","damage_taken":0,"max_hp_gain":0,"max_hp_loss":0,"event_name":"Living Wall","floor":3,"gold_loss":0,"cards_upgraded":["Eruption"]},{"damage_healed":0,"gold_gain":0,"player_choice":"Entered Light","damage_taken":20,"max_hp_gain":0,"max_hp_loss":0,"event_name":"Shining Light","floor":5,"gold_loss":0,"cards_upgraded":["Strike_P","Vigilance"]}],"is_beta":false,"boss_relics":[],"items_purged_floors":[],"is_endless":false,"potions_floor_spawned":[1,4,6],"killed_by":"3 Sentries","ascension_level":20}}