{"host":"wshh0nphwn6jv7vj","time":1612334877,"event":{"mods":["BaseMod","Bestiary","Minty Spire (QoL Compilation)","Relic Stats"],"gold_per_floor":[115,129,140,154,154,187,203,229,229,260,284,284,2,12,12,91,91,105,138,155,170,180,180,210,210,210,210,240,240,253,270,270,344,344,354,28,28,28,38,70,70,88,166,181,201,201,227,237,237,237,237],"floor_reached":50,"language":"ENG","playtime":5009,"items_purged":["Strike_P"],"score":1186,"play_id":"404a8039-0f57-40a4-ad14-f0dbe4a8ffac","local_time":"20210203014757","is_ascension_mode":true,"campfire_choices":[{"floor":12.0,"key":"REST"},{"data":"The Bomb","floor":15.0,"key":"SMITH"},{"floor":23,"key":"REST"},{"floor":27,"key":"REST"},{"data":"1","floor":29,"key":"LIFT"},{"floor":32,"key":"REST"},{"data":"2","floor":41,"key":"LIFT"},{"floor":49,"key":"RECALL"}],"circlet_count":0,"master_deck":["AscendersBane","Strike_P+1","Strike_P+1","Defend_P+1","Defend_P+1","Defend_P+1","Eruption","Vigilance+1","Swivel+1","Wireheading","EmptyFist","CutThroughFate","SashWhip+1","BowlingBash","Swivel+1","LessonLearned+1","The Bomb+1","Ragnarok","EmptyMind","Wallop+1","WheelKick+1","Wallop","Omniscience","Scrawl","WaveOfTheHand","DevaForm","CrushJoints+1","Mayhem","Tantrum+1"],"relics":["Snecko Eye","Darkstone Periapt","White Beast Statue","HornCleat","Yang","Odd Mushroom","Philosopher\u0027s Stone","Red Mask","Dead Branch","Girya","Letter Opener","Black Star","Membership Card","Omamori","Smiling Mask","Centennial Puzzle","Question Card","Pantograph","Molten Egg 2"],"acts_visited":["TheBeyond"],"potions_floor_usage":[24,33,33,42,44,47,50,50],"damage_taken":[{"damage":0.0,"enemies":"Small Slimes","floor":1.0,"turns":2.0},{"damage":0.0,"enemies":"Cultist","floor":2.0,"turns":2.0},{"damage":0.0,"enemies":"Jaw Worm","floor":3.0,"turns":2.0},{"damage":1.0,"enemies":"Large Slime","floor":4.0,"turns":5.0},{"damage":0.0,"enemies":"Gremlin Nob","floor":6.0,"turns":3.0},{"damage":28.0,"enemies":"Gremlin Gang","floor":7.0,"turns":3.0},{"damage":4.0,"enemies":"Lagavulin","floor":8.0,"turns":5.0},{"damage":0.0,"enemies":"3 Sentries","floor":10.0,"turns":3.0},{"damage":19.0,"enemies":"The Mushroom Lair","floor":11.0,"turns":3.0},{"damage":4.0,"enemies":"Exordium Wildlife","floor":14.0,"turns":4.0},{"damage":18.0,"enemies":"Slime Boss","floor":16.0,"turns":7.0},{"damage":0.0,"enemies":"Spheric Guardian","floor":18.0,"turns":3.0},{"damage":9.0,"enemies":"Masked Bandits","floor":19.0,"turns":5.0},{"damage":2.0,"enemies":"Shell Parasite","floor":20.0,"turns":4.0},{"damage":30.0,"enemies":"Shelled Parasite and Fungi","floor":21.0,"turns":4.0},{"damage":0,"enemies":"Cultist and Chosen","floor":22,"turns":3},{"damage":33,"enemies":"Book of Stabbing","floor":24,"turns":6},{"damage":0,"enemies":"Gremlin Leader","floor":28,"turns":3},{"damage":0,"enemies":"3 Cultists","floor":30,"turns":2},{"damage":0,"enemies":"Snecko","floor":31,"turns":4},{"damage":22,"enemies":"Collector","floor":33,"turns":5},{"damage":0,"enemies":"3 Darklings","floor":35,"turns":3},{"damage":3,"enemies":"Orb Walker","floor":39,"turns":3},{"damage":1,"enemies":"Giant Head","floor":40,"turns":6},{"damage":6,"enemies":"Sphere and 2 Shapes","floor":42,"turns":4},{"damage":14,"enemies":"Writhing Mass","floor":44,"turns":5},{"damage":0,"enemies":"4 Shapes","floor":45,"turns":5},{"damage":5,"enemies":"Reptomancer","floor":47,"turns":5},{"damage":20,"enemies":"Jaw Worm Horde","floor":48,"turns":3},{"damage":42,"enemies":"Donu and Deca","floor":50,"turns":4}],"seed_played":"1853977531900771639","potions_obtained":[{"floor":2.0,"key":"LiquidMemories"},{"floor":3.0,"key":"AttackPotion"},{"floor":8.0,"key":"BlessingOfTheForge"},{"floor":10.0,"key":"GamblersBrew"},{"floor":11.0,"key":"Fire Potion"},{"floor":14.0,"key":"SpeedPotion"},{"floor":16.0,"key":"Fruit Juice"},{"floor":18.0,"key":"Swift Potion"},{"floor":19.0,"key":"PowerPotion"},{"floor":20.0,"key":"SteroidPotion"},{"floor":22,"key":"SpeedPotion"},{"floor":24,"key":"GamblersBrew"},{"floor":30,"key":"ColorlessPotion"},{"floor":31,"key":"LiquidBronze"},{"floor":33,"key":"LiquidBronze"},{"floor":35,"key":"FearPotion"},{"floor":39,"key":"EssenceOfSteel"},{"floor":40,"key":"Block Potion"},{"floor":42,"key":"BlessingOfTheForge"},{"floor":44,"key":"LiquidMemories"},{"floor":47,"key":"FearPotion"},{"floor":48,"key":"DistilledChaos"}],"is_trial":false,"path_per_floor":["M","M","M","M","?","E","M","E","T","E","?","R","$","M","R","B",null,"M","?","M","M","M","R","E","?","T","R","E","R","M","M","R","B",null,"M","$","?","?","M","E","R","M","T","M","M","?","E","M","R","B"],"character_chosen":"WATCHER","items_purchased":["The Bomb","Membership Card","Omamori","Scrawl"],"campfire_rested":4,"item_purchase_floors":[13,36,36,36],"current_hp_per_floor":[61,61,61,60,60,60,32,28,28,28,9,29,29,25,25,7,53,58,49,47,17,17,38,5,5,5,26,26,26,26,26,47,25,61,61,61,61,61,58,57,57,51,51,37,37,37,32,12,12,0,0],"gold":237,"neow_bonus":"BOSS_RELIC","is_daily":false,"chose_seed":false,"campfire_upgraded":1,"win_rate":0.0,"timestamp":1612334877,"path_taken":["M","M","M","M","?","E","?","E","T","E","?","R","$","M","R","BOSS","M","?","M","M","M","R","E","?","T","R","E","R","M","M","R","BOSS","M","$","?","?","M","E","R","M","T","M","?","?","E","M","R","BOSS"],"items_purchased_type":["Card","Relic","Relic","Card"],"build_version":"2020-12-22","purchased_purges":1,"victory":false,"max_hp_per_floor":[68,68,68,68,68,68,68,68,68,68,68,68,68,68,68,68,68,73,73,73,73,73,73,73,73,73,73,73,73,73,73,73,73,73,73,73,69,69,69,69,69,69,69,69,69,69,69,69,69,69,69],"relic_stats":{"Darkstone Periapt":0,"Centennial Puzzle":[15],"counters":[18,74],"Dead Branch":[38],"Pantograph":25,"Snecko Eye":[147,144,138,170],"Yang":[194],"Black Star":2,"Letter Opener":[130],"Smiling Mask":0,"Question Card":6,"obtain_stats":[{"Darkstone Periapt":0,"Girya":26,"Dead Branch":24,"Yang":0,"Omamori":36,"Letter Opener":28,"Odd Mushroom":0,"Smiling Mask":38,"Question Card":40,"White Beast Statue":0,"Centennial Puzzle":40,"HornCleat":0,"Pantograph":47,"Snecko Eye":0,"Philosopher\u0027s Stone":0,"Molten Egg 2":47,"Red Mask":19,"Black Star":34,"Membership Card":36},{"Darkstone Periapt":0,"Girya":5,"Dead Branch":5,"Yang":0,"Omamori":10,"Letter Opener":6,"Odd Mushroom":0,"Smiling Mask":10,"Question Card":12,"White Beast Statue":0,"Centennial Puzzle":12,"HornCleat":0,"Pantograph":16,"Snecko Eye":0,"Philosopher\u0027s Stone":0,"Molten Egg 2":16,"Red Mask":1,"Black Star":9,"Membership Card":10},{"Darkstone Periapt":0,"Girya":22,"Dead Branch":22,"Yang":0,"Omamori":39,"Letter Opener":25,"Odd Mushroom":0,"Smiling Mask":39,"Question Card":48,"White Beast Statue":0,"Centennial Puzzle":48,"HornCleat":0,"Pantograph":67,"Snecko Eye":0,"Philosopher\u0027s Stone":0,"Molten Egg 2":67,"Red Mask":5,"Black Star":36,"Membership Card":39}]},"card_choices":[{"not_picked":["ThirdEye","Prostrate"],"picked":"Swivel","floor":1.0},{"not_picked":["FlurryOfBlows","Study","ClearTheMind"],"picked":"SKIP","floor":2.0},{"not_picked":["MentalFortress","WreathOfFlame"],"picked":"Wireheading","floor":3.0},{"not_picked":["Crescendo","PathToVictory"],"picked":"EmptyFist","floor":4.0},{"not_picked":["SignatureMove","Evaluate"],"picked":"CutThroughFate","floor":6.0},{"not_picked":["EmptyFist","JustLucky"],"picked":"SashWhip","floor":7.0},{"not_picked":["FlyingSleeves","Prostrate"],"picked":"BowlingBash","floor":8.0},{"not_picked":["PathToVictory","Study"],"picked":"Swivel","floor":10.0},{"not_picked":["CutThroughFate","Protect"],"picked":"LessonLearned","floor":11.0},{"not_picked":["ClearTheMind","Evaluate","EmptyFist"],"picked":"SKIP","floor":14.0},{"not_picked":["Blasphemy","LessonLearned"],"picked":"Ragnarok","floor":16.0},{"not_picked":["Study+1","SashWhip","WreathOfFlame"],"picked":"SKIP","floor":18.0},{"not_picked":["SashWhip","FlurryOfBlows"],"picked":"EmptyMind","floor":20.0},{"not_picked":["Protect","ReachHeaven"],"picked":"Wallop","floor":21},{"not_picked":["JustLucky","EmptyFist","ThirdEye"],"picked":"SKIP","floor":22},{"not_picked":["CarveReality","WindmillStrike","Devotion"],"picked":"SKIP","floor":24},{"not_picked":["FlyingSleeves","CrushJoints","WindmillStrike"],"picked":"SKIP","floor":28},{"not_picked":["InnerPeace","SashWhip"],"picked":"WheelKick+1","floor":30},{"not_picked":["FlurryOfBlows","Fasting2"],"picked":"Wallop","floor":31},{"not_picked":["Blasphemy","Ragnarok"],"picked":"Omniscience","floor":33},{"not_picked":["Consecrate","EmptyFist","Perseverance"],"picked":"SKIP","floor":35},{"not_picked":["FlyingSleeves","LikeWater+1"],"picked":"WaveOfTheHand","floor":39},{"not_picked":["ThirdEye","PathToVictory","Wireheading"],"picked":"SKIP","floor":40},{"not_picked":["EmptyMind","SashWhip","MentalFortress"],"picked":"DevaForm","floor":42},{"not_picked":["InnerPeace","CrushJoints","Protect","BowlingBash"],"picked":"SKIP","floor":44},{"not_picked":["Devotion","CutThroughFate","Pray+1"],"picked":"CrushJoints+1","floor":45},{"not_picked":["Good Instincts","Finesse","Sadistic Nature"],"picked":"Mayhem","floor":46},{"not_picked":["FlurryOfBlows+1","WreathOfFlame","Prostrate+1"],"picked":"Tantrum+1","floor":47},{"not_picked":["PathToVictory","ClearTheMind","CrushJoints+1","EmptyBody+1"],"picked":"SKIP","floor":48}],"player_experience":1632102,"relics_obtained":[{"floor":6.0,"key":"Darkstone Periapt"},{"floor":8.0,"key":"White Beast Statue"},{"floor":9.0,"key":"HornCleat"},{"floor":10.0,"key":"Yang"},{"floor":11.0,"key":"Odd Mushroom"},{"floor":19.0,"key":"Red Mask"},{"floor":24,"key":"Dead Branch"},{"floor":26,"key":"Girya"},{"floor":28,"key":"Letter Opener"},{"floor":40,"key":"Centennial Puzzle"},{"floor":40,"key":"Question Card"},{"floor":47,"key":"Pantograph"},{"floor":47,"key":"Molten Egg 2"}],"event_choices":[{"cards_removed":["Strike_P"],"damage_healed":0.0,"max_hp_gain":0.0,"max_hp_loss":0.0,"gold_gain":0.0,"event_name":"Bonfire Elementals","player_choice":"Offered Basic","floor":5.0,"gold_loss":0.0,"damage_taken":0.0},{"damage_healed":0.0,"max_hp_gain":0.0,"max_hp_loss":0.0,"gold_gain":0.0,"event_name":"Mushrooms","player_choice":"Fought Mushrooms","floor":11.0,"gold_loss":0.0,"damage_taken":0.0},{"damage_healed":0.0,"max_hp_gain":0.0,"max_hp_loss":0.0,"gold_gain":0.0,"event_name":"Masked Bandits","player_choice":"Fought Bandits","floor":19.0,"gold_loss":0.0,"damage_taken":0.0},{"cards_removed":["Defend_P"],"damage_healed":0,"gold_gain":0,"player_choice":"Elegance","damage_taken":0,"max_hp_gain":0,"max_hp_loss":0,"event_name":"Back to Basics","floor":25,"gold_loss":0},{"damage_healed":0,"gold_gain":0,"player_choice":"Max HP","damage_taken":0,"max_hp_gain":0,"max_hp_loss":4,"event_name":"Winding Halls","floor":37,"gold_loss":0},{"damage_healed":0,"gold_gain":0,"player_choice":"Gave Potion","damage_taken":0,"relics_obtained":["Smiling Mask"],"max_hp_gain":0,"max_hp_loss":0,"event_name":"WeMeetAgain","floor":38,"gold_loss":0},{"damage_healed":0,"gold_gain":0,"player_choice":"Memory 1","damage_taken":0,"max_hp_gain":0,"max_hp_loss":0,"event_name":"SensoryStone","floor":46,"gold_loss":0}],"is_beta":false,"boss_relics":[{"not_picked":["Runic Dome","Sozu"],"picked":"Philosopher\u0027s Stone"},{"not_picked":["Cursed Key","Calling Bell"],"picked":"Black Star"}],"items_purged_floors":[13],"is_endless":false,"potions_floor_spawned":[2,3,8,10,11,14,16,18,19,20,21,22,24,28,30,31,33,35,39,40,42,44,45,47,48],"killed_by":"Donu and Deca","ascension_level":17}}