{"host":"nolo0osttpwefhwj","time":1612388798,"event":{"mods":["AchievementEnabler","BaseMod","Bestiary","Colored Powertips","Minty Spire (QoL Compilation)","Permanent Neow","Quick Restart","Relic Stats"],"gold_per_floor":[111,121,139,150,150,150,191,191,217,217,237,237,290,334,334,427,727,751,751,666,680,1220,1220,1220,1220,1220],"floor_reached":25,"language":"ENG","playtime":5141,"items_purged":[],"score":447,"play_id":"198f6394-7ac2-43fc-ae13-bda1495ff3bf","local_time":"20210203224638","is_ascension_mode":true,"campfire_choices":[{"data":"Riddle With Holes","floor":6.0,"key":"SMITH"},{"data":"Finisher","floor":10.0,"key":"SMITH"},{"floor":12.0,"key":"REST"},{"floor":15.0,"key":"REST"},{"data":"Blade Dance","floor":23.0,"key":"SMITH"}],"circlet_count":0,"master_deck":["AscendersBane","Strike_G","Strike_G","Strike_G","Strike_G","Strike_G","Defend_G","Defend_G","Defend_G","Defend_G","Defend_G","Survivor","Neutralize","Blade Dance+1","Riddle With Holes+1","Infinite Blades","Cloak And Dagger","Finisher+1","Decay","Cloak And Dagger","Noxious Fumes","After Image","CurseOfTheBell","Deflect+1","Impatience"],"relics":["Ring of the Snake","Gambling Chip","Bloody Idol","Blood Vial","Anchor","Oddly Smooth Stone","Snake Skull","Calling Bell","Bag of Preparation","Eternal Feather","Old Coin","Pen Nib"],"acts_visited":["Exordium","TheCity"],"potions_floor_usage":[],"damage_taken":[{"damage":1.0,"enemies":"Cultist","floor":1.0,"turns":4.0},{"damage":2.0,"enemies":"Jaw Worm","floor":2.0,"turns":5.0},{"damage":0.0,"enemies":"2 Louse","floor":3.0,"turns":2.0},{"damage":17.0,"enemies":"Gremlin Gang","floor":4.0,"turns":4.0},{"damage":28.0,"enemies":"Lagavulin","floor":7.0,"turns":7.0},{"damage":3.0,"enemies":"Exordium Wildlife","floor":11.0,"turns":4.0},{"damage":16.0,"enemies":"Gremlin Nob","floor":14.0,"turns":4.0},{"damage":26.0,"enemies":"The Guardian","floor":16.0,"turns":11.0},{"damage":4.0,"enemies":"Shell Parasite","floor":18.0,"turns":6.0},{"damage":3.0,"enemies":"Spheric Guardian","floor":21.0,"turns":5.0},{"damage":0.0,"enemies":"Cultist and Chosen","floor":24.0,"turns":1.0},{"damage":10,"enemies":"Book of Stabbing","floor":25,"turns":4}],"seed_played":"-7216912027332564897","potions_obtained":[{"floor":1.0,"key":"Strength Potion"},{"floor":3.0,"key":"PowerPotion"},{"floor":7.0,"key":"Ancient Potion"},{"floor":11.0,"key":"Swift Potion"},{"floor":16.0,"key":"Weak Potion"},{"floor":18.0,"key":"SmokeBomb"}],"is_trial":false,"path_per_floor":["M","M","M","M","?","R","E","?","T","R","M","R","T","E","R","B",null,"M","?","?","M","?","R","M","E"],"character_chosen":"THE_SILENT","items_purchased":[],"campfire_rested":2,"item_purchase_floors":[],"current_hp_per_floor":[58,56,56,39,39,39,11,11,11,11,10,26,26,12,28,4,42,40,40,40,44,5,20,22,14,14],"gold":1220,"neow_bonus":"ONE_RARE_RELIC","is_daily":false,"chose_seed":false,"campfire_upgraded":3,"win_rate":0.0,"timestamp":1612388798,"path_taken":["M","?","?","M","?","R","E","?","T","R","?","R","?","E","R","BOSS","M","?","?","M","?","R","?","E"],"items_purchased_type":[],"build_version":"2020-12-22","purchased_purges":0,"victory":false,"max_hp_per_floor":[60,60,60,60,54,54,54,54,54,54,54,54,54,54,54,54,54,54,54,54,54,54,54,54,54,54],"relic_stats":{"Blood Vial":14,"counters":[12,57],"Gambling Chip":[55],"Bloody Idol":35,"Eternal Feather":15,"Snake Skull":[19],"Pen Nib":[2],"Bag of Preparation":[8],"obtain_stats":[{"Golden Idol":5,"Oddly Smooth Stone":13,"Eternal Feather":17,"Snake Skull":14,"Pen Nib":20,"Bag of Preparation":17,"Old Coin":17,"Blood Vial":7,"Calling Bell":17,"Anchor":9,"Gambling Chip":0,"Bloody Idol":19,"Ring of the Snake":0},{"Golden Idol":4,"Oddly Smooth Stone":6,"Eternal Feather":8,"Snake Skull":7,"Pen Nib":9,"Bag of Preparation":8,"Old Coin":8,"Blood Vial":5,"Calling Bell":8,"Anchor":5,"Gambling Chip":0,"Bloody Idol":9,"Ring of the Snake":0},{"Golden Idol":15,"Oddly Smooth Stone":26,"Eternal Feather":41,"Snake Skull":30,"Pen Nib":47,"Bag of Preparation":41,"Old Coin":41,"Blood Vial":22,"Calling Bell":41,"Anchor":22,"Gambling Chip":0,"Bloody Idol":47,"Ring of the Snake":0}],"Ring of the Snake":[24]},"card_choices":[{"not_picked":["Cloak And Dagger","Backstab"],"picked":"Blade Dance","floor":1.0},{"not_picked":["Acrobatics","Dodge and Roll"],"picked":"Riddle With Holes","floor":2.0},{"not_picked":["Expertise","Deflect"],"picked":"Infinite Blades","floor":3.0},{"not_picked":["Flying Knee","Eviscerate"],"picked":"Cloak And Dagger","floor":4.0},{"not_picked":["Dagger Spray","Escape Plan"],"picked":"Finisher","floor":7.0},{"not_picked":["Acrobatics","Skewer"],"picked":"Cloak And Dagger","floor":11.0},{"not_picked":["Endless Agony","PiercingWail"],"picked":"Noxious Fumes","floor":14.0},{"not_picked":["Phantasmal Killer","Burst"],"picked":"After Image","floor":16.0},{"not_picked":["Blur","Eviscerate"],"picked":"Deflect+1","floor":18.0},{"not_picked":["Expertise","Bane","Caltrops"],"picked":"SKIP","floor":21.0}],"player_experience":292593,"relics_obtained":[{"floor":7.0,"key":"Blood Vial"},{"floor":9.0,"key":"Anchor"},{"floor":13.0,"key":"Oddly Smooth Stone"},{"floor":14.0,"key":"Snake Skull"},{"floor":17.0,"key":"Bag of Preparation"},{"floor":17.0,"key":"Eternal Feather"},{"floor":17.0,"key":"Old Coin"}],"event_choices":[{"damage_healed":0.0,"max_hp_gain":0.0,"max_hp_loss":6.0,"gold_gain":0.0,"event_name":"Golden Idol","player_choice":"Lose Max HP","floor":5.0,"gold_loss":0.0,"damage_taken":0.0,"relics_obtained":["Golden Idol"]},{"damage_healed":0.0,"max_hp_gain":0.0,"max_hp_loss":0.0,"gold_gain":0.0,"event_name":"Wheel of Change","player_choice":"Cursed","floor":8.0,"gold_loss":0.0,"damage_taken":0.0,"cards_obtained":["Decay"]},{"damage_healed":0.0,"max_hp_gain":0.0,"max_hp_loss":0.0,"gold_gain":0.0,"event_name":"Forgotten Altar","player_choice":"Gave Idol","floor":19.0,"relics_lost":["Golden Idol"],"gold_loss":0.0,"damage_taken":0.0,"relics_obtained":["Bloody Idol"]},{"damage_healed":0.0,"max_hp_gain":0.0,"max_hp_loss":0.0,"gold_gain":0.0,"event_name":"Addict","player_choice":"Obtained Relic","floor":20.0,"gold_loss":85.0,"damage_taken":0.0,"relics_obtained":["Pen Nib"]},{"damage_healed":0.0,"max_hp_gain":0.0,"max_hp_loss":0.0,"gold_gain":540.0,"event_name":"Knowing Skull","player_choice":"GOLD GOLD GOLD GOLD GOLD GOLD CARD POTION ","floor":22.0,"potions_obtained":["Ancient Potion"],"gold_loss":0.0,"damage_taken":69.0,"cards_obtained":["Impatience"]}],"is_beta":false,"boss_relics":[{"not_picked":["Empty Cage","SlaversCollar"],"picked":"Calling Bell"}],"items_purged_floors":[],"is_endless":false,"potions_floor_spawned":[1,3,7,11,16,18],"killed_by":"Book of Stabbing","ascension_level":20}}