{"host":"2hea6pl5vmah38iy","time":1612318160,"event":{"mods":["AchievementEnabler","BaseMod","Colored Map","DeckTracker","Keyboard Shortcuts","Minty Spire (QoL Compilation)","Rare Cards Sparkle","StSLib","SuperFastMode","everything is the same but u backflip on backflip"],"gold_per_floor":[112,69,69,88,88,88,98,111,137,62,92,92,105,118,118,197,197,214,232,65,65,65],"floor_reached":21,"language":"KOR","playtime":685,"items_purged":[],"score":325,"play_id":"2e96e69e-4cc4-4846-bebc-d0d7e28e7d2e","local_time":"20210203110920","is_ascension_mode":true,"campfire_choices":[{"data":"Zap","floor":6.0,"key":"SMITH"},{"data":"Coolheaded","floor":12.0,"key":"SMITH"},{"data":"Creative AI","floor":15.0,"key":"SMITH"}],"circlet_count":0,"master_deck":["AscendersBane","Strike_B","Strike_B","Strike_B","Defend_B","Defend_B","Defend_B","Zap+1","Dualcast","Thunder Strike","Storm","Ball Lightning","BootSequence","Coolheaded+1","Hologram","Creative AI+1","Amplify","Turbo"],"relics":["Cracked Core","Juzu Bracelet","Vajra","Inserter","Art of War"],"acts_visited":["Exordium","TheCity"],"potions_floor_usage":[19,21],"damage_taken":[{"damage":3.0,"enemies":"2 Louse","floor":1.0,"turns":2.0},{"damage":11.0,"enemies":"Cultist","floor":4.0,"turns":4.0},{"damage":5.0,"enemies":"Small Slimes","floor":7.0,"turns":3.0},{"damage":4.0,"enemies":"Exordium Wildlife","floor":8.0,"turns":2.0},{"damage":5.0,"enemies":"Looter","floor":13.0,"turns":4.0},{"damage":0.0,"enemies":"Blue Slaver","floor":14.0,"turns":2.0},{"damage":14.0,"enemies":"The Guardian","floor":16.0,"turns":9.0},{"damage":12,"enemies":"Chosen","floor":18,"turns":4},{"damage":9,"enemies":"3 Byrds","floor":19,"turns":4},{"damage":36,"enemies":"Cultist and Chosen","floor":21,"turns":4}],"seed_played":"6796584853294666475","potions_obtained":[{"floor":1.0,"key":"FocusPotion"},{"floor":5.0,"key":"EntropicBrew"},{"floor":8.0,"key":"DuplicationPotion"},{"floor":16.0,"key":"ColorlessPotion"},{"floor":19,"key":"EssenceOfSteel"}],"is_trial":false,"path_per_floor":["M","$","?","M","?","R","M","M","T","?","?","R","M","M","R","B",null,"M","M","$","M"],"character_chosen":"DEFECT","items_purchased":["Storm","Art of War"],"campfire_rested":0,"item_purchase_floors":[2,20],"current_hp_per_floor":[61,61,54,43,43,43,38,34,34,34,34,34,29,29,29,15,52,40,31,31,0,0],"gold":65,"neow_bonus":"THREE_RARE_CARDS","is_daily":false,"chose_seed":false,"campfire_upgraded":3,"win_rate":0.0,"timestamp":1612318160,"path_taken":["M","$","?","M","?","R","M","M","T","?","?","R","M","M","R","BOSS","M","M","$","M"],"items_purchased_type":["Card","Relic"],"build_version":"2020-12-22","purchased_purges":0,"victory":false,"max_hp_per_floor":[64,64,64,64,64,64,64,64,64,64,64,64,64,64,64,64,64,64,64,64,64,64],"card_choices":[{"not_picked":["Rainbow","Biased Cognition"],"picked":"Thunder Strike","floor":0.0},{"not_picked":["Blizzard","Redo","Lockon"],"picked":"SKIP","floor":1.0},{"not_picked":["Cold Snap","Leap"],"picked":"Ball Lightning","floor":4.0},{"not_picked":["Darkness","Blizzard"],"picked":"BootSequence","floor":7.0},{"not_picked":["Stack","Redo"],"picked":"Coolheaded","floor":8.0},{"not_picked":["Redo","Doom and Gloom"],"picked":"Hologram","floor":13.0},{"not_picked":["White Noise","Hologram"],"picked":"Creative AI","floor":14.0},{"not_picked":["Reboot","Meteor Strike"],"picked":"Amplify","floor":16.0},{"not_picked":["Rebound","Melter","Leap"],"picked":"SKIP","floor":18},{"not_picked":["Streamline","BootSequence"],"picked":"Turbo","floor":19}],"player_experience":555094,"relics_obtained":[{"floor":9.0,"key":"Juzu Bracelet"}],"event_choices":[{"cards_removed":["Strike_B"],"damage_healed":0.0,"max_hp_gain":0.0,"max_hp_loss":0.0,"gold_gain":0.0,"event_name":"Golden Wing","player_choice":"Card Removal","floor":3.0,"gold_loss":0.0,"damage_taken":7.0},{"damage_healed":0.0,"max_hp_gain":0.0,"max_hp_loss":0.0,"gold_gain":0.0,"event_name":"Lab","player_choice":"Got Potions","floor":5.0,"gold_loss":0.0,"damage_taken":0.0},{"cards_removed":["Defend_B"],"damage_healed":0.0,"max_hp_gain":0.0,"max_hp_loss":0.0,"gold_gain":0.0,"event_name":"The Cleric","player_choice":"Card Removal","floor":10.0,"gold_loss":75.0,"damage_taken":0.0},{"damage_healed":0.0,"max_hp_gain":0.0,"max_hp_loss":0.0,"gold_gain":30.0,"event_name":"Dead Adventurer","player_choice":"Searched \u00273\u0027 times","floor":11.0,"gold_loss":0.0,"damage_taken":0.0,"relics_obtained":["Vajra"]}],"is_beta":false,"boss_relics":[{"not_picked":["Cursed Key","FrozenCore"],"picked":"Inserter"}],"items_purged_floors":[],"is_endless":false,"potions_floor_spawned":[1,8,14,16,19],"killed_by":"Cultist and Chosen","ascension_level":18}}