{"host":"timevagabond","time":1612393363,"event":{"mods":["BaseMod","Bestiary","Colored Map","Filter the Spire","Minty Spire (QoL Compilation)"],"gold_per_floor":[118,137,137,157,176,205,205,205,280,280,305,337,337,352,352,447,447,457,473,91,101,30,65,77,124,182,210,137,159,189,231,243,359,371,393,405,405],"floor_reached":36,"language":"ENG","playtime":2226,"items_purged":["Strike_R"],"score":519,"play_id":"9bbc8111-aedf-4413-94ac-92464cc13e2b","local_time":"20210203180243","is_ascension_mode":false,"campfire_choices":[{"data":"Hemokinesis","floor":8,"key":"SMITH"},{"data":"Pommel Strike","floor":10,"key":"SMITH"},{"floor":13,"key":"REST"},{"data":"Offering","floor":15,"key":"SMITH"},{"floor":32,"key":"REST"}],"circlet_count":0,"master_deck":["Strike_R","Strike_R","Strike_R","Strike_R+1","Defend_R","Defend_R","Defend_R","Bash","Hemokinesis+1","Rage","Pommel Strike+1","Thunderclap+1","Offering+1","Cleave","Intimidate","Feed","Combust","Shockwave","Havoc+1","Flame Barrier","Havoc+1","Flame Barrier","Rupture","Sword Boomerang+1","Shrug It Off+1","Rupture+1","Uppercut+1","Double Tap","Clothesline+1"],"relics":["Black Star","WingedGreaves","Anchor","Ornamental Fan","Unceasing Top","Whetstone","Happy Flower","Strawberry","Velvet Choker","Toy Ornithopter","Orrery","Ancient Tea Set","MawBank","Red Skull","InkBottle","Letter Opener","Omamori","Blue Candle","Bronze Scales","Vajra","Snecko Eye"],"acts_visited":["Exordium","TheCity","TheBeyond"],"potions_floor_usage":[6,12,14,25,27,31,31,31,33,33],"damage_taken":[{"damage":6,"enemies":"Cultist","floor":1,"turns":3},{"damage":10,"enemies":"Jaw Worm","floor":2,"turns":3},{"damage":2,"enemies":"2 Louse","floor":4,"turns":2},{"damage":2,"enemies":"Large Slime","floor":5,"turns":4},{"damage":10,"enemies":"Gremlin Nob","floor":6,"turns":3},{"damage":27,"enemies":"Lagavulin","floor":11,"turns":4},{"damage":19,"enemies":"Gremlin Nob","floor":12,"turns":4},{"damage":2,"enemies":"Looter","floor":14,"turns":2},{"damage":23,"enemies":"Slime Boss","floor":16,"turns":7},{"damage":8,"enemies":"Chosen","floor":18,"turns":3},{"damage":22,"enemies":"Spheric Guardian","floor":19,"turns":4},{"damage":11,"enemies":"Snake Plant","floor":21,"turns":3},{"damage":23,"enemies":"Book of Stabbing","floor":23,"turns":4},{"damage":23,"enemies":"Gremlin Leader","floor":25,"turns":4},{"damage":6,"enemies":"3 Cultists","floor":27,"turns":3},{"damage":24,"enemies":"Snecko","floor":29,"turns":4},{"damage":1,"enemies":"Snake Plant","floor":30,"turns":3},{"damage":5,"enemies":"Slavers","floor":31,"turns":4},{"damage":13,"enemies":"Champ","floor":33,"turns":8},{"damage":19,"enemies":"Orb Walker","floor":35,"turns":3},{"damage":93,"enemies":"2 Orb Walkers","floor":36,"turns":5}],"seed_played":"3886235676182400659","potions_obtained":[{"floor":2,"key":"Swift Potion"},{"floor":4,"key":"EssenceOfSteel"},{"floor":11,"key":"Explosive Potion"},{"floor":12,"key":"Regen Potion"},{"floor":14,"key":"BloodPotion"},{"floor":19,"key":"Energy Potion"},{"floor":27,"key":"BlessingOfTheForge"},{"floor":29,"key":"EntropicBrew"},{"floor":33,"key":"SmokeBomb"}],"is_trial":false,"path_per_floor":["M","M","?","M","M","E","?","R","T","R","E","E","R","M","R","B",null,"M","M","$","M","?","E","$","E","T","M","?","M","M","E","R","B",null,"M","?"],"character_chosen":"IRONCLAD","items_purchased":["Toy Ornithopter","Orrery"],"campfire_rested":2,"item_purchase_floors":[20,20],"current_hp_per_floor":[74,64,64,62,60,50,50,50,50,50,23,11,37,40,40,17,87,82,60,60,52,52,29,29,32,32,34,34,10,9,23,53,53,106,90,0,0],"gold":405,"neow_bonus":"BOSS_RELIC","is_daily":false,"chose_seed":false,"campfire_upgraded":3,"win_rate":0.0,"timestamp":1612393363,"path_taken":["M","M","?","M","M","E","?","R","T","R","E","E","R","M","R","BOSS","M","M","$","M","?","E","?","E","T","?","?","M","M","E","R","BOSS","M","?"],"items_purchased_type":["Relic","Relic"],"build_version":"2020-12-18","purchased_purges":1,"victory":false,"max_hp_per_floor":[80,80,80,80,80,80,80,80,80,80,80,87,87,87,87,87,87,90,90,90,93,93,93,93,96,96,99,99,99,99,103,103,106,106,109,109,109],"card_choices":[{"not_picked":["Flex","Flame Barrier"],"picked":"Hemokinesis","floor":1},{"not_picked":["Sever Soul","Ghostly Armor"],"picked":"Rage","floor":2},{"not_picked":["Dropkick","True Grit"],"picked":"Pommel Strike","floor":4},{"not_picked":["Shrug It Off","Wild Strike"],"picked":"Thunderclap","floor":5},{"not_picked":["Wild Strike","Feed"],"picked":"Offering","floor":6},{"not_picked":["Sword Boomerang","Hemokinesis"],"picked":"Cleave","floor":11},{"not_picked":["Bloodletting","Warcry"],"picked":"Intimidate","floor":12},{"not_picked":["Body Slam","Twin Strike","Heavy Blade"],"picked":"SKIP","floor":14},{"not_picked":["Berserk","Demon Form"],"picked":"Feed","floor":16},{"not_picked":["Clash","Shrug It Off+1"],"picked":"Combust","floor":18},{"not_picked":["Cleave","Reckless Charge","Wild Strike"],"picked":"SKIP","floor":19},{"not_picked":["Thunderclap+1","Rampage+1"],"picked":"Shockwave","floor":20},{"not_picked":["Anger+1","Wild Strike"],"picked":"Havoc+1","floor":20},{"not_picked":["Dark Embrace","Warcry"],"picked":"Flame Barrier","floor":20},{"not_picked":["Searing Blow","Wild Strike"],"picked":"Havoc+1","floor":20},{"not_picked":["Entrench","Sever Soul"],"picked":"Flame Barrier","floor":20},{"not_picked":["Clothesline","Evolve","Impervious"],"picked":"SKIP","floor":21},{"not_picked":["Body Slam","Clothesline","Heavy Blade+1"],"picked":"SKIP","floor":23},{"not_picked":["Perfected Strike","Heavy Blade"],"picked":"Rupture","floor":25},{"not_picked":["Twin Strike","Thunderclap+1"],"picked":"Sword Boomerang+1","floor":27},{"not_picked":["Sword Boomerang","Twin Strike"],"picked":"Shrug It Off+1","floor":29},{"not_picked":["Fire Breathing","Dual Wield+1"],"picked":"Rupture+1","floor":30},{"not_picked":["Infernal Blade","True Grit"],"picked":"Uppercut+1","floor":31},{"not_picked":["Berserk","Bludgeon"],"picked":"Double Tap","floor":33},{"not_picked":["Anger","Flex+1"],"picked":"Clothesline+1","floor":35}],"player_experience":156866,"relics_obtained":[{"floor":6,"key":"WingedGreaves"},{"floor":6,"key":"Anchor"},{"floor":9,"key":"Ornamental Fan"},{"floor":11,"key":"Unceasing Top"},{"floor":11,"key":"Whetstone"},{"floor":12,"key":"Happy Flower"},{"floor":12,"key":"Strawberry"},{"floor":23,"key":"MawBank"},{"floor":23,"key":"Red Skull"},{"floor":25,"key":"InkBottle"},{"floor":25,"key":"Letter Opener"},{"floor":26,"key":"Omamori"},{"floor":31,"key":"Bronze Scales"},{"floor":31,"key":"Vajra"}],"event_choices":[{"damage_healed":0,"gold_gain":0,"player_choice":"Ignored","damage_taken":0,"max_hp_gain":0,"max_hp_loss":0,"event_name":"Liars Game","floor":3,"gold_loss":0},{"cards_removed":["Defend_R"],"damage_healed":0,"gold_gain":0,"player_choice":"Offered Basic","damage_taken":0,"max_hp_gain":0,"max_hp_loss":0,"event_name":"Bonfire Elementals","floor":7,"gold_loss":0},{"damage_healed":0,"gold_gain":0,"player_choice":"Paid Gold","damage_taken":0,"relics_obtained":["Ancient Tea Set"],"max_hp_gain":0,"max_hp_loss":0,"event_name":"WeMeetAgain","floor":22,"gold_loss":71},{"damage_healed":0,"gold_gain":0,"player_choice":"Obtained Relic","damage_taken":0,"relics_obtained":["Blue Candle"],"max_hp_gain":0,"max_hp_loss":0,"event_name":"Addict","floor":28,"gold_loss":85},{"damage_healed":0,"gold_gain":0,"player_choice":"Fight","damage_taken":0,"max_hp_gain":0,"max_hp_loss":0,"event_name":"Mysterious Sphere","floor":36,"gold_loss":0}],"is_beta":true,"boss_relics":[{"not_picked":["Sozu","Philosopher\u0027s Stone"],"picked":"Velvet Choker"},{"not_picked":["Empty Cage","Calling Bell"],"picked":"Snecko Eye"}],"items_purged_floors":[20],"is_endless":false,"potions_floor_spawned":[2,4,11,12,14,19,27,29,31,33],"killed_by":"2 Orb Walkers","ascension_level":0}}