{"host":"sc0o2qwpf9j16a4i","time":1612356361,"event":{"mods":["AchievementEnabler","BaseMod","BetterRewards","Block Reminder","Colored Map","Colored Powertips","Custom Start","Highlight Path","Minty Spire (QoL Compilation)","Relic Stats"],"gold_per_floor":[140,140,180,220,258,340,340,404,430,473,473,5,5,23,23,118,118,131,78,78,78,123,177,251,251,251,292,370,370,415,448,448,598,598,598],"floor_reached":34,"language":"ENG","playtime":1463,"items_purged":[],"score":572,"play_id":"76780144-85ce-4210-8f6f-dfa0607801d6","local_time":"20210203144601","daily_mods":["Shiny","Blue Cards","Terminal"],"is_ascension_mode":false,"campfire_choices":[{"floor":11,"key":"REST"},{"data":"Worship","floor":15,"key":"SMITH"},{"data":"1","floor":25,"key":"LIFT"},{"data":"2","floor":29,"key":"LIFT"},{"floor":32,"key":"REST"}],"circlet_count":0,"master_deck":["Thunder Strike+1","Machine Learning","Electrodynamics","Buffer","Rainbow","Seek","Meteor Strike","Echo Form","All For One","Reboot","Amplify","Creative AI","Fission","Core Surge","Judgement+1","ConjureBlade","MasterReality","Brilliance","Devotion","Blasphemy","Ragnarok","LessonLearned","Scrawl","Vault+1","Alpha+1","Wish+1","Omniscience","Establishment","SpiritShield","DevaForm","DeusExMachina","Cold Snap","Sweeping Beam","Wallop","Swivel","Coolheaded","Sanctity","Worship+1","Wish","Steam Power+1","Protect+1","Go for the Eyes+1","Double Energy+1","CutThroughFate","RitualDagger","FollowUp","TalkToTheHand+1","ForeignInfluence","EmptyMind+1","Core Surge","Undo+1","SpiritShield"],"relics":["PureWater","Vajra","War Paint","Bronze Scales","Girya","Orichalcum","Astrolabe","Thread and Needle","StoneCalendar","Kunai","Torii","Runic Dome"],"acts_visited":["Exordium","TheCity","TheBeyond"],"potions_floor_usage":[6,16,22,28,30,33,33,33],"damage_taken":[{"damage":6,"enemies":"Small Slimes","floor":1,"turns":4},{"damage":6,"enemies":"Cultist","floor":3,"turns":5},{"damage":0,"enemies":"Jaw Worm","floor":4,"turns":3},{"damage":0,"enemies":"Looter","floor":5,"turns":2},{"damage":0,"enemies":"Lagavulin","floor":6,"turns":4},{"damage":21,"enemies":"Gremlin Nob","floor":8,"turns":4},{"damage":3,"enemies":"Red Slaver","floor":10,"turns":4},{"damage":0,"enemies":"2 Fungi Beasts","floor":14,"turns":4},{"damage":0,"enemies":"The Guardian","floor":16,"turns":9},{"damage":0,"enemies":"Spheric Guardian","floor":18,"turns":4},{"damage":0,"enemies":"3 Byrds","floor":22,"turns":3},{"damage":2,"enemies":"Book of Stabbing","floor":23,"turns":5},{"damage":0,"enemies":"Cultist and Chosen","floor":24,"turns":8},{"damage":0,"enemies":"Centurion and Healer","floor":27,"turns":6},{"damage":12,"enemies":"Gremlin Leader","floor":28,"turns":8},{"damage":0,"enemies":"Snake Plant","floor":30,"turns":5},{"damage":4,"enemies":"Book of Stabbing","floor":31,"turns":5},{"damage":8,"enemies":"Champ","floor":33,"turns":4}],"seed_played":"8237097329773481333","potions_obtained":[{"floor":5,"key":"PowerPotion"},{"floor":10,"key":"Ambrosia"},{"floor":16,"key":"BlessingOfTheForge"},{"floor":24,"key":"SpeedPotion"},{"floor":27,"key":"PowerPotion"},{"floor":30,"key":"Dexterity Potion"},{"floor":31,"key":"LiquidMemories"},{"floor":33,"key":"SkillPotion"}],"is_trial":true,"path_per_floor":["M","?","M","M","M","E","?","E","T","M","R","$","?","M","R","B",null,"M","$","?","?","M","E","M","R","T","M","E","R","M","E","R","B",null],"character_chosen":"WATCHER","items_purchased":["Girya","Sanctity","LiquidMemories","BlessingOfTheForge","CutThroughFate"],"campfire_rested":2,"item_purchase_floors":[12,12,12,12,19],"current_hp_per_floor":[65,58,52,52,52,52,52,31,31,28,46,46,39,39,39,39,54,53,52,46,46,46,44,44,44,44,44,32,32,32,28,39,31,38,38],"gold":598,"neow_bonus":"","is_daily":false,"chose_seed":false,"campfire_upgraded":1,"win_rate":0.0,"timestamp":1612356361,"path_taken":["M","?","?","M","M","E","?","E","T","M","R","$","?","M","R","BOSS","M","$","?","?","M","E","M","R","T","M","E","R","M","E","R","BOSS"],"items_purchased_type":["Relic","Card","Potion","Potion","Card"],"build_version":"2020-12-22","purchased_purges":0,"victory":false,"max_hp_per_floor":[70,69,68,67,66,65,64,63,62,61,60,59,58,57,56,55,54,53,52,51,50,49,48,47,46,45,44,43,42,41,40,39,38,38,38],"relic_stats":{"Torii":0,"counters":[18,87],"Bronze Scales":[193],"Astrolabe":["Steam Power","Protect","Go for the Eyes"],"StoneCalendar":[52],"Kunai":[1],"War Paint":["Alpha","Judgement"],"Orichalcum":[168],"obtain_stats":[{"Girya":12,"Runic Dome":34,"Torii":31,"Bronze Scales":9,"Astrolabe":17,"Vajra":6,"Thread and Needle":23,"StoneCalendar":26,"Kunai":28,"PureWater":0,"War Paint":8,"Orichalcum":13},{"Girya":7,"Runic Dome":18,"Torii":17,"Bronze Scales":6,"Astrolabe":9,"Vajra":5,"Thread and Needle":12,"StoneCalendar":13,"Kunai":15,"PureWater":0,"War Paint":6,"Orichalcum":7},{"Girya":26,"Runic Dome":87,"Torii":83,"Bronze Scales":22,"Astrolabe":39,"Vajra":18,"Thread and Needle":51,"StoneCalendar":59,"Kunai":73,"PureWater":0,"War Paint":22,"Orichalcum":26}]},"card_choices":[{"not_picked":["FlyingSleeves","Indignation"],"picked":"Cold Snap","floor":1},{"not_picked":["FlurryOfBlows","Redo"],"picked":"Sweeping Beam","floor":3},{"not_picked":["Weave","Hologram"],"picked":"Wallop","floor":4},{"not_picked":["JustLucky","Streamline","Study"],"picked":"SKIP","floor":5},{"not_picked":["Hello World","Barrage","Compile Driver"],"picked":"SKIP","floor":6},{"not_picked":["Crescendo","Defragment"],"picked":"Swivel","floor":8},{"not_picked":["Indignation","Biased Cognition","Coolheaded"],"picked":"SKIP","floor":10},{"not_picked":["Indignation","Biased Cognition"],"picked":"Coolheaded","floor":10},{"not_picked":["JustLucky","Redo"],"picked":"Worship","floor":14},{"not_picked":["Echo Form","Reboot"],"picked":"Wish","floor":16},{"not_picked":["Streamline","Barrage"],"picked":"Double Energy+1","floor":18},{"not_picked":["Crescendo","ClearTheMind"],"picked":"FollowUp","floor":22},{"not_picked":["Consume","Reinforced Body"],"picked":"TalkToTheHand+1","floor":23},{"not_picked":["JustLucky+1","Steam Power"],"picked":"ForeignInfluence","floor":24},{"not_picked":["Amplify","Consecrate+1"],"picked":"EmptyMind+1","floor":27},{"not_picked":["Conserve Battery","EmptyBody"],"picked":"Core Surge","floor":28},{"not_picked":["Vengeance","Hello World","Barrage"],"picked":"SKIP","floor":30},{"not_picked":["Rebound","FollowUp"],"picked":"Undo+1","floor":31},{"not_picked":["Thunder Strike","Blasphemy"],"picked":"SpiritShield","floor":33}],"player_experience":1148362,"relics_obtained":[{"floor":6,"key":"Vajra"},{"floor":8,"key":"War Paint"},{"floor":9,"key":"Bronze Scales"},{"floor":23,"key":"Thread and Needle"},{"floor":26,"key":"StoneCalendar"},{"floor":28,"key":"Kunai"},{"floor":31,"key":"Torii"}],"event_choices":[{"damage_healed":0,"gold_gain":0,"player_choice":"Damaged","damage_taken":7,"max_hp_gain":0,"max_hp_loss":0,"event_name":"Wheel of Change","floor":2,"gold_loss":0},{"damage_healed":0,"gold_gain":0,"player_choice":"Grow","damage_taken":0,"max_hp_gain":0,"max_hp_loss":0,"event_name":"Living Wall","floor":7,"gold_loss":0,"cards_upgraded":["Wish"]},{"damage_healed":0,"gold_gain":0,"player_choice":"Success","damage_taken":7,"relics_obtained":["Orichalcum"],"max_hp_gain":0,"max_hp_loss":0,"event_name":"Scrap Ooze","floor":13,"gold_loss":0},{"damage_healed":0,"gold_gain":0,"player_choice":"Joined the Cult","damage_taken":6,"max_hp_gain":0,"max_hp_loss":0,"event_name":"Nest","floor":20,"gold_loss":0,"cards_obtained":["RitualDagger"]},{"damage_healed":0,"gold_gain":0,"player_choice":"Ignored","damage_taken":0,"max_hp_gain":0,"max_hp_loss":0,"event_name":"Vampires","floor":21,"gold_loss":0}],"is_beta":false,"boss_relics":[{"not_picked":["Empty Cage","SacredBark"],"picked":"Astrolabe"},{"not_picked":["Busted Crown","Velvet Choker"],"picked":"Runic Dome"}],"items_purged_floors":[],"is_endless":false,"potions_floor_spawned":[5,10,14,16,18,24,27,30,31,33],"ascension_level":0}}