{"host":"oq0u6q7bjztc2jwc","time":1612333080,"event":{"mods":["AchievementEnabler","BaseMod","Colored Map","Downfall","Highlight Path","Minty Spire (QoL Compilation)","Permanent Neow","StSLib"],"gold_per_floor":[110,110,285,300,300,313,64,97,97,97,112,112,129,159,159,254,254,273,223,237,187,204,204,119,138,183,212,212,231,331,349,349,453,453,464,464,479,279,279,292,304,304,304,320,346,346,296,331,331,331,331,331,54,84,84,84],"floor_reached":55,"language":"ENG","playtime":5337,"items_purged":["Doubt","Parasite","Parasite","Doubt","Parasite"],"score":702,"play_id":"e63b637f-d784-44bf-a32c-afa3fc7a915a","local_time":"20210203011800","is_ascension_mode":false,"campfire_choices":[{"data":"PathToVictory","floor":10.0,"key":"SMITH"},{"data":"LikeWater","floor":15.0,"key":"SMITH"},{"data":"PathToVictory","floor":23.0,"key":"SMITH"},{"data":"TalkToTheHand","floor":28,"key":"SMITH"},{"floor":32,"key":"REST"},{"floor":42,"key":"RECALL"},{"data":"WaveOfTheHand","floor":46,"key":"SMITH"},{"data":"BattleHymn","floor":49,"key":"SMITH"},{"data":"Judgement","floor":52,"key":"SMITH"}],"circlet_count":0,"master_deck":["Strike_P","Defend_P","Defend_P","Defend_P","Eruption","Vigilance","WaveOfTheHand+1","Protect","LikeWater+1","TalkToTheHand+1","PathToVictory+1","ClearTheMind","WindmillStrike+1","PathToVictory+1","DeusExMachina","EmptyFist","Judgement+1","FollowUp","DevaForm","Evaluate","BattleHymn+1","InnerPeace","WindmillStrike+1"],"relics":["PureWater","Membership Card","Thread and Needle","Oddly Smooth Stone","Cursed Key","Smiling Mask","PreservedInsect","Orichalcum","Black Star","Regal Pillow","TheAbacus","Gremlin Horn","Strawberry","Pantograph","Yang","Blood Vial","Boot","White Beast Statue","Bag of Marbles"],"acts_visited":["Exordium","TheCity","TheBeyond","TheEnding"],"potions_floor_usage":[27,27,33,35,44,50,54],"damage_taken":[{"damage":0.0,"enemies":"Jaw Worm","floor":1.0,"turns":4.0},{"damage":4.0,"enemies":"2 Louse","floor":4.0,"turns":4.0},{"damage":0.0,"enemies":"Cultist","floor":6.0,"turns":5.0},{"damage":7.0,"enemies":"Lagavulin","floor":8.0,"turns":8.0},{"damage":0.0,"enemies":"Exordium Wildlife","floor":11.0,"turns":3.0},{"damage":0.0,"enemies":"Looter","floor":13.0,"turns":4.0},{"damage":0.0,"enemies":"3 Sentries","floor":14.0,"turns":9.0},{"damage":8.0,"enemies":"Slime Boss","floor":16.0,"turns":7.0},{"damage":0.0,"enemies":"Shell Parasite","floor":18.0,"turns":4.0},{"damage":0.0,"enemies":"Spheric Guardian","floor":20.0,"turns":6.0},{"damage":6.0,"enemies":"Chosen and Byrds","floor":22.0,"turns":7.0},{"damage":11.0,"enemies":"Snecko","floor":25.0,"turns":5.0},{"damage":19,"enemies":"Slavers","floor":27,"turns":6},{"damage":2,"enemies":"Centurion and Healer","floor":29,"turns":6},{"damage":0,"enemies":"Chosen and Byrds","floor":31,"turns":5},{"damage":12,"enemies":"Automaton","floor":33,"turns":12},{"damage":11,"enemies":"Orb Walker","floor":35,"turns":5},{"damage":3,"enemies":"3 Shapes","floor":37,"turns":6},{"damage":0,"enemies":"Maw","floor":40,"turns":9},{"damage":6,"enemies":"Sphere and 2 Shapes","floor":41,"turns":6},{"damage":0,"enemies":"4 Shapes","floor":44,"turns":9},{"damage":5,"enemies":"Reptomancer","floor":48,"turns":7},{"damage":67,"enemies":"Donu and Deca","floor":50,"turns":13},{"damage":36,"enemies":"Shield and Spear","floor":54,"turns":7},{"damage":67,"enemies":"The Heart","floor":55,"turns":3}],"seed_played":"-844428886599748604","potions_obtained":[{"floor":1.0,"key":"SneckoOil"},{"floor":11.0,"key":"Swift Potion"},{"floor":13.0,"key":"SteroidPotion"},{"floor":16.0,"key":"Strength Potion"},{"floor":18.0,"key":"BottledMiracle"},{"floor":22.0,"key":"Explosive Potion"},{"floor":31,"key":"SteroidPotion"},{"floor":33,"key":"Ambrosia"},{"floor":37,"key":"sneckomod:MuddlingPotion"},{"floor":41,"key":"Fruit Juice"},{"floor":44,"key":"champ:CounterPotion"},{"floor":48,"key":"Ambrosia"}],"is_trial":false,"path_per_floor":["M","?","?","M","?","M","$","E","T","R","M","?","M","E","R","B",null,"M","?","M","$","M","R","?","M","T","E","R","M","?","M","R","B",null,"M","?","M","$","?","M","M","R","T","M","T","R","$","E","R","B",null,"R","$","E","B"],"character_chosen":"WATCHER","items_purchased":["Membership Card","TalkToTheHand","PathToVictory","Regal Pillow","TheAbacus","Blood Vial","Boot","InnerPeace","DistilledChaos"],"campfire_rested":1,"item_purchase_floors":[7,7,7,38,38,53,53,53,53],"current_hp_per_floor":[51,44,44,40,64,64,64,57,57,57,57,72,72,72,72,64,72,72,72,72,69,63,63,63,52,52,33,33,31,31,31,51,39,69,58,58,55,55,55,55,49,49,49,54,61,61,61,56,56,11,78,78,75,39,0,0],"gold":84,"neow_bonus":"REMOVE_TWO","is_daily":false,"chose_seed":false,"campfire_upgraded":7,"win_rate":0.0,"timestamp":1612333080,"path_taken":["M","?","?","M","?","M","$","E","T","R","M","?","M","E","R","BOSS","M","?","?","$","M","R","?","M","T","E","R","M","?","?","R","BOSS","M","?","M","$","?","?","M","R","T","M","?","R","$","E","R","BOSS","R","$","E","BOSS"],"items_purchased_type":["Relic","Card","Card","Relic","Relic","Relic","Relic","Card","Potion"],"build_version":"2020-12-22","purchased_purges":5,"victory":false,"max_hp_per_floor":[72,72,72,72,72,72,72,72,72,72,72,72,72,72,72,72,72,72,72,72,69,69,69,69,69,69,69,69,69,69,69,69,69,69,69,69,69,66,66,66,66,66,66,71,78,78,78,78,78,78,78,78,75,75,75,75],"card_choices":[{"not_picked":["Consecrate","Halt"],"picked":"WaveOfTheHand","floor":1.0},{"not_picked":["SashWhip","FlyingSleeves"],"picked":"Protect","floor":4.0},{"not_picked":["Adaptation","FlurryOfBlows"],"picked":"LikeWater","floor":6.0},{"not_picked":["Ragnarok","ThirdEye"],"picked":"ClearTheMind","floor":8.0},{"not_picked":["BowlingBash","FearNoEvil"],"picked":"WindmillStrike","floor":11.0},{"not_picked":["ClearTheMind","WheelKick"],"picked":"PathToVictory","floor":13.0},{"not_picked":["Fasting2","Conclude","FlurryOfBlows"],"picked":"SKIP","floor":14.0},{"not_picked":["Scrawl","ConjureBlade"],"picked":"DeusExMachina","floor":16.0},{"not_picked":["CutThroughFate","JustLucky"],"picked":"EmptyFist","floor":18.0},{"not_picked":["ThirdEye","BowlingBash","TalkToTheHand+1"],"picked":"SKIP","floor":20.0},{"not_picked":["Prostrate","Evaluate","Collect+1"],"picked":"SKIP","floor":22.0},{"not_picked":["WaveOfTheHand","Evaluate","Sanctity"],"picked":"SKIP","floor":25.0},{"not_picked":["SashWhip","BowlingBash+1"],"picked":"Judgement","floor":27},{"not_picked":["SashWhip","Swivel"],"picked":"FollowUp","floor":29},{"not_picked":["EmptyBody","ForeignInfluence","SashWhip"],"picked":"SKIP","floor":31},{"not_picked":["Wish","Omniscience"],"picked":"DevaForm","floor":33},{"not_picked":["EmptyFist+1","Pray","CarveReality+1"],"picked":"SKIP","floor":35},{"not_picked":["EmptyBody","Protect","JustLucky+1"],"picked":"SKIP","floor":37},{"not_picked":["ClearTheMind+1","ReachHeaven+1","CrushJoints+1"],"picked":"SKIP","floor":40},{"not_picked":["Halt+1","FlurryOfBlows","Sanctity"],"picked":"SKIP","floor":41},{"not_picked":["ClearTheMind","Evaluate","Weave+1"],"picked":"SKIP","floor":44},{"not_picked":["ClearTheMind","Weave+1"],"picked":"Evaluate","floor":44},{"not_picked":["SashWhip","Halt"],"picked":"BattleHymn","floor":48},{"not_picked":["Meditate","Crescendo"],"picked":"WindmillStrike+1","floor":54}],"player_experience":569654,"relics_obtained":[{"floor":8.0,"key":"Thread and Needle"},{"floor":14.0,"key":"Oddly Smooth Stone"},{"floor":26.0,"key":"PreservedInsect"},{"floor":27,"key":"Orichalcum"},{"floor":43,"key":"Gremlin Horn"},{"floor":45,"key":"Strawberry"},{"floor":48,"key":"Pantograph"},{"floor":48,"key":"Yang"},{"floor":54,"key":"White Beast Statue"},{"floor":54,"key":"Bag of Marbles"}],"event_choices":[{"cards_removed":["Strike_P"],"damage_healed":0.0,"max_hp_gain":0.0,"max_hp_loss":0.0,"gold_gain":0.0,"event_name":"Golden Wing","player_choice":"Card Removal","floor":2.0,"gold_loss":0.0,"damage_taken":7.0},{"damage_healed":0.0,"max_hp_gain":0.0,"max_hp_loss":0.0,"gold_gain":175.0,"event_name":"Liars Game","player_choice":"AGREE","floor":3.0,"gold_loss":0.0,"damage_taken":0.0,"cards_obtained":["Doubt"]},{"damage_healed":24.0,"max_hp_gain":0.0,"max_hp_loss":0.0,"gold_gain":0.0,"event_name":"Big Fish","player_choice":"Banana","floor":5.0,"gold_loss":0.0,"damage_taken":0.0},{"damage_healed":18.0,"max_hp_gain":0.0,"max_hp_loss":0.0,"gold_gain":0.0,"event_name":"Mushrooms","player_choice":"Healed and dodged fight","floor":12.0,"gold_loss":0.0,"damage_taken":0.0,"cards_obtained":["Parasite"]},{"damage_healed":0.0,"max_hp_gain":0.0,"max_hp_loss":0.0,"gold_gain":0.0,"event_name":"The Joust","player_choice":"Bet on Owner","floor":19.0,"gold_loss":50.0,"damage_taken":0.0},{"damage_healed":0.0,"max_hp_gain":0.0,"max_hp_loss":0.0,"gold_gain":0.0,"event_name":"Addict","player_choice":"Obtained Relic","floor":24.0,"gold_loss":85.0,"damage_taken":0.0,"relics_obtained":["Smiling Mask"]},{"damage_healed":0,"gold_gain":100,"player_choice":"Pray","damage_taken":0,"max_hp_gain":0,"max_hp_loss":0,"event_name":"Golden Shrine","floor":30,"gold_loss":0},{"cards_removed":["Strike_P"],"damage_healed":0,"gold_gain":0,"player_choice":"Removed Attack","damage_taken":0,"max_hp_gain":0,"max_hp_loss":0,"event_name":"Falling","floor":36,"gold_loss":0},{"damage_healed":0,"gold_gain":0,"player_choice":"Upgraded","damage_taken":0,"max_hp_gain":0,"max_hp_loss":0,"event_name":"Upgrade Shrine","floor":39,"gold_loss":0,"cards_upgraded":["WindmillStrike"]}],"is_beta":false,"boss_relics":[{"not_picked":["Philosopher\u0027s Stone","Snecko Eye"],"picked":"Cursed Key"},{"not_picked":["Runic Dome","Velvet Choker"],"picked":"Black Star"}],"items_purged_floors":[7,21,38,47,53],"is_endless":false,"potions_floor_spawned":[1,11,13,16,18,22,31,33,37,41,44,48],"killed_by":"The Heart","ascension_level":0}}