{"host":"uy3vg6glkp8m6iit","time":1612340171,"event":{"mods":["AchievementEnabler","BaseMod","Colored Map","DeckTracker","Highlight Path","Keyboard Shortcuts","Minty Spire (QoL Compilation)","Quick Restart","Random Character Button","Rare Cards Sparkle","Relic Stats","StSLib","everything is the same but u backflip on backflip"],"gold_per_floor":[110,110,130,130,4,4,20,34,58,73,73,73,22,38,38,112,112,131,149,149,9,9,36,46,46,46,56,106,106,31,45,45,45,45],"floor_reached":33,"language":"KOR","playtime":931,"items_purged":["Strike_G","Defend_G"],"score":522,"play_id":"e3ba5ab3-34fa-4377-b0b3-868d94595acd","local_time":"20210203171611","is_ascension_mode":true,"campfire_choices":[{"data":"Dagger Spray","floor":6.0,"key":"SMITH"},{"data":"Blade Dance","floor":12.0,"key":"SMITH"},{"data":"Neutralize","floor":15.0,"key":"SMITH"},{"floor":25.0,"key":"REST"},{"data":"Tactician","floor":29.0,"key":"SMITH"},{"data":"Finisher","floor":32,"key":"SMITH"}],"circlet_count":0,"master_deck":["AscendersBane","Strike_G","Defend_G","Defend_G","Defend_G","Survivor","Neutralize+1","Skewer","Blade Dance+1","Acrobatics","Finisher+1","Dagger Spray+1","Reflex","Infinite Blades","PiercingWail","Venomology","Deflect+1","Tactician+1","Prepared+1","Malaise"],"relics":["Ring of the Snake","Happy Flower","SacredBark","Lantern","Omamori"],"acts_visited":["Exordium","TheCity"],"potions_floor_usage":[31,31,33,33],"damage_taken":[{"damage":0.0,"enemies":"2 Louse","floor":1.0,"turns":2.0},{"damage":0.0,"enemies":"Cultist","floor":3.0,"turns":3.0},{"damage":0.0,"enemies":"Small Slimes","floor":7.0,"turns":3.0},{"damage":0.0,"enemies":"Looter","floor":8.0,"turns":3.0},{"damage":7.0,"enemies":"Exordium Wildlife","floor":10.0,"turns":3.0},{"damage":11.0,"enemies":"Exordium Thugs","floor":14.0,"turns":6.0},{"damage":15.0,"enemies":"Hexaghost","floor":16.0,"turns":11.0},{"damage":14.0,"enemies":"2 Thieves","floor":18.0,"turns":4.0},{"damage":21.0,"enemies":"Spheric Guardian","floor":19.0,"turns":6.0},{"damage":0.0,"enemies":"Gremlin Leader","floor":23.0,"turns":5.0},{"damage":3.0,"enemies":"Snake Plant","floor":24.0,"turns":3.0},{"damage":0.0,"enemies":"Snecko","floor":27.0,"turns":3.0},{"damage":1,"enemies":"Chosen and Byrds","floor":31,"turns":5},{"damage":33,"enemies":"Collector","floor":33,"turns":3}],"seed_played":"5604533049369234816","potions_obtained":[{"floor":3.0,"key":"Ancient Potion"},{"floor":8.0,"key":"Swift Potion"},{"floor":27.0,"key":"DuplicationPotion"}],"is_trial":false,"path_per_floor":["M","?","M","?","$","R","M","M","T","M","?","R","$","M","R","B",null,"M","M","?","$","?","E","M","R","T","M","?","R","?","M","R","B"],"character_chosen":"THE_SILENT","items_purchased":["Dagger Spray","PiercingWail","Tactician"],"campfire_rested":1,"item_purchase_floors":[5,13,21],"current_hp_per_floor":[44,44,44,44,44,44,44,44,44,37,37,37,37,26,26,11,52,38,17,17,17,17,17,14,33,33,33,33,33,33,32,32,0,0],"gold":45,"neow_bonus":"TRANSFORM_TWO_CARDS","is_daily":false,"chose_seed":false,"campfire_upgraded":5,"win_rate":0.0,"timestamp":1612340171,"path_taken":["M","?","?","?","?","R","M","M","T","M","?","R","$","M","R","BOSS","M","M","?","$","?","E","M","R","T","?","?","R","?","M","R","BOSS"],"items_purchased_type":["Card","Card","Card"],"build_version":"2020-12-22","purchased_purges":2,"victory":false,"max_hp_per_floor":[66,66,66,66,66,66,66,66,66,66,66,66,66,66,66,66,66,66,66,66,66,66,66,66,66,66,66,66,66,66,66,66,66,66],"relic_stats":{"Happy Flower":[16],"counters":[14,60],"obtain_stats":[{"Lantern":23,"Happy Flower":9,"SacredBark":17,"Omamori":26,"Ring of the Snake":0},{"Lantern":10,"Happy Flower":4,"SacredBark":7,"Omamori":11,"Ring of the Snake":0},{"Lantern":46,"Happy Flower":11,"SacredBark":31,"Omamori":49,"Ring of the Snake":0}],"Ring of the Snake":[28]},"card_choices":[{"not_picked":["Prepared","Blade Dance","Catalyst"],"picked":"SKIP","floor":1.0},{"not_picked":["Escape Plan","Quick Slash"],"picked":"Acrobatics","floor":3.0},{"not_picked":["Footwork","Endless Agony"],"picked":"Reflex","floor":7.0},{"not_picked":["Bane","Underhanded Strike","Slice"],"picked":"SKIP","floor":8.0},{"not_picked":["Slice","Predator"],"picked":"Infinite Blades","floor":10.0},{"not_picked":["Acrobatics","Poisoned Stab","Dash"],"picked":"SKIP","floor":14.0},{"not_picked":["Envenom","A Thousand Cuts"],"picked":"Venomology","floor":16.0},{"not_picked":["Poisoned Stab","Infinite Blades"],"picked":"Deflect+1","floor":18.0},{"not_picked":["All Out Attack","Deflect","Dagger Throw"],"picked":"SKIP","floor":19.0},{"not_picked":["Outmaneuver","Expertise","Poisoned Stab"],"picked":"SKIP","floor":23.0},{"not_picked":["Dodge and Roll","Concentrate"],"picked":"Prepared+1","floor":24.0},{"not_picked":["Backstab","Flying Knee","Dagger Throw+1"],"picked":"SKIP","floor":27.0},{"not_picked":["Distraction","Footwork"],"picked":"Malaise","floor":31}],"player_experience":1504389,"relics_obtained":[{"floor":9.0,"key":"Happy Flower"},{"floor":23.0,"key":"Lantern"},{"floor":26.0,"key":"Omamori"}],"event_choices":[{"cards_removed":["Strike_G"],"damage_healed":0.0,"max_hp_gain":0.0,"max_hp_loss":0.0,"gold_gain":0.0,"event_name":"Bonfire Elementals","player_choice":"Offered Basic","floor":2.0,"gold_loss":0.0,"damage_taken":0.0},{"damage_healed":0.0,"max_hp_gain":0.0,"max_hp_loss":0.0,"gold_gain":0.0,"event_name":"Match and Keep!","player_choice":"1 cards matched","floor":4.0,"gold_loss":0.0,"damage_taken":0.0,"cards_obtained":["Finisher"]},{"damage_healed":0.0,"max_hp_gain":0.0,"max_hp_loss":0.0,"gold_gain":0.0,"event_name":"Dead Adventurer","player_choice":"Searched \u00270\u0027 times","floor":11.0,"gold_loss":0.0,"damage_taken":0.0},{"damage_healed":0.0,"max_hp_gain":0.0,"max_hp_loss":0.0,"gold_gain":0.0,"event_name":"Vampires","player_choice":"Ignored","floor":20.0,"gold_loss":0.0,"damage_taken":0.0},{"damage_healed":0.0,"max_hp_gain":0.0,"max_hp_loss":0.0,"gold_gain":0.0,"event_name":"Match and Keep!","player_choice":"0 cards matched","floor":22.0,"gold_loss":0.0,"damage_taken":0.0,"cards_obtained":[]},{"damage_healed":0.0,"max_hp_gain":0.0,"max_hp_loss":0.0,"gold_gain":50.0,"event_name":"Nest","player_choice":"Stole From Cult","floor":28.0,"gold_loss":0.0,"damage_taken":0.0},{"cards_removed":["Strike_G"],"damage_healed":0.0,"max_hp_gain":0.0,"max_hp_loss":0.0,"gold_gain":0.0,"event_name":"Beggar","player_choice":"Gave Gold","floor":30.0,"gold_loss":75.0,"damage_taken":0.0}],"is_beta":false,"boss_relics":[{"not_picked":["Coffee Dripper","Calling Bell"],"picked":"SacredBark"}],"items_purged_floors":[5,21],"is_endless":false,"potions_floor_spawned":[3,8,10,16,24,27],"killed_by":"Collector","ascension_level":17}}