{"host":"avjwtc49fhlk6kym","time":1612392728,"event":{"mods":["AchievementEnabler","BaseMod","Better Match","Better Note","Better Third Choice","Colored Map","Colored Powertips","Displayed Cursed Tome","Highlight Path","Minty Spire (QoL Compilation)","Permanent Neow","Quick Restart","StSLib"],"gold_per_floor":[115,115,12,24,44,44,144,173,196,196,207,240,252,10,10,109,109,119,119,119],"floor_reached":19,"language":"ENG","playtime":586,"items_purged":[],"score":177,"play_id":"46433e62-ec2f-4089-b294-5424bfb50f3e","local_time":"20210203175208","is_ascension_mode":false,"campfire_choices":[{"data":"LikeWater","floor":6,"key":"SMITH"},{"floor":10,"key":"REST"},{"floor":15,"key":"REST"}],"circlet_count":0,"master_deck":["Strike_P","Strike_P","Defend_P+1","Defend_P+1","Defend_P","Eruption+1","Vigilance","LessonLearned+1","FollowUp","LikeWater+1","FollowUp+1","Consecrate+1","CrushJoints+1","PathToVictory","Wireheading","BowlingBash","CrushJoints","MasterReality","SashWhip+1","EmptyFist+1","FollowUp+1","ReachHeaven"],"relics":["PureWater","Tiny Chest","Regal Pillow","Letter Opener","Astrolabe"],"acts_visited":["Exordium","TheCity"],"potions_floor_usage":[8,11,13,16],"damage_taken":[{"damage":2,"enemies":"Small Slimes","floor":1,"turns":2},{"damage":0,"enemies":"Cultist","floor":4,"turns":4},{"damage":6,"enemies":"Jaw Worm","floor":5,"turns":3},{"damage":31,"enemies":"Lagavulin","floor":8,"turns":4},{"damage":7,"enemies":"Looter","floor":11,"turns":3},{"damage":6,"enemies":"Gremlin Nob","floor":12,"turns":4},{"damage":8,"enemies":"Gremlin Gang","floor":13,"turns":4},{"damage":27,"enemies":"Slime Boss","floor":16,"turns":7},{"damage":27,"enemies":"2 Thieves","floor":18,"turns":4},{"damage":50,"enemies":"3 Byrds","floor":19,"turns":4}],"seed_played":"-8932021004825472726","potions_obtained":[{"floor":4,"key":"Swift Potion"},{"floor":8,"key":"Weak Potion"},{"floor":12,"key":"PowerPotion"},{"floor":13,"key":"LiquidMemories"}],"is_trial":false,"path_per_floor":["M","?","$","M","M","R","?","E","T","R","M","E","M","$","R","B",null,"M","M"],"character_chosen":"WATCHER","items_purchased":["LikeWater","FollowUp","Letter Opener"],"campfire_rested":2,"item_purchase_floors":[3,3,14],"current_hp_per_floor":[70,63,63,63,57,57,57,26,26,47,40,34,26,26,62,35,72,45,0,0],"gold":119,"neow_bonus":"THREE_RARE_CARDS","is_daily":false,"chose_seed":false,"campfire_upgraded":1,"win_rate":0.0,"timestamp":1612392728,"path_taken":["M","?","$","M","M","R","?","E","T","R","M","E","M","$","R","BOSS","M","?"],"items_purchased_type":["Card","Card","Relic"],"build_version":"2020-12-22","purchased_purges":0,"victory":false,"max_hp_per_floor":[72,72,72,72,72,72,72,72,72,72,72,72,72,72,72,72,72,72,72,72],"card_choices":[{"not_picked":["Scrawl","Devotion"],"picked":"LessonLearned","floor":0},{"not_picked":["ThirdEye","MentalFortress"],"picked":"FollowUp","floor":1},{"not_picked":["ClearTheMind","InnerPeace"],"picked":"Consecrate","floor":4},{"not_picked":["Vengeance","EmptyFist"],"picked":"CrushJoints","floor":5},{"not_picked":["FlurryOfBlows","BowlingBash"],"picked":"PathToVictory","floor":8},{"not_picked":["InnerPeace","SpiritShield"],"picked":"Wireheading","floor":11},{"not_picked":["Pray","Evaluate"],"picked":"BowlingBash","floor":12},{"not_picked":["Halt","LessonLearned"],"picked":"CrushJoints","floor":13},{"not_picked":["Devotion","LessonLearned"],"picked":"MasterReality","floor":16},{"not_picked":["DeceiveReality","CrushJoints"],"picked":"ReachHeaven","floor":18}],"player_experience":429972,"relics_obtained":[{"floor":8,"key":"Tiny Chest"},{"floor":12,"key":"Regal Pillow"}],"event_choices":[{"cards_removed":["Regret"],"damage_healed":0,"gold_gain":0,"player_choice":"Card Removal","damage_taken":7,"max_hp_gain":0,"max_hp_loss":0,"event_name":"Golden Wing","floor":2,"gold_loss":0},{"damage_healed":0,"gold_gain":100,"player_choice":"Gold","damage_taken":0,"max_hp_gain":0,"max_hp_loss":0,"event_name":"Wheel of Change","floor":7,"gold_loss":0}],"is_beta":false,"boss_relics":[{"not_picked":["Fusion Hammer","Coffee Dripper"],"picked":"Astrolabe"}],"items_purged_floors":[],"is_endless":false,"potions_floor_spawned":[4,8,12,13],"killed_by":"3 Byrds","ascension_level":0}}