{"host":"vlqejv0notyktumz","time":1612311159,"event":{"mods":["AchievementEnabler","BaseMod","Colored Map","Colored Powertips","Downfall","Googly Eyes","Minty Spire (QoL Compilation)","StSLib"],"gold_per_floor":[112,126,2,177,177,177,205,277,303,303,315,44,44,44,44,139,139,154,29,48,60,79,79,104,104,104,121,135,135,135,135,135,230,230,248,248,260,110,129,129,129,129,129,129,148,174,189,203,203,203,203],"floor_reached":50,"language":"ENG","playtime":2265,"items_purged":["Strike_P","Defend_P","Strike_P","Defend_P"],"score":706,"play_id":"f6dc9af0-95ad-4ba1-9c89-0b8831036a23","local_time":"20210202181239","is_ascension_mode":true,"campfire_choices":[{"data":"Eruption","floor":6,"key":"SMITH"},{"data":"EmptyBody","floor":10,"key":"SMITH"},{"data":"Evaluate","floor":13,"key":"SMITH"},{"data":"SashWhip","floor":15,"key":"SMITH"},{"data":"Judgement","floor":23,"key":"SMITH"},{"floor":25,"key":"REST"},{"floor":32,"key":"REST"},{"data":"Vigilance","floor":40,"key":"SMITH"},{"floor":44,"key":"REST"},{"floor":49,"key":"REST"}],"circlet_count":0,"master_deck":["Strike_P","Strike_P","Defend_P","Eruption+1","Vigilance+1","SandsOfTime","CutThroughFate","EmptyBody+1","SashWhip+1","Prostrate+1","Evaluate+1","Judgement+1","FollowUp","MentalFortress","FearNoEvil+1","Halt+1","EmptyFist","ReachHeaven","Perseverance+1","PathToVictory+1","Madness","ClearTheMind+1","BattleHymn+1"],"relics":["PureWater","Strawberry","Calipers","Ornamental Fan","Anchor","Ancient Tea Set","Sozu","Bag of Preparation","Frozen Egg 2","Runic Pyramid","Omamori","PreservedInsect"],"acts_visited":["Exordium","TheCity","TheBeyond"],"potions_floor_usage":[7,18,24],"damage_taken":[{"damage":2,"enemies":"Jaw Worm","floor":1,"turns":3},{"damage":2,"enemies":"Small Slimes","floor":2,"turns":3},{"damage":38,"enemies":"Gremlin Nob","floor":7,"turns":4},{"damage":0,"enemies":"Cultist","floor":11,"turns":3},{"damage":0,"enemies":"Slime Boss","floor":16,"turns":8},{"damage":0,"enemies":"3 Byrds","floor":18,"turns":5},{"damage":2,"enemies":"Shell Parasite","floor":20,"turns":8},{"damage":0,"enemies":"Sentry and Sphere","floor":21,"turns":2},{"damage":4,"enemies":"Centurion and Healer","floor":22,"turns":10},{"damage":52,"enemies":"Book of Stabbing","floor":24,"turns":7},{"damage":3,"enemies":"3 Cultists","floor":27,"turns":4},{"damage":0,"enemies":"Cultist and Chosen","floor":28,"turns":4},{"damage":16,"enemies":"Champ","floor":33,"turns":13},{"damage":7,"enemies":"3 Darklings","floor":35,"turns":5},{"damage":0,"enemies":"Orb Walker","floor":37,"turns":2},{"damage":8,"enemies":"Maw","floor":39,"turns":8},{"damage":0,"enemies":"Writhing Mass","floor":45,"turns":6},{"damage":0,"enemies":"Giant Head","floor":46,"turns":7},{"damage":10,"enemies":"Sphere and 2 Shapes","floor":47,"turns":5},{"damage":16,"enemies":"4 Shapes","floor":48,"turns":4},{"damage":78,"enemies":"Donu and Deca","floor":50,"turns":6}],"seed_played":"234251656597929303","potions_obtained":[{"floor":1,"key":"SkillPotion"},{"floor":7,"key":"bronze:BurnAndBuffPotion"},{"floor":16,"key":"Regen Potion"}],"is_trial":false,"path_per_floor":["M","M","$","?","?","R","E","T","T","R","M","$","R","?","R","B",null,"M","$","M","M","M","R","E","R","T","M","M","?","?","?","R","B",null,"M","?","M","$","M","R","?","?","T","R","M","E","M","M","R","B"],"character_chosen":"WATCHER","items_purchased":["EmptyBody","Ancient Tea Set","Evaluate"],"campfire_rested":4,"item_purchase_floors":[3,12,12],"current_hp_per_floor":[77,75,75,75,80,80,42,42,42,42,42,42,42,42,42,42,74,84,84,82,82,78,78,26,51,51,48,48,48,48,48,73,57,77,70,70,70,70,62,62,62,62,62,80,80,80,70,54,78,0,0],"gold":203,"neow_bonus":"RANDOM_COMMON_RELIC","is_daily":false,"chose_seed":false,"campfire_upgraded":6,"win_rate":0.0,"timestamp":1612311159,"path_taken":["M","M","$","?","?","R","E","?","T","R","M","$","R","?","R","BOSS","M","$","M","M","M","R","E","R","T","M","?","?","?","?","R","BOSS","M","?","M","$","M","R","?","?","T","R","M","E","M","M","R","BOSS"],"items_purchased_type":["Card","Relic","Card"],"build_version":"2020-12-22","purchased_purges":4,"victory":false,"max_hp_per_floor":[79,79,79,79,84,84,84,84,84,84,84,84,84,84,84,84,84,84,84,84,84,84,84,84,84,84,84,84,84,84,84,84,84,84,84,84,84,84,84,84,84,80,80,80,80,80,80,80,80,80,80],"card_choices":[{"not_picked":["Collect","FlyingSleeves"],"picked":"SandsOfTime","floor":1},{"not_picked":["EmptyMind","WreathOfFlame"],"picked":"CutThroughFate","floor":2},{"not_picked":["JustLucky","CutThroughFate"],"picked":"SashWhip","floor":7},{"not_picked":["Wireheading","Evaluate"],"picked":"Prostrate","floor":11},{"not_picked":["Ragnarok","DeusExMachina"],"picked":"Judgement","floor":16},{"not_picked":["Swivel","WaveOfTheHand"],"picked":"FollowUp","floor":18},{"not_picked":["Consecrate","Protect"],"picked":"MentalFortress","floor":20},{"not_picked":["WheelKick+1","PathToVictory"],"picked":"FearNoEvil+1","floor":21},{"not_picked":["SandsOfTime","Swivel+1"],"picked":"Halt+1","floor":22},{"not_picked":["Prostrate","Vengeance+1"],"picked":"EmptyFist","floor":24},{"not_picked":["Worship+1","Consecrate","ThirdEye"],"picked":"SKIP","floor":27},{"not_picked":["Protect","Vault"],"picked":"ReachHeaven","floor":28},{"not_picked":["EmptyFist+1","ThirdEye","Consecrate"],"picked":"SKIP","floor":35},{"not_picked":["Pray","SashWhip"],"picked":"Perseverance+1","floor":37},{"not_picked":["Sanctity+1","EmptyFist+1"],"picked":"PathToVictory+1","floor":39},{"not_picked":["PanicButton","Transmutation"],"picked":"Madness","floor":41},{"not_picked":["Prostrate+1","CutThroughFate","SashWhip+1"],"picked":"SKIP","floor":45},{"not_picked":["FollowUp","JustLucky"],"picked":"ClearTheMind+1","floor":46},{"not_picked":["JustLucky","DevaForm+1","CrushJoints"],"picked":"SKIP","floor":47},{"not_picked":["Wireheading+1","EmptyBody+1"],"picked":"BattleHymn+1","floor":48}],"player_experience":388835,"relics_obtained":[{"floor":7,"key":"Calipers"},{"floor":8,"key":"Ornamental Fan"},{"floor":9,"key":"Anchor"},{"floor":24,"key":"Bag of Preparation"},{"floor":26,"key":"Frozen Egg 2"},{"floor":43,"key":"Omamori"},{"floor":46,"key":"PreservedInsect"}],"event_choices":[{"damage_healed":0,"gold_gain":175,"player_choice":"AGREE","damage_taken":0,"max_hp_gain":0,"max_hp_loss":0,"event_name":"Liars Game","floor":4,"gold_loss":0,"cards_obtained":["Doubt"]},{"damage_healed":0,"gold_gain":0,"player_choice":"Donut","damage_taken":0,"max_hp_gain":5,"max_hp_loss":0,"event_name":"Big Fish","floor":5,"gold_loss":0},{"damage_healed":0,"gold_gain":0,"player_choice":"Forge","damage_taken":0,"max_hp_gain":0,"max_hp_loss":0,"event_name":"Accursed Blacksmith","floor":14,"gold_loss":0,"cards_upgraded":["Prostrate"]},{"cards_removed":["Doubt"],"damage_healed":0,"gold_gain":0,"player_choice":"Elegance","damage_taken":0,"max_hp_gain":0,"max_hp_loss":0,"event_name":"Back to Basics","floor":31,"gold_loss":0},{"cards_removed":["Defend_P"],"damage_healed":0,"gold_gain":0,"player_choice":"Removed Skill","damage_taken":0,"max_hp_gain":0,"max_hp_loss":0,"event_name":"Falling","floor":36,"gold_loss":0},{"damage_healed":0,"gold_gain":0,"player_choice":"Memory 1","damage_taken":0,"max_hp_gain":0,"max_hp_loss":0,"event_name":"SensoryStone","floor":41,"gold_loss":0},{"damage_healed":0,"gold_gain":0,"player_choice":"Max HP","damage_taken":0,"max_hp_gain":0,"max_hp_loss":4,"event_name":"Winding Halls","floor":42,"gold_loss":0}],"is_beta":false,"boss_relics":[{"not_picked":["Empty Cage","SacredBark"],"picked":"Sozu"},{"not_picked":["SlaversCollar","Busted Crown"],"picked":"Runic Pyramid"}],"items_purged_floors":[3,12,19,38],"is_endless":false,"potions_floor_spawned":[1,7,16,20,21,27,28,39,46],"killed_by":"Donu and Deca","ascension_level":5}}