{"host":"i00ba8z59misjd3q","time":1612386606,"event":{"mods":["Aspiration","BaseMod","Hubris","Minty Spire (QoL Compilation)","Replay The Spire","StSLib","SuperFastMode","The Construct","The Jungle"],"gold_per_floor":[119,119,119,138,153,184,184,184,184,205,229,154,198,214,214,342,442,456,132,132,58,81,81,101,101,175,198,212,225,250,263,263,388,388,409,434,497,497,512,512,533,533,586,389,420,436,470,495,495,495,495,495,173,207,207,207],"floor_reached":55,"language":"ENG","playtime":2770,"items_purged":["Injury"],"score":1043,"play_id":"51279f97-d79a-4231-8e6c-0ee4aeeecc61","local_time":"20210203221006","is_ascension_mode":false,"campfire_choices":[{"data":"Eruption","floor":7.0,"key":"SMITH"},{"floor":15.0,"key":"REST"},{"data":"ReplayUltimateDefense","floor":23.0,"key":"SMITH"},{"data":"Conclude","floor":25.0,"key":"SMITH"},{"floor":32.0,"key":"REST"},{"floor":40,"key":"REST"},{"floor":42,"key":"RECALL"},{"floor":49,"key":"REST"},{"floor":52,"key":"REST"}],"circlet_count":0,"master_deck":["Strike_P","Strike_P","Strike_P","Defend_P","Defend_P","Defend_P","Eruption+1","Vigilance+1","Wallop+1","Pot Of Greed+1","Conclude+1","Devotion+1","Pot Of Greed+1","LessonLearned+1","ReplayUltimateDefense+1","FearNoEvil+1","Brilliance+1","Swivel","SandsOfTime","LikeWater+1","Evaluate+1","Alpha"],"relics":["Empty Cage","Golden Idol","hubris:Towel","Grinning Jar","Letter Opener","War Paint","Replay:Wanted Poster","Membership Card","Gremlin Food","Simple Rune","TeardropLocket","Replay:Grab Bag","Fusion Hammer","hubris:RunicObelisk","construct:WeddingRing","aspiration:HatOfInfinitePower","Damaru","Strawberry","Bag of Marbles","Ancient Tea Set","Bronze Scales","Akabeko","Sling","construct:RocketBooster","Shuriken"],"acts_visited":["TheBeyond","TheEnding"],"potions_floor_usage":[33,33,33,45,47,50,55,55],"damage_taken":[{"damage":0.0,"enemies":"2 Louse","floor":1.0,"turns":3.0},{"damage":0.0,"enemies":"Jaw Worm","floor":4.0,"turns":3.0},{"damage":2.0,"enemies":"Small Slimes","floor":5.0,"turns":3.0},{"damage":39.0,"enemies":"Replay:BlueRogue","floor":6.0,"turns":6.0},{"damage":0.0,"enemies":"Gremlin Gang","floor":10.0,"turns":3.0},{"damage":0.0,"enemies":"3 Louse","floor":11.0,"turns":2.0},{"damage":12.0,"enemies":"Lagavulin","floor":13.0,"turns":3.0},{"damage":0.0,"enemies":"Large Slime","floor":14.0,"turns":4.0},{"damage":17.0,"enemies":"Fading Forest","floor":16.0,"turns":11.0},{"damage":0.0,"enemies":"Chosen","floor":18.0,"turns":3.0},{"damage":4.0,"enemies":"2 Thieves","floor":22.0,"turns":2.0},{"damage":0.0,"enemies":"Centurion and Healer","floor":24.0,"turns":7.0},{"damage":1.0,"enemies":"Shelled Parasite and Fungi","floor":27.0,"turns":6.0},{"damage":34.0,"enemies":"Cultist and Chosen","floor":28.0,"turns":5.0},{"damage":0.0,"enemies":"Snecko","floor":29.0,"turns":5.0},{"damage":0.0,"enemies":"Shelled Parasite and Fungi","floor":30.0,"turns":5.0},{"damage":0.0,"enemies":"Centurion and Healer","floor":31.0,"turns":3.0},{"damage":49,"enemies":"Pondfish","floor":33,"turns":11},{"damage":2,"enemies":"Orb Walker","floor":35,"turns":2},{"damage":0,"enemies":"3 Shapes","floor":36,"turns":1},{"damage":46,"enemies":"2 Orb Walkers","floor":37,"turns":5},{"damage":0,"enemies":"Transient","floor":39,"turns":5},{"damage":0,"enemies":"3 Darklings","floor":41,"turns":4},{"damage":14,"enemies":"Giant Head","floor":45,"turns":4},{"damage":0,"enemies":"Jaw Worm Horde","floor":46,"turns":3},{"damage":12,"enemies":"Reptomancer","floor":47,"turns":6},{"damage":0,"enemies":"hubris:GrandSnecko","floor":50,"turns":10},{"damage":28,"enemies":"Shield and Spear","floor":54,"turns":6},{"damage":65,"enemies":"The Heart","floor":55,"turns":3}],"seed_played":"-8697956138731890489","potions_obtained":[{"floor":1.0,"key":"Dexterity Potion"},{"floor":5.0,"key":"Strength Potion"},{"floor":10.0,"key":"FearPotion"},{"floor":35,"key":"DuplicationPotion"},{"floor":37,"key":"AttackPotion"},{"floor":39,"key":"PowerPotion"},{"floor":45,"key":"Swift Potion"},{"floor":54,"key":"DuplicationPotion"}],"is_trial":false,"path_per_floor":["M","?","?","M","M","E","R","?","T","M","M","$","E","M","R","B",null,"M","$","?","$","M","R","M","R","T","M","M","M","M","M","R","B",null,"M","M","?","?","M","R","M","R","T","$","E","M","E","T","R","B",null,"R","$","E","B"],"character_chosen":"WATCHER","items_purchased":["Membership Card","Gremlin Food","ReplayUltimateDefense","Simple Rune","Strawberry","Bag of Marbles","SandsOfTime","PowerPotion","Akabeko","Sling","construct:RocketBooster","Block Potion"],"campfire_rested":5,"item_purchase_floors":[19,19,19,21,44,44,44,44,53,53,53,53],"current_hp_per_floor":[72,72,72,72,70,31,31,31,31,31,31,31,19,19,40,33,72,72,72,72,72,68,68,68,68,68,67,33,33,33,33,54,5,72,70,70,24,24,24,45,45,45,45,52,38,38,26,26,49,49,79,79,79,51,0,0],"gold":207,"neow_bonus":"BOSS_RELIC","is_daily":false,"chose_seed":false,"campfire_upgraded":3,"win_rate":0.0,"timestamp":1612386606,"path_taken":["M","?","?","M","M","E","R","?","T","M","M","$","E","?","R","BOSS","M","$","?","$","M","R","M","R","T","M","M","M","M","M","R","BOSS","M","M","?","?","?","R","M","R","T","$","E","M","E","?","R","BOSS","R","$","E","BOSS"],"items_purchased_type":["Relic","Relic","Card","Relic","Relic","Relic","Card","Potion","Relic","Relic","Relic","Potion"],"build_version":"2020-12-22","purchased_purges":1,"victory":false,"max_hp_per_floor":[72,72,72,72,72,72,72,72,72,72,72,72,72,72,72,72,72,72,72,72,72,72,72,72,72,72,72,72,72,72,72,72,72,72,72,72,72,72,72,72,72,72,72,79,79,79,79,79,79,79,79,79,79,79,79,79],"card_choices":[{"not_picked":["Consecrate","EmptyBody"],"picked":"Wallop","floor":1.0},{"not_picked":["BowlingBash","Evaluate","WindmillStrike"],"picked":"SKIP","floor":4.0},{"not_picked":["EmptyBody","Prostrate","Fasting2"],"picked":"SKIP","floor":5.0},{"not_picked":["LikeWater","Replay:Vibes"],"picked":"Conclude","floor":6.0},{"not_picked":["EmptyBody","Prostrate","Replay:Battleflow"],"picked":"SKIP","floor":10.0},{"not_picked":["PathToVictory","Study","Collect"],"picked":"SKIP","floor":11.0},{"not_picked":["Conclude","Prostrate"],"picked":"Devotion","floor":13.0},{"not_picked":["Perseverance","Prostrate","CrushJoints"],"picked":"SKIP","floor":14.0},{"not_picked":["Replay:AllIn","Blasphemy"],"picked":"LessonLearned","floor":16.0},{"not_picked":["PathToVictory","CrushJoints","BowlingBash"],"picked":"SKIP","floor":18.0},{"not_picked":["WheelKick","Replay:BluntJabs","FlurryOfBlows"],"picked":"SKIP","floor":22.0},{"not_picked":["Replay:Vibes+1","EmptyFist+1","Vengeance"],"picked":"SKIP","floor":24.0},{"not_picked":["BattleHymn+1","Study","Replay:Cycle"],"picked":"SKIP","floor":27.0},{"not_picked":["EmptyFist","Worship"],"picked":"FearNoEvil","floor":28.0},{"not_picked":["CrushJoints","Swivel+1","Halt"],"picked":"SKIP","floor":29.0},{"not_picked":["LessonLearned","Consecrate","Protect"],"picked":"SKIP","floor":30.0},{"not_picked":["Crescendo+1","SignatureMove+1","JustLucky+1"],"picked":"SKIP","floor":31.0},{"not_picked":["Replay:LoomingThreat","Blasphemy"],"picked":"Brilliance","floor":33},{"not_picked":["WreathOfFlame+1","Replay:Hum+1","JustLucky"],"picked":"SKIP","floor":35},{"not_picked":["PathToVictory+1","EmptyMind+1","ThirdEye"],"picked":"SKIP","floor":36},{"not_picked":["Replay:Anticipation+1","DeceiveReality"],"picked":"Swivel","floor":37},{"not_picked":["SashWhip","EmptyBody","ThirdEye+1"],"picked":"SKIP","floor":39},{"not_picked":["JustLucky","Tantrum+1","BowlingBash"],"picked":"SKIP","floor":41},{"not_picked":["CarveReality+1","ThirdEye+1"],"picked":"LikeWater+1","floor":45},{"not_picked":["FlyingSleeves","Evaluate+1","EmptyMind+1"],"picked":"SKIP","floor":46},{"not_picked":["Replay:ManipulateFuture","Halt"],"picked":"Evaluate+1","floor":47},{"not_picked":["EmptyBody+1","ClearTheMind+1"],"picked":"Alpha","floor":54}],"player_experience":578956,"relics_obtained":[{"floor":6.0,"key":"Grinning Jar"},{"floor":9.0,"key":"Letter Opener"},{"floor":13.0,"key":"War Paint"},{"floor":26.0,"key":"TeardropLocket"},{"floor":37,"key":"aspiration:HatOfInfinitePower"},{"floor":43,"key":"Damaru"},{"floor":45,"key":"Ancient Tea Set"},{"floor":47,"key":"Bronze Scales"},{"floor":54,"key":"Shuriken"}],"event_choices":[{"damage_healed":0.0,"max_hp_gain":0.0,"max_hp_loss":0.0,"gold_gain":0.0,"event_name":"Golden Idol","player_choice":"Take Wound","floor":2.0,"gold_loss":0.0,"damage_taken":0.0,"relics_obtained":["Golden Idol"],"cards_obtained":["Injury"]},{"damage_healed":0.0,"max_hp_gain":0.0,"max_hp_loss":0.0,"gold_gain":0.0,"event_name":"Upgrade Shrine","player_choice":"Upgraded","floor":8.0,"gold_loss":0.0,"damage_taken":0.0,"cards_upgraded":["Wallop"]},{"damage_healed":0,"gold_gain":0,"player_choice":"Fight","damage_taken":0,"max_hp_gain":0,"max_hp_loss":0,"event_name":"Mysterious Sphere","floor":37,"gold_loss":0},{"damage_healed":0,"gold_gain":0,"player_choice":"Ignored","damage_taken":0,"max_hp_gain":0,"max_hp_loss":0,"event_name":"NoteForYourself","floor":38,"gold_loss":0}],"is_beta":false,"boss_relics":[{"not_picked":["aspiration:DefectSkillbook","Runic Dome"],"picked":"Replay:Wanted Poster"},{"not_picked":["Painkiller Herb","SacredBark"],"picked":"Replay:Grab Bag"},{"not_picked":["ReplayTheSpireMod:DimensionalGlitch","Replay:Fungal Core"],"picked":"Fusion Hammer"},{"not_picked":["hubris:GrandSneckoEye","Velvet Choker"],"picked":"hubris:RunicObelisk"},{"not_picked":["Kintsugi","Runic Pyramid"],"picked":"construct:WeddingRing"}],"items_purged_floors":[12],"is_endless":false,"potions_floor_spawned":[1,5,10,14,24,27,29,35,37,39,45,54],"killed_by":"The Heart","ascension_level":0}}