{"host":"i0dcpa89fcfo7o2v","time":1612389645,"event":{"mods":["2.2 Compatiblity","AchievementEnabler","Alarm Clock","AlwaysNeverKeys","BaseMod","Better Altar","Better Match","Better Note","Better Sensory Stone","Better Skull","Better Third Choice","Better Vampires","BetterRewards","Block Reminder","Colored Map","Colored Powertips","Conspire","Curses Come First","Defuse TimeMaze Blight","Displayed Cursed Tome","Downfall","Energized Spire","Gold Saver","Halation","Highlight Path","Hubris","Minty Spire (QoL Compilation)","Quick Restart","Relic Stats","Replay The Spire","Shop Mod","Spicy Shops","StSLib","Synergy Search","The Jungle","Transform Curses","Uncapped","Wandering Minibosses"],"gold_per_floor":[21,21,21,21,21,47,122,151,161,173,173,173,73,107,117,221,221,221,236,236,1,101,101,150,150,150,340,340,356,356,356,356,382,396,491,491,491,501,521,521,538,550,550,450,321,321,321,336,356,373,385,385,385,416,18,18,18,18],"floor_reached":59,"language":"ENG","playtime":4218,"items_purged":["bronze:Defend"],"score":1605,"play_id":"73abc0f5-2dbe-4cc6-96e0-f7949b8bb7f3","local_time":"20210203230045","is_ascension_mode":true,"campfire_choices":[{"floor":13.0,"key":"REST"},{"data":"bronze:FineTuning","floor":18.0,"key":"SMITH"},{"data":"bronze:Shell","floor":23.0,"key":"SMITH"},{"data":"bronze:Goto","floor":25.0,"key":"SMITH"},{"floor":37.0,"key":"REST"},{"floor":47.0,"key":"REST"},{"floor":56,"key":"REST"}],"circlet_count":0,"master_deck":["bronze:Defend","bronze:Defend+1","bronze:Replicate+1","bronze:FineTuning+1","bronze:CutThrough","bronze:Replicate","bronze:ItsAFeature+1","CurseOfTheBell","CurseOfTheBell","bronze:OilSpill","bronze:Spike","bronze:WhirlingStrike","bronze:AlphaBuild+1","bronze:InfiniteBeams+1","bronze:HardenedForm+1","bronze:Iterate","bronze:Constructor","bronze:Terminator","bronze:MaxOutput+1","bronze:Shell+1","bronze:ItsAFeature+1","bronze:ChosenStrike","bronze:FineTuning+1","bronze:Format+1","bronze:Flail+1","bronze:FunctionCard","bronze:MaxOutput+1","bronze:Return","bronze:BugBarrage+1","bronze:Separator","bronze:CloningBeam"],"relics":["bronze:BronzeCore","downfall:HeartsMalice","downfall:HeartBlessingBlue","downfall:HeartBlessingRed","downfall:ExtraCursedBell","Gremlin Food","Frozen Egg 2","Replay:Kaleidoscope","Juzu Bracelet","HornCleat","Replay:PocketPolymizer","downfall:BrokenWingStatue","downfall:HeartBlessingGreen","hubris:OldNail","bronze:BronzeIdol","MerchantsRug","Membership Card","Potion Belt","hubris:ToyBattleship","hubris:Towel","bronze:BottledCode","Enchiridion","sneckomod:BlankCard","Fusion Hammer","Boot","ReplayTheSpireMod:TigerMarble","bronze:CableSpool","Oddly Smooth Stone","halation:PeacePiece","Replay:Bottled Steam","Onion Ring","bronze:DonusWashers","hubris:BottledRain","hubris:GlazedTorus","Replay:Towering Pillar of Hats","Centennial Puzzle"],"acts_visited":["Exordium","TheCity","TheBeyond","TheEnding"],"potions_floor_usage":[52,52,52,52,52,57],"damage_taken":[{"damage":0.0,"enemies":"2 Louse","floor":2.0,"turns":1.0},{"damage":0.0,"enemies":"Cultist","floor":3.0,"turns":1.0},{"damage":0.0,"enemies":"Jaw Worm","floor":5.0,"turns":1.0},{"damage":17.0,"enemies":"Lagavulin","floor":8.0,"turns":6.0},{"damage":0.0,"enemies":"Large Slime","floor":9.0,"turns":4.0},{"damage":20.0,"enemies":"3 Louse","floor":10.0,"turns":3.0},{"damage":28.0,"enemies":"3 Louse","floor":12.0,"turns":6.0},{"damage":0.0,"enemies":"Gremlin Nob","floor":14.0,"turns":2.0},{"damage":4.0,"enemies":"Gremlin Gang","floor":15.0,"turns":3.0},{"damage":46.0,"enemies":"DF_ARCHETYPE_STREAMLINE","floor":16.0,"turns":8.0},{"damage":0.0,"enemies":"Spheric Guardian","floor":19.0,"turns":3.0},{"damage":0.0,"enemies":"downfall:FleeingMerchant","floor":21.0,"turns":4.0},{"damage":28.0,"enemies":"downfall:LadyInBlue","floor":22.0,"turns":8.0},{"damage":11.0,"enemies":"Centurion and Healer","floor":29.0,"turns":5.0},{"damage":0.0,"enemies":"conspire:Head Lice","floor":33.0,"turns":4.0},{"damage":6.0,"enemies":"Shelled Parasite and Fungi","floor":34.0,"turns":7.0},{"damage":0.0,"enemies":"WA_ARCHETYPE_CALM","floor":35.0,"turns":8.0},{"damage":0.0,"enemies":"Orb Walker","floor":38.0,"turns":2.0},{"damage":29.0,"enemies":"3 Shapes","floor":39.0,"turns":4.0},{"damage":14.0,"enemies":"Maw","floor":41.0,"turns":9.0},{"damage":4.0,"enemies":"4 Shapes","floor":42.0,"turns":4.0},{"damage":0.0,"enemies":"downfall:FleeingMerchant","floor":45.0,"turns":3.0},{"damage":1.0,"enemies":"Sphere and 2 Shapes","floor":48.0,"turns":2.0},{"damage":0.0,"enemies":"Spire Growth","floor":49.0,"turns":2.0},{"damage":0,"enemies":"Maw","floor":50,"turns":3},{"damage":9,"enemies":"Sphere and 2 Shapes","floor":51,"turns":3},{"damage":0,"enemies":"IC_BLOCK_ARCHETYPE","floor":52,"turns":4},{"damage":19,"enemies":"downfall:CharBossMerchant","floor":54,"turns":5},{"damage":0,"enemies":"downfall:NeowBoss","floor":57,"turns":5},{"damage":0,"enemies":"downfall:NeowBossFinal","floor":58,"turns":8}],"seed_played":"6060632056713041531","potions_obtained":[{"floor":9.0,"key":"AttackPotion"},{"floor":10.0,"key":"ColorlessPotion"},{"floor":12.0,"key":"Adrenaline Potion"},{"floor":14.0,"key":"Fire Potion"},{"floor":22.0,"key":"Adrenaline Potion"},{"floor":22.0,"key":"ColorlessPotion"},{"floor":22.0,"key":"Cursed Concoction"},{"floor":29.0,"key":"Adrenaline Potion"},{"floor":34.0,"key":"hexamod:SoulburnPotion"},{"floor":35.0,"key":"Weak Potion"},{"floor":41.0,"key":"SkillPotion"},{"floor":48.0,"key":"hexamod:SoulburnPotion"},{"floor":51,"key":"Strength Potion"},{"floor":54,"key":"SkillPotion"}],"is_trial":false,"path_per_floor":["R_BF","M","M","?","M","T","T","E","M","M","?","?","R","E","M","B",null,"R","M","?","$","?","R","T","R","?","?","?","M","PTL","PTL","?","E","M","B",null,"R","M","M","?","M","M","T","NS","$","?","R","M","M","M","M","B",null,"E","$","R","B","B",null],"character_chosen":"THE_AUTOMATON","items_purchased":["MerchantsRug","Membership Card","bronze:MaxOutput+1","Boot","ReplayTheSpireMod:TigerMarble","bronze:CableSpool","Oddly Smooth Stone","halation:PeacePiece","bronze:MaxOutput+1","bronze:DonusWashers","hubris:BottledRain","hubris:GlazedTorus","Replay:Towering Pillar of Hats","Centennial Puzzle"],"campfire_rested":4,"item_purchase_floors":[21,21,21,45,45,45,45,45,45,55,55,55,55,55],"current_hp_per_floor":[80,80,80,80,80,80,80,63,63,43,43,15,39,39,35,52,80,80,80,80,80,52,52,52,52,52,20,20,9,9,9,21,21,15,15,70,70,70,41,41,27,23,23,23,23,23,42,41,41,41,32,32,66,47,47,66,66,66],"gold":18,"neow_bonus":"THREE_ENEMY_KILL","is_daily":false,"chose_seed":false,"campfire_upgraded":3,"win_rate":0.0,"timestamp":1612389645,"path_taken":["R_BF","M","M","?","?","?","T","E","M","M","?","?","R","E","M","BOSS","R","M","?","$","?","R","T","R","?","?","?","M","PTL","PTL","?","E","M","BOSS","R","M","M","?","M","M","T","NS","$","?","R","M","M","M","M","BOSS","E","$","R","BOSS","BOSS"],"items_purchased_type":["Relic","Relic","Card","Relic","Relic","Relic","Relic","Relic","Card","Relic","Relic","Relic","Relic","Relic"],"build_version":"2020-12-22","purchased_purges":1,"victory":true,"max_hp_per_floor":[80,80,80,80,80,80,80,80,80,80,80,80,80,80,80,80,80,80,80,80,80,80,80,80,80,80,80,70,70,70,70,70,70,70,70,70,70,70,70,70,70,70,70,70,70,66,66,66,66,66,66,66,66,66,66,66,66,66],"relic_stats":{"Centennial Puzzle":[0],"counters":[30,125],"Juzu Bracelet":3,"Boot":[25],"obtain_stats":[{"halation:PapillonHeart":46,"bronze:BronzeCore":0,"Replay:PocketPolymizer":8,"sneckomod:BlankCard":33,"Enchiridion":32,"downfall:HeartBlessingGreen":13,"Juzu Bracelet":6,"Boot":45,"bronze:CableSpool":45,"Centennial Puzzle":55,"HornCleat":7,"downfall:BrokenWingStatue":11,"hubris:Backtick":17,"downfall:HeartBlessingBlue":1,"Fusion Hammer":36,"downfall:ExtraCursedBell":1,"Replay:Bottled Steam":43,"hubris:GlazedTorus":55,"Gremlin Food":1,"Potion Belt":22,"MerchantsRug":21,"bronze:DonusWashers":55,"downfall:HeartBlessingRed":1,"Replay:Towering Pillar of Hats":55,"Oddly Smooth Stone":45,"downfall:HeartsMalice":0,"Replay:Kaleidoscope":1,"Frozen Egg 2":1,"hubris:Towel":26,"bronze:BronzeIdol":17,"bronze:BottledCode":28,"Onion Ring":54,"hubris:ToyBattleship":24,"ReplayTheSpireMod:TigerMarble":45,"Membership Card":21,"hubris:OldNail":14,"halation:PeacePiece":45,"hubris:BottledRain":55},{"halation:PapillonHeart":22,"bronze:BronzeCore":0,"Replay:PocketPolymizer":4,"sneckomod:BlankCard":15,"Enchiridion":14,"downfall:HeartBlessingGreen":7,"Juzu Bracelet":3,"Boot":22,"bronze:CableSpool":22,"Centennial Puzzle":28,"HornCleat":3,"downfall:BrokenWingStatue":6,"hubris:Backtick":10,"downfall:HeartBlessingBlue":0,"Fusion Hammer":17,"downfall:ExtraCursedBell":0,"Replay:Bottled Steam":21,"hubris:GlazedTorus":28,"Gremlin Food":0,"Potion Belt":13,"MerchantsRug":12,"bronze:DonusWashers":28,"downfall:HeartBlessingRed":0,"Replay:Towering Pillar of Hats":28,"Oddly Smooth Stone":22,"downfall:HeartsMalice":0,"Replay:Kaleidoscope":0,"Frozen Egg 2":0,"hubris:Towel":13,"bronze:BronzeIdol":10,"bronze:BottledCode":13,"Onion Ring":28,"hubris:ToyBattleship":13,"ReplayTheSpireMod:TigerMarble":22,"Membership Card":12,"hubris:OldNail":8,"halation:PeacePiece":22,"hubris:BottledRain":28},{"halation:PapillonHeart":93,"bronze:BronzeCore":0,"Replay:PocketPolymizer":6,"sneckomod:BlankCard":56,"Enchiridion":52,"downfall:HeartBlessingGreen":19,"Juzu Bracelet":0,"Boot":93,"bronze:CableSpool":93,"Centennial Puzzle":112,"HornCleat":0,"downfall:BrokenWingStatue":13,"hubris:Backtick":32,"downfall:HeartBlessingBlue":0,"Fusion Hammer":71,"downfall:ExtraCursedBell":0,"Replay:Bottled Steam":90,"hubris:GlazedTorus":112,"Gremlin Food":0,"Potion Belt":47,"MerchantsRug":39,"bronze:DonusWashers":112,"downfall:HeartBlessingRed":0,"Replay:Towering Pillar of Hats":112,"Oddly Smooth Stone":93,"downfall:HeartsMalice":0,"Replay:Kaleidoscope":0,"Frozen Egg 2":0,"hubris:Towel":47,"bronze:BronzeIdol":32,"bronze:BottledCode":47,"Onion Ring":112,"hubris:ToyBattleship":47,"ReplayTheSpireMod:TigerMarble":93,"Membership Card":39,"hubris:OldNail":21,"halation:PeacePiece":93,"hubris:BottledRain":112}]},"card_choices":[{"not_picked":["bronze:BitShift","bronze:CutThrough"],"picked":"bronze:FineTuning","floor":2.0},{"not_picked":["bronze:Deprecate","bronze:Allocate"],"picked":"bronze:CutThrough","floor":3.0},{"not_picked":["bronze:Turbo","bronze:Philosophize"],"picked":"bronze:ItsAFeature+1","floor":5.0},{"not_picked":["bronze:Deprecate","bronze:Refactor","bronze:OilSpill"],"picked":"SKIP","floor":8.0},{"not_picked":["bronze:InfiniteLoop","bronze:BuggyMess","bronze:Turbo"],"picked":"SKIP","floor":9.0},{"not_picked":["bronze:CutThrough","bronze:BitShift"],"picked":"bronze:OilSpill","floor":10.0},{"not_picked":[],"picked":"bronze:Spike","floor":12.0},{"not_picked":["bronze:Overload","bronze:Overheat"],"picked":"bronze:WhirlingStrike","floor":12.0},{"not_picked":["bronze:ForceShield","bronze:InfiniteLoop"],"picked":"bronze:InfiniteBeams+1","floor":14.0},{"not_picked":["bronze:Overheat","bronze:Frontload"],"picked":"bronze:DelayedSlice","floor":15.0},{"not_picked":["bronze:BurnOut","bronze:HyperBeam"],"picked":"bronze:HardenedForm+1","floor":16.0},{"not_picked":["bronze:CutThrough","bronze:WildBeam"],"picked":"bronze:Constructor","floor":19.0},{"not_picked":["bronze:Refactor","bronze:Boost"],"picked":"bronze:DelayedSlice","floor":21.0},{"not_picked":["bronze:Shield","bronze:DelayedSlice"],"picked":"bronze:Shell","floor":22.0},{"not_picked":["bronze:OilSpill","bronze:Constructor"],"picked":"bronze:FineTuning","floor":27.0},{"not_picked":["bronze:WildBeam","bronze:ItsAFeature+1"],"picked":"bronze:DelayedSlice+1","floor":29.0},{"not_picked":["bronze:Shell","bronze:Invalidate"],"picked":"bronze:Format","floor":33.0},{"not_picked":["bronze:FollowUp","bronze:WildBeam+1"],"picked":"bronze:Flail+1","floor":34.0},{"not_picked":["bronze:CleanCode+1","bronze:BurnOut"],"picked":"bronze:Hardcode+1","floor":35.0},{"not_picked":["bronze:BugBarrage+1","bronze:Frontload","bronze:Constructor+1"],"picked":"SKIP","floor":38.0},{"not_picked":["bronze:DelayedGuard+1","bronze:Backtrace","bronze:CutThrough+1"],"picked":"SKIP","floor":39.0},{"not_picked":["bronze:BuggyMess","bronze:DigitalCarnage+1","bronze:FollowUp"],"picked":"SKIP","floor":41.0},{"not_picked":["bronze:Invalidate+1","bronze:Shell","bronze:DelayedSlice+1"],"picked":"SKIP","floor":42.0},{"not_picked":["bronze:CloningBeam","bronze:Frontload+1","bronze:Terminator"],"picked":"SKIP","floor":45.0},{"not_picked":["bronze:Invalidate","bronze:BuggyMess+1","bronze:FineTuning+1"],"picked":"SKIP","floor":48.0},{"not_picked":["bronze:BuggyMess","bronze:Turbo"],"picked":"bronze:BugBarrage+1","floor":49.0},{"not_picked":["bronze:DigitalCarnage","bronze:BitShift+1","bronze:Turbo+1"],"picked":"SKIP","floor":50},{"not_picked":["bronze:OilSpill+1","bronze:Frontload+1"],"picked":"bronze:Separator","floor":51},{"not_picked":["bronze:FollowUp","bronze:Branch","bronze:Shell"],"picked":"SKIP","floor":54}],"player_experience":217527,"relics_obtained":[{"floor":1.0,"key":"Gremlin Food"},{"floor":1.0,"key":"Frozen Egg 2"},{"floor":1.0,"key":"Replay:Kaleidoscope"},{"floor":6.0,"key":"Juzu Bracelet"},{"floor":7.0,"key":"HornCleat"},{"floor":8.0,"key":"Replay:PocketPolymizer"},{"floor":14.0,"key":"hubris:OldNail"},{"floor":22.0,"key":"Potion Belt"},{"floor":24.0,"key":"hubris:ToyBattleship"},{"floor":32.0,"key":"Enchiridion"},{"floor":33.0,"key":"sneckomod:BlankCard"},{"floor":43.0,"key":"Replay:Bottled Steam"},{"floor":54,"key":"Onion Ring"}],"event_choices":[{"damage_healed":0.0,"max_hp_gain":0.0,"max_hp_loss":0.0,"gold_gain":0.0,"event_name":"The Library","player_choice":"Read","floor":20.0,"gold_loss":0.0,"damage_taken":0.0,"cards_obtained":["bronze:Terminator"]}],"is_beta":false,"boss_relics":[{"not_picked":["Replay:Bronze Core","hubris:ScarierMask"],"picked":"hubris:Backtick"},{"not_picked":["halation:MonkeysPaw","Replay:Drink Me"],"picked":"Fusion Hammer"}],"items_purged_floors":[45],"is_endless":false,"potions_floor_spawned":[9,10,12,14,29,34,35,41,48,51,54],"ascension_level":3}}