{"host":"j61pjxqytd94o6ng","time":1612313094,"event":{"mods":["BaseMod","Bestiary","Colored Map","Colored Powertips","Curses Come First","Minty Spire (QoL Compilation)","StSLib"],"gold_per_floor":[111,36,11,30,30,30,69,89,114,114,140,179,198,217,217,217,217],"floor_reached":16,"language":"ENG","playtime":592,"items_purged":[],"score":253,"play_id":"27ffc234-2ff7-445e-9e8f-4ac87d35b0a0","local_time":"20210202174454","is_ascension_mode":true,"campfire_choices":[{"data":"Deadly Poison","floor":6.0,"key":"SMITH"},{"data":"Leg Sweep","floor":15.0,"key":"SMITH"}],"circlet_count":0,"master_deck":["AscendersBane","Strike_G","Strike_G","Strike_G","Strike_G","Defend_G","Defend_G","Defend_G","Defend_G","Defend_G","Survivor","Neutralize","Deadly Poison+1","Backflip","Acrobatics","Slice","Slice","Blade Dance","Adrenaline","PiercingWail","Leg Sweep+1"],"relics":["Ring of the Snake","NeowsBlessing","Juzu Bracelet","CeramicFish","Snake Skull","Happy Flower","Akabeko"],"acts_visited":["Exordium"],"potions_floor_usage":[16],"damage_taken":[{"damage":0.0,"enemies":"Jaw Worm","floor":1.0,"turns":1.0},{"damage":0.0,"enemies":"Small Slimes","floor":4.0,"turns":1.0},{"damage":0.0,"enemies":"3 Sentries","floor":7.0,"turns":1.0},{"damage":1.0,"enemies":"Cultist","floor":8.0,"turns":3.0},{"damage":7.0,"enemies":"2 Fungi Beasts","floor":11.0,"turns":3.0},{"damage":25.0,"enemies":"Lagavulin","floor":12.0,"turns":5.0},{"damage":4.0,"enemies":"3 Louse","floor":13.0,"turns":3.0},{"damage":0.0,"enemies":"Blue Slaver","floor":14.0,"turns":2.0},{"damage":20,"enemies":"Hexaghost","floor":16,"turns":12}],"seed_played":"4564826638855709712","potions_obtained":[{"floor":4.0,"key":"Fire Potion"},{"floor":8.0,"key":"DuplicationPotion"},{"floor":13.0,"key":"ColorlessPotion"}],"is_trial":false,"path_per_floor":["M","?","$","M","?","R","E","M","T","T","M","E","M","M","R","B"],"character_chosen":"THE_SILENT","items_purchased":["Backflip"],"campfire_rested":0,"item_purchase_floors":[3],"current_hp_per_floor":[59,59,59,59,54,54,54,53,53,53,46,21,17,17,17,0,0],"gold":217,"neow_bonus":"THREE_ENEMY_KILL","is_daily":false,"chose_seed":false,"campfire_upgraded":2,"win_rate":0.0,"timestamp":1612313094,"path_taken":["M","?","$","M","?","R","E","M","T","?","M","E","M","M","R","BOSS"],"items_purchased_type":["Card"],"build_version":"2020-12-22","purchased_purges":0,"victory":false,"max_hp_per_floor":[66,66,66,66,66,66,66,66,66,66,66,66,66,66,66,66,66],"card_choices":[{"not_picked":["Dodge and Roll","Flying Knee"],"picked":"Deadly Poison","floor":1.0},{"not_picked":["Dagger Throw","Cloak And Dagger"],"picked":"Acrobatics","floor":4.0},{"not_picked":["Grand Finale","Sucker Punch"],"picked":"Slice","floor":7.0},{"not_picked":["Cloak And Dagger","Finisher"],"picked":"Slice","floor":8.0},{"not_picked":["Flying Knee","Dagger Throw"],"picked":"Blade Dance","floor":11.0},{"not_picked":["Prepared","Choke"],"picked":"Adrenaline","floor":12.0},{"not_picked":["Concentrate","Poisoned Stab"],"picked":"PiercingWail","floor":13.0},{"not_picked":["Cloak And Dagger","Sucker Punch"],"picked":"Leg Sweep","floor":14.0}],"player_experience":540302,"relics_obtained":[{"floor":7.0,"key":"CeramicFish"},{"floor":9.0,"key":"Snake Skull"},{"floor":10.0,"key":"Happy Flower"},{"floor":12.0,"key":"Akabeko"}],"event_choices":[{"cards_removed":["Strike_G"],"damage_healed":0.0,"max_hp_gain":0.0,"max_hp_loss":0.0,"gold_gain":0.0,"event_name":"The Cleric","player_choice":"Card Removal","floor":2.0,"gold_loss":75.0,"damage_taken":0.0},{"damage_healed":0.0,"max_hp_gain":0.0,"max_hp_loss":0.0,"gold_gain":0.0,"event_name":"Scrap Ooze","player_choice":"Success","floor":5.0,"gold_loss":0.0,"damage_taken":5.0,"relics_obtained":["Juzu Bracelet"]}],"is_beta":false,"boss_relics":[],"items_purged_floors":[],"is_endless":false,"potions_floor_spawned":[4,8,13],"killed_by":"Hexaghost","ascension_level":17}}