{"host":"2c1pg2m9wpz3w4c0","time":1612393121,"event":{"mods":["AchievementEnabler","Act Like it!","Aspiration","BaseMod","Better Note","BetterRewards","Curses Come First","Disable Question Mark Monsters","Halation","Hubris","Infinite Spire","Lotus Mark","Marisa????????","Minty Spire (QoL Compilation)","Replay The Spire","StSLib","SuperFastMode","The Clintock","The Jungle","The Marked","The Runesmith","Transform Curses"],"gold_per_floor":[109,119,119,119,119,119,119,119,119,130,130,140,140,168,168,168,168],"floor_reached":16,"language":"ENG","playtime":437,"items_purged":[],"score":148,"play_id":"ced6b5e2-4a8e-4d9e-be8f-9c45c28dc22b","local_time":"20210203155841","is_ascension_mode":false,"campfire_choices":[{"floor":6,"key":"REST"},{"data":"ReplayTheSpireMod:Speed Training","floor":8,"key":"SMITH"},{"floor":15,"key":"REST"}],"circlet_count":0,"master_deck":["Strike_G","Strike_G","Strike_G","Strike_G","Strike_G","Defend_G","Defend_G","Defend_G","Defend_G","Defend_G","Survivor","Neutralize","Infinite Blades","ReplayTheSpireMod:Speed Training+1","Backflip","Sucker Punch","Dagger Spray","infinitespire:Pacifist","Pain","infinitespire:FutureSight","Prepared","Doubt","Doppelganger"],"relics":["Ring of the Snake","aspiration:StickyExplosives_weak","Smiling Mask","hubris:Towel","FaceOfCleric","hubris:OldNail","Ring of Fury","hubris:MedicalManual"],"acts_visited":["Exordium"],"potions_floor_usage":[12,14,14],"damage_taken":[{"damage":15,"enemies":"infinitespire:Voidling","floor":1,"turns":4},{"damage":0,"enemies":"Cultist","floor":2,"turns":4},{"damage":0,"enemies":"Jaw Worm","floor":10,"turns":4},{"damage":22,"enemies":"Large Slime","floor":12,"turns":7},{"damage":24,"enemies":"Replay:BlueRogue","floor":14,"turns":7},{"damage":21,"enemies":"The Guardian","floor":16,"turns":4}],"seed_played":"4489390259701538196","potions_obtained":[{"floor":2,"key":"LiquidBronze"},{"floor":10,"key":"PowerPotion"},{"floor":12,"key":"FearPotion"}],"is_trial":false,"path_per_floor":["M","M","?","?","?","R","?","R","T","M","?","M","?","E","R","B"],"character_chosen":"THE_SILENT","items_purchased":["aspiration:StickyExplosives_weak","Infinite Blades"],"campfire_rested":2,"item_purchase_floors":[0,0],"current_hp_per_floor":[52,52,40,40,40,61,61,61,61,62,62,41,41,18,39,18,18],"gold":168,"neow_bonus":"","is_daily":false,"chose_seed":false,"campfire_upgraded":1,"win_rate":0.0,"timestamp":1612393121,"path_taken":["M","?","?","?","?","R","?","R","T","?","?","M","?","E","R","BOSS"],"items_purchased_type":["Relic","Card"],"build_version":"2020-12-22","purchased_purges":0,"victory":false,"max_hp_per_floor":[70,70,70,70,70,70,70,70,70,71,71,72,72,73,73,73,73],"card_choices":[{"not_picked":["Dagger Throw","Prepared"],"picked":"ReplayTheSpireMod:Speed Training","floor":1},{"not_picked":["Well Laid Plans","Escape Plan"],"picked":"Backflip","floor":2},{"not_picked":["lotusMarks:Mark","Quick Slash"],"picked":"Dagger Spray","floor":10},{"not_picked":["hubris:Rewind","infinitespire:DeathsTouch"],"picked":"infinitespire:FutureSight","floor":11},{"not_picked":["lotusMarks:LotusStrike","Choke"],"picked":"Prepared","floor":12},{"not_picked":["lotusMarks:LotusSlash","Infinite Blades"],"picked":"Doppelganger","floor":14}],"player_experience":1217912,"relics_obtained":[{"floor":9,"key":"hubris:OldNail"},{"floor":13,"key":"Ring of Fury"},{"floor":14,"key":"hubris:MedicalManual"}],"event_choices":[{"damage_healed":0,"gold_gain":0,"player_choice":"Success","damage_taken":12,"relics_obtained":["Smiling Mask"],"max_hp_gain":0,"max_hp_loss":0,"event_name":"Scrap Ooze","floor":3,"gold_loss":0},{"damage_healed":0,"gold_gain":0,"player_choice":"Trade","damage_taken":0,"relics_obtained":["FaceOfCleric"],"max_hp_gain":0,"max_hp_loss":0,"event_name":"FaceTrader","floor":7,"gold_loss":0}],"is_beta":false,"boss_relics":[],"items_purged_floors":[],"is_endless":false,"potions_floor_spawned":[2,10,12],"killed_by":"The Guardian","ascension_level":0}}