{"host":"whloki2o3dp1b07n","time":1612394767,"event":{"mods":["100% Spire Juice","Abigail Mod","Act Like it!","Arknights","BaseMod","Better Synergies","Block Reminder","Bossed Relics","CapriCore","Colored Map","Colored Powertips","DNKmod","Evolution","Friendly Minions","GifTheSpireLib","GungeonMod","HexUI Lib","Koishi","Marked Mod","Minty Spire (QoL Compilation)","Poor People Problems","StSLib","Swap Starting Deck Mod","The Bug Knight","The Marked","Transform Curses"],"gold_per_floor":[109,284,284,297,311,280,299,319,319,319,347,357,357,357,357,357,357],"floor_reached":16,"language":"ENG","playtime":655,"items_purged":[],"score":102,"play_id":"39107d3e-b07c-406e-9198-b2100ad3f16f","local_time":"20210203182607","is_ascension_mode":false,"campfire_choices":[{"floor":10,"key":"REST"},{"floor":13,"key":"REST"},{"data":"theMarked:Abjuration","floor":15,"key":"SMITH"}],"circlet_count":0,"master_deck":["theMarked:ResourceFulStrike","theMarked:ResourceFulStrike","theMarked:ResourceFulStrike","theMarked:Strike","theMarked:Strike","theMarked:Defend","theMarked:Defend","theMarked:Defend","theMarked:Defend","theMarked:SoldierOfQuellstein","theMarked:HeightenedSenses","Doubt","theMarked:EmpowerWeapon","theMarked:ElectricStrings","theMarked:Memento","theMarked:ParalyzingBlade","theMarked:Abjuration+1","theMarked:WardOff"],"relics":["theMarked:ArtifactOfAir","EVO:Axolotl","CaptainsWheel","Gremlin Horn","theMarked:NailFile"],"acts_visited":["Exordium"],"potions_floor_usage":[16,16],"damage_taken":[{"damage":1,"enemies":"Jaw Worm","floor":1,"turns":2},{"damage":0,"enemies":"Small Slimes","floor":4,"turns":4},{"damage":6,"enemies":"Cultist","floor":5,"turns":3},{"damage":8,"enemies":"Exordium Wildlife","floor":7,"turns":5},{"damage":14,"enemies":"Looter","floor":8,"turns":3},{"damage":18,"enemies":"Gremlin Nob","floor":11,"turns":6},{"damage":3,"enemies":"Large Slime","floor":12,"turns":6},{"damage":69,"enemies":"Hexaghost","floor":16,"turns":10}],"seed_played":"5553020284821872843","potions_obtained":[{"floor":4,"key":"FearPotion"},{"floor":5,"key":"theMarked:ChargePotion"},{"floor":8,"key":"SkillPotion"}],"is_trial":false,"path_per_floor":["M","?","?","M","M","?","M","M","T","R","E","M","R","T","R","B"],"character_chosen":"THE_DEFAULT","items_purchased":[],"campfire_rested":2,"item_purchase_floors":[],"current_hp_per_floor":[69,69,70,70,64,64,56,42,42,63,45,42,63,63,63,0,0],"gold":357,"neow_bonus":"THREE_CARDS","is_daily":false,"chose_seed":false,"campfire_upgraded":1,"win_rate":0.0,"timestamp":1612394767,"path_taken":["M","?","?","M","?","?","M","M","T","R","E","M","R","?","R","BOSS"],"items_purchased_type":[],"build_version":"2020-12-22","purchased_purges":0,"victory":false,"max_hp_per_floor":[70,70,70,70,70,70,70,70,70,70,70,70,70,70,70,70,70],"card_choices":[{"not_picked":["theMarked:Parkour","theMarked:Improvise"],"picked":"theMarked:ElectricStrings","floor":0},{"not_picked":["theMarked:RepellingDischarge","theMarked:ChainLightning"],"picked":"theMarked:HeightenedSenses","floor":1},{"not_picked":["theMarked:Improvise","theMarked:HeightenedSenses"],"picked":"theMarked:EmpowerWeapon","floor":4},{"not_picked":["theMarked:ChainLightning","theMarked:SelfDefenseTraining"],"picked":"theMarked:ElectricStrings","floor":5},{"not_picked":["theMarked:ElectricStrings","theMarked:Opportunist"],"picked":"theMarked:Memento","floor":7},{"not_picked":["theMarked:ResourceFulStrike","theMarked:RepellingDischarge"],"picked":"theMarked:ParalyzingBlade","floor":8},{"not_picked":["theMarked:WastefulAttack","theMarked:TheMission"],"picked":"theMarked:Abjuration","floor":11},{"not_picked":["theMarked:Electrify","theMarked:EmpowerWeapon"],"picked":"theMarked:WardOff","floor":12}],"player_experience":1132485,"relics_obtained":[{"floor":9,"key":"CaptainsWheel"},{"floor":11,"key":"Gremlin Horn"},{"floor":14,"key":"theMarked:NailFile"}],"event_choices":[{"damage_healed":0,"gold_gain":175,"player_choice":"AGREE","damage_taken":0,"max_hp_gain":0,"max_hp_loss":0,"event_name":"Liars Game","floor":2,"gold_loss":0,"cards_obtained":["Doubt"]},{"cards_removed":["theMarked:ElectricStrings"],"damage_healed":5,"gold_gain":0,"player_choice":"Offered Common","damage_taken":0,"max_hp_gain":0,"max_hp_loss":0,"event_name":"Bonfire Elementals","floor":3,"gold_loss":0},{"cards_removed":["theMarked:ElectricStrings"],"damage_healed":5,"gold_gain":0,"player_choice":"Offered Special","damage_taken":0,"max_hp_gain":0,"max_hp_loss":0,"event_name":"Bonfire Elementals","floor":3,"gold_loss":0},{"damage_healed":0,"gold_gain":0,"player_choice":"Left Gold","damage_taken":0,"max_hp_gain":0,"max_hp_loss":0,"event_name":"World of Goop","floor":6,"gold_loss":31}],"is_beta":false,"boss_relics":[],"items_purged_floors":[],"is_endless":false,"potions_floor_spawned":[4,5,8],"killed_by":"Hexaghost","ascension_level":0}}