{"host":"hm2va3obgs5yv0m7","time":1612335715,"event":{"mods":["AchievementEnabler","Act Like it!","BaseMod","Conspire","Infinite Spire","Marisa（F雨　魔理沙）","Minty Spire (QoL Compilation)","Prisma Mod","Relic Stats","Replay The Spire","Spicy Shops","StSLib","The Animator","The Cursed","The Servant 0.9.4","WarShipGirlsR/战舰少女R mod"],"gold_per_floor":[113,157,157,232,13,38,38,54,78,89,101,130,149,49,49,152,152,165,165,40,55,55,86,86,104,128,128,163,163,163,163,163],"floor_reached":31,"language":"ZHS","playtime":2298,"items_purged":["Strike_P","Strike_P","Strike_P+1"],"score":356,"play_id":"3829deb8-7068-4931-afcf-206be6deba56","local_time":"20210203150155","is_ascension_mode":false,"campfire_choices":[{"data":"Eruption","floor":7.0,"key":"SMITH"},{"data":"PathToVictory","floor":15,"key":"SMITH"},{"data":"MasterReality","floor":24,"key":"SMITH"},{"data":"LikeWater","floor":29,"key":"SMITH"}],"circlet_count":0,"master_deck":["Strike_P+1","Defend_P","Defend_P","Defend_P","Eruption+1","Vigilance","Study+1","PathToVictory+1","Sanctity","MasterReality+1","LikeWater+1","infinitespire:Fortify"],"relics":["Velvet Choker","Whetstone","Oddly Smooth Stone","Letter Opener","conspire:DecoderRing","conspire:RunicOctahedron","infinitespire:CheckeredPen","Gremlin Horn","Regal Pillow","GoldenEye","Replay:Blank Codex"],"acts_visited":["Exordium","TheCity"],"potions_floor_usage":[12,28],"damage_taken":[{"damage":12.0,"enemies":"Jaw Worm","floor":1.0,"turns":2.0},{"damage":0.0,"enemies":"Gremlin Nob","floor":6.0,"turns":2.0},{"damage":0.0,"enemies":"Small Slimes","floor":8.0,"turns":2.0},{"damage":0.0,"enemies":"Cultist","floor":10.0,"turns":2.0},{"damage":9,"enemies":"Exordium Thugs","floor":11,"turns":4},{"damage":15,"enemies":"3 Sentries","floor":12,"turns":8},{"damage":0,"enemies":"Blue Slaver","floor":13,"turns":1},{"damage":0,"enemies":"Hexaghost","floor":16,"turns":7},{"damage":29,"enemies":"Spheric Guardian","floor":18,"turns":6},{"damage":1,"enemies":"Shell Parasite","floor":21,"turns":3},{"damage":11,"enemies":"Gremlin Leader","floor":23,"turns":5},{"damage":8,"enemies":"Centurion and Healer","floor":25,"turns":4},{"damage":29,"enemies":"Nightmare","floor":28,"turns":9},{"damage":22,"enemies":"Snake Plant","floor":31,"turns":2}],"seed_played":"-3553160270520124826","potions_obtained":[{"floor":2.0,"key":"Ambrosia"},{"floor":6.0,"key":"DistilledChaos"},{"floor":10.0,"key":"SpeedPotion"},{"floor":23,"key":"Regen Potion"}],"is_trial":false,"path_per_floor":["M","?","?","?","$","E","R","M","T","M","M","E","M","$","R","B",null,"M","?","$","M","T","E","R","M","T","?","NM","R","?","M"],"character_chosen":"WATCHER","items_purchased":["Oddly Smooth Stone"],"campfire_rested":0,"item_purchase_floors":[5],"current_hp_per_floor":[60,42,42,35,35,35,35,35,35,35,26,11,11,11,11,11,72,43,43,43,42,42,31,31,23,23,47,33,33,17,0,0],"gold":163,"neow_bonus":"BOSS_RELIC","is_daily":false,"chose_seed":false,"campfire_upgraded":4,"win_rate":0.0,"timestamp":1612335715,"path_taken":["M","?","?","?","$","E","R","M","T","M","?","E","M","?","R","BOSS","M","?","$","?","?","E","R","M","T","?","NM","R","?","M"],"items_purchased_type":["Relic"],"build_version":"2020-12-22","purchased_purges":3,"victory":false,"max_hp_per_floor":[72,72,72,72,72,72,72,72,72,72,72,72,72,72,72,72,72,72,72,72,72,72,72,72,72,72,72,72,72,72,72,72],"relic_stats":{"Regal Pillow":0,"Gremlin Horn":[1,1],"counters":[14,57],"Whetstone":["Strike_P","Strike_P"],"Letter Opener":[178],"GoldenEye":[0],"obtain_stats":[{"Regal Pillow":26,"Gremlin Horn":23,"conspire:DecoderRing":12,"Velvet Choker":0,"Oddly Smooth Stone":5,"conspire:RunicOctahedron":17,"Whetstone":2,"Letter Opener":6,"infinitespire:CheckeredPen":22,"PureWater":0,"GoldenEye":28,"Replay:Blank Codex":30},{"Regal Pillow":12,"Gremlin Horn":11,"conspire:DecoderRing":6,"Velvet Choker":0,"Oddly Smooth Stone":1,"conspire:RunicOctahedron":8,"Whetstone":1,"Letter Opener":2,"infinitespire:CheckeredPen":10,"PureWater":0,"GoldenEye":13,"Replay:Blank Codex":13},{"Regal Pillow":46,"Gremlin Horn":42,"conspire:DecoderRing":20,"Velvet Choker":0,"Oddly Smooth Stone":2,"conspire:RunicOctahedron":28,"Whetstone":2,"Letter Opener":4,"infinitespire:CheckeredPen":37,"PureWater":0,"GoldenEye":55,"Replay:Blank Codex":55}]},"card_choices":[{"not_picked":["ClearTheMind","BowlingBash","WreathOfFlame"],"picked":"SKIP","floor":1.0},{"not_picked":["BowlingBash","Pray"],"picked":"Study","floor":2.0},{"not_picked":["Replay:Hum","Replay:BluntJabs","Prostrate"],"picked":"SKIP","floor":6.0},{"not_picked":["Replay:Vibes","SandsOfTime"],"picked":"PathToVictory","floor":8.0},{"not_picked":["Protect","BowlingBash","BattleHymn"],"picked":"SKIP","floor":10.0},{"not_picked":["SandsOfTime","Brilliance","Nirvana"],"picked":"SKIP","floor":11},{"not_picked":["Replay:ManipulateFuture","Evaluate","Weave"],"picked":"SKIP","floor":12},{"not_picked":["Pray","ThirdEye"],"picked":"Sanctity","floor":13},{"not_picked":["DeusExMachina","Establishment"],"picked":"MasterReality","floor":16},{"not_picked":["Replay:Cycle+1","CrushJoints","SashWhip"],"picked":"SKIP","floor":18},{"not_picked":["WreathOfFlame","CrushJoints+1"],"picked":"LikeWater","floor":21},{"not_picked":["Replay:Vibes","EmptyBody+1","WheelKick"],"picked":"SKIP","floor":23},{"not_picked":["InnerPeace","BowlingBash","Replay:ManipulateFuture"],"picked":"SKIP","floor":25},{"not_picked":["infinitespire:FutureSight","infinitespire:Punishment"],"picked":"infinitespire:Fortify","floor":28},{"not_picked":["Replay:ManipulateFuture","Prostrate+1","EmptyFist+1"],"picked":"SKIP","floor":28}],"player_experience":103972,"relics_obtained":[{"floor":2.0,"key":"Whetstone"},{"floor":6.0,"key":"Letter Opener"},{"floor":12,"key":"conspire:DecoderRing"},{"floor":22,"key":"infinitespire:CheckeredPen"},{"floor":23,"key":"Gremlin Horn"},{"floor":26,"key":"Regal Pillow"},{"floor":28,"key":"GoldenEye"},{"floor":30,"key":"Replay:Blank Codex"}],"event_choices":[{"cards_removed":["Defend_P"],"damage_healed":0.0,"max_hp_gain":0.0,"max_hp_loss":0.0,"gold_gain":0.0,"event_name":"Living Wall","player_choice":"Forget","floor":3.0,"gold_loss":0.0,"damage_taken":0.0},{"damage_healed":0.0,"max_hp_gain":0.0,"max_hp_loss":0.0,"gold_gain":75.0,"event_name":"FaceTrader","player_choice":"Touch","floor":4.0,"gold_loss":0.0,"damage_taken":7.0},{"damage_healed":0,"gold_gain":0,"player_choice":"Forge","damage_taken":0,"max_hp_gain":0,"max_hp_loss":0,"event_name":"Accursed Blacksmith","floor":19,"gold_loss":0,"cards_upgraded":["Study"]},{"damage_healed":24,"gold_gain":0,"player_choice":"Heal","damage_taken":0,"max_hp_gain":0,"max_hp_loss":0,"event_name":"The Library","floor":27,"gold_loss":0},{"damage_healed":0,"gold_gain":0,"player_choice":"Obtained Book","damage_taken":16,"max_hp_gain":0,"max_hp_loss":0,"event_name":"Cursed Tome","floor":30,"gold_loss":0}],"is_beta":false,"boss_relics":[{"not_picked":["Fusion Hammer","Black Star"],"picked":"conspire:RunicOctahedron"}],"items_purged_floors":[5,14,20],"is_endless":true,"potions_floor_spawned":[6,10,23],"killed_by":"Snake Plant","ascension_level":0}}