{"host":"qg654vxoo1kzp6cj","time":1612383957,"event":{"mods":["100% Spire Juice","2.2 Compatiblity","Act Like it!","Aspiration","BaseMod","Better Altar","Better Skull","Better Third Choice","Better Vampires","Bossed Relics","Displayed Cursed Tome","Downfall","Elementarium","Gensokyo","GifTheSpireLib","Hallownest","HololiveMod","Hubris","Ironclad Rager","Menagerie","Minty Spire (QoL Compilation)","MostiFishMod","Pale of the Ancients","Reliquary","Replay The Spire","Spicy Shops","StSLib","Stuff the Spire","The Animator","The Bug Knight","The Runesmith","The Senshi","The Servant 0.9.4","TheHero","Wandering Minibosses","WarShipGirlsR/????R mod"],"gold_per_floor":[18,28,43,43,58,85,97,107,107,132,132,164,181,193,193,290,290,306,306,319,129,44,75,75,101,126,160,171,205,205,217,217,314,314,324,324,344,332,368,400,400,425,425,443,461,491,491,505,505,505,518,535,535,535,535,535,535,535,535,535,535],"floor_reached":60,"language":"ENG","playtime":2336,"items_purged":["animator:Curse_Greed"],"score":1926,"play_id":"32810e91-26ad-42fe-b970-ab9425894cb0","local_time":"20210203152557","is_ascension_mode":true,"campfire_choices":[{"data":"Catalyst","floor":24.0,"key":"SMITH"},{"data":"Noxious Fumes","floor":30.0,"key":"SMITH"},{"data":"StuffTheSpire:MirrorStance","floor":32.0,"key":"SMITH"},{"data":"StuffTheSpire:ReptileScales","floor":41,"key":"SMITH"},{"floor":49,"key":"REST"},{"floor":55,"key":"RECALL"},{"floor":57,"key":"DIG"}],"circlet_count":0,"master_deck":["Survivor","Neutralize","Poisoned Stab","Poisoned Stab","Poisoned Stab","Poisoned Stab","Poisoned Stab","Dodge and Roll","Dodge and Roll","Dodge and Roll","Dodge and Roll","Dodge and Roll","Dagger Spray","MostiFishMod:FrostNova","Well Laid Plans","Distraction","StuffTheSpire:Python+1","Bane","Crippling Poison","Catalyst+1","MostiFishMod:Wind+1","Bouncing Flask","MostiFishMod:VineMother+1","Noxious Fumes+1","Riddle With Holes","Caltrops+1","Footwork","Slice+1","Bouncing Flask","StuffTheSpire:MirrorStance+1","StuffTheSpire:BrainWave","StuffTheSpire:ReptileScales+1","Deflect","Backstab","Catalyst","StuffTheSpire:Injection","StuffTheSpire:BrainWave","StuffTheSpire:Incursion","Corpse Explosion+1","Noxious Fumes","StuffTheSpire:CelestialWarden"],"relics":["Ring of the Serpent","DaveBox","RhineSuit","SynthV:TestCard","aspiration:BabyByrd","aspiration:HummingbirdHeart","Pen Nib","aspiration:FrozenJewel","Gremlin Horn","hubris:Backtick","reliquary:RadioactivePellet","Paper Crane","reliquary:TatteredRug","Boot","Akabeko","reliquary:QuartzCube","Regal Pillow","Bag of Marbles","hubris:Metronome","DiscerningMonocle","Counterbalance","Oddly Smooth Stone","Shovel","StrikeDummy","Replay:Wax Seal","PreservedInsect","wanderingMiniBosses:AbyssPearl","reliquary:FerryPass","paleoftheancients:Timepiece","paleoftheancients:KeyRelic","Sozu","CultistMask","paleoftheancients:SoulOfTheWokeBloke","Membership Card","Pondfish Scales","StuffTheSpire:NeowsTribute","Medical Kit","Happy Flower","aspiration:StickyExplosives","reliquary:PrincelyHelmet","TwistedFunnel","StuffTheSpire:DarkSteelAnvil","Guide Book","hubris:DisguiseKit"],"acts_visited":["Exordium","TheCity","TheBeyond","TheBeyond"],"potions_floor_usage":[40,42,42,46,50,50,50],"damage_taken":[{"damage":0.0,"enemies":"Jaw Worm","floor":1.0,"turns":1.0},{"damage":0.0,"enemies":"Small Slimes","floor":2.0,"turns":1.0},{"damage":0.0,"enemies":"Cultist","floor":3.0,"turns":2.0},{"damage":5.0,"enemies":"2 Fungi Beasts","floor":5.0,"turns":2.0},{"damage":12.0,"enemies":"Lagavulin","floor":6.0,"turns":4.0},{"damage":0.0,"enemies":"Exordium Thugs","floor":7.0,"turns":3.0},{"damage":0.0,"enemies":"Exordium Wildlife","floor":8.0,"turns":1.0},{"damage":0.0,"enemies":"Gremlin Nob","floor":10.0,"turns":3.0},{"damage":13.0,"enemies":"Lagavulin","floor":12.0,"turns":4.0},{"damage":0.0,"enemies":"Large Slime","floor":13.0,"turns":2.0},{"damage":0.0,"enemies":"2 Fungi Beasts","floor":14.0,"turns":5.0},{"damage":0.0,"enemies":"The Guardian","floor":16.0,"turns":8.0},{"damage":4.0,"enemies":"Chosen","floor":18.0,"turns":2.0},{"damage":0.0,"enemies":"3 Byrds","floor":20.0,"turns":3.0},{"damage":2.0,"enemies":"Book of Stabbing","floor":23.0,"turns":4.0},{"damage":0.0,"enemies":"Gremlin Leader","floor":25.0,"turns":1.0},{"damage":0.0,"enemies":"Slavers","floor":27.0,"turns":3.0},{"damage":0.0,"enemies":"Centurion and Healer","floor":28.0,"turns":2.0},{"damage":0.0,"enemies":"Replay:Snechameleon","floor":29.0,"turns":3.0},{"damage":2.0,"enemies":"Sentry and Sphere","floor":31.0,"turns":4.0},{"damage":0.0,"enemies":"Pondfish","floor":33.0,"turns":6.0},{"damage":0.0,"enemies":"3 Darklings","floor":35.0,"turns":3.0},{"damage":0.0,"enemies":"Orb Walker","floor":37.0,"turns":3.0},{"damage":0,"enemies":"Reptomancer","floor":40,"turns":3},{"damage":0,"enemies":"Giant Head","floor":42,"turns":5},{"damage":0,"enemies":"Sphere and 2 Shapes","floor":44,"turns":1},{"damage":17,"enemies":"Transient","floor":45,"turns":6},{"damage":0,"enemies":"Nemesis","floor":46,"turns":3},{"damage":0,"enemies":"Jaw Worm Horde","floor":48,"turns":3},{"damage":6,"enemies":"Awakened One","floor":50,"turns":6},{"damage":0,"enemies":"Awakened One","floor":51,"turns":5},{"damage":0,"enemies":"Awakened One","floor":52,"turns":7},{"damage":545,"enemies":"Awakened One","floor":56,"turns":8},{"damage":134,"enemies":"paleoftheancients:N","floor":60,"turns":4}],"seed_played":"1003154990973344571","potions_obtained":[{"floor":2.0,"key":"DuplicationPotion"},{"floor":6.0,"key":"LiquidMemories"},{"floor":12.0,"key":"Fire Potion"},{"floor":13.0,"key":"LiquidMemories"},{"floor":16.0,"key":"Strength Potion"},{"floor":18.0,"key":"Swift Potion"},{"floor":23.0,"key":"Block Potion"},{"floor":28.0,"key":"Milkshake"},{"floor":29.0,"key":"Venom Potion"},{"floor":31.0,"key":"Toxic Potion"},{"floor":37.0,"key":"DuplicationPotion"},{"floor":42,"key":"PowerPotion"},{"floor":45,"key":"Explosive Potion"},{"floor":46,"key":"SpeedPotion"},{"floor":48,"key":"Weak Potion"}],"is_trial":false,"path_per_floor":["M","M","M","?","M","E","M","M","T","E","?","E","M","M","R","B",null,"M","?","M","$","?","E","R","E","T","E","M","E","R","M","R","B",null,"M","?","M","$","?","E","R","E","T","M","M","E","?","M","R","B","M","M","?","$","R","M","R","$","?","B"],"character_chosen":"THE_SILENT","items_purchased":["Noxious Fumes","reliquary:TatteredRug","DiscerningMonocle","Counterbalance","Oddly Smooth Stone","reliquary:TuningFork","Regen Potion","Fire Potion","Ancient Potion","FearPotion","Membership Card","Pondfish Scales","StuffTheSpire:NeowsTribute","Medical Kit","Happy Flower","aspiration:StickyExplosives","TwistedFunnel","StuffTheSpire:DarkSteelAnvil","Guide Book","hubris:DisguiseKit"],"campfire_rested":1,"item_purchase_floors":[21,21,38,38,38,38,38,38,38,38,54,54,54,54,54,54,58,58,58,58],"current_hp_per_floor":[45,45,45,45,40,28,28,28,28,28,21,8,8,8,26,26,63,59,59,59,59,59,57,57,57,57,57,57,57,57,55,55,55,63,63,57,57,57,35,44,44,44,44,44,27,27,27,27,57,57,57,57,57,57,57,57,57,57,57,0,0],"gold":535,"neow_bonus":"SILENT_ASSASSIN","is_daily":false,"chose_seed":false,"campfire_upgraded":4,"win_rate":0.0,"timestamp":1612383957,"path_taken":["M","M","M","?","M","E","M","M","T","E","?","E","M","M","R","BOSS","M","?","?","$","?","E","R","E","T","E","M","E","R","M","R","BOSS","M","?","M","$","?","E","R","E","T","M","M","E","?","?","R","BOSS","M","M","?","$","R","M","R","$","?","BOSS"],"items_purchased_type":["Card","Relic","Relic","Relic","Relic","Relic","Potion","Potion","Potion","Potion","Relic","Relic","Relic","Relic","Relic","Relic","Relic","Relic","Relic","Relic"],"build_version":"2020-12-22","purchased_purges":1,"victory":false,"max_hp_per_floor":[63,63,63,63,63,63,63,63,63,63,63,63,63,63,63,63,63,63,63,63,63,63,63,63,63,63,63,63,63,63,63,63,63,63,63,57,57,57,57,57,57,57,57,57,57,57,57,57,57,57,57,57,57,57,57,57,57,57,57,57,57],"card_choices":[{"not_picked":["Escape Plan","Flying Knee"],"picked":"Dagger Spray","floor":1.0},{"not_picked":["StuffTheSpire:BumpUp","Crippling Poison","Prepared","Reflex"],"picked":"MostiFishMod:FrostNova","floor":2.0},{"not_picked":["Prepared","Backflip","StuffTheSpire:BumpUp","Eviscerate","StuffTheSpire:ClusterCrunch"],"picked":"SKIP","floor":3.0},{"not_picked":["Flying Knee","Dagger Throw","StuffTheSpire:BumpUp","Deadly Poison"],"picked":"Well Laid Plans","floor":5.0},{"not_picked":["Acrobatics","Escape Plan","hubris:SlightOfHand","StuffTheSpire:Sprint"],"picked":"Distraction","floor":6.0},{"not_picked":["All Out Attack","Sucker Punch","Dodge and Roll","Terror"],"picked":"StuffTheSpire:Python","floor":7.0},{"not_picked":["Blade Dance","Night Terror","Blur","All Out Attack"],"picked":"Bane","floor":8.0},{"not_picked":["Outmaneuver","Dagger Spray","Terror","Tactician"],"picked":"Crippling Poison","floor":10.0},{"not_picked":["StuffTheSpire:Sprint","Predator","Masterful Stab","hubris:SlightOfHand"],"picked":"Catalyst","floor":12.0},{"not_picked":["Cloak And Dagger","StuffTheSpire:Sprint","StuffTheSpire:BumpUp","Acrobatics","MostiFishMod:WinterMarkForm"],"picked":"SKIP","floor":13.0},{"not_picked":["StuffTheSpire:Repulse","Sucker Punch","Flying Knee","Deadly Poison","Tactician"],"picked":"SKIP","floor":14.0},{"not_picked":["Phantasmal Killer","MostiFishMod:HiddenBlade","Night Terror","StuffTheSpire:FinalStruggle"],"picked":"MostiFishMod:Wind","floor":16.0},{"not_picked":["Slice+1","Dagger Spray","Cloak And Dagger","Distraction+1"],"picked":"Bouncing Flask","floor":18.0},{"not_picked":["Deadly Poison","Infinite Blades","hubris:Counter","Deflect"],"picked":"MostiFishMod:VineMother+1","floor":20.0},{"not_picked":["Quick Slash","MostiFishMod:FrostNova+1","StuffTheSpire:BumpUp","Well Laid Plans+1"],"picked":"Riddle With Holes","floor":23.0},{"not_picked":["StuffTheSpire:Python","Heel Hook","Blade Dance","hubris:Sniper"],"picked":"Caltrops+1","floor":25.0},{"not_picked":["Dagger Throw","Deflect","Flechettes","Skewer"],"picked":"Footwork","floor":27.0},{"not_picked":["Infinite Blades+1","Sucker Punch","Well Laid Plans+1","Outmaneuver"],"picked":"Slice+1","floor":28.0},{"not_picked":["Acrobatics","Riddle With Holes","Reflex","Outmaneuver"],"picked":"Bouncing Flask","floor":29.0},{"not_picked":["Blade Dance+1","Infinite Blades","StuffTheSpire:Python","Doppelganger"],"picked":"StuffTheSpire:MirrorStance","floor":31.0},{"not_picked":["PiercingWail+1","Calculated Gamble","hubris:Counter","Heel Hook+1","StuffTheSpire:BumpUp+1"],"picked":"SKIP","floor":35.0},{"not_picked":["Well Laid Plans","Choke","Eviscerate+1","Infinite Blades"],"picked":"StuffTheSpire:ReptileScales","floor":37.0},{"not_picked":["StuffTheSpire:ClusterCrunch+1","StuffTheSpire:BumpUp","Accuracy+1","Outmaneuver+1"],"picked":"Deflect","floor":39},{"not_picked":["Finisher+1","All Out Attack","Predator","Heel Hook+1"],"picked":"Backstab","floor":40},{"not_picked":["hubris:TrickCloak","Deadly Poison+1","Acrobatics","hubris:Counter","MostiFishMod:PerfectParry"],"picked":"SKIP","floor":42},{"not_picked":["Deadly Poison+1","hubris:Counter","Blur","Acrobatics+1","MostiFishMod:PreservedThorns"],"picked":"SKIP","floor":44},{"not_picked":["Grand Finale","Deflect","Deadly Poison","Outmaneuver"],"picked":"Catalyst","floor":45},{"not_picked":["Heel Hook","MostiFishMod:VineMother","Setup+1","Cloak And Dagger"],"picked":"StuffTheSpire:Injection","floor":46},{"not_picked":["StuffTheSpire:Python+1","Dodge and Roll+1","Poisoned Stab","Cloak And Dagger+1"],"picked":"StuffTheSpire:Incursion","floor":48},{"not_picked":["StuffTheSpire:BumpUp","Expertise+1","Backstab","Dagger Throw+1"],"picked":"Corpse Explosion","floor":51},{"not_picked":["Dodge and Roll","Backflip","Escape Plan","All Out Attack+1"],"picked":"Noxious Fumes","floor":52},{"not_picked":["StuffTheSpire:Rapture","StuffTheSpire:Harmony"],"picked":"StuffTheSpire:CelestialWarden","floor":53}],"player_experience":849806,"relics_obtained":[{"floor":1.0,"key":"SynthV:TestCard"},{"floor":6.0,"key":"aspiration:HummingbirdHeart"},{"floor":10.0,"key":"Pen Nib"},{"floor":12.0,"key":"Gremlin Horn"},{"floor":23.0,"key":"Akabeko"},{"floor":25.0,"key":"reliquary:QuartzCube"},{"floor":26.0,"key":"Regal Pillow"},{"floor":27.0,"key":"Bag of Marbles"},{"floor":29.0,"key":"hubris:Metronome"},{"floor":39,"key":"Shovel"},{"floor":40,"key":"StrikeDummy"},{"floor":42,"key":"Replay:Wax Seal"},{"floor":43,"key":"PreservedInsect"},{"floor":45,"key":"wanderingMiniBosses:AbyssPearl"},{"floor":46,"key":"reliquary:FerryPass"},{"floor":52,"key":"paleoftheancients:SoulOfTheWokeBloke"},{"floor":57,"key":"reliquary:PrincelyHelmet"}],"event_choices":[{"damage_healed":0.0,"max_hp_gain":0.0,"max_hp_loss":0.0,"gold_gain":0.0,"event_name":"betterThird:BetterScrap","player_choice":"Relic ","floor":11.0,"gold_loss":0.0,"damage_taken":7.0,"cards_obtained":["Carnage"]},{"damage_healed":0.0,"max_hp_gain":0.0,"max_hp_loss":0.0,"gold_gain":0.0,"event_name":"WeMeetAgain","player_choice":"Gave Potion","floor":19.0,"gold_loss":0.0,"damage_taken":0.0,"relics_obtained":["Paper Crane"]},{"damage_healed":0.0,"max_hp_gain":0.0,"max_hp_loss":0.0,"gold_gain":0.0,"event_name":"Addict","player_choice":"Obtained Relic","floor":22.0,"gold_loss":85.0,"damage_taken":0.0,"relics_obtained":["Boot"]},{"damage_healed":0,"gold_gain":0,"player_choice":"Copied","damage_taken":0,"max_hp_gain":0,"max_hp_loss":0,"event_name":"Duplicator","floor":47,"gold_loss":0,"cards_obtained":["StuffTheSpire:BrainWave"]}],"is_beta":false,"boss_relics":[{"not_picked":["hubris:VirtuousBlindfold","Transparent"],"picked":"hubris:Backtick"},{"not_picked":["TimeKeys","Astrolabe"],"picked":"Ring of the Serpent"}],"items_purged_floors":[21],"is_endless":false,"potions_floor_spawned":[2,6,12,13,16,18,23,28,29,31,37,42,45,46,48,56],"killed_by":"paleoftheancients:N","ascension_level":3}}