{"host":"1dz819zv7fs9tsdy","time":1612376026,"event":{"mods":["AchievementEnabler","BaseMod","Colored Powertips","Curses Come First","Downfall","Minty Spire (QoL Compilation)","Rare Cards Sparkle","Replay The Spire","Shop Mod","StSLib"],"gold_per_floor":[110,126,476,456,467,522,522,548,595,595,595,623,78,78,78,181,181,200,187,201,212,227,255,255,280,306,306,306,306],"floor_reached":28,"language":"ENG","playtime":9750,"items_purged":["downfall:Malfunctioning"],"score":445,"play_id":"7225c228-41b5-417a-9070-3a028701d400","local_time":"20210203181346","is_ascension_mode":true,"campfire_choices":[{"floor":7.0,"key":"REST"},{"data":"Fluid Movement","floor":15.0,"key":"SMITH"},{"floor":24.0,"key":"REST"},{"floor":27,"key":"REST"}],"circlet_count":0,"master_deck":["Strike_G","Strike_G","Strike_G+1","Strike_G","Strike_G","Defend_G","Defend_G","Defend_G","Defend_G","Defend_G","Survivor","Neutralize","Flying Knee","Dash","Sickly","Sickly","Blade Dance","Fluid Movement+1","Sickly","Slice","Fluid Movement+1","downfall:Haunted","ReplayTheSpireMod:Necrosis","Prepared","Poisoned Stab","ReplayTheSpireMod:Tripwire+1","Backstab+1","Cloak And Dagger","Outmaneuver+1","downfall:Bewildered","Pain","Flying Knee"],"relics":["Ring of the Snake","NeowsBlessing","ReplayTheSpireMod:Ring of Addiction","Ring of Greed","Potion Belt","Replay:Wax Seal","Old Coin","White Beast Statue","Iron Hammer","Juzu Bracelet","The Courier","Replay:Rubber Ducky","Ornamental Fan","Chemical X","Vajra","Busted Crown","Blue Doll","Whetstone","Smiling Mask"],"acts_visited":["Exordium","TheCity"],"potions_floor_usage":[25,25,28],"damage_taken":[{"damage":0.0,"enemies":"Small Slimes","floor":1.0,"turns":1.0},{"damage":0.0,"enemies":"2 Louse","floor":2.0,"turns":1.0},{"damage":0.0,"enemies":"Cultist","floor":5.0,"turns":1.0},{"damage":54.0,"enemies":"Lagavulin","floor":6.0,"turns":12.0},{"damage":28.0,"enemies":"3 Sentries","floor":8.0,"turns":8.0},{"damage":12.0,"enemies":"Gremlin Nob","floor":12.0,"turns":3.0},{"damage":34.0,"enemies":"Slime Boss","floor":16.0,"turns":15.0},{"damage":0.0,"enemies":"3 Byrds","floor":18.0,"turns":6.0},{"damage":10.0,"enemies":"2 Thieves","floor":19.0,"turns":4.0},{"damage":5.0,"enemies":"Centurion and Healer","floor":20.0,"turns":6.0},{"damage":12.0,"enemies":"Snake Plant","floor":21.0,"turns":6.0},{"damage":16.0,"enemies":"Shelled Parasite and Fungi","floor":22.0,"turns":5.0},{"damage":32.0,"enemies":"Book of Stabbing","floor":23.0,"turns":7.0},{"damage":30,"enemies":"Replay:Snechameleon","floor":25,"turns":8},{"damage":28,"enemies":"Book of Stabbing","floor":28,"turns":4}],"seed_played":"4345228447222597996","potions_obtained":[{"floor":2.0,"key":"Fire Potion"},{"floor":3.0,"key":"SteroidPotion"},{"floor":3.0,"key":"Explosive Potion"},{"floor":3.0,"key":"ColorlessPotion"},{"floor":4.0,"key":"Energy Potion"},{"floor":6.0,"key":"Poison Potion"},{"floor":8.0,"key":"FearPotion"},{"floor":12.0,"key":"PowerPotion"},{"floor":16.0,"key":"AttackPotion"},{"floor":18.0,"key":"Toxic Potion"},{"floor":19.0,"key":"FairyPotion"},{"floor":20.0,"key":"ColorlessPotion"},{"floor":21.0,"key":"SpeedPotion"},{"floor":22.0,"key":"Explosive Potion"},{"floor":23.0,"key":"LifebloodPotion"},{"floor":25,"key":"Dexterity Potion"}],"is_trial":false,"path_per_floor":["M","M","?","?","M","E","R","E","T","?","?","E","$","?","R","B",null,"M","M","M","M","M","E","R","E","T","R","E"],"character_chosen":"THE_SILENT","items_purchased":["Fluid Movement+1","Replay:Rubber Ducky","Ornamental Fan","Chemical X"],"campfire_rested":3,"item_purchase_floors":[13,13,13,13],"current_hp_per_floor":[70,70,70,70,70,16,37,9,9,31,78,66,66,41,41,7,59,59,49,44,32,16,10,32,2,2,24,0,0],"gold":306,"neow_bonus":"THREE_ENEMY_KILL","is_daily":false,"chose_seed":false,"campfire_upgraded":1,"win_rate":0.0,"timestamp":1612376026,"path_taken":["M","M","?","?","M","E","R","E","T","?","?","E","$","?","R","BOSS","M","M","M","M","M","E","R","E","T","R","E"],"items_purchased_type":["Card","Relic","Relic","Relic"],"build_version":"2020-12-22","purchased_purges":1,"victory":false,"max_hp_per_floor":[70,70,70,70,70,70,70,70,70,68,78,78,78,78,78,76,76,76,76,76,76,76,76,76,76,76,76,76,76],"card_choices":[{"not_picked":["ReplayTheSpireMod:Tripwire","Blur"],"picked":"Flying Knee","floor":1.0},{"not_picked":["Sucker Punch","Slice"],"picked":"Dash","floor":2.0},{"not_picked":["Flying Knee","Sucker Punch"],"picked":"Blade Dance","floor":5.0},{"not_picked":["Backstab","Finisher"],"picked":"ReplayTheSpireMod:From All Sides","floor":6.0},{"not_picked":["Dodge and Roll","Slice"],"picked":"Fluid Movement","floor":8.0},{"not_picked":["Dagger Spray","Reflex"],"picked":"Slice","floor":12.0},{"not_picked":["Storm of Steel","Tools of the Trade"],"picked":"ReplayTheSpireMod:Necrosis","floor":16.0},{"not_picked":[],"picked":"Prepared","floor":18.0},{"not_picked":[],"picked":"Poisoned Stab","floor":19.0},{"not_picked":[],"picked":"ReplayTheSpireMod:Tripwire+1","floor":20.0},{"not_picked":[],"picked":"Backstab","floor":21.0},{"not_picked":[],"picked":"Cloak And Dagger","floor":22.0},{"not_picked":[],"picked":"Outmaneuver+1","floor":23.0},{"not_picked":[],"picked":"Flying Knee","floor":25}],"player_experience":397203,"relics_obtained":[{"floor":3.0,"key":"ReplayTheSpireMod:Ring of Addiction"},{"floor":3.0,"key":"Ring of Greed"},{"floor":3.0,"key":"Potion Belt"},{"floor":3.0,"key":"Replay:Wax Seal"},{"floor":3.0,"key":"Old Coin"},{"floor":3.0,"key":"White Beast Statue"},{"floor":6.0,"key":"Iron Hammer"},{"floor":8.0,"key":"Juzu Bracelet"},{"floor":12.0,"key":"The Courier"},{"floor":23.0,"key":"Blue Doll"},{"floor":25,"key":"Whetstone"},{"floor":26,"key":"Smiling Mask"}],"event_choices":[{"damage_healed":0.0,"max_hp_gain":0.0,"max_hp_loss":0.0,"gold_gain":0.0,"event_name":"The Woman in Blue","player_choice":"Bought 1 Potion","floor":4.0,"gold_loss":0.0,"damage_taken":0.0},{"damage_healed":22.0,"max_hp_gain":0.0,"max_hp_loss":0.0,"gold_gain":0.0,"event_name":"Big Fish","player_choice":"Banana","floor":10.0,"gold_loss":0.0,"damage_taken":0.0},{"cards_removed":["ReplayTheSpireMod:From All Sides"],"damage_healed":37.0,"max_hp_gain":10.0,"max_hp_loss":0.0,"gold_gain":0.0,"event_name":"Bonfire Elementals","player_choice":"Offered Rare","floor":11.0,"gold_loss":0.0,"damage_taken":0.0},{"damage_healed":0.0,"max_hp_gain":0.0,"max_hp_loss":0.0,"gold_gain":0.0,"event_name":"Scrap Ooze","player_choice":"Success","floor":14.0,"gold_loss":0.0,"damage_taken":25.0,"relics_obtained":["Vajra"]}],"is_beta":false,"boss_relics":[{"not_picked":["Runic Dome","Ectoplasm"],"picked":"Busted Crown"}],"items_purged_floors":[13],"is_endless":false,"potions_floor_spawned":[2,5,6,8,12,16,18,19,20,21,22,23,25],"killed_by":"Book of Stabbing","ascension_level":5}}