{"host":"bd3tl98ed0kk4173","time":1612389261,"event":{"mods":["Aspiration","Astrologer","BaseMod","Beaked The Cultist","Better Altar","Better Match","Better Note","Better Sensory Stone","Better Skull","Better Third Choice","BetterRewards","CapriCore","Colored Map","Colored Powertips","Conspire","Emptier Cage","Energized Spire","GifTheSpireLib","GungeonMod","Halation","HexUI Lib","Highlight Path","Hubris","Infinite Spire","Jorbs\u0027s Wanderer Trilogy","Koishi","Melee Mod","Minty Spire (QoL Compilation)","Permanent Neow","Quick Restart","Rare Cards Sparkle","Reliquary","Replay The Spire","SacredBarkPlus","Spicy Shops","Spire Arcade","StSLib","Stuff the Spire","The Animator","The Blue Laboratory","The Disciple","The Judge","The Problem Sleuth","The Sage","The Valiant","??????REMEMod"],"gold_per_floor":[16,34,34,34,34,34,63,63,89,40,40,69,69,100,100,220,220,239,248,248],"floor_reached":19,"language":"ENG","playtime":1367,"items_purged":[],"score":157,"play_id":"8bc69a6c-4477-47fc-b396-320ac7fe08e9","local_time":"20210203165421","is_ascension_mode":false,"campfire_choices":[{"data":"Koishi:HauntingSlash","floor":6.0,"key":"SMITH"},{"data":"Koishi:ImGoingToCallYouNow","floor":11.0,"key":"SMITH"},{"data":"REME_ACTH","floor":13.0,"key":"SMITH"},{"data":"Koishi:JumpScare","floor":15.0,"key":"SMITH"}],"circlet_count":0,"master_deck":["Koishi:BasicStrike","Koishi:BasicStrike","Koishi:BasicStrike","Koishi:BasicStrike","Koishi:BasicDefend","Koishi:BasicDefend","Koishi:BasicDefend","Koishi:BasicDefend","Koishi:Provoke","Koishi:HauntingSlash+1","REME_ACTH+1","Koishi:ImGoingToCallYouNow+1","StuffTheSpire:FreeRealEstate","Koishi:MindNumbingTerror","Koishi:JumpScare+1","Koishi:ParalyzingFear"],"relics":["Koishi:ImaginaryFriend","REME_ComplimentaryCards","StuffTheSpire:OldFever","Replay:Grab Bag","reliquary:KinkedSpring","Sozu","REME_LowDesire","Pen Nib","aspiration:Lifesprig"],"acts_visited":["Exordium","TheCity"],"potions_floor_usage":[19],"damage_taken":[{"damage":0.0,"enemies":"2 Louse","floor":1.0,"turns":3.0},{"damage":2.0,"enemies":"Small Slimes","floor":2.0,"turns":6.0},{"damage":5.0,"enemies":"Jaw Worm","floor":7.0,"turns":4.0},{"damage":0.0,"enemies":"2 Fungi Beasts","floor":12.0,"turns":4.0},{"damage":17.0,"enemies":"3 Louse","floor":14.0,"turns":3.0},{"damage":17.0,"enemies":"Slime Boss","floor":16.0,"turns":8.0},{"damage":0.0,"enemies":"Chosen","floor":18.0,"turns":4.0},{"damage":60,"enemies":"3 Byrds","floor":19,"turns":8}],"seed_played":"-424911863661250756","potions_obtained":[{"floor":2.0,"key":"Dexterity Potion"},{"floor":7.0,"key":"SpeedPotion"}],"is_trial":false,"path_per_floor":["M","M","?","?","?","R","M","?","T","$","R","M","R","M","R","B",null,"M","M"],"character_chosen":"KOISHI","items_purchased":["DemoMod:LeadSkinPotion"],"campfire_rested":0,"item_purchase_floors":[10],"current_hp_per_floor":[60,59,59,59,59,59,60,60,60,60,60,60,60,60,60,47,60,60,0,0],"gold":248,"neow_bonus":"THREE_RARE_CARDS","is_daily":false,"chose_seed":false,"campfire_upgraded":4,"win_rate":0.0,"timestamp":1612389261,"path_taken":["M","M","?","?","?","R","M","?","T","$","R","M","R","?","R","BOSS","M","M"],"items_purchased_type":["Undefined"],"build_version":"2020-12-22","purchased_purges":0,"victory":false,"max_hp_per_floor":[60,60,60,60,60,60,60,60,60,60,60,60,60,60,60,60,60,60,60,60],"card_choices":[{"not_picked":["Koishi:PerfectMindControl","Koishi:TerrifyingSpectre"],"picked":"Koishi:ImGoingToCallYouNow","floor":0.0},{"not_picked":["Koishi:ApparitionsStalkTheNight","Koishi:Untouchable","Koishi:Jaunt"],"picked":"SKIP","floor":1.0},{"not_picked":["Koishi:PhantomStrike","Koishi:FourthEye","Koishi:SubconsciousSweep"],"picked":"SKIP","floor":2.0},{"not_picked":["Koishi:UnansweredLove","Koishi:Catatonia"],"picked":"Koishi:MindNumbingTerror","floor":7.0},{"not_picked":["Koishi:BramblyRoseGarden","Koishi:FleetingPhantom"],"picked":"Koishi:JumpScare","floor":12.0},{"not_picked":["Koishi:UnansweredLove","Koishi:Untouchable"],"picked":"Koishi:ParalyzingFear","floor":14.0},{"not_picked":["Koishi:ParalyzingFear","Koishi:SubconsciousSweep","Koishi:DNAsFlaw+1","Forethought"],"picked":"SKIP","floor":18.0}],"player_experience":95980,"relics_obtained":[{"floor":9.0,"key":"StuffTheSpire:OldFever"},{"floor":17.0,"key":"Pen Nib"},{"floor":17.0,"key":"aspiration:Lifesprig"}],"event_choices":[{"damage_healed":0.0,"max_hp_gain":0.0,"max_hp_loss":0.0,"gold_gain":1.0,"event_name":"betterStone:BetterStone","player_choice":"4","floor":4.0,"gold_loss":0.0,"damage_taken":0.0,"cards_obtained":["StuffTheSpire:FreeRealEstate"]},{"damage_healed":0.0,"max_hp_gain":0.0,"max_hp_loss":0.0,"gold_gain":0.0,"event_name":"Wheel of Change","player_choice":"Full Heal","floor":8.0,"gold_loss":0.0,"damage_taken":0.0}],"is_beta":false,"boss_relics":[{"not_picked":["hubris:TerracottaHorce","conspire:SlowCooker"],"picked":"Replay:Grab Bag"},{"not_picked":["Replay:Bronze Core","energizedSpire:SpiderWeb"],"picked":"reliquary:KinkedSpring"},{"not_picked":["StuffTheSpire:ModemDavis","reliquary:RedCape"],"picked":"Sozu"},{"not_picked":["SlaversCollar","aspiration:RitualDagger"],"picked":"REME_LowDesire"}],"items_purged_floors":[],"is_endless":false,"potions_floor_spawned":[2,7,14],"killed_by":"3 Byrds","ascension_level":0}}