{"host":"ek3xvuouaw6vk9if","time":1612321785,"event":{"mods":["BaseMod","BetterRewards","Downfall","Minty Spire (QoL Compilation)","Permanent Neow","Quick Restart","Relic Stats","Replay The Spire","Spire Arcade","StSLib"],"gold_per_floor":[117,117,117,138,138,174,174,193,193,193,209,245,17,37,37,157,157,173,173,192,192,217,250,270,270,296,309,309,344,0,15,15,140,140,155,179,179,198,198,198,239,239,239,85,108,147,168,184,184,184],"floor_reached":51,"language":"ENG","playtime":3013,"items_purged":["Strike_B","Injury"],"score":874,"play_id":"8677c27a-c3f2-4909-a354-d3109a657784","local_time":"20210202220945","is_ascension_mode":true,"campfire_choices":[{"data":"Dualcast","floor":7,"key":"SMITH"},{"data":"Defragment","floor":10,"key":"SMITH"},{"data":"BasicCrystalCard","floor":15,"key":"SMITH"},{"data":"Biased Cognition","floor":25,"key":"SMITH"},{"data":"Fusion","floor":28,"key":"SMITH"},{"data":"Pot Of Greed","floor":32,"key":"SMITH"},{"data":"Pot Of Greed","floor":40,"key":"SMITH"},{"data":"Pot Of Greed","floor":42,"key":"SMITH"},{"data":"Coolheaded","floor":49,"key":"SMITH"}],"circlet_count":0,"master_deck":["Strike_B","Defend_B","Defend_B+1","Zap+1","Dualcast+1","Melter","Cold Snap+1","Compile Driver","FIFO Queue","Defragment+1","Cold Snap","BasicCrystalCard+1","Biased Cognition+1","Fusion+1","Ball Lightning","Capacitor","Pot Of Greed+1","Pot Of Greed+1","Coolheaded+1","Echo Form","Panic Button+1","BasicCrystalCard+1","Parasite","Steam Power+1","Pot Of Greed+1","Rip and Tear","Double Energy+1","Tempest+1","Skim+1"],"relics":["Cracked Core","Golden Idol","Strawberry","White Beast Statue","Toy Ornithopter","Pet Ghost","Painkiller Herb","Meat on the Bone","hexamod:BolsterEngine","Grinning Jar","InkBottle","Philosopher\u0027s Stone","Bottled Tornado","Bird Faced Urn","OrangePellets","Blue Candle"],"acts_visited":["Exordium","TheCity","TheBeyond"],"potions_floor_usage":[12,16,16,23,23,29,31,33,47,50,50,50],"damage_taken":[{"damage":0,"enemies":"Small Slimes","floor":1,"turns":2},{"damage":0,"enemies":"2 Louse","floor":4,"turns":2},{"damage":18,"enemies":"Lagavulin","floor":6,"turns":6},{"damage":4,"enemies":"Jaw Worm","floor":8,"turns":2},{"damage":11,"enemies":"Large Slime","floor":11,"turns":5},{"damage":5,"enemies":"3 Sentries","floor":12,"turns":6},{"damage":0,"enemies":"Looter","floor":14,"turns":3},{"damage":0,"enemies":"Slime Boss","floor":16,"turns":10},{"damage":0,"enemies":"3 Byrds","floor":18,"turns":6},{"damage":1,"enemies":"Shell Parasite","floor":20,"turns":6},{"damage":9,"enemies":"Shelled Parasite and Fungi","floor":22,"turns":4},{"damage":13,"enemies":"Book of Stabbing","floor":23,"turns":5},{"damage":0,"enemies":"Snecko","floor":24,"turns":4},{"damage":5,"enemies":"Snake Plant","floor":27,"turns":5},{"damage":30,"enemies":"Slavers","floor":29,"turns":5},{"damage":0,"enemies":"Centurion and Healer","floor":31,"turns":5},{"damage":13,"enemies":"Collector","floor":33,"turns":8},{"damage":0,"enemies":"Orb Walker","floor":35,"turns":4},{"damage":6,"enemies":"3 Darklings","floor":36,"turns":5},{"damage":20,"enemies":"Writhing Mass","floor":38,"turns":5},{"damage":0,"enemies":"Giant Head","floor":41,"turns":7},{"damage":0,"enemies":"Maw","floor":45,"turns":5},{"damage":0,"enemies":"Nemesis","floor":46,"turns":5},{"damage":26,"enemies":"4 Shapes","floor":47,"turns":3},{"damage":2,"enemies":"Transient","floor":48,"turns":5},{"damage":37,"enemies":"Donu and Deca","floor":50,"turns":8}],"seed_played":"-7062367137460356375","potions_obtained":[{"floor":6,"key":"BlessingOfTheForge"},{"floor":8,"key":"PowerPotion"},{"floor":11,"key":"Explosive Potion"},{"floor":12,"key":"AttackPotion"},{"floor":14,"key":"Reflective Coating"},{"floor":16,"key":"Weak Potion"},{"floor":18,"key":"AttackPotion"},{"floor":20,"key":"Block Potion"},{"floor":23,"key":"EssenceOfSteel"},{"floor":24,"key":"Dexterity Potion"},{"floor":29,"key":"SkillPotion"},{"floor":31,"key":"EssenceOfDarkness"},{"floor":33,"key":"SmokeBomb"},{"floor":35,"key":"EssenceOfSteel"},{"floor":38,"key":"PowerPotion"},{"floor":41,"key":"Ancient Potion"},{"floor":47,"key":"PowerPotion"}],"is_trial":false,"path_per_floor":["M","?","?","M","?","E","R","M","T","R","M","E","$","M","R","B",null,"?","?","?","?","?","E","?","T","T","?","T","E","T","?","T","B",null,"?","?","?","?","?","T","E","T","T","T","?","E","?","?","T","B",null],"character_chosen":"DEFECT","items_purchased":["Pet Ghost","InkBottle","OrangePellets"],"campfire_rested":0,"item_purchase_floors":[13,30,44],"current_hp_per_floor":[75,75,75,75,60,49,49,45,45,45,34,29,29,29,29,39,82,82,82,81,81,72,69,69,69,69,64,64,51,51,56,56,48,82,82,76,76,56,56,56,56,56,56,56,66,78,62,70,70,60],"gold":184,"neow_bonus":"TRANSFORM_CARD","is_daily":false,"chose_seed":false,"campfire_upgraded":9,"win_rate":0.0,"timestamp":1612321785,"path_taken":["M","?","?","M","?","E","R","M","T","R","M","E","$","?","R","BOSS","?","?","?","?","?","E","?","T","T","?","T","E","T","?","T","BOSS","?","?","?","?","?","T","E","T","T","T","?","E","?","?","T","BOSS"],"items_purchased_type":["Relic","Relic","Relic"],"build_version":"2020-12-22","purchased_purges":2,"victory":true,"max_hp_per_floor":[75,75,75,75,75,82,82,82,82,82,82,82,82,82,82,82,82,82,82,82,82,82,82,82,82,82,82,82,82,82,82,82,82,82,82,82,82,82,82,82,82,82,82,82,82,82,82,82,82,82],"relic_stats":{"OrangePellets":[6],"counters":[26,130],"Golden Idol":178,"Bird Faced Urn":[54],"Blue Candle":[1],"obtain_stats":[{"Golden Idol":3,"Blue Candle":46,"Painkiller Herb":17,"Bottled Tornado":41,"White Beast Statue":9,"Pet Ghost":13,"OrangePellets":44,"Strawberry":6,"Bird Faced Urn":43,"Philosopher\u0027s Stone":34,"hexamod:BolsterEngine":26,"Grinning Jar":29,"Cracked Core":0,"Toy Ornithopter":12,"InkBottle":30,"Meat on the Bone":23},{"Golden Idol":1,"Blue Candle":23,"Painkiller Herb":8,"Bottled Tornado":21,"White Beast Statue":4,"Pet Ghost":6,"OrangePellets":21,"Strawberry":3,"Bird Faced Urn":21,"Philosopher\u0027s Stone":17,"hexamod:BolsterEngine":13,"Grinning Jar":15,"Cracked Core":0,"Toy Ornithopter":6,"InkBottle":15,"Meat on the Bone":12},{"Golden Idol":2,"Blue Candle":114,"Painkiller Herb":35,"Bottled Tornado":104,"White Beast Statue":12,"Pet Ghost":23,"OrangePellets":104,"Strawberry":10,"Bird Faced Urn":104,"Philosopher\u0027s Stone":83,"hexamod:BolsterEngine":60,"Grinning Jar":70,"Cracked Core":0,"Toy Ornithopter":23,"InkBottle":70,"Meat on the Bone":56}],"Toy Ornithopter":50,"InkBottle":[45],"Meat on the Bone":12},"card_choices":[{"not_picked":["FIFO Queue","Panic Button"],"picked":"Cold Snap","floor":1},{"not_picked":["Coolheaded","Stack"],"picked":"Compile Driver","floor":4},{"not_picked":["Recycle","Steam"],"picked":"FIFO Queue","floor":6},{"not_picked":["Coolheaded","BasicCrystalCard"],"picked":"Defragment","floor":8},{"not_picked":["Amplify","Conserve Battery"],"picked":"Cold Snap","floor":11},{"not_picked":["Redo","Auto Shields","Hologram"],"picked":"SKIP","floor":12},{"not_picked":["Beam Cell","Coolheaded"],"picked":"BasicCrystalCard","floor":14},{"not_picked":["Core Surge","Fission"],"picked":"Biased Cognition","floor":16},{"not_picked":["Chill+1","FTL+1"],"picked":"Fusion","floor":18},{"not_picked":["Recycle","Streamline"],"picked":"Ball Lightning","floor":20},{"not_picked":["Panic Button","Hologram"],"picked":"Capacitor","floor":22},{"not_picked":["Streamline","Stack","Compile Driver"],"picked":"SKIP","floor":23},{"not_picked":["Genetic Algorithm+1","Conserve Battery","ReplayTheSpireMod:Reroute Power"],"picked":"SKIP","floor":24},{"not_picked":["Steam","Aggregate","Static Discharge+1"],"picked":"SKIP","floor":27},{"not_picked":["Ball Lightning","Streamline+1","Leap+1"],"picked":"SKIP","floor":29},{"not_picked":["Auto Shields+1","Panic Button"],"picked":"Coolheaded","floor":31},{"not_picked":["Machine Learning","ReplayTheSpireMod:Fabricate Wheel"],"picked":"Echo Form","floor":33},{"not_picked":["Steam Power","Ball Lightning"],"picked":"Panic Button+1","floor":35},{"not_picked":["Barrage+1","Gash"],"picked":"BasicCrystalCard+1","floor":36},{"not_picked":["Barrage","Rebound"],"picked":"Steam Power+1","floor":38},{"not_picked":["Gash","Chaos"],"picked":"Double Energy+1","floor":41},{"not_picked":["Coolheaded+1","Steam+1"],"picked":"Tempest+1","floor":45},{"not_picked":["Double Energy","Hello World+1","ReplaySolidLightProjector"],"picked":"SKIP","floor":46},{"not_picked":["Conserve Battery+1","ReplayGash+1","Reinforced Body+1"],"picked":"SKIP","floor":47},{"not_picked":["Panic Button+1","Reinforced Body"],"picked":"Skim+1","floor":48}],"player_experience":751142,"relics_obtained":[{"floor":6,"key":"Strawberry"},{"floor":9,"key":"White Beast Statue"},{"floor":12,"key":"Toy Ornithopter"},{"floor":23,"key":"Meat on the Bone"},{"floor":26,"key":"hexamod:BolsterEngine"},{"floor":29,"key":"Grinning Jar"},{"floor":41,"key":"Bottled Tornado"},{"floor":43,"key":"Bird Faced Urn"},{"floor":46,"key":"Blue Candle"}],"event_choices":[{"damage_healed":0,"gold_gain":0,"player_choice":"Grow","damage_taken":0,"max_hp_gain":0,"max_hp_loss":0,"event_name":"Living Wall","floor":2,"gold_loss":0,"cards_upgraded":["Zap"]},{"damage_healed":0,"gold_gain":0,"player_choice":"Take Wound","damage_taken":0,"relics_obtained":["Golden Idol"],"max_hp_gain":0,"max_hp_loss":0,"event_name":"Golden Idol","floor":3,"gold_loss":0,"cards_obtained":["Injury"]},{"damage_healed":0,"gold_gain":0,"player_choice":"Entered Light","damage_taken":15,"max_hp_gain":0,"max_hp_loss":0,"event_name":"Shining Light","floor":5,"gold_loss":0,"cards_upgraded":["Cold Snap","Defend_B"]},{"cards_removed":["Strike_B"],"damage_healed":0,"gold_gain":0,"player_choice":"Elegance","damage_taken":0,"max_hp_gain":0,"max_hp_loss":0,"event_name":"Back to Basics","floor":19,"gold_loss":0},{"cards_removed":["Defend_B"],"damage_healed":0,"gold_gain":0,"player_choice":"Card Removal","damage_taken":0,"max_hp_gain":0,"max_hp_loss":0,"event_name":"Wheel of Change","floor":21,"gold_loss":0},{"damage_healed":0,"gold_gain":0,"player_choice":"Ignored","damage_taken":0,"max_hp_gain":0,"max_hp_loss":0,"event_name":"Tomb of Lord Red Mask","floor":37,"gold_loss":0},{"damage_healed":0,"gold_gain":0,"cards_transformed":["Defend_B"],"player_choice":"Transformed","damage_taken":0,"max_hp_gain":0,"max_hp_loss":0,"event_name":"Transmorgrifier","floor":39,"gold_loss":0,"cards_obtained":["Rip and Tear"]}],"is_beta":false,"boss_relics":[{"not_picked":["Busted Crown","expansioncontent:StudyCardRelic"],"picked":"Painkiller Herb"},{"not_picked":["bronze:MakeshiftBattery","Replay:Grab Bag"],"picked":"Philosopher\u0027s Stone"}],"items_purged_floors":[13,30],"is_endless":false,"potions_floor_spawned":[6,8,11,12,14,16,18,20,22,23,24,27,29,31,33,35,36,38,41,45,46,47,48],"ascension_level":1}}