{"host":"rykcscnxwcosqdkz","time":1612346917,"event":{"mods":["BaseMod","Downfall","GifTheSpireLib","Minty Spire (QoL Compilation)","StSLib"],"gold_per_floor":[99,114,114,214,225,225,251,270,270,286,286,286,299,299,310,310,310,310],"floor_reached":16,"language":"ENG","playtime":669,"items_purged":[],"score":92,"play_id":"273ecdfa-15e3-46a2-92fd-36e8a2fb10f5","local_time":"20210203110837","is_ascension_mode":false,"campfire_choices":[{"data":"hexamod:Sear","floor":1,"key":"SMITH"},{"data":"hexamod:BurningTouch","floor":6,"key":"SMITH"},{"floor":9,"key":"REST"}],"circlet_count":0,"master_deck":["hexamod:Strike+1","hexamod:Strike","hexamod:Strike","hexamod:Strike+1","hexamod:Defend","hexamod:Defend+1","hexamod:Defend+1","hexamod:Defend+1","hexamod:Sear+1","hexamod:Float+1","hexamod:SixthSeal","hexamod:HeatCrush","hexamod:BurningTouch+1","hexamod:GhostflameBarrier","hexamod:HeatShield"],"relics":["hexamod:SpiritBrand","War Paint","Eternal Feather","downfall:BrokenWingStatue"],"acts_visited":["Exordium"],"potions_floor_usage":[16,16,16],"damage_taken":[{"damage":6,"enemies":"Jaw Worm","floor":2,"turns":4},{"damage":1,"enemies":"Cultist","floor":5,"turns":3},{"damage":7,"enemies":"2 Louse","floor":8,"turns":3},{"damage":9,"enemies":"2 Fungi Beasts","floor":10,"turns":4},{"damage":7,"enemies":"Blue Slaver","floor":13,"turns":5},{"damage":5,"enemies":"Exordium Thugs","floor":15,"turns":4},{"damage":35,"enemies":"WA_ARCHETYPE_RETAIN","floor":16,"turns":8}],"seed_played":"7821591129411478738","potions_obtained":[{"floor":2,"key":"hexamod:SoulburnPotion"},{"floor":8,"key":"Block Potion"},{"floor":13,"key":"GamblersBrew"}],"is_trial":false,"path_per_floor":["R","M","?","?","M","R","T","M","R","M","?","?","M","?","M","B"],"character_chosen":"THE_SPIRIT","items_purchased":[],"campfire_rested":1,"item_purchase_floors":[],"current_hp_per_floor":[49,43,43,43,42,42,42,35,56,47,44,44,37,37,32,0,0,0],"gold":310,"neow_bonus":"THREE_RARE_CARDS","is_daily":false,"chose_seed":false,"campfire_upgraded":2,"win_rate":0.0,"timestamp":1612346917,"path_taken":["R","M","?","?","M","R","T","M","R","?","?","?","M","?","M","BOSS"],"items_purchased_type":[],"build_version":"2020-12-22","purchased_purges":0,"victory":false,"max_hp_per_floor":[70,70,70,70,70,70,70,70,70,70,70,70,70,70,70,70,70,70],"card_choices":[{"not_picked":["hexamod:GhostflameInferno","hexamod:GiftsFromTheDead"],"picked":"hexamod:SixthSeal","floor":0},{"not_picked":["hexamod:DynamicBlow","hexamod:Hexaguard"],"picked":"hexamod:HeatCrush","floor":2},{"not_picked":["hexamod:Firestarter","hexamod:RainOfEmbers"],"picked":"hexamod:BurningTouch","floor":5},{"not_picked":["hexamod:ShieldOfDarkness","hexamod:GhostOfSpirePast","hexamod:Haunt"],"picked":"SKIP","floor":8},{"not_picked":["hexamod:SwordOfDarkness","hexamod:PhantomCloak"],"picked":"hexamod:GhostflameBarrier","floor":10},{"not_picked":["hexamod:Firestarter","hexamod:Hexaguard"],"picked":"hexamod:HeatShield","floor":13},{"not_picked":["hexamod:HeatCrush","hexamod:SpectralAdrenaline","hexamod:HeatMetal"],"picked":"SKIP","floor":15}],"player_experience":79986,"relics_obtained":[{"floor":7,"key":"War Paint"}],"event_choices":[{"damage_healed":0,"gold_gain":0,"player_choice":"Success","damage_taken":3,"relics_obtained":["Eternal Feather"],"max_hp_gain":0,"max_hp_loss":0,"event_name":"Scrap Ooze","floor":11,"gold_loss":0}],"is_beta":false,"boss_relics":[],"items_purged_floors":[],"is_endless":false,"potions_floor_spawned":[2,8,13],"killed_by":"WA_ARCHETYPE_RETAIN","ascension_level":0}}