{"host":"klqcd4cqxrk2p1u3","time":1612312126,"event":{"mods":["BaseMod","Downfall","Minty Spire (QoL Compilation)","StSLib"],"gold_per_floor":[99,110,126,226,239,239,239,259,273,73,83,115,290,26,38,138,138,38,54,73,87,87,136,214,228,228,240,240,251,251,265,284,385,385,385,399,419,419,419,11,87,99,99,115,115,134,134,144,161,161,161,161],"floor_reached":50,"language":"ENG","playtime":7449,"items_purged":["Doubt"],"score":504,"play_id":"851a379a-0e3b-4693-9873-2ade00f60675","local_time":"20210202192846","is_ascension_mode":false,"campfire_choices":[{"floor":1,"key":"RECALL"},{"floor":10,"key":"REST"},{"data":"bronze:Terminator","floor":18,"key":"SMITH"},{"data":"bronze:Assembly","floor":26,"key":"SMITH"},{"data":"bronze:BuggyMess","floor":28,"key":"SMITH"},{"data":"Panache","floor":30,"key":"SMITH"},{"data":"bronze:Verify","floor":35,"key":"SMITH"},{"data":"bronze:GetLatest","floor":43,"key":"SMITH"},{"data":"bronze:Constructor","floor":45,"key":"SMITH"},{"floor":47,"key":"REST"}],"circlet_count":0,"master_deck":["bronze:Replicate","bronze:Goto","bronze:Branch","bronze:Separator","bronze:BugBarrage","bronze:Terminator+1","bronze:FollowUp","bronze:InfiniteBeams","bronze:Constructor+1","bronze:Assembly+1","Panache+1","bronze:BuggyMess+1","bronze:TinkerersToolbox","bronze:WhirlingStrike","bronze:Turbo","bronze:FollowUp","bronze:Break","bronze:DelayedGuard","bronze:Break","bronze:Shield","bronze:FollowUp","bronze:Overheat","bronze:Allocate+1","bronze:Separator","bronze:FineTuning","bronze:Overheat","bronze:Branch","bronze:CutThrough","bronze:Verify+1","bronze:CleanCode","bronze:BitShift+1","bronze:ChosenStrike+1","bronze:RecursiveStrike","bronze:Optimize","bronze:Repair","bronze:GetLatest+1","bronze:FineTuning+1","bronze:BronzeOrb+1","bronze:GetLatest+1","bronze:Branch+1","bronze:Shield+1"],"relics":["bronze:BronzeCore","downfall:ShatteredFragment","downfall:HeartBlessingBlue","downfall:HeartBlessingRed","Art of War","Pandora\u0027s Box","downfall:HeartBlessingGreen","Orichalcum","The Courier","Sozu","bronze:BottledCode","bronze:Mallet","Molten Egg 2"],"acts_visited":["Exordium","TheCity","TheBeyond"],"potions_floor_usage":[9,16,21,33,36],"damage_taken":[{"damage":5,"enemies":"Jaw Worm","floor":2,"turns":4},{"damage":0,"enemies":"Small Slimes","floor":3,"turns":5},{"damage":7,"enemies":"2 Louse","floor":5,"turns":2},{"damage":0,"enemies":"Lots of Slimes","floor":8,"turns":4},{"damage":5,"enemies":"Exordium Thugs","floor":9,"turns":2},{"damage":0,"enemies":"3 Louse","floor":11,"turns":2},{"damage":9,"enemies":"3 Sentries","floor":12,"turns":6},{"damage":0,"enemies":"downfall:FleeingMerchant","floor":14,"turns":4},{"damage":0,"enemies":"Large Slime","floor":15,"turns":5},{"damage":5,"enemies":"IC_STATUS_ARCHETYPE","floor":16,"turns":5},{"damage":1,"enemies":"Chosen","floor":19,"turns":2},{"damage":3,"enemies":"Shelled Parasite and Fungi","floor":20,"turns":4},{"damage":20,"enemies":"Centurion and Healer","floor":21,"turns":3},{"damage":4,"enemies":"Cultist and Chosen","floor":25,"turns":3},{"damage":0,"enemies":"Snake Plant","floor":27,"turns":3},{"damage":1,"enemies":"3 Cultists","floor":29,"turns":4},{"damage":9,"enemies":"Centurion and Healer","floor":31,"turns":4},{"damage":0,"enemies":"Cultist and Chosen","floor":32,"turns":3},{"damage":39,"enemies":"SI_MIRROR_ARCHETYPE","floor":33,"turns":7},{"damage":0,"enemies":"Orb Walker","floor":36,"turns":2},{"damage":4,"enemies":"3 Shapes","floor":37,"turns":5},{"damage":6,"enemies":"downfall:FleeingMerchant","floor":40,"turns":4},{"damage":4,"enemies":"Maw","floor":42,"turns":5},{"damage":13,"enemies":"4 Shapes","floor":44,"turns":3},{"damage":10,"enemies":"Transient","floor":46,"turns":5},{"damage":14,"enemies":"Sphere and 2 Shapes","floor":48,"turns":4},{"damage":8,"enemies":"3 Darklings","floor":49,"turns":3},{"damage":72,"enemies":"WA_ARCHETYPE_DIVINITY","floor":50,"turns":3}],"seed_played":"8268532457898037054","potions_obtained":[{"floor":5,"key":"GamblersBrew"},{"floor":9,"key":"Fire Potion"},{"floor":11,"key":"CultistPotion"},{"floor":15,"key":"FearPotion"},{"floor":16,"key":"SpeedPotion"},{"floor":20,"key":"Energy Potion"},{"floor":27,"key":"Block Potion"},{"floor":31,"key":"CultistPotion"},{"floor":33,"key":"SmokeBomb"}],"is_trial":false,"path_per_floor":["R","M","M","?","M","?","T","M","M","R","M","E","?","$","M","B",null,"R","M","M","M","?","T","T","M","R","M","R","M","R","M","M","B",null,"R","M","M","?","?","$","T","M","R","M","R","M","R","M","M","B"],"character_chosen":"THE_AUTOMATON","items_purchased":["Panache","bronze:Mallet","bronze:Optimize","bronze:Repair","bronze:GetLatest"],"campfire_rested":2,"item_purchase_floors":[14,40,40,40,40],"current_hp_per_floor":[77,72,72,72,65,44,44,44,39,75,75,66,66,66,66,61,87,87,86,83,63,87,87,87,83,83,83,83,82,82,73,73,34,87,87,87,83,77,77,71,71,73,73,65,65,55,77,70,69,0,0,0],"gold":161,"neow_bonus":"TEN_PERCENT_HP_BONUS","is_daily":false,"chose_seed":false,"campfire_upgraded":7,"win_rate":0.0,"timestamp":1612312126,"path_taken":["R","M","M","?","M","?","T","M","M","R","M","E","?","$","M","BOSS","R","M","M","M","?","?","T","M","R","M","R","M","R","?","M","BOSS","R","M","M","?","?","$","T","M","R","M","R","M","R","?","M","BOSS"],"items_purchased_type":["Card","Relic","Card","Card","Card"],"build_version":"2020-12-22","purchased_purges":1,"victory":false,"max_hp_per_floor":[77,77,77,77,77,77,77,77,77,87,87,87,87,87,87,87,87,87,87,87,87,87,87,87,87,87,87,87,87,87,87,87,87,87,87,87,87,77,77,77,77,77,77,77,77,77,77,77,77,77,77,77],"card_choices":[{"not_picked":["bronze:FineTuning","bronze:DelayedGuard"],"picked":"bronze:Branch","floor":2},{"not_picked":["bronze:FollowUp","bronze:Shield"],"picked":"bronze:Separator","floor":3},{"not_picked":["bronze:Philosophize","bronze:HardenedForm"],"picked":"bronze:BugBarrage","floor":5},{"not_picked":["bronze:OilSpill","bronze:BugBarrage"],"picked":"bronze:Terminator","floor":8},{"not_picked":["bronze:OilSpill","bronze:BronzeArmor"],"picked":"bronze:FollowUp","floor":9},{"not_picked":["bronze:Deprecate","bronze:Invalidate"],"picked":"bronze:InfiniteBeams","floor":11},{"not_picked":["bronze:CloningBeam","bronze:BuggyMess"],"picked":"bronze:Constructor","floor":12},{"not_picked":["bronze:ChildClass","bronze:Constructor"],"picked":"bronze:Assembly","floor":14},{"not_picked":["bronze:Overload","bronze:Terminator"],"picked":"bronze:BuggyMess","floor":15},{"not_picked":["bronze:ShipIt","bronze:Hardcode"],"picked":"bronze:TinkerersToolbox","floor":16},{"not_picked":["bronze:Flail+1","bronze:WildBeam"],"picked":"bronze:Overheat","floor":19},{"not_picked":["bronze:ChosenStrike","bronze:Terminator"],"picked":"bronze:Allocate+1","floor":20},{"not_picked":["bronze:DelayedGuard","bronze:WildBeam+1"],"picked":"bronze:Separator","floor":21},{"not_picked":["bronze:Frontload+1","bronze:OilSpill"],"picked":"bronze:FineTuning","floor":25},{"not_picked":["bronze:OilSpill","bronze:Turbo"],"picked":"bronze:Overheat","floor":27},{"not_picked":["bronze:WhirlingStrike","bronze:WildBeam"],"picked":"bronze:Branch","floor":29},{"not_picked":["bronze:Boost","bronze:Frontload"],"picked":"bronze:CutThrough","floor":31},{"not_picked":["bronze:ForLoop","bronze:Refactor"],"picked":"bronze:Verify","floor":32},{"not_picked":["bronze:HyperBeam","bronze:InfiniteLoop"],"picked":"bronze:CleanCode","floor":33},{"not_picked":["bronze:OilSpill","bronze:Invalidate+1"],"picked":"bronze:BitShift+1","floor":36},{"not_picked":["bronze:Branch","bronze:Shield+1"],"picked":"bronze:ChosenStrike+1","floor":37},{"not_picked":["bronze:Philosophize","bronze:CutThrough"],"picked":"bronze:RecursiveStrike","floor":40},{"not_picked":["bronze:BugBarrage+1","bronze:Branch+1"],"picked":"bronze:FineTuning+1","floor":42},{"not_picked":["bronze:Constructor","bronze:ChildClass"],"picked":"bronze:BronzeOrb+1","floor":44},{"not_picked":["bronze:DelayedGuard+1","bronze:Overload+1"],"picked":"bronze:GetLatest+1","floor":46},{"not_picked":["bronze:Invalidate","bronze:DelayedGuard+1"],"picked":"bronze:Branch+1","floor":48},{"not_picked":["bronze:Hardcode","bronze:Overheat+1"],"picked":"bronze:Shield+1","floor":49}],"player_experience":1415193,"relics_obtained":[{"floor":12,"key":"Art of War"},{"floor":23,"key":"Orichalcum"},{"floor":24,"key":"The Courier"},{"floor":41,"key":"Molten Egg 2"}],"event_choices":[{"damage_healed":29,"gold_gain":0,"player_choice":"Heal","damage_taken":0,"max_hp_gain":0,"max_hp_loss":0,"event_name":"The Library","floor":22,"gold_loss":0},{"damage_healed":0,"gold_gain":0,"player_choice":"Ignored","damage_taken":0,"max_hp_gain":0,"max_hp_loss":0,"event_name":"NoteForYourself","floor":39,"gold_loss":0}],"is_beta":false,"boss_relics":[{"not_picked":["Calling Bell","Busted Crown"],"picked":"Pandora\u0027s Box"},{"not_picked":["Astrolabe","SacredBark"],"picked":"Sozu"}],"items_purged_floors":[14],"is_endless":false,"potions_floor_spawned":[5,9,11,15,16,20,27,31,33,36,42,46,48],"killed_by":"WA_ARCHETYPE_DIVINITY","ascension_level":0}}