{"host":"11728qvdvolffudn","time":1612359482,"event":{"mods":["BaseMod","Block Reminder","Colored Powertips","Curses Come First","Custom Start","Displayed Cursed Tome","Filter the Spire","Highlight Path","Minty Spire (QoL Compilation)","Permanent Neow","Quick Restart","Rare Cards Sparkle","Relic Stats","StSLib","Weighted Paths"],"gold_per_floor":[118,132,148,162,162,197,197,25,25,53,70,70,70,87,87,191,191,201,217,231,244,244,244],"floor_reached":22,"language":"ENG","playtime":1768,"items_purged":[],"score":245,"play_id":"396d6599-4ca0-4ded-a8a0-625b7752aedc","local_time":"20210203133802","is_ascension_mode":true,"campfire_choices":[{"data":"Cleave","floor":7,"key":"SMITH"},{"data":"Defend_R","floor":13,"key":"SMITH"},{"data":"Iron Wave","floor":15,"key":"SMITH"}],"circlet_count":0,"master_deck":["Strike_R","Strike_R","Defend_R","Defend_R+1","Defend_R","Bash","Cleave+1","Flex+1","Iron Wave+1","Shrug It Off","Feed","Flex"],"relics":["Burning Blood","Bag of Preparation","Lantern","Sundial","Mango","Empty Cage"],"acts_visited":["Exordium","TheCity"],"potions_floor_usage":[6,6,16,16,21],"damage_taken":[{"damage":10,"enemies":"2 Louse","floor":1,"turns":2},{"damage":0,"enemies":"Small Slimes","floor":2,"turns":3},{"damage":6,"enemies":"Cultist","floor":3,"turns":3},{"damage":14,"enemies":"Blue Slaver","floor":4,"turns":4},{"damage":45,"enemies":"Gremlin Nob","floor":6,"turns":5},{"damage":15,"enemies":"Lagavulin","floor":10,"turns":5},{"damage":1,"enemies":"Gremlin Gang","floor":11,"turns":3},{"damage":0,"enemies":"Looter","floor":14,"turns":2},{"damage":32,"enemies":"Hexaghost","floor":16,"turns":10},{"damage":28,"enemies":"3 Byrds","floor":18,"turns":6},{"damage":13,"enemies":"Chosen","floor":19,"turns":6},{"damage":42,"enemies":"Centurion and Healer","floor":20,"turns":8},{"damage":31,"enemies":"Shelled Parasite and Fungi","floor":21,"turns":8},{"damage":15,"enemies":"Snake Plant","floor":22,"turns":2}],"seed_played":"2757787757473635076","potions_obtained":[{"floor":2,"key":"Dexterity Potion"},{"floor":4,"key":"GamblersBrew"},{"floor":10,"key":"Strength Potion"},{"floor":11,"key":"Fruit Juice"},{"floor":16,"key":"AttackPotion"},{"floor":18,"key":"ColorlessPotion"},{"floor":19,"key":"LiquidMemories"}],"is_trial":false,"path_per_floor":["M","M","M","M","?","E","R","$","T","E","M","?","R","M","R","B",null,"M","M","M","M","M"],"character_chosen":"IRONCLAD","items_purchased":["Lantern","Iron Wave"],"campfire_rested":0,"item_purchase_floors":[8,8],"current_hp_per_floor":[76,80,80,72,72,33,33,33,33,38,43,43,43,49,49,28,99,80,73,37,12,0,0],"gold":244,"neow_bonus":"TRANSFORM_CARD","is_daily":false,"chose_seed":false,"campfire_upgraded":3,"win_rate":0.0,"timestamp":1612359482,"path_taken":["M","M","M","M","?","E","R","$","T","E","M","?","R","?","R","BOSS","M","M","M","M","M"],"items_purchased_type":["Relic","Card"],"build_version":"2020-12-22","purchased_purges":0,"victory":false,"max_hp_per_floor":[80,80,80,80,80,80,80,80,80,94,94,94,94,94,94,99,99,102,102,102,102,102,102],"relic_stats":{"counters":[14,67],"Sundial":[14],"Bag of Preparation":[18],"obtain_stats":[{"Lantern":8,"Sundial":9,"Mango":10,"Bag of Preparation":6,"Empty Cage":17,"Burning Blood":0},{"Lantern":5,"Sundial":5,"Mango":6,"Bag of Preparation":5,"Empty Cage":9,"Burning Blood":0},{"Lantern":17,"Sundial":17,"Mango":22,"Bag of Preparation":17,"Empty Cage":37,"Burning Blood":0}],"Burning Blood":76},"card_choices":[{"not_picked":["Havoc","Dropkick","Body Slam"],"picked":"SKIP","floor":1},{"not_picked":["Pommel Strike","Perfected Strike","Twin Strike"],"picked":"SKIP","floor":2},{"not_picked":["Headbutt","Thunderclap"],"picked":"Flex","floor":3},{"not_picked":["Metallicize","Havoc","Armaments"],"picked":"SKIP","floor":4},{"not_picked":["Flame Barrier","Brutality","Cleave"],"picked":"SKIP","floor":6},{"not_picked":["Sword Boomerang","Heavy Blade"],"picked":"Shrug It Off","floor":10},{"not_picked":["Anger","Corruption","Headbutt"],"picked":"SKIP","floor":11},{"not_picked":["Shockwave","Twin Strike","Metallicize"],"picked":"SKIP","floor":14},{"not_picked":["Fiend Fire","Corruption"],"picked":"Feed","floor":16},{"not_picked":["True Grit","Headbutt"],"picked":"Flex","floor":18},{"not_picked":["Clash+1","Searing Blow+1","Armaments+1"],"picked":"SKIP","floor":19},{"not_picked":["Searing Blow","Havoc","Wild Strike+1"],"picked":"SKIP","floor":20},{"not_picked":["Intimidate","Sword Boomerang","Clothesline"],"picked":"SKIP","floor":21}],"player_experience":174707,"relics_obtained":[{"floor":6,"key":"Bag of Preparation"},{"floor":9,"key":"Sundial"},{"floor":10,"key":"Mango"}],"event_choices":[{"damage_healed":0,"gold_gain":0,"player_choice":"Grow","damage_taken":0,"max_hp_gain":0,"max_hp_loss":0,"event_name":"Living Wall","floor":5,"gold_loss":0,"cards_upgraded":["Flex"]},{"cards_removed":["Strike_R"],"damage_healed":0,"gold_gain":0,"player_choice":"Offered Basic","damage_taken":0,"max_hp_gain":0,"max_hp_loss":0,"event_name":"Bonfire Elementals","floor":12,"gold_loss":0}],"is_beta":false,"boss_relics":[{"not_picked":["Runic Cube","Sozu"],"picked":"Empty Cage"}],"items_purged_floors":[],"is_endless":false,"potions_floor_spawned":[2,4,10,11,16,18,19],"killed_by":"Snake Plant","ascension_level":2}}