{"host":"52m1o8iwwagurbjs","time":1612390048,"event":{"mods":["AchievementEnabler","BaseMod","Bestiary","Colored Powertips","GifTheSpireLib","Minty Spire (QoL Compilation)","Quick Restart","Relic Stats","StSLib"],"gold_per_floor":[119,44,44,44,9,45,119,150,175,175,15,59,75,96,96,221,221,234,8,8,8,56,89,89,4,27,54,66,165,180,210,210,210,210],"floor_reached":33,"language":"ENG","playtime":970,"items_purged":["Strike_G","Strike_G"],"score":387,"play_id":"80158524-5a53-497b-ac43-5152c926aaee","local_time":"20210203170728","is_ascension_mode":true,"campfire_choices":[{"data":"Finisher","floor":10.0,"key":"SMITH"},{"data":"Envenom","floor":15.0,"key":"SMITH"},{"floor":32,"key":"REST"}],"circlet_count":0,"master_deck":["Strike_G","Strike_G","Strike_G","Defend_G","Defend_G","Defend_G","Defend_G","Defend_G","Survivor","Neutralize","Blade Dance","Dash","Envenom+1","Finisher+1","Glass Knife","Poisoned Stab","Dodge and Roll","Dagger Spray","Venomology","Slice","Footwork","Backflip","Writhe","Accuracy","Night Terror","Deflect","Well Laid Plans","Bullet Time"],"relics":["Ring of the Snake","NeowsBlessing","Art of War","Bloody Idol","Happy Flower","Potion Belt","Calipers","WristBlade","Omamori","Blood Vial","Eternal Feather","Dream Catcher","MealTicket","Toy Ornithopter","Matryoshka"],"acts_visited":["Exordium","TheCity"],"potions_floor_usage":[28,30,30,31,33,33],"damage_taken":[{"damage":0.0,"enemies":"Jaw Worm","floor":1.0,"turns":1.0},{"damage":0.0,"enemies":"3 Sentries","floor":6.0,"turns":1.0},{"damage":0.0,"enemies":"Lagavulin","floor":8.0,"turns":1.0},{"damage":18.0,"enemies":"3 Sentries","floor":12.0,"turns":6.0},{"damage":0.0,"enemies":"2 Louse","floor":13.0,"turns":2.0},{"damage":0.0,"enemies":"Small Slimes","floor":14.0,"turns":3.0},{"damage":26.0,"enemies":"Hexaghost","floor":16.0,"turns":8.0},{"damage":0.0,"enemies":"3 Byrds","floor":18.0,"turns":4.0},{"damage":26.0,"enemies":"Book of Stabbing","floor":23.0,"turns":7.0},{"damage":0.0,"enemies":"Shell Parasite","floor":24.0,"turns":1.0},{"damage":25.0,"enemies":"Slavers","floor":27.0,"turns":7.0},{"damage":11,"enemies":"Snake Plant","floor":28,"turns":3},{"damage":13,"enemies":"Centurion and Healer","floor":30,"turns":8},{"damage":43,"enemies":"Book of Stabbing","floor":31,"turns":6},{"damage":61,"enemies":"Champ","floor":33,"turns":12}],"seed_played":"3273488593967310082","potions_obtained":[{"floor":8.0,"key":"Regen Potion"},{"floor":14.0,"key":"SkillPotion"},{"floor":16.0,"key":"Block Potion"},{"floor":18.0,"key":"Poison Potion"},{"floor":23.0,"key":"DistilledChaos"},{"floor":27.0,"key":"DistilledChaos"}],"is_trial":false,"path_per_floor":["M","$","?","?","$","E","?","E","T","R","$","E","M","M","R","B",null,"M","$","?","?","T","E","M","?","T","E","M","?","M","E","R","B"],"character_chosen":"THE_SILENT","items_purchased":["Dash","Glass Knife","Footwork","Backflip"],"campfire_rested":1,"item_purchase_floors":[5,11,19,19],"current_hp_per_floor":[70,70,63,63,63,63,63,63,63,63,63,57,57,57,57,31,65,65,65,65,65,65,44,46,46,51,33,34,39,43,12,46,0,0],"gold":210,"neow_bonus":"THREE_ENEMY_KILL","is_daily":false,"chose_seed":false,"campfire_upgraded":2,"win_rate":0.0,"timestamp":1612390048,"path_taken":["M","$","?","?","$","E","?","E","T","R","$","E","M","M","R","BOSS","M","$","?","?","?","E","M","?","T","E","M","?","M","E","R","BOSS"],"items_purchased_type":["Card","Card","Card","Card"],"build_version":"2020-12-22","purchased_purges":2,"victory":false,"max_hp_per_floor":[70,70,70,65,65,65,65,65,65,65,65,65,65,65,65,65,65,65,65,65,65,65,65,65,65,65,65,65,65,65,65,65,65,65],"relic_stats":{"Blood Vial":12,"Dream Catcher":1,"Happy Flower":[22],"counters":[15,70],"Bloody Idol":35,"Eternal Feather":15,"MealTicket":0,"Art of War":[4],"obtain_stats":[{"Potion Belt":8,"Calipers":12,"NeowsBlessing":0,"Happy Flower":6,"Golden Idol":4,"Eternal Feather":23,"Omamori":21,"Blood Vial":22,"Dream Catcher":25,"Matryoshka":31,"WristBlade":17,"Bloody Idol":20,"MealTicket":26,"Art of War":3,"Toy Ornithopter":27,"Ring of the Snake":0},{"Potion Belt":3,"Calipers":4,"NeowsBlessing":0,"Happy Flower":2,"Golden Idol":1,"Eternal Feather":9,"Omamori":8,"Blood Vial":8,"Dream Catcher":10,"Matryoshka":14,"WristBlade":7,"Bloody Idol":8,"MealTicket":10,"Art of War":1,"Toy Ornithopter":11,"Ring of the Snake":0},{"Potion Belt":3,"Calipers":9,"NeowsBlessing":0,"Happy Flower":2,"Golden Idol":1,"Eternal Feather":33,"Omamori":26,"Blood Vial":26,"Dream Catcher":34,"Matryoshka":58,"WristBlade":22,"Bloody Idol":26,"MealTicket":34,"Art of War":1,"Toy Ornithopter":41,"Ring of the Snake":0}],"Toy Ornithopter":30,"Ring of the Snake":[30]},"card_choices":[{"not_picked":["Underhanded Strike","Cloak And Dagger"],"picked":"Blade Dance","floor":1.0},{"not_picked":["Skewer","Endless Agony"],"picked":"Envenom","floor":6.0},{"not_picked":["Noxious Fumes","Quick Slash"],"picked":"Finisher","floor":8.0},{"not_picked":["Setup","Masterful Stab"],"picked":"Poisoned Stab","floor":12.0},{"not_picked":["Tactician","Acrobatics"],"picked":"Dodge and Roll","floor":13.0},{"not_picked":["Bane","Underhanded Strike"],"picked":"Dagger Spray","floor":14.0},{"not_picked":["Burst","Unload"],"picked":"Venomology","floor":16.0},{"not_picked":["Quick Slash+1","Caltrops"],"picked":"Slice","floor":18.0},{"not_picked":["Die Die Die","Outmaneuver+1"],"picked":"Accuracy","floor":23.0},{"not_picked":["Dodge and Roll","Escape Plan"],"picked":"Night Terror","floor":27.0},{"not_picked":["Flying Knee","Crippling Poison"],"picked":"Deflect","floor":28},{"not_picked":["Flying Knee","Slice+1"],"picked":"Well Laid Plans","floor":30},{"not_picked":["Dagger Throw","Flying Knee","Dodge and Roll"],"picked":"SKIP","floor":31},{"not_picked":["Sucker Punch","Riddle With Holes"],"picked":"Bullet Time","floor":32}],"player_experience":1297776,"relics_obtained":[{"floor":6.0,"key":"Happy Flower"},{"floor":8.0,"key":"Potion Belt"},{"floor":12.0,"key":"Calipers"},{"floor":22.0,"key":"Blood Vial"},{"floor":23.0,"key":"Eternal Feather"},{"floor":26.0,"key":"MealTicket"},{"floor":27.0,"key":"Toy Ornithopter"},{"floor":31,"key":"Matryoshka"}],"event_choices":[{"damage_healed":0.0,"max_hp_gain":0.0,"max_hp_loss":0.0,"gold_gain":0.0,"event_name":"Scrap Ooze","player_choice":"Success","floor":3.0,"gold_loss":0.0,"damage_taken":7.0,"relics_obtained":["Art of War"]},{"damage_healed":0.0,"max_hp_gain":0.0,"max_hp_loss":5.0,"gold_gain":0.0,"event_name":"Golden Idol","player_choice":"Lose Max HP","floor":4.0,"gold_loss":0.0,"damage_taken":0.0,"relics_obtained":["Golden Idol"]},{"damage_healed":0.0,"max_hp_gain":0.0,"max_hp_loss":0.0,"gold_gain":74.0,"event_name":"Golden Wing","player_choice":"Gained Gold","floor":7.0,"gold_loss":0.0,"damage_taken":0.0},{"damage_healed":0.0,"max_hp_gain":0.0,"max_hp_loss":0.0,"gold_gain":0.0,"event_name":"Forgotten Altar","player_choice":"Gave Idol","floor":20.0,"relics_lost":["Golden Idol"],"gold_loss":0.0,"damage_taken":0.0,"relics_obtained":["Bloody Idol"]},{"damage_healed":0.0,"max_hp_gain":0.0,"max_hp_loss":0.0,"gold_gain":0.0,"event_name":"The Mausoleum","player_choice":"Opened","floor":21.0,"gold_loss":0.0,"damage_taken":0.0,"relics_obtained":["Omamori"],"cards_obtained":["Writhe"]},{"damage_healed":0.0,"max_hp_gain":0.0,"max_hp_loss":0.0,"gold_gain":0.0,"event_name":"Addict","player_choice":"Obtained Relic","floor":25.0,"gold_loss":85.0,"damage_taken":0.0,"relics_obtained":["Dream Catcher"]},{"damage_healed":0,"gold_gain":99,"player_choice":"Stole From Cult","damage_taken":0,"max_hp_gain":0,"max_hp_loss":0,"event_name":"Nest","floor":29,"gold_loss":0}],"is_beta":false,"boss_relics":[{"not_picked":["Fusion Hammer","HoveringKite"],"picked":"WristBlade"}],"items_purged_floors":[2,19],"is_endless":false,"potions_floor_spawned":[8,14,16,18,23,27],"killed_by":"Champ","ascension_level":1}}