{"host":"ihh4s6fv44n8dgh3","time":1612352536,"event":{"mods":["AchievementEnabler","Act Like it!","Aspiration","BaseMod","Better Match","Better Note","Better Third Choice","Better Vampires","BetterRewards","Block Reminder","Colored Powertips","Conspire","Downfall","Elementarium","Energized Spire","Friendly Minions","GifTheSpireLib","Halation","Hermit","Highlight Path","Infinite Spire","Jedi Mod","Jorbs\u0027s Wanderer Trilogy","Key Reminder","Magitek Elite","Minty Spire (QoL Compilation)","Permanent Neow","Shade Mod","Shop Mod","Spicy Shops","StSLib","Stuff the Spire","SuperFastMode","The Jungle","WarShipGirlsR/????R mod","Yohane!","Yuri Mod"],"gold_per_floor":[115,135,135,152,181,181,181,210,210,210,244,261,294,305,305,405,405,420,432,432,432,432,432,452,452,452,463,463,477,496,527,527,622,622,641,641,661,761,772,772,783,812,839,839,870,870,870,162,162,162,162,162,37,65,65],"floor_reached":56,"language":"ENG","playtime":7557,"items_purged":["Strike_L","Strike_L","Strike_L","Defend_L","Defend_L","Defend_L"],"score":1670,"play_id":"c15890ed-cca9-4125-b826-6904f278f91b","local_time":"20210203034216","is_ascension_mode":false,"campfire_choices":[{"data":"Protect_M","floor":6,"key":"SMITH"},{"data":"Bravery","floor":10,"key":"SMITH"},{"data":"Faith","floor":15,"key":"SMITH"},{"data":"Trance","floor":20,"key":"SMITH"},{"data":"Haste","floor":23,"key":"SMITH"},{"data":"Fake_Moustache","floor":25,"key":"SMITH"},{"data":"Fire2","floor":28,"key":"SMITH"},{"data":"Fire2","floor":32,"key":"SMITH"},{"data":"Might","floor":40,"key":"SMITH"},{"floor":46,"key":"RECALL"},{"data":"Transpose_P","floor":47,"key":"SMITH"},{"data":"Float2_Spell","floor":49,"key":"SMITH"},{"data":"jedi:LeechingStrike","floor":52,"key":"SMITH"}],"circlet_count":0,"master_deck":["Defend_L","Fire2+2","Cure","Transpose_P+1","Protect_M+1","Haste+1","Bravery+1","Icebrand+1","Rune_Blade+1","Trance+1","Fake_Moustache+1","Flametongue+1","Faith+1","Mystery_Veil+1","Gaia_Gear+1","infinitespire:Collect+1","Rasp+1","Minerva_Bustier+1","Blizzard_P+2","Might+1","Blood_Hilt+1","infinitespire:TheBestDefense+1","Transpose2+1","Stop+1","jedi:LeechingStrike","Transfusion+1","Float2_Spell+1","Impatience+1","Meteor+1"],"relics":["Pendant","jedi:matchstick","Molten Egg 2","halation:LettersToHer","StuffTheSpire:Gunfinga","StuffTheSpire:PointBlank","Potion Belt","Toxic Egg 2","jedi:arcanewood","halation:SwordOfLegend","Nunchaku","Golden_Hairpin","infinitespire:Joker Card","Sozu","infinitespire:Golems Mask","jedi:cryingmask","halation:LoveArrow","Guard_Bracelet","Torii","Boot","aspiration:HiddenCompartment","Happy Flower"],"acts_visited":["Exordium","Exordium","TheBeyond","TheEnding"],"potions_floor_usage":[],"damage_taken":[{"damage":1,"enemies":"Jaw Worm","floor":1,"turns":5},{"damage":12,"enemies":"infinitespire:Voidling","floor":2,"turns":4},{"damage":0,"enemies":"2 Louse","floor":4,"turns":5},{"damage":0,"enemies":"conspire:MimicChest","floor":5,"turns":4},{"damage":4,"enemies":"3 Sentries","floor":8,"turns":8},{"damage":11,"enemies":"Gremlin Nob","floor":11,"turns":4},{"damage":11,"enemies":"Exordium Wildlife","floor":12,"turns":7},{"damage":15,"enemies":"Lagavulin","floor":13,"turns":6},{"damage":6,"enemies":"3 Louse","floor":14,"turns":4},{"damage":0,"enemies":"Slime Boss","floor":16,"turns":7},{"damage":4,"enemies":"theJungle:5_Spyders","floor":18,"turns":6},{"damage":1,"enemies":"Shell Parasite","floor":19,"turns":2},{"damage":0,"enemies":"Snake Plant","floor":24,"turns":1},{"damage":0,"enemies":"theJungle:SlimyTreeVines","floor":27,"turns":2},{"damage":1,"enemies":"theJungle:2_Flameangoes","floor":29,"turns":3},{"damage":0,"enemies":"Snake Plant","floor":30,"turns":2},{"damage":10,"enemies":"Nightmare","floor":31,"turns":6},{"damage":1,"enemies":"theJungle:QueenSpyder","floor":33,"turns":6},{"damage":0,"enemies":"3 Darklings","floor":35,"turns":2},{"damage":8,"enemies":"3 Shapes","floor":37,"turns":3},{"damage":9,"enemies":"infinitespire:Three Voidlings","floor":38,"turns":3},{"damage":0,"enemies":"Nightmare_Alpha","floor":38,"turns":5},{"damage":0,"enemies":"3 Darklings","floor":39,"turns":2},{"damage":8,"enemies":"Sphere and 2 Shapes","floor":41,"turns":3},{"damage":0,"enemies":"Giant Head","floor":42,"turns":3},{"damage":0,"enemies":"Reptomancer","floor":45,"turns":3},{"damage":26,"enemies":"infinitespire:MassOfShapes","floor":50,"turns":4},{"damage":2,"enemies":"Shield and Spear","floor":54,"turns":3},{"damage":49,"enemies":"The Heart","floor":55,"turns":6}],"seed_played":"-2337671741227041006","potions_obtained":[{"floor":4,"key":"Regen Potion"},{"floor":5,"key":"AttackPotion"},{"floor":8,"key":"SpeedPotion"},{"floor":12,"key":"AttackPotion"},{"floor":14,"key":"CultistPotion"},{"floor":18,"key":"Dexterity Potion"},{"floor":19,"key":"Dexterity Potion"}],"is_trial":false,"path_per_floor":["M","M","?","M","?","R","?","E","T","R","E","M","E","M","R","B",null,"M","M","R","AVR","?","R","M","R","T","M","R","M","M","NM","R","B",null,"M","AVR","M","?","M","R","M","E","T","?","E","R","R","$","R","B",null,"R","$","E","B",null],"character_chosen":"MAGITEKELITE","items_purchased":["jedi:matchstick","Transpose_P","Protect_M","Molten Egg 2","halation:LettersToHer","StuffTheSpire:Gunfinga","jedi:LeechingStrike","Transfusion+1","Float2_Spell","Impatience+1"],"campfire_rested":0,"item_purchase_floors":[0,0,0,0,0,0,48,48,48,48],"current_hp_per_floor":[50,42,42,48,48,48,30,32,32,32,27,22,13,13,19,19,63,63,62,62,62,62,63,63,63,63,63,63,62,62,61,63,63,63,63,63,55,59,59,63,55,61,61,61,63,63,63,63,63,58,63,63,63,63,38],"gold":65,"neow_bonus":"","is_daily":false,"chose_seed":false,"campfire_upgraded":12,"win_rate":0.0,"timestamp":1612352536,"path_taken":["M","M","?","?","?","R","?","E","T","R","E","M","E","?","R","BOSS","M","M","?","AVR","?","R","?","R","T","M","R","M","M","NM","R","BOSS","M","AVR","M","?","?","R","M","E","T","?","E","?","R","$","R","BOSS","R","$","E","BOSS"],"items_purchased_type":["Relic","Card","Card","Relic","Relic","Relic","Card","Card","Card","Card"],"build_version":"2020-12-22","purchased_purges":6,"victory":true,"max_hp_per_floor":[63,63,63,63,63,63,63,63,63,63,63,63,63,63,63,63,63,63,63,63,63,63,63,63,63,63,63,63,63,63,63,63,63,63,63,63,63,63,63,63,63,63,63,63,63,63,63,63,63,63,63,63,63,63,63],"card_choices":[{"not_picked":["Icebrand+1","Heavy_Shield"],"picked":"Haste","floor":1},{"not_picked":["Quake+1","Focus"],"picked":"Bravery","floor":2},{"not_picked":["Circlet","Magnus_Hat"],"picked":"Icebrand+1","floor":4},{"not_picked":["Flare+1","Icebrand+1"],"picked":"Rune_Blade+1","floor":5},{"not_picked":["Thunder_Blade+1","Slow+1"],"picked":"Trance","floor":8},{"not_picked":["Gladius+1","Icebrand+1"],"picked":"Fake_Moustache","floor":11},{"not_picked":["Rune_Blade+1","Barrier+1","Aero"],"picked":"SKIP","floor":12},{"not_picked":["Mythril_Knife+1","Icebrand+1"],"picked":"Flametongue+1","floor":13},{"not_picked":["Barrier+1","Falchion+1"],"picked":"Faith","floor":14},{"not_picked":["Might","Diamond_Shield2+1"],"picked":"Mystery_Veil+1","floor":16},{"not_picked":["Thunder_P","Falchion+1"],"picked":"Gaia_Gear+1","floor":18},{"not_picked":["Barrier+1","Flametongue+1","Mythril_Knife+1"],"picked":"SKIP","floor":19},{"not_picked":["Crystal_Sword+1","Quake+1"],"picked":"Rasp+1","floor":24},{"not_picked":["Flare+1","Drain+1"],"picked":"Minerva_Bustier+1","floor":27},{"not_picked":["Crystal_Sword+1","Holy+1","Gladius+1"],"picked":"SKIP","floor":29},{"not_picked":["Protect_M","Crystal_Sword+1","Gladius+1"],"picked":"SKIP","floor":30},{"not_picked":["Man_Eater+1","Icebrand+1"],"picked":"Blizzard_P","floor":31},{"not_picked":["Remember+1","Stop+1"],"picked":"Might","floor":33},{"not_picked":["Water","Vox+1","Quake+1"],"picked":"SKIP","floor":35},{"not_picked":["Haste+1","Gaia_Gear+1"],"picked":"Blood_Hilt+1","floor":37},{"not_picked":["infinitespire:SealOfDarkness+","infinitespire:Gouge"],"picked":"infinitespire:TheBestDefense","floor":38},{"not_picked":["Gaia_Gear+1","Astra+1","Blood_Hilt"],"picked":"SKIP","floor":39},{"not_picked":["Man_Eater+1","Focus+1"],"picked":"Transpose2+1","floor":41},{"not_picked":["Aero","Gladius+1","Thunder_P"],"picked":"SKIP","floor":42},{"not_picked":["Minerva_Bustier+1","Vox+1"],"picked":"Stop+1","floor":45},{"not_picked":["Throw+1","Flametongue+1"],"picked":"Meteor+1","floor":54}],"player_experience":359719,"relics_obtained":[{"floor":5,"key":"StuffTheSpire:PointBlank"},{"floor":8,"key":"Toxic Egg 2"},{"floor":9,"key":"halation:LettersToHer"},{"floor":9,"key":"jedi:arcanewood"},{"floor":11,"key":"halation:SwordOfLegend"},{"floor":13,"key":"Nunchaku"},{"floor":26,"key":"halation:LettersToHer"},{"floor":26,"key":"infinitespire:Golems Mask"},{"floor":31,"key":"jedi:cryingmask"},{"floor":38,"key":"Torii"},{"floor":42,"key":"Boot"},{"floor":43,"key":"halation:LettersToHer"},{"floor":45,"key":"aspiration:HiddenCompartment"},{"floor":54,"key":"Happy Flower"}],"event_choices":[{"cards_removed":["Strike_L"],"damage_healed":0,"gold_gain":0,"player_choice":"Purged","damage_taken":0,"max_hp_gain":0,"max_hp_loss":0,"event_name":"Purifier","floor":3,"gold_loss":0},{"damage_healed":0,"gold_gain":0,"player_choice":"Relic ","damage_taken":18,"max_hp_gain":0,"max_hp_loss":0,"event_name":"betterThird:BetterScrap","floor":7,"gold_loss":0,"cards_obtained":["Vengeance"]},{"cards_removed":["Transpose_P"],"damage_healed":0,"gold_gain":0,"player_choice":"Take \u0026 Give","damage_taken":0,"max_hp_gain":0,"max_hp_loss":0,"event_name":"betterNote:BetterNote","floor":22,"gold_loss":0,"cards_obtained":["infinitespire:Collect"]},{"cards_removed":["Defend_L"],"damage_healed":0,"gold_gain":0,"player_choice":"Purged","damage_taken":0,"max_hp_gain":0,"max_hp_loss":0,"event_name":"Purifier","floor":44,"gold_loss":0}],"is_beta":false,"boss_relics":[{"not_picked":["Runic Pyramid","StuffTheSpire:RunicHypercube"],"picked":"Golden_Hairpin"},{"not_picked":["halation:Yufonium","Snecko Eye"],"picked":"halation:LoveArrow"}],"items_purged_floors":[0,21,36,48,48,53],"is_endless":false,"potions_floor_spawned":[4,5,8,12,14,18,19,30,31,37,38,39,42,54],"ascension_level":0}}