{"host":"p0hktren06injwdf","time":1612375459,"event":{"mods":["AchievementEnabler","BaseMod","Colored Map","DeckTracker","Minty Spire (QoL Compilation)","Permanent Neow","StSLib","SuperFastMode"],"gold_per_floor":[210,124,142,160,174,174,207,219,270,298,298,329,345,375,375,375,375],"floor_reached":16,"language":"KOR","playtime":298,"items_purged":[],"score":244,"play_id":"ed4fb693-a078-4fa3-b7a5-b611a965d457","local_time":"20210204030419","is_ascension_mode":true,"campfire_choices":[{"data":"Immolate","floor":6,"key":"SMITH"},{"data":"True Grit","floor":11,"key":"SMITH"},{"data":"Armaments","floor":15,"key":"SMITH"}],"circlet_count":0,"master_deck":["AscendersBane","Strike_R","Strike_R","Strike_R","Strike_R","Strike_R","Defend_R","Defend_R","Defend_R","Defend_R","Bash","Cleave","Immolate+1","True Grit+1","Limit Break","Shrug It Off","Shrug It Off","Armaments+1","Sword Boomerang"],"relics":["Burning Blood","Lantern","Smiling Mask","PreservedInsect","Odd Mushroom"],"acts_visited":["Exordium"],"potions_floor_usage":[10,12,16,16,16],"damage_taken":[{"damage":11,"enemies":"Small Slimes","floor":1,"turns":5},{"damage":1,"enemies":"2 Louse","floor":3,"turns":2},{"damage":1,"enemies":"Cultist","floor":4,"turns":3},{"damage":0,"enemies":"Exordium Thugs","floor":5,"turns":3},{"damage":20,"enemies":"3 Sentries","floor":7,"turns":3},{"damage":0,"enemies":"2 Fungi Beasts","floor":8,"turns":2},{"damage":8,"enemies":"Gremlin Nob","floor":10,"turns":3},{"damage":7,"enemies":"3 Sentries","floor":12,"turns":4},{"damage":19,"enemies":"Exordium Wildlife","floor":13,"turns":3},{"damage":0,"enemies":"The Mushroom Lair","floor":14,"turns":1},{"damage":58,"enemies":"The Guardian","floor":16,"turns":10}],"seed_played":"-7390249733646376019","potions_obtained":[{"floor":3,"key":"Explosive Potion"},{"floor":4,"key":"Fire Potion"},{"floor":10,"key":"Block Potion"},{"floor":13,"key":"EntropicBrew"}],"is_trial":false,"path_per_floor":["M","$","M","M","M","R","E","M","T","E","R","E","M","?","R","B"],"character_chosen":"IRONCLAD","items_purchased":["Immolate"],"campfire_rested":0,"item_purchase_floors":[2],"current_hp_per_floor":[63,63,68,73,75,75,61,67,67,65,65,64,51,57,57,0,0],"gold":375,"neow_bonus":"HUNDRED_GOLD","is_daily":false,"chose_seed":false,"campfire_upgraded":3,"win_rate":0.0,"timestamp":1612375459,"path_taken":["M","$","M","M","M","R","E","M","T","E","R","E","M","?","R","BOSS"],"items_purchased_type":["Card"],"build_version":"2020-12-22","purchased_purges":0,"victory":false,"max_hp_per_floor":[75,75,75,75,75,75,75,75,75,75,75,75,75,75,75,75,75],"card_choices":[{"not_picked":["Sword Boomerang","True Grit"],"picked":"Cleave","floor":1},{"not_picked":["Sentinel","Twin Strike"],"picked":"True Grit","floor":3},{"not_picked":["Burning Pact","Clothesline","Anger"],"picked":"SKIP","floor":4},{"not_picked":["Body Slam","Anger"],"picked":"Limit Break","floor":5},{"not_picked":["Burning Pact","Flex"],"picked":"Shrug It Off","floor":7},{"not_picked":["Rupture","Dual Wield"],"picked":"Shrug It Off","floor":8},{"not_picked":["Reckless Charge","Metallicize","Intimidate"],"picked":"SKIP","floor":10},{"not_picked":["Impervious","Warcry"],"picked":"Armaments","floor":12},{"not_picked":["Carnage","Shrug It Off","Dual Wield"],"picked":"SKIP","floor":13},{"not_picked":["Carnage","Shrug It Off","Dual Wield"],"picked":"SKIP","floor":13},{"not_picked":["Armaments","Body Slam"],"picked":"Sword Boomerang","floor":14}],"player_experience":986956,"relics_obtained":[{"floor":7,"key":"Lantern"},{"floor":9,"key":"Smiling Mask"},{"floor":12,"key":"PreservedInsect"},{"floor":14,"key":"Odd Mushroom"}],"event_choices":[{"damage_healed":0,"gold_gain":0,"player_choice":"Fought Mushrooms","damage_taken":0,"max_hp_gain":0,"max_hp_loss":0,"event_name":"Mushrooms","floor":14,"gold_loss":0}],"is_beta":false,"boss_relics":[],"items_purged_floors":[],"is_endless":false,"potions_floor_spawned":[3,4,10,13,14],"killed_by":"The Guardian","ascension_level":20}}