{"host":"mw3dmj42qtkbha4b","time":1612354157,"event":{"mods":["BaseMod","Colored Map","Colored Powertips","DeckTracker","Minty Spire (QoL Compilation)","StSLib","SuperFastMode"],"gold_per_floor":[116,41,41,55,55,55,83,101,128,146,46,80,80,80,80,154,154,171,171,171],"floor_reached":19,"language":"KOR","playtime":498,"items_purged":["Defend_P","Strike_P"],"score":400,"play_id":"e162f46a-122c-410d-bff4-68957556bc65","local_time":"20210203210917","is_ascension_mode":true,"campfire_choices":[{"data":"Vigilance","floor":6,"key":"SMITH"},{"floor":15,"key":"REST"}],"circlet_count":0,"master_deck":["AscendersBane","Strike_P","Strike_P","Strike_P","Defend_P","Defend_P","Eruption+1","Vigilance+1","Indignation","Devotion"],"relics":["PureWater","NeowsBlessing","Lantern","Damaru","Ice Cream","Sundial","Black Star"],"acts_visited":["Exordium","TheCity"],"potions_floor_usage":[8,12,16,18],"damage_taken":[{"damage":0,"enemies":"Small Slimes","floor":1,"turns":1},{"damage":0,"enemies":"Jaw Worm","floor":4,"turns":1},{"damage":0,"enemies":"Lagavulin","floor":7,"turns":1},{"damage":7,"enemies":"Cultist","floor":8,"turns":3},{"damage":8,"enemies":"Red Slaver","floor":10,"turns":3},{"damage":26,"enemies":"3 Sentries","floor":12,"turns":11},{"damage":31,"enemies":"The Guardian","floor":16,"turns":8},{"damage":49,"enemies":"Shell Parasite","floor":18,"turns":5},{"damage":12,"enemies":"3 Byrds","floor":19,"turns":1}],"seed_played":"991530881640745261","potions_obtained":[{"floor":4,"key":"Fruit Juice"},{"floor":10,"key":"EssenceOfSteel"},{"floor":12,"key":"PowerPotion"},{"floor":16,"key":"Fire Potion"}],"is_trial":false,"path_per_floor":["M","$","?","M","?","R","E","M","T","M","$","E","?","?","R","B",null,"M","M"],"character_chosen":"WATCHER","items_purchased":[],"campfire_rested":1,"item_purchase_floors":[],"current_hp_per_floor":[61,61,66,66,66,66,66,64,64,56,56,30,19,12,35,4,60,11,0,0],"gold":171,"neow_bonus":"THREE_ENEMY_KILL","is_daily":false,"chose_seed":false,"campfire_upgraded":1,"win_rate":0.0,"timestamp":1612354157,"path_taken":["M","$","?","M","?","R","E","M","T","?","?","E","?","?","R","BOSS","M","M"],"items_purchased_type":[],"build_version":"2020-12-22","purchased_purges":2,"victory":false,"max_hp_per_floor":[68,68,73,73,73,73,73,78,78,78,78,78,78,78,78,78,78,78,78,78],"card_choices":[{"not_picked":["SashWhip","Wireheading","EmptyFist"],"picked":"SKIP","floor":1},{"not_picked":["Evaluate","FlurryOfBlows","Consecrate"],"picked":"SKIP","floor":4},{"not_picked":["EmptyMind","Wish","CrushJoints"],"picked":"SKIP","floor":7},{"not_picked":["ClearTheMind","Crescendo","Consecrate"],"picked":"SKIP","floor":8},{"not_picked":["Wireheading","EmptyBody","Evaluate"],"picked":"SKIP","floor":10},{"not_picked":["EmptyFist","SandsOfTime"],"picked":"Indignation","floor":12},{"not_picked":["DevaForm","Judgement"],"picked":"Devotion","floor":16},{"not_picked":["Halt","Crescendo","JustLucky"],"picked":"SKIP","floor":18}],"player_experience":1797757,"relics_obtained":[{"floor":7,"key":"Lantern"},{"floor":9,"key":"Damaru"},{"floor":12,"key":"Ice Cream"}],"event_choices":[{"damage_healed":0,"gold_gain":0,"player_choice":"Donut","damage_taken":0,"max_hp_gain":5,"max_hp_loss":0,"event_name":"Big Fish","floor":3,"gold_loss":0},{"damage_healed":0,"gold_gain":0,"player_choice":"Forge","damage_taken":0,"max_hp_gain":0,"max_hp_loss":0,"event_name":"Accursed Blacksmith","floor":5,"gold_loss":0,"cards_upgraded":["Eruption"]},{"damage_healed":0,"gold_gain":0,"player_choice":"Success","damage_taken":11,"relics_obtained":["Sundial"],"max_hp_gain":0,"max_hp_loss":0,"event_name":"Scrap Ooze","floor":13,"gold_loss":0},{"cards_removed":["Defend_P"],"damage_healed":0,"gold_gain":0,"player_choice":"Card Removal","damage_taken":7,"max_hp_gain":0,"max_hp_loss":0,"event_name":"Golden Wing","floor":14,"gold_loss":0}],"is_beta":false,"boss_relics":[{"not_picked":["SacredBark","Runic Pyramid"],"picked":"Black Star"}],"items_purged_floors":[2,11],"is_endless":false,"potions_floor_spawned":[4,10,12,16],"killed_by":"3 Byrds","ascension_level":20}}