{"host":"fj5i6t4nkss7815d","time":1612329391,"event":{"mods":["AchievementEnabler","BaseMod","Minty Spire (QoL Compilation)","Quick Restart","Relic Stats"],"gold_per_floor":[111,111,111,129,148,182,182,207,207,207,221,231,258,21,21,95,95,67,67,98,117,141,141,171,171,196,225,238,238,272,284,284,358,358,378,14,14,236,254,285,285,298,373,408,428,442,442,468,468,468],"floor_reached":51,"language":"ENG","playtime":5709,"items_purged":["Strike_G","Shame"],"score":1579,"play_id":"bdb8d704-b13b-4291-89bb-5a4b89543fd7","local_time":"20210202211631","is_ascension_mode":true,"campfire_choices":[{"floor":7.0,"key":"REST"},{"floor":10.0,"key":"REST"},{"data":"Noxious Fumes","floor":15.0,"key":"SMITH"},{"floor":23.0,"key":"REST"},{"floor":29.0,"key":"REST"},{"data":"Neutralize","floor":32,"key":"SMITH"},{"floor":47,"key":"REST"},{"floor":49,"key":"REST"}],"circlet_count":0,"master_deck":["AscendersBane","Strike_G","Strike_G","Defend_G","Defend_G","Defend_G","Survivor","Neutralize+1","Glass Knife","Slice","Skewer","PiercingWail","Adrenaline","Noxious Fumes+1","Storm of Steel","Calculated Gamble+1","Expertise+1","After Image+1","Quick Slash+1","Backflip+1","Infinite Blades+1","Crippling Poison+1","Prepared+1","Deflect+1","Terror+1","Backstab","Die Die Die","CurseOfTheBell","Footwork","Acrobatics+1","Dodge and Roll+1","Panacea+1","Dash+1","Caltrops+1","Deflect+1"],"relics":["Ring of the Snake","Lantern","Ginger","Mercury Hourglass","PreservedInsect","Astrolabe","Toxic Egg 2","Red Mask","Regal Pillow","Bottled Tornado","Boot","Centennial Puzzle","Nunchaku","Calling Bell","Anchor","Shuriken","Pocketwatch","Membership Card","Pear","Happy Flower","Frozen Egg 2","Strawberry","Du-Vu Doll"],"acts_visited":["Exordium","TheCity","TheBeyond"],"potions_floor_usage":[30,50],"damage_taken":[{"damage":2.0,"enemies":"Small Slimes","floor":1.0,"turns":4.0},{"damage":0.0,"enemies":"2 Louse","floor":4.0,"turns":4.0},{"damage":0.0,"enemies":"Jaw Worm","floor":5.0,"turns":4.0},{"damage":37.0,"enemies":"Lagavulin","floor":6.0,"turns":6.0},{"damage":25.0,"enemies":"3 Sentries","floor":8.0,"turns":7.0},{"damage":0.0,"enemies":"3 Louse","floor":11.0,"turns":3.0},{"damage":0.0,"enemies":"Blue Slaver","floor":12.0,"turns":3.0},{"damage":6.0,"enemies":"Gremlin Nob","floor":13.0,"turns":3.0},{"damage":19.0,"enemies":"The Guardian","floor":16.0,"turns":11.0},{"damage":3.0,"enemies":"2 Thieves","floor":18.0,"turns":4.0},{"damage":15.0,"enemies":"Masked Bandits","floor":20.0,"turns":5.0},{"damage":6.0,"enemies":"Spheric Guardian","floor":21.0,"turns":4.0},{"damage":5.0,"enemies":"Book of Stabbing","floor":24.0,"turns":4.0},{"damage":16.0,"enemies":"Gremlin Leader","floor":27.0,"turns":4.0},{"damage":12.0,"enemies":"Snake Plant","floor":28.0,"turns":4.0},{"damage":6,"enemies":"Slavers","floor":30,"turns":3},{"damage":3,"enemies":"Centurion and Healer","floor":31,"turns":4},{"damage":53,"enemies":"Automaton","floor":33,"turns":10},{"damage":10,"enemies":"3 Darklings","floor":35,"turns":4},{"damage":0,"enemies":"3 Shapes","floor":39,"turns":5},{"damage":0,"enemies":"Giant Head","floor":40,"turns":5},{"damage":0,"enemies":"Transient","floor":42,"turns":6},{"damage":19,"enemies":"Nemesis","floor":44,"turns":5},{"damage":0,"enemies":"Sphere and 2 Shapes","floor":45,"turns":5},{"damage":36,"enemies":"Spire Growth","floor":46,"turns":5},{"damage":0,"enemies":"Giant Head","floor":48,"turns":6},{"damage":28,"enemies":"Time Eater","floor":50,"turns":11}],"seed_played":"8852637897800442850","potions_obtained":[{"floor":4.0,"key":"Poison Potion"},{"floor":5.0,"key":"Fruit Juice"},{"floor":8.0,"key":"BlessingOfTheForge"},{"floor":16.0,"key":"Dexterity Potion"},{"floor":21.0,"key":"FearPotion"},{"floor":24.0,"key":"GamblersBrew"},{"floor":25.0,"key":"FairyPotion"},{"floor":25.0,"key":"Dexterity Potion"},{"floor":33,"key":"LiquidBronze"},{"floor":40,"key":"FearPotion"},{"floor":48,"key":"BlessingOfTheForge"}],"is_trial":false,"path_per_floor":["M","?","?","M","M","E","R","E","T","R","M","M","E","$","R","B",null,"M","?","?","M","T","R","E","?","T","E","M","R","E","M","R","B",null,"M","$","?","?","M","E","?","M","T","E","M","M","R","E","R","B",null],"character_chosen":"THE_SILENT","items_purchased":["Noxious Fumes","LiquidBronze","Membership Card","Pear"],"campfire_rested":6,"item_purchase_floors":[14,14,36,36],"current_hp_per_floor":[42,64,57,57,62,25,46,21,21,42,42,42,36,36,36,17,58,55,55,40,34,34,70,65,65,65,49,37,71,65,62,62,9,56,46,56,56,56,56,56,56,56,56,44,44,8,49,49,88,60],"gold":468,"neow_bonus":"THREE_RARE_CARDS","is_daily":false,"chose_seed":false,"campfire_upgraded":2,"win_rate":0.0,"timestamp":1612329391,"path_taken":["M","?","?","M","M","E","R","E","T","R","M","M","E","$","R","BOSS","M","?","?","M","?","R","E","?","T","E","M","R","E","?","R","BOSS","M","$","?","?","M","E","?","M","T","E","M","?","R","E","R","BOSS"],"items_purchased_type":["Card","Potion","Relic","Relic"],"build_version":"2020-12-22","purchased_purges":2,"victory":true,"max_hp_per_floor":[66,66,66,66,71,71,71,71,71,71,71,71,71,71,71,71,71,71,71,71,71,71,71,71,71,71,71,71,71,71,71,71,71,71,71,81,81,81,81,81,81,81,81,88,88,88,88,88,88,88],"relic_stats":{"Regal Pillow":56,"Happy Flower":[12],"counters":[27,139],"Astrolabe":["Calculated Gamble","Expertise","After Image"],"PreservedInsect":443,"Ginger":[12],"Boot":[56],"Mercury Hourglass":[419],"Centennial Puzzle":[24],"Nunchaku":[19],"Shuriken":[32],"obtain_stats":[{"Lantern":6,"Regal Pillow":22,"Pear":36,"Happy Flower":40,"Astrolabe":17,"PreservedInsect":13,"Ginger":8,"Bottled Tornado":24,"Frozen Egg 2":43,"Boot":26,"Mercury Hourglass":9,"Calling Bell":34,"Du-Vu Doll":48,"Centennial Puzzle":27,"Nunchaku":30,"Anchor":34,"Shuriken":34,"Strawberry":44,"Red Mask":20,"Membership Card":36,"Toxic Egg 2":19,"Ring of the Snake":0,"Pocketwatch":34},{"Lantern":4,"Regal Pillow":12,"Pear":19,"Happy Flower":21,"Astrolabe":9,"PreservedInsect":8,"Ginger":5,"Bottled Tornado":13,"Frozen Egg 2":22,"Boot":13,"Mercury Hourglass":5,"Calling Bell":18,"Du-Vu Doll":26,"Centennial Puzzle":14,"Nunchaku":16,"Anchor":18,"Shuriken":18,"Strawberry":23,"Red Mask":11,"Membership Card":19,"Toxic Egg 2":10,"Ring of the Snake":0,"Pocketwatch":18},{"Lantern":18,"Regal Pillow":58,"Pear":91,"Happy Flower":101,"Astrolabe":45,"PreservedInsect":34,"Ginger":25,"Bottled Tornado":62,"Frozen Egg 2":107,"Boot":62,"Mercury Hourglass":25,"Calling Bell":87,"Du-Vu Doll":128,"Centennial Puzzle":66,"Nunchaku":73,"Anchor":87,"Shuriken":87,"Strawberry":112,"Red Mask":54,"Membership Card":91,"Toxic Egg 2":49,"Ring of the Snake":0,"Pocketwatch":87}],"Ring of the Snake":[54],"Pocketwatch":[15]},"card_choices":[{"not_picked":["Malaise","Unload"],"picked":"Glass Knife","floor":0.0},{"not_picked":["Reflex","Quick Slash"],"picked":"Slice","floor":1.0},{"not_picked":["Sucker Punch","Riddle With Holes"],"picked":"Skewer","floor":4.0},{"not_picked":["Outmaneuver","Eviscerate"],"picked":"PiercingWail","floor":5.0},{"not_picked":["Underhanded Strike","Acrobatics","Dodge and Roll"],"picked":"SKIP","floor":6.0},{"not_picked":["Riddle With Holes","Deadly Poison","Underhanded Strike"],"picked":"SKIP","floor":8.0},{"not_picked":["Acrobatics","Flying Knee","Distraction"],"picked":"SKIP","floor":11.0},{"not_picked":["Quick Slash","Sucker Punch"],"picked":"Slice","floor":12.0},{"not_picked":["Well Laid Plans","Caltrops"],"picked":"Adrenaline","floor":13.0},{"not_picked":["Unload","Night Terror"],"picked":"Storm of Steel","floor":16.0},{"not_picked":["Eviscerate","Concentrate"],"picked":"Quick Slash+1","floor":18.0},{"not_picked":["Poisoned Stab","Slice"],"picked":"Backflip+1","floor":20.0},{"not_picked":["Prepared+1","Acrobatics+1"],"picked":"Infinite Blades+1","floor":21.0},{"not_picked":["Flechettes","Burst+1"],"picked":"Crippling Poison+1","floor":24.0},{"not_picked":["Deadly Poison+1","Flechettes"],"picked":"Prepared+1","floor":27.0},{"not_picked":["Setup+1","Crippling Poison+1"],"picked":"Deflect+1","floor":28.0},{"not_picked":["Prepared+1","Deflect+1"],"picked":"Terror+1","floor":30},{"not_picked":["Slice","Setup+1"],"picked":"Backstab","floor":31},{"not_picked":["Glass Knife","Bullet Time+1"],"picked":"Die Die Die","floor":33},{"not_picked":["Backstab","Eviscerate"],"picked":"Footwork","floor":35},{"not_picked":["Infinite Blades","Deadly Poison+1"],"picked":"Acrobatics+1","floor":39},{"not_picked":["Blade Dance+1","Deadly Poison+1"],"picked":"Dodge and Roll+1","floor":40},{"not_picked":["Dramatic Entrance","Madness+1"],"picked":"Panacea+1","floor":41},{"not_picked":["All Out Attack","Acrobatics+1"],"picked":"Dash+1","floor":42},{"not_picked":["Phantasmal Killer+1","Glass Knife"],"picked":"Caltrops+1","floor":44},{"not_picked":["Dodge and Roll+1","Acrobatics+1","Outmaneuver+1"],"picked":"SKIP","floor":45},{"not_picked":["Dodge and Roll+1","All Out Attack+1","Blade Dance+1"],"picked":"SKIP","floor":46},{"not_picked":["Dagger Spray","Burst+1"],"picked":"Deflect+1","floor":48}],"player_experience":989380,"relics_obtained":[{"floor":6.0,"key":"Lantern"},{"floor":8.0,"key":"Ginger"},{"floor":9.0,"key":"Mercury Hourglass"},{"floor":13.0,"key":"PreservedInsect"},{"floor":20.0,"key":"Red Mask"},{"floor":22.0,"key":"Regal Pillow"},{"floor":24.0,"key":"Bottled Tornado"},{"floor":26.0,"key":"Boot"},{"floor":27.0,"key":"Centennial Puzzle"},{"floor":30,"key":"Nunchaku"},{"floor":34,"key":"Anchor"},{"floor":34,"key":"Shuriken"},{"floor":34,"key":"Pocketwatch"},{"floor":40,"key":"Happy Flower"},{"floor":43,"key":"Frozen Egg 2"},{"floor":44,"key":"Strawberry"},{"floor":48,"key":"Du-Vu Doll"}],"event_choices":[{"damage_healed":22.0,"max_hp_gain":0.0,"max_hp_loss":0.0,"gold_gain":0.0,"event_name":"Big Fish","player_choice":"Banana","floor":2.0,"gold_loss":0.0,"damage_taken":0.0},{"cards_removed":["Defend_G"],"damage_healed":0.0,"max_hp_gain":0.0,"max_hp_loss":0.0,"gold_gain":0.0,"event_name":"Golden Wing","player_choice":"Card Removal","floor":3.0,"gold_loss":0.0,"damage_taken":7.0},{"damage_healed":0.0,"max_hp_gain":0.0,"max_hp_loss":0.0,"gold_gain":0.0,"event_name":"Addict","player_choice":"Stole Relic","floor":19.0,"gold_loss":0.0,"damage_taken":0.0,"relics_obtained":["Toxic Egg 2"],"cards_obtained":["Shame"]},{"damage_healed":0.0,"max_hp_gain":0.0,"max_hp_loss":0.0,"gold_gain":0.0,"event_name":"Masked Bandits","player_choice":"Fought Bandits","floor":20.0,"gold_loss":0.0,"damage_taken":0.0},{"damage_healed":0.0,"max_hp_gain":0.0,"max_hp_loss":0.0,"gold_gain":0.0,"event_name":"Lab","player_choice":"Got Potions","floor":25.0,"gold_loss":0.0,"damage_taken":0.0},{"cards_removed":["Slice"],"damage_healed":0,"gold_gain":0,"player_choice":"Removed Attack","damage_taken":0,"max_hp_gain":0,"max_hp_loss":0,"event_name":"Falling","floor":37,"gold_loss":0},{"damage_healed":0,"gold_gain":222,"player_choice":"Wore Mask","damage_taken":0,"max_hp_gain":0,"max_hp_loss":0,"event_name":"Tomb of Lord Red Mask","floor":38,"gold_loss":0},{"damage_healed":0,"gold_gain":0,"player_choice":"Memory 1","damage_taken":0,"max_hp_gain":0,"max_hp_loss":0,"event_name":"SensoryStone","floor":41,"gold_loss":0}],"is_beta":false,"boss_relics":[{"not_picked":["Philosopher\u0027s Stone","Fusion Hammer"],"picked":"Astrolabe"},{"not_picked":["Velvet Choker","Runic Dome"],"picked":"Calling Bell"}],"items_purged_floors":[14,36],"is_endless":false,"potions_floor_spawned":[4,5,8,16,21,24,27,33,40,46,48],"ascension_level":17}}