{"host":"drjz7zl15rqtgg20","time":1612382186,"event":{"mods":["BaseMod","Colored Map","Downfall","Minty Spire (QoL Compilation)","Permanent Neow","Quick Restart","StSLib"],"gold_per_floor":[99,117,131,142,142,142,142,156,184,84,9,38,38,68,78,78,78,78],"floor_reached":16,"language":"ENG","playtime":926,"items_purged":["bronze:Strike"],"score":126,"play_id":"c7428fdc-7edb-4f60-98b2-f9b3325f3ea8","local_time":"20210203145626","is_ascension_mode":true,"campfire_choices":[{"floor":1,"key":"RECALL"},{"data":"bronze:Terminator","floor":10,"key":"SMITH"}],"circlet_count":0,"master_deck":["bronze:Strike","bronze:Strike","bronze:Defend","bronze:Defend","bronze:Defend","bronze:Defend","bronze:Replicate","bronze:Goto","bronze:Frontload","bronze:Flail","bronze:Invalidate","bronze:Terminator+1","bronze:DelayedGuard","bronze:Boost","bronze:BronzeOrb"],"relics":["bronze:BronzeCore","Juzu Bracelet","Calipers","The Courier","Potion Belt","downfall:HeartBlessingRed","Letter Opener","Gremlin Horn"],"acts_visited":["Exordium"],"potions_floor_usage":[11],"damage_taken":[{"damage":3,"enemies":"Jaw Worm","floor":2,"turns":4},{"damage":4,"enemies":"2 Louse","floor":3,"turns":3},{"damage":0,"enemies":"Small Slimes","floor":4,"turns":3},{"damage":0,"enemies":"3 Louse","floor":8,"turns":1},{"damage":3,"enemies":"Lagavulin","floor":9,"turns":10},{"damage":0,"enemies":"downfall:FleeingMerchant","floor":11,"turns":4},{"damage":24,"enemies":"Gremlin Nob","floor":12,"turns":4},{"damage":11,"enemies":"3 Sentries","floor":14,"turns":5},{"damage":0,"enemies":"Large Slime","floor":15,"turns":4},{"damage":38,"enemies":"DF_ARCHETYPE_STREAMLINE","floor":16,"turns":6}],"seed_played":"-3154005243408757112","potions_obtained":[{"floor":4,"key":"SkillPotion"},{"floor":8,"key":"SpeedPotion"},{"floor":12,"key":"champ:CounterPotion"},{"floor":15,"key":"bronze:BurnAndBuffPotion"}],"is_trial":false,"path_per_floor":["R","M","M","M","?","?","T","M","E","R","$","E","?","E","M","B"],"character_chosen":"THE_AUTOMATON","items_purchased":[],"campfire_rested":0,"item_purchase_floors":[],"current_hp_per_floor":[70,67,63,63,60,60,60,60,57,57,57,33,33,22,22,0,0,0],"gold":78,"neow_bonus":"RANDOM_COMMON_RELIC","is_daily":false,"chose_seed":false,"campfire_upgraded":1,"win_rate":0.0,"timestamp":1612382186,"path_taken":["R","M","M","M","?","?","T","M","E","R","$","E","?","E","M","BOSS"],"items_purchased_type":[],"build_version":"2020-12-22","purchased_purges":1,"victory":false,"max_hp_per_floor":[70,70,70,70,70,70,70,70,70,70,70,70,70,70,70,70,70,70],"card_choices":[{"not_picked":["bronze:FineTuning","bronze:Turbo"],"picked":"bronze:Frontload","floor":2},{"not_picked":["bronze:Refactor","bronze:DarkDash"],"picked":"bronze:Flail","floor":3},{"not_picked":["bronze:WhirlingStrike","bronze:Turbo"],"picked":"bronze:Invalidate","floor":4},{"not_picked":["bronze:Optimize","bronze:Branch"],"picked":"bronze:DelayedGuard","floor":8},{"not_picked":["bronze:ForLoop","bronze:Repair"],"picked":"bronze:Boost","floor":9},{"not_picked":["bronze:BitShift","bronze:Constructor","bronze:ClassDefault"],"picked":"SKIP","floor":11},{"not_picked":["bronze:DarkDash","bronze:Allocate"],"picked":"bronze:BronzeOrb","floor":12},{"not_picked":["bronze:Invalidate","bronze:Iterate","bronze:DelayedGuard"],"picked":"SKIP","floor":14},{"not_picked":["bronze:Allocate","bronze:CloningBeam","bronze:WhirlingStrike"],"picked":"SKIP","floor":15}],"player_experience":649940,"relics_obtained":[{"floor":7,"key":"The Courier"},{"floor":9,"key":"Potion Belt"},{"floor":12,"key":"Letter Opener"},{"floor":14,"key":"Gremlin Horn"}],"event_choices":[{"damage_healed":0,"gold_gain":0,"player_choice":"Success","damage_taken":3,"relics_obtained":["Calipers"],"max_hp_gain":0,"max_hp_loss":0,"event_name":"Scrap Ooze","floor":5,"gold_loss":0}],"is_beta":false,"boss_relics":[],"items_purged_floors":[11],"is_endless":false,"potions_floor_spawned":[4,8,12,15],"killed_by":"DF_ARCHETYPE_STREAMLINE","ascension_level":1}}