{"host":"e326moqq81vao3qq","time":1612390896,"event":{"mods":["BaseMod","Colored Powertips","Highlight Path","Minty Spire (QoL Compilation)","Quick Restart","Relic Stats","Spicy Shops","StSLib","The Druid"],"gold_per_floor":[114,64,64,64,82,111,111,144,144,144,163,163,193,209,209,313,313,326,343,28,0,11,11,46,65,65,94,94,120,120,140,140,242,242,257,43,0,0,13,13,43,18,99,114,114,129,164,177,177,177,177,177,19,54,54,54],"floor_reached":55,"language":"ENG","playtime":2931,"items_purged":["Strike_R","Strike_R"],"score":920,"play_id":"c084dcbc-ce00-40e6-a3c2-8e11d41017d9","local_time":"20210203172136","is_ascension_mode":true,"campfire_choices":[{"data":"Sword Boomerang","floor":12,"key":"SMITH"},{"floor":15,"key":"REST"},{"floor":23,"key":"REST"},{"floor":28,"key":"REST"},{"floor":32,"key":"REST"},{"floor":40,"key":"RECALL"},{"floor":45,"key":"REST"},{"floor":49,"key":"REST"},{"floor":52,"key":"REST"}],"circlet_count":0,"master_deck":["Strike_R+1","Defend_R+1","Defend_R","Defend_R","Defend_R","Bash+1","Shrug It Off+1","Clothesline","Sword Boomerang+1","Cleave","Shrug It Off","Flame Barrier","Demon Form","Hemokinesis+1","Limit Break","Fiend Fire","Sword Boomerang+1","Battle Trance+1","Burning Pact+1","Shrug It Off","Shrug It Off+1","Exhume","Disarm+1","Disarm","Flame Barrier+1","Spot Weakness+1","Exhume+1","Warcry+1","Evolve+1","Spot Weakness+1","Shrug It Off+1","True Grit+1"],"relics":["Burning Blood","NeowsBlessing","Prayer Wheel","Darkstone Periapt","Champion Belt","Bag of Marbles","Sozu","Membership Card","Gremlin Horn","Lizard Tail","War Paint","Happy Flower","InkBottle","Fusion Hammer","Toxic Egg 2","Red Mask","Whetstone","TungstenRod","Bottled Tornado","Lantern"],"acts_visited":["Exordium","TheCity","TheBeyond","TheEnding"],"potions_floor_usage":[29],"damage_taken":[{"damage":0,"enemies":"Jaw Worm","floor":1,"turns":1},{"damage":0,"enemies":"2 Louse","floor":5,"turns":1},{"damage":0,"enemies":"3 Sentries","floor":6,"turns":2},{"damage":24,"enemies":"Gremlin Nob","floor":8,"turns":4},{"damage":0,"enemies":"Cultist","floor":11,"turns":3},{"damage":30,"enemies":"Lagavulin","floor":13,"turns":7},{"damage":7,"enemies":"2 Fungi Beasts","floor":14,"turns":3},{"damage":68,"enemies":"Hexaghost","floor":16,"turns":14},{"damage":7,"enemies":"3 Byrds","floor":18,"turns":4},{"damage":25,"enemies":"2 Thieves","floor":19,"turns":4},{"damage":38,"enemies":"3 Cultists","floor":22,"turns":5},{"damage":66,"enemies":"Slavers","floor":24,"turns":6},{"damage":11,"enemies":"Snake Plant","floor":25,"turns":3},{"damage":56,"enemies":"Book of Stabbing","floor":27,"turns":6},{"damage":30,"enemies":"Gremlin Leader","floor":29,"turns":5},{"damage":10,"enemies":"Shelled Parasite and Fungi","floor":31,"turns":7},{"damage":10,"enemies":"Champ","floor":33,"turns":10},{"damage":9,"enemies":"Orb Walker","floor":35,"turns":4},{"damage":2,"enemies":"3 Shapes","floor":39,"turns":4},{"damage":67,"enemies":"Giant Head","floor":41,"turns":10},{"damage":1,"enemies":"Spire Growth","floor":44,"turns":7},{"damage":2,"enemies":"Maw","floor":46,"turns":6},{"damage":26,"enemies":"Nemesis","floor":47,"turns":7},{"damage":13,"enemies":"4 Shapes","floor":48,"turns":6},{"damage":27,"enemies":"Time Eater","floor":50,"turns":13},{"damage":73,"enemies":"Shield and Spear","floor":54,"turns":7},{"damage":29,"enemies":"The Heart","floor":55,"turns":2}],"seed_played":"8274736751328884090","potions_obtained":[{"floor":1,"key":"FairyPotion"},{"floor":5,"key":"FairyPotion"},{"floor":11,"key":"ColorlessPotion"}],"is_trial":false,"path_per_floor":["M","?","?","$","M","E","?","E","T","$","M","R","E","M","R","B",null,"M","M","$","?","M","R","E","M","T","E","R","E","?","M","R","B",null,"M","$","?","?","M","R","E","$","T","M","R","M","E","M","R","B",null,"R","$","E","B"],"character_chosen":"IRONCLAD","items_purchased":["Membership Card","Gremlin Horn","Toxic Egg 2","Flame Barrier+1","Warcry+1","Bottled Tornado","True Grit+1"],"campfire_rested":7,"item_purchase_floors":[20,20,36,36,42,53,53],"current_hp_per_floor":[80,80,80,80,80,80,80,62,62,62,68,68,44,43,67,30,80,79,60,60,60,28,52,28,23,23,14,38,14,14,10,34,30,80,77,77,77,77,80,80,19,19,19,24,48,52,32,25,49,28,80,80,80,13,0,0],"gold":54,"neow_bonus":"THREE_ENEMY_KILL","is_daily":false,"chose_seed":false,"campfire_upgraded":1,"win_rate":0.0,"timestamp":1612390896,"path_taken":["M","?","?","$","?","E","?","E","T","?","M","R","E","?","R","BOSS","M","M","$","?","M","R","E","M","T","E","R","E","?","M","R","BOSS","M","$","?","?","M","R","E","$","T","M","R","M","E","M","R","BOSS","R","$","E","BOSS"],"items_purchased_type":["Relic","Relic","Relic","Card","Card","Relic","Card"],"build_version":"2020-12-22","purchased_purges":2,"victory":false,"max_hp_per_floor":[80,80,80,80,80,80,80,80,80,80,80,80,80,80,80,80,80,80,80,80,80,80,80,80,80,80,80,80,80,80,80,80,80,80,80,80,80,80,80,80,80,80,80,80,80,80,80,80,80,80,80,80,80,80,80,80],"relic_stats":{"Darkstone Periapt":0,"Gremlin Horn":[12,13],"Happy Flower":[29],"counters":[27,151],"Whetstone":["Sword Boomerang","Strike_R"],"War Paint":["Defend_R","Shrug It Off"],"Burning Blood":137,"Sozu":9,"Lizard Tail":40,"Prayer Wheel":12,"Champion Belt":[78],"obtain_stats":[{"Darkstone Periapt":8,"Lantern":54,"NeowsBlessing":0,"Gremlin Horn":20,"Happy Flower":27,"Whetstone":41,"War Paint":26,"Bottled Tornado":53,"Burning Blood":0,"Sozu":17,"Lizard Tail":24,"Prayer Wheel":6,"Fusion Hammer":34,"Bag of Marbles":13,"Red Mask":37,"Champion Belt":9,"Membership Card":20,"Toxic Egg 2":36,"InkBottle":29,"TungstenRod":47},{"Darkstone Periapt":4,"Lantern":26,"NeowsBlessing":0,"Gremlin Horn":10,"Happy Flower":14,"Whetstone":20,"War Paint":13,"Bottled Tornado":25,"Burning Blood":0,"Sozu":8,"Lizard Tail":12,"Prayer Wheel":3,"Fusion Hammer":17,"Bag of Marbles":6,"Red Mask":18,"Champion Belt":4,"Membership Card":10,"Toxic Egg 2":18,"InkBottle":15,"TungstenRod":23},{"Darkstone Periapt":8,"Lantern":149,"NeowsBlessing":0,"Gremlin Horn":43,"Happy Flower":63,"Whetstone":103,"War Paint":57,"Bottled Tornado":142,"Burning Blood":0,"Sozu":35,"Lizard Tail":54,"Prayer Wheel":4,"Fusion Hammer":85,"Bag of Marbles":18,"Red Mask":89,"Champion Belt":8,"Membership Card":43,"Toxic Egg 2":89,"InkBottle":68,"TungstenRod":123}],"InkBottle":[22],"TungstenRod":22},"card_choices":[{"not_picked":["Second Wind","Clothesline"],"picked":"Shrug It Off","floor":1},{"not_picked":["Rage","Headbutt"],"picked":"Clothesline","floor":5},{"not_picked":["Pommel Strike","Iron Wave"],"picked":"Sword Boomerang","floor":6},{"not_picked":["Metallicize","Dual Wield"],"picked":"Uppercut","floor":8},{"not_picked":["Anger","Combust"],"picked":"Cleave","floor":11},{"not_picked":["Clash","Armaments"],"picked":"Shrug It Off","floor":11},{"not_picked":["Iron Wave","Dual Wield","Twin Strike"],"picked":"SKIP","floor":13},{"not_picked":["Havoc","Headbutt"],"picked":"Flame Barrier","floor":14},{"not_picked":["Clash","Brutality","Twin Strike"],"picked":"SKIP","floor":14},{"not_picked":["Berserk","Double Tap"],"picked":"Demon Form","floor":16},{"not_picked":["Wild Strike","Anger","Shrug It Off"],"picked":"SKIP","floor":18},{"not_picked":["Warcry","Wild Strike","Searing Blow"],"picked":"SKIP","floor":18},{"not_picked":["Havoc","Shockwave","Feel No Pain"],"picked":"SKIP","floor":19},{"not_picked":["Reckless Charge","Armaments","Sever Soul"],"picked":"SKIP","floor":19},{"not_picked":["Body Slam","Armaments"],"picked":"Hemokinesis+1","floor":22},{"not_picked":["Heavy Blade","Warcry"],"picked":"Limit Break","floor":22},{"not_picked":["Heavy Blade","Offering"],"picked":"Fiend Fire","floor":24},{"not_picked":["Cleave","True Grit"],"picked":"Sword Boomerang","floor":25},{"not_picked":["Twin Strike+1","Pummel+1"],"picked":"Battle Trance+1","floor":25},{"not_picked":["Whirlwind","Havoc+1"],"picked":"Burning Pact+1","floor":27},{"not_picked":["Headbutt+1","Armaments","Wild Strike"],"picked":"SKIP","floor":29},{"not_picked":["Hemokinesis+1","Armaments"],"picked":"Shrug It Off","floor":31},{"not_picked":["Cleave","Armaments"],"picked":"Shrug It Off+1","floor":31},{"not_picked":["Berserk","Barricade"],"picked":"Exhume","floor":33},{"not_picked":["Shrug It Off+1","Reckless Charge+1"],"picked":"Disarm+1","floor":35},{"not_picked":["Perfected Strike","Iron Wave"],"picked":"Disarm","floor":35},{"not_picked":["Flex+1","True Grit+1"],"picked":"Spot Weakness+1","floor":39},{"not_picked":["Second Wind+1","Iron Wave","Wild Strike+1"],"picked":"SKIP","floor":39},{"not_picked":["Shockwave+1","Sever Soul+1"],"picked":"Exhume+1","floor":41},{"not_picked":["True Grit+1","Clothesline+1","Intimidate+1"],"picked":"SKIP","floor":44},{"not_picked":["Havoc+1","Warcry+1","Hemokinesis"],"picked":"SKIP","floor":44},{"not_picked":["Intimidate+1","Warcry+1"],"picked":"Evolve+1","floor":46},{"not_picked":["Headbutt","Searing Blow+1"],"picked":"Spot Weakness+1","floor":46},{"not_picked":["Bludgeon","Sever Soul","Intimidate+1"],"picked":"SKIP","floor":47},{"not_picked":["Clash+1","Thunderclap"],"picked":"Shrug It Off+1","floor":48},{"not_picked":["Thunderclap+1","Flex+1","Perfected Strike+1"],"picked":"SKIP","floor":48},{"not_picked":["Inflame","Second Wind+1","Perfected Strike+1"],"picked":"SKIP","floor":54}],"player_experience":266789,"relics_obtained":[{"floor":6,"key":"Prayer Wheel"},{"floor":8,"key":"Darkstone Periapt"},{"floor":9,"key":"Champion Belt"},{"floor":13,"key":"Bag of Marbles"},{"floor":24,"key":"Lizard Tail"},{"floor":26,"key":"War Paint"},{"floor":27,"key":"Happy Flower"},{"floor":29,"key":"InkBottle"},{"floor":41,"key":"Whetstone"},{"floor":47,"key":"TungstenRod"},{"floor":54,"key":"Lantern"}],"event_choices":[{"cards_removed":["Strike_R"],"damage_healed":0,"gold_gain":0,"player_choice":"Card Removal","damage_taken":0,"max_hp_gain":0,"max_hp_loss":0,"event_name":"The Cleric","floor":2,"gold_loss":50},{"damage_healed":0,"gold_gain":0,"player_choice":"Forge","damage_taken":0,"max_hp_gain":0,"max_hp_loss":0,"event_name":"Accursed Blacksmith","floor":3,"gold_loss":0,"cards_upgraded":["Bash"]},{"damage_healed":0,"gold_gain":0,"player_choice":"Ignored","damage_taken":0,"max_hp_gain":0,"max_hp_loss":0,"event_name":"Liars Game","floor":7,"gold_loss":0},{"damage_healed":0,"gold_gain":0,"player_choice":"Paid Fearfully","damage_taken":0,"max_hp_gain":0,"max_hp_loss":0,"event_name":"Masked Bandits","floor":21,"gold_loss":28},{"cards_removed":["Strike_R"],"damage_healed":0,"gold_gain":0,"player_choice":"Elegance","damage_taken":0,"max_hp_gain":0,"max_hp_loss":0,"event_name":"Back to Basics","floor":30,"gold_loss":0},{"damage_healed":0,"gold_gain":0,"player_choice":"Paid","damage_taken":0,"relics_obtained":["Red Mask"],"max_hp_gain":0,"max_hp_loss":0,"event_name":"Tomb of Lord Red Mask","floor":37,"gold_loss":43},{"cards_removed":["Uppercut"],"damage_healed":0,"gold_gain":0,"player_choice":"Removed Attack","damage_taken":0,"max_hp_gain":0,"max_hp_loss":0,"event_name":"Falling","floor":38,"gold_loss":0}],"is_beta":false,"boss_relics":[{"not_picked":["Ectoplasm","Runic Cube"],"picked":"Sozu"},{"not_picked":["Velvet Choker","Coffee Dripper"],"picked":"Fusion Hammer"}],"items_purged_floors":[20,36],"is_endless":false,"potions_floor_spawned":[1,5,11,13,18,19,22,27,31,41,46,47,54],"killed_by":"The Heart","ascension_level":3}}