{"host":"99l0i25nwwr6z99u","time":1612317379,"event":{"mods":["Act Like it!","BaseMod","Colored Map","Colored Powertips","Downfall","Googly Eyes","Minty Spire (QoL Compilation)","Quick Restart","StSLib"],"gold_per_floor":[99,114,133,133,150,16,66,66,83,110,110,123,154,316,338,451,463,475,337,449,478,510,555,591,603,647,7,7,26,40,59,75,176,176,176,196,206,206,0,0,0,61,71,89,106,125,125,135,151,151,151,151],"floor_reached":50,"language":"ENG","playtime":3326,"items_purged":["downfall:Icky"],"score":838,"play_id":"84f78239-976c-43fd-abb5-5b2bada09122","local_time":"20210202205619","is_ascension_mode":true,"campfire_choices":[{"data":"Guardian:TwinSlam","floor":1,"key":"SMITH"},{"data":"Guardian:Suspension","floor":11,"key":"SMITH"},{"data":"Guardian:Recover","floor":18,"key":"SMITH"},{"floor":25,"key":"REST"},{"data":"Guardian:TimeSifter","floor":28,"key":"SMITH"},{"data":"Guardian:CompilePackage","floor":35,"key":"SMITH"},{"data":"Guardian:Orbwalk","floor":40,"key":"SMITH"},{"floor":47,"key":"REST"}],"circlet_count":0,"master_deck":["AscendersBane","Guardian:Strike_Guardian","Guardian:Strike_Guardian","Guardian:Defend_Guardian","Guardian:Defend_Guardian","Guardian:Defend_Guardian","Guardian:Defend_Guardian","Guardian:CurlUp","Guardian:TwinSlam+1","Guardian:BronzeArmor","Guardian:WalkerClaw","Guardian:Suspension+1","Guardian:RefractedBeam","Guardian:Orbwalk+1","Guardian:Planning+1","Guardian:SpikerProtocol","Guardian:RevengeProtocol","Guardian:GuardianWhirl","Guardian:Recover+1","Guardian:TimeSifter+1","CurseOfTheBell","Ghostly","Guardian:SphericShield","Guardian:DecasProtection","Guardian:TemporalShield","Guardian:Orbwalk","Guardian:ConstructionForm","Guardian:RollAttack+1","Guardian:CompilePackage+1","Guardian:TemporalStrike+1","Guardian:ShieldCharger","Guardian:EvasiveProtocol","Guardian:Suspension+1","Guardian:PolyBeam"],"relics":["Guardian:ModeShifter","StrikeDummy","Regal Pillow","FossilizedHelix","MawBank","Calling Bell","Nunchaku","The Courier","Lizard Tail","Lantern","Strawberry","Bottled Flame","Pear","Chemical X","Akabeko","sneckomod:SneckoTalon","Eternal Feather","Bottled Lightning"],"acts_visited":["Exordium","TheCity","TheBeyond"],"potions_floor_usage":[6,10,16,23,30,32,33,33,42,45,45,50,50,50,50,50,50],"damage_taken":[{"damage":0,"enemies":"Small Slimes","floor":2,"turns":4},{"damage":0,"enemies":"2 Louse","floor":3,"turns":3},{"damage":1,"enemies":"Jaw Worm","floor":5,"turns":4},{"damage":10,"enemies":"downfall:FleeingMerchant","floor":6,"turns":4},{"damage":3,"enemies":"Blue Slaver","floor":9,"turns":4},{"damage":15,"enemies":"3 Sentries","floor":10,"turns":6},{"damage":8,"enemies":"Gremlin Gang","floor":12,"turns":6},{"damage":0,"enemies":"Lagavulin","floor":13,"turns":5},{"damage":0,"enemies":"3 Louse","floor":15,"turns":4},{"damage":27,"enemies":"IC_STATUS_ARCHETYPE","floor":16,"turns":12},{"damage":0,"enemies":"Spheric Guardian","floor":21,"turns":6},{"damage":11,"enemies":"3 Byrds","floor":22,"turns":5},{"damage":26,"enemies":"Book of Stabbing","floor":23,"turns":6},{"damage":38,"enemies":"Slavers","floor":26,"turns":10},{"damage":0,"enemies":"downfall:FleeingMerchant","floor":27,"turns":4},{"damage":12,"enemies":"3 Cultists","floor":29,"turns":8},{"damage":0,"enemies":"Snake Plant","floor":30,"turns":6},{"damage":11,"enemies":"Chosen and Byrds","floor":31,"turns":10},{"damage":64,"enemies":"Cultist and Chosen","floor":32,"turns":14},{"damage":26,"enemies":"WA_ARCHETYPE_CALM","floor":33,"turns":13},{"damage":6,"enemies":"Orb Walker","floor":36,"turns":4},{"damage":0,"enemies":"3 Shapes","floor":37,"turns":10},{"damage":8,"enemies":"downfall:FleeingMerchant","floor":39,"turns":4},{"damage":0,"enemies":"downfall:FleeingMerchant","floor":42,"turns":4},{"damage":10,"enemies":"3 Darklings","floor":43,"turns":6},{"damage":0,"enemies":"4 Shapes","floor":44,"turns":11},{"damage":9,"enemies":"Writhing Mass","floor":45,"turns":9},{"damage":28,"enemies":"Maw","floor":46,"turns":10},{"damage":0,"enemies":"Jaw Worm Horde","floor":48,"turns":1},{"damage":0,"enemies":"Transient","floor":49,"turns":5},{"damage":95,"enemies":"SI_POISON_ARCHETYPE","floor":50,"turns":7}],"seed_played":"-2160118129592006865","potions_obtained":[{"floor":5,"key":"LiquidMemories"},{"floor":9,"key":"Explosive Potion"},{"floor":12,"key":"Regen Potion"},{"floor":15,"key":"hexamod:SoulburnPotion"},{"floor":22,"key":"ColorlessPotion"},{"floor":26,"key":"Strength Potion"},{"floor":29,"key":"Block Potion"},{"floor":31,"key":"sneckomod:MuddlingPotion"},{"floor":33,"key":"champ:CounterPotion"},{"floor":36,"key":"LiquidMemories"},{"floor":37,"key":"hexamod:SoulburnPotion"},{"floor":46,"key":"SteroidPotion"},{"floor":49,"key":"DuplicationPotion"}],"is_trial":false,"path_per_floor":["R","M","M","?","M","$","T","?","M","E","R","M","E","?","M","B",null,"R","?","?","M","M","E","T","R","E","$","R","M","M","M","M","B",null,"R","M","M","?","$","R","T","$","M","M","M","M","R","M","M","B"],"character_chosen":"GUARDIAN","items_purchased":["Guardian:Orbwalk","Guardian:Planning","Pear","Chemical X","Akabeko","Guardian:Orbwalk","Guardian:ConstructionForm","Eternal Feather","Guardian:EvasiveProtocol","EntropicBrew","Slimebound:ThreeZeroPotion","DistilledChaos"],"campfire_rested":2,"item_purchase_floors":[6,6,27,27,27,27,27,39,42,42,42,42],"current_hp_per_floor":[72,72,72,65,64,54,54,80,77,62,62,54,54,54,54,27,67,67,67,67,67,56,30,37,78,40,50,50,38,38,27,17,6,74,74,68,68,60,52,70,70,70,60,60,51,23,85,85,85,0,0,0],"gold":151,"neow_bonus":"TRANSFORM_CARD","is_daily":false,"chose_seed":false,"campfire_upgraded":6,"win_rate":0.0,"timestamp":1612317379,"path_taken":["R","M","M","?","M","$","T","?","?","E","R","M","E","?","M","BOSS","R","?","?","M","M","E","T","R","E","$","R","?","M","M","M","BOSS","R","M","M","?","?","R","T","$","M","M","?","M","R","M","M","BOSS"],"items_purchased_type":["Card","Card","Relic","Relic","Relic","Card","Card","Relic","Card","Potion","Potion","Potion"],"build_version":"2020-12-22","purchased_purges":1,"victory":false,"max_hp_per_floor":[80,80,80,80,80,80,80,80,80,80,80,80,80,80,80,80,80,80,80,80,80,80,80,87,87,87,97,97,97,97,97,97,97,97,97,97,97,97,97,97,97,97,97,97,97,97,97,97,97,97,97,97],"card_choices":[{"not_picked":["Guardian:TemporalShield","Guardian:TimeBomb"],"picked":"Guardian:BronzeArmor","floor":2},{"not_picked":["Guardian:PrismaticBarrier","Guardian:DecasProtection"],"picked":"Guardian:WalkerClaw","floor":3},{"not_picked":["Guardian:ShieldCharger","Guardian:ArmoredProtocol"],"picked":"Guardian:Suspension","floor":5},{"not_picked":["Guardian:PiercingHide","Guardian:Emergency"],"picked":"Guardian:RefractedBeam","floor":6},{"not_picked":["Guardian:TemporalStrike","Guardian:Preprogram"],"picked":"Guardian:SpikerProtocol","floor":9},{"not_picked":["Guardian:TemporalStrike","Guardian:Gem_Lightblue"],"picked":"Guardian:Gem_Green","floor":10},{"not_picked":["Guardian:PiercingHide","Guardian:TemporalShield"],"picked":"Guardian:RevengeProtocol","floor":12},{"not_picked":["Guardian:Planning","Guardian:Recover"],"picked":"Guardian:GuardianWhirl","floor":13},{"not_picked":["Guardian:TemporalStrike","Guardian:ChargeCore"],"picked":"Guardian:Recover","floor":15},{"not_picked":["Guardian:FierceBash","Guardian:GatlingBeam"],"picked":"Guardian:TimeSifter","floor":16},{"not_picked":["Guardian:Harden","Guardian:Incinerate"],"picked":"Guardian:SphericShield","floor":21},{"not_picked":["Guardian:Gem_Yellow","Guardian:Planning"],"picked":"Guardian:DecasProtection","floor":22},{"not_picked":["Guardian:Gem_Cyan","Guardian:RollAttack"],"picked":"Guardian:Gem_Purple","floor":23},{"not_picked":["Guardian:Gem_Green","Guardian:VentSteam","Guardian:RefractedBeam"],"picked":"SKIP","floor":26},{"not_picked":["Guardian:Gem_Green","Guardian:VentSteam","Guardian:RefractedBeam"],"picked":"SKIP","floor":26},{"not_picked":["Guardian:Preprogram","Guardian:GuardianWhirl"],"picked":"Guardian:TemporalShield","floor":27},{"not_picked":["Guardian:Gem_Green","Guardian:BronzeOrb","Guardian:Clone"],"picked":"SKIP","floor":29},{"not_picked":["Guardian:BaubleBeam","Guardian:RollAttack","Guardian:Gem_Green"],"picked":"SKIP","floor":30},{"not_picked":["Guardian:Gem_Lightblue","Guardian:PiercingHide","Guardian:DonusPower"],"picked":"SKIP","floor":31},{"not_picked":["Guardian:Planning","Guardian:ShieldCharger"],"picked":"Guardian:RollAttack+1","floor":32},{"not_picked":["Guardian:ExploitGems","Guardian:GatlingBeam"],"picked":"Guardian:CompilePackage","floor":33},{"not_picked":["Guardian:Suspension","Guardian:Gem_Fragmented"],"picked":"Guardian:TemporalStrike+1","floor":36},{"not_picked":["Guardian:DecasProtection","Guardian:Reroute+1"],"picked":"Guardian:ShieldCharger","floor":37},{"not_picked":["Guardian:ChargeCore+1","Guardian:RollAttack+1","Guardian:ShieldSpikes"],"picked":"SKIP","floor":39},{"not_picked":["Guardian:BronzeArmor+1","Guardian:Reroute","Guardian:DecasProtection+1"],"picked":"SKIP","floor":42},{"not_picked":["Guardian:ShieldCharger+1","Guardian:CrystalBeam","Guardian:Gem_Crimson"],"picked":"SKIP","floor":43},{"not_picked":["Guardian:Gem_Red","Guardian:WalkerClaw","Guardian:Suspension+1"],"picked":"SKIP","floor":44},{"not_picked":["Guardian:Gem_Crimson","Guardian:Reroute","Guardian:BodySlam"],"picked":"SKIP","floor":45},{"not_picked":["Guardian:FierceBash","Guardian:Gem_Red"],"picked":"Guardian:Suspension+1","floor":46},{"not_picked":["Guardian:CrystalBeam","Guardian:SentryBeam+1","Guardian:Planning"],"picked":"SKIP","floor":48},{"not_picked":["Guardian:TemporalStrike","Guardian:Suspension+1"],"picked":"Guardian:PolyBeam","floor":49}],"player_experience":971648,"relics_obtained":[{"floor":7,"key":"Regal Pillow"},{"floor":10,"key":"FossilizedHelix"},{"floor":13,"key":"MawBank"},{"floor":17,"key":"Nunchaku"},{"floor":17,"key":"The Courier"},{"floor":17,"key":"Lizard Tail"},{"floor":23,"key":"Lantern"},{"floor":24,"key":"Strawberry"},{"floor":26,"key":"Bottled Flame"},{"floor":41,"key":"Bottled Lightning"}],"event_choices":[{"damage_healed":0,"gold_gain":0,"player_choice":"Success","damage_taken":7,"relics_obtained":["StrikeDummy"],"max_hp_gain":0,"max_hp_loss":0,"event_name":"Scrap Ooze","floor":4,"gold_loss":0},{"damage_healed":26,"gold_gain":0,"player_choice":"Banana","damage_taken":0,"max_hp_gain":0,"max_hp_loss":0,"event_name":"Big Fish","floor":8,"gold_loss":0}],"is_beta":false,"boss_relics":[{"not_picked":["expansioncontent:StudyCardRelic","Snecko Eye"],"picked":"Calling Bell"},{"not_picked":["Guardian:StasisSlotReductionRelic","SlaversCollar"],"picked":"sneckomod:SneckoTalon"}],"items_purged_floors":[27],"is_endless":false,"potions_floor_spawned":[5,9,12,15,22,26,29,31,33,36,37,46,49],"killed_by":"SI_POISON_ARCHETYPE","ascension_level":10}}