{"host":"Oniwa","time":1612351327,"event":{"mods":["BaseMod","Colored Map","Colored Powertips","Minty Spire (QoL Compilation)","Relic Stats","Slay the Relics Exporter","SpireBot","StSLib","ojb\u0027s Better Paths Mod","ojb\u0027s Info Mod"],"gold_per_floor":[119,119,39,4,4,37,37,47,73,73,73,73,48,91,91,182,182,205,6,29,29,47,86,86,119,145,166,166,166,166,216,216,315,315,340,340,361,1360,1373,1373,842,875,875,890,921,933,655,449,449,449,449,449,449,33,72,72,72],"floor_reached":56,"language":"JPN","playtime":4591,"items_purged":["Strike_B","Normality","Normality","Strike_B","Strike_B"],"score":2290,"play_id":"8b8eff1f-76a5-4f03-9f45-5bee03a76f0f","local_time":"20210203202207","is_ascension_mode":true,"campfire_choices":[{"data":"1","floor":7.0,"key":"LIFT"},{"floor":11.0,"key":"REST"},{"data":"2","floor":15.0,"key":"LIFT"},{"data":"Electrodynamics","floor":24.0,"key":"SMITH"},{"data":"Loop","floor":32.0,"key":"SMITH"},{"data":"Buffer","floor":40.0,"key":"SMITH"},{"floor":49.0,"key":"RECALL"},{"data":"Defragment","floor":53.0,"key":"SMITH"}],"circlet_count":0,"master_deck":["AscendersBane","Strike_B","Defend_B","Defend_B","Defend_B","Defend_B","Zap+1","Dualcast","Glacier+1","Doom and Gloom","Sweeping Beam","Genetic Algorithm+1","Sweeping Beam","Buffer+1","Electrodynamics+1","Ball Lightning+1","Chill+1","Loop+1","Leap+1","Glacier+1","Turbo","Coolheaded+1","Defragment+1","Ghostly","Ghostly","Ghostly","Creative AI","BootSequence+1","Dark Shackles","Defragment+1","Seek","Core Surge","Coolheaded"],"relics":["Cracked Core","NeowsBlessing","Girya","Centennial Puzzle","Gremlin Horn","Golden Idol","Art of War","Coffee Dripper","Pocketwatch","Akabeko","Pantograph","Cursed Key","Strawberry","War Paint","Lantern","MawBank","Lee\u0027s Waffle","Bag of Marbles"],"acts_visited":["Exordium","TheCity","TheBeyond","TheEnding"],"potions_floor_usage":[56],"damage_taken":[{"damage":0.0,"enemies":"Small Slimes","floor":1.0,"turns":1.0},{"damage":0.0,"enemies":"Gremlin Nob","floor":6.0,"turns":1.0},{"damage":0.0,"enemies":"Jaw Worm","floor":8.0,"turns":1.0},{"damage":15.0,"enemies":"3 Sentries","floor":14.0,"turns":6.0},{"damage":0.0,"enemies":"Slime Boss","floor":16.0,"turns":6.0},{"damage":9.0,"enemies":"Chosen","floor":18.0,"turns":4.0},{"damage":0.0,"enemies":"Spheric Guardian","floor":20.0,"turns":5.0},{"damage":2.0,"enemies":"Centurion and Healer","floor":22.0,"turns":8.0},{"damage":0.0,"enemies":"Gremlin Leader","floor":23.0,"turns":8.0},{"damage":12.0,"enemies":"Slavers","floor":25.0,"turns":4.0},{"damage":4.0,"enemies":"Snake Plant","floor":27.0,"turns":5.0},{"damage":16.0,"enemies":"Automaton","floor":33.0,"turns":12.0},{"damage":0.0,"enemies":"3 Shapes","floor":35.0,"turns":4.0},{"damage":0.0,"enemies":"3 Darklings","floor":37.0,"turns":3.0},{"damage":0.0,"enemies":"Spire Growth","floor":39.0,"turns":6.0},{"damage":0.0,"enemies":"Nemesis","floor":42.0,"turns":7.0},{"damage":0.0,"enemies":"Sphere and 2 Shapes","floor":44.0,"turns":4.0},{"damage":0.0,"enemies":"Giant Head","floor":45.0,"turns":13.0},{"damage":0.0,"enemies":"Time Eater","floor":50.0,"turns":21.0},{"damage":19.0,"enemies":"Awakened One","floor":51.0,"turns":36.0},{"damage":44.0,"enemies":"Shield and Spear","floor":55.0,"turns":14.0},{"damage":51,"enemies":"The Heart","floor":56,"turns":15}],"seed_played":"9054606109351843657","potions_obtained":[{"floor":6.0,"key":"Fire Potion"},{"floor":8.0,"key":"SneckoOil"},{"floor":20.0,"key":"SkillPotion"},{"floor":22.0,"key":"FairyPotion"},{"floor":25.0,"key":"EssenceOfSteel"},{"floor":27.0,"key":"FocusPotion"}],"is_trial":false,"path_per_floor":["M","?","$","?","?","E","R","M","T","?","R","?","$","E","R","B",null,"M","$","M","?","M","E","R","E","T","M","?","?","T","?","R","B",null,"M","?","M","?","M","R","$","E","T","M","E","?","$","$","R","B","B",null,"R","$","E","B"],"character_chosen":"DEFECT","items_purchased":["Doom and Gloom","Sweeping Beam","Chill","Loop","Strawberry","War Paint","Dark Shackles","Core Surge","Coolheaded","Ancient Potion","Lee\u0027s Waffle"],"campfire_rested":1,"item_purchase_floors":[3,13,19,19,41,41,41,47,48,54,54],"current_hp_per_floor":[64,43,43,60,60,60,60,60,60,15,36,36,36,21,21,21,53,44,44,44,44,42,42,42,37,37,40,32,32,32,29,29,23,30,32,30,30,30,30,30,37,37,37,37,37,37,37,37,37,37,18,32,32,44,13,0,0],"gold":72,"neow_bonus":"THREE_ENEMY_KILL","is_daily":false,"chose_seed":false,"campfire_upgraded":4,"win_rate":0.0,"timestamp":1612351327,"path_taken":["M","?","$","?","?","E","R","M","T","?","R","?","?","E","R","BOSS","M","$","M","?","?","E","R","E","T","M","?","?","?","?","R","BOSS","M","?","M","?","M","R","$","E","T","M","E","?","?","$","R","BOSS","BOSS","R","$","E","BOSS"],"items_purchased_type":["Card","Card","Card","Card","Relic","Relic","Card","Card","Card","Potion","Relic"],"build_version":"2020-12-18","purchased_purges":5,"victory":false,"max_hp_per_floor":[71,71,71,71,71,71,71,71,71,71,71,64,64,64,64,64,64,64,64,64,64,64,64,64,64,64,64,32,32,32,32,32,32,32,32,30,30,30,30,30,37,37,37,37,37,37,37,37,37,37,37,37,37,44,44,44,44],"relic_stats":{"Centennial Puzzle":[27],"Lee\u0027s Waffle":12,"Gremlin Horn":[20,21],"counters":[22,184],"Golden Idol":154,"Pantograph":28,"Art of War":[96],"War Paint":["Genetic Algorithm","Chill"],"Cursed Key":0,"MawBank":24,"obtain_stats":[{"Girya":6,"Lantern":42,"Lee\u0027s Waffle":54,"NeowsBlessing":0,"Gremlin Horn":10,"Golden Idol":12,"War Paint":41,"Cursed Key":34,"MawBank":45,"Akabeko":25,"Centennial Puzzle":9,"Pantograph":30,"Strawberry":41,"Art of War":14,"Coffee Dripper":17,"Bag of Marbles":55,"Cracked Core":0,"Pocketwatch":23},{"Girya":2,"Lantern":16,"Lee\u0027s Waffle":20,"NeowsBlessing":0,"Gremlin Horn":3,"Golden Idol":3,"War Paint":15,"Cursed Key":12,"MawBank":18,"Akabeko":10,"Centennial Puzzle":3,"Pantograph":11,"Strawberry":15,"Art of War":4,"Coffee Dripper":5,"Bag of Marbles":21,"Cracked Core":0,"Pocketwatch":9},{"Girya":2,"Lantern":81,"Lee\u0027s Waffle":155,"NeowsBlessing":0,"Gremlin Horn":3,"Golden Idol":3,"War Paint":74,"Cursed Key":61,"MawBank":98,"Akabeko":44,"Centennial Puzzle":3,"Pantograph":49,"Strawberry":74,"Art of War":9,"Coffee Dripper":15,"Bag of Marbles":169,"Cracked Core":0,"Pocketwatch":40}],"Pocketwatch":[278]},"card_choices":[{"not_picked":["Beam Cell","BootSequence"],"picked":"Glacier","floor":1.0},{"not_picked":["Rebound","Skim"],"picked":"Sweeping Beam","floor":6.0},{"not_picked":["Amplify","Static Discharge"],"picked":"Genetic Algorithm","floor":8.0},{"not_picked":["Hyperbeam","Lockon"],"picked":"Buffer","floor":14.0},{"not_picked":["Creative AI","Buffer"],"picked":"Electrodynamics","floor":16.0},{"not_picked":["Cold Snap","Hologram"],"picked":"Ball Lightning+1","floor":18.0},{"not_picked":["Conserve Battery","Stack+1"],"picked":"Leap+1","floor":20.0},{"not_picked":["Ball Lightning+1","Compile Driver"],"picked":"Turbo","floor":22.0},{"not_picked":["Aggregate","Go for the Eyes"],"picked":"Self Repair","floor":23.0},{"not_picked":["Barrage","Lockon"],"picked":"Coolheaded+1","floor":25.0},{"not_picked":["Amplify","Turbo"],"picked":"Defragment+1","floor":27.0},{"not_picked":["Machine Learning","Electrodynamics"],"picked":"Creative AI","floor":33.0},{"not_picked":["Hello World","Doom and Gloom","Go for the Eyes"],"picked":"SKIP","floor":35.0},{"not_picked":["Barrage+1","Hello World","Conserve Battery"],"picked":"SKIP","floor":37.0},{"not_picked":["Redo","Conserve Battery"],"picked":"BootSequence+1","floor":39.0},{"not_picked":["Turbo","Blizzard","Barrage"],"picked":"SKIP","floor":42.0},{"not_picked":["Turbo","BootSequence"],"picked":"Defragment","floor":44.0},{"not_picked":["Fission","Reboot"],"picked":"Seek","floor":45.0},{"not_picked":["Darkness","Self Repair","Barrage+1"],"picked":"SKIP","floor":55.0}],"player_experience":2659700,"relics_obtained":[{"floor":6.0,"key":"Girya"},{"floor":9.0,"key":"Centennial Puzzle"},{"floor":14.0,"key":"Art of War"},{"floor":23.0,"key":"Pocketwatch"},{"floor":25.0,"key":"Akabeko"},{"floor":30.0,"key":"Pantograph"},{"floor":42.0,"key":"Lantern"},{"floor":45.0,"key":"MawBank"},{"floor":55.0,"key":"Bag of Marbles"}],"event_choices":[{"damage_healed":0.0,"max_hp_gain":0.0,"max_hp_loss":0.0,"gold_gain":0.0,"event_name":"Shining Light","player_choice":"Entered Light","floor":2.0,"gold_loss":0.0,"damage_taken":21.0,"cards_upgraded":["Glacier","Zap"]},{"damage_healed":17.0,"max_hp_gain":0.0,"max_hp_loss":0.0,"gold_gain":0.0,"event_name":"The Cleric","player_choice":"Healed","floor":4.0,"gold_loss":35.0,"damage_taken":0.0},{"damage_healed":0.0,"max_hp_gain":0.0,"max_hp_loss":0.0,"gold_gain":0.0,"event_name":"Liars Game","player_choice":"Ignored","floor":5.0,"gold_loss":0.0,"damage_taken":0.0},{"damage_healed":0.0,"max_hp_gain":0.0,"max_hp_loss":0.0,"gold_gain":0.0,"event_name":"Scrap Ooze","player_choice":"Success","floor":10.0,"gold_loss":0.0,"damage_taken":45.0,"relics_obtained":["Gremlin Horn"]},{"damage_healed":0.0,"max_hp_gain":0.0,"max_hp_loss":7.0,"gold_gain":0.0,"event_name":"Golden Idol","player_choice":"Lose Max HP","floor":12.0,"gold_loss":0.0,"damage_taken":0.0,"relics_obtained":["Golden Idol"]},{"damage_healed":0.0,"max_hp_gain":0.0,"max_hp_loss":0.0,"gold_gain":0.0,"event_name":"Duplicator","player_choice":"Copied","floor":21.0,"gold_loss":0.0,"damage_taken":0.0,"cards_obtained":["Glacier"]},{"damage_healed":0.0,"max_hp_gain":0.0,"max_hp_loss":32.0,"gold_gain":0.0,"event_name":"Ghosts","player_choice":"Became a Ghost","floor":28.0,"gold_loss":0.0,"damage_taken":0.0,"cards_obtained":["Ghostly","Ghostly","Ghostly"]},{"damage_healed":0.0,"max_hp_gain":0.0,"max_hp_loss":0.0,"gold_gain":0.0,"event_name":"Vampires","player_choice":"Ignored","floor":29.0,"gold_loss":0.0,"damage_taken":0.0},{"damage_healed":0.0,"max_hp_gain":0.0,"max_hp_loss":0.0,"gold_gain":50.0,"event_name":"FaceTrader","player_choice":"Touch","floor":31.0,"gold_loss":0.0,"damage_taken":3.0},{"damage_healed":0.0,"max_hp_gain":0.0,"max_hp_loss":2.0,"gold_gain":0.0,"event_name":"Winding Halls","player_choice":"Max HP","floor":36.0,"gold_loss":0.0,"damage_taken":0.0},{"damage_healed":0.0,"max_hp_gain":0.0,"max_hp_loss":0.0,"gold_gain":999.0,"event_name":"MindBloom","player_choice":"Gold","floor":38.0,"gold_loss":0.0,"damage_taken":0.0,"cards_obtained":["Normality","Normality"]},{"cards_removed":["Self Repair"],"damage_healed":0.0,"max_hp_gain":0.0,"max_hp_loss":0.0,"gold_gain":0.0,"event_name":"Falling","player_choice":"Removed Power","floor":46.0,"gold_loss":0.0,"damage_taken":0.0}],"is_beta":true,"boss_relics":[{"not_picked":["Nuclear Battery","Empty Cage"],"picked":"Coffee Dripper"},{"not_picked":["SlaversCollar","Fusion Hammer"],"picked":"Cursed Key"}],"items_purged_floors":[19,41,47,48,54],"is_endless":false,"potions_floor_spawned":[6,8,20,22,25,27,33,35,39,44,45],"killed_by":"The Heart","ascension_level":20}}