{"host":"gl5rgsfncjl28cj1","time":1612312603,"event":{"mods":["BaseMod","Colored Map","Highlight Path","Minty Spire (QoL Compilation)","Permanent Neow","StSLib"],"gold_per_floor":[213,223,243,257,95,95,113,113,113,139,139,139,139],"floor_reached":12,"language":"KOR","playtime":316,"items_purged":["Strike_G"],"score":160,"play_id":"ea173712-4bef-43fb-99ec-10705af052af","local_time":"20210203093643","is_ascension_mode":true,"campfire_choices":[{"data":"Noxious Fumes","floor":6,"key":"SMITH"},{"data":"Dagger Spray","floor":8,"key":"SMITH"},{"data":"Noxious Fumes","floor":11,"key":"SMITH"}],"circlet_count":0,"master_deck":["AscendersBane","Strike_G","Strike_G","Strike_G","Strike_G","Defend_G","Defend_G","Defend_G","Defend_G","Defend_G","Survivor","Neutralize","Dash","Cloak And Dagger","Corpse Explosion","Dagger Spray+1","Noxious Fumes+1","Noxious Fumes+1","Terror"],"relics":["Ring of the Snake","Meat on the Bone","Eternal Feather"],"acts_visited":["Exordium"],"potions_floor_usage":[3,4,10],"damage_taken":[{"damage":1,"enemies":"Small Slimes","floor":1,"turns":5},{"damage":3,"enemies":"2 Louse","floor":2,"turns":4},{"damage":0,"enemies":"Cultist","floor":3,"turns":4},{"damage":0,"enemies":"2 Fungi Beasts","floor":4,"turns":3},{"damage":9,"enemies":"3 Louse","floor":7,"turns":3},{"damage":30,"enemies":"Gremlin Nob","floor":10,"turns":5},{"damage":42,"enemies":"Lagavulin","floor":12,"turns":5}],"seed_played":"-5003753944100797839","potions_obtained":[{"floor":1,"key":"Weak Potion"},{"floor":2,"key":"ColorlessPotion"},{"floor":3,"key":"Explosive Potion"}],"is_trial":false,"path_per_floor":["M","M","M","M","$","R","M","R","T","E","R","E"],"character_chosen":"THE_SILENT","items_purchased":["Noxious Fumes"],"campfire_rested":0,"item_purchase_floors":[5],"current_hp_per_floor":[58,55,55,55,55,55,46,46,46,28,37,0,0],"gold":139,"neow_bonus":"HUNDRED_GOLD","is_daily":false,"chose_seed":false,"campfire_upgraded":3,"win_rate":0.0,"timestamp":1612312603,"path_taken":["M","M","M","M","$","R","M","R","T","E","R","E"],"items_purchased_type":["Card"],"build_version":"2020-12-22","purchased_purges":1,"victory":false,"max_hp_per_floor":[66,66,66,66,66,66,66,66,66,66,66,66,66],"card_choices":[{"not_picked":["Bane","Masterful Stab"],"picked":"Dash","floor":1},{"not_picked":["Quick Slash","Outmaneuver"],"picked":"Cloak And Dagger","floor":2},{"not_picked":["Deflect","Flying Knee"],"picked":"Corpse Explosion","floor":3},{"not_picked":["Flechettes","Flying Knee"],"picked":"Dagger Spray","floor":4},{"not_picked":["Flying Knee","Deflect"],"picked":"Noxious Fumes","floor":7},{"not_picked":["Backflip","Slice"],"picked":"Terror","floor":10}],"player_experience":1011226,"relics_obtained":[{"floor":9,"key":"Meat on the Bone"},{"floor":10,"key":"Eternal Feather"}],"event_choices":[],"is_beta":false,"boss_relics":[],"items_purged_floors":[5],"is_endless":false,"potions_floor_spawned":[1,2,3],"killed_by":"Lagavulin","ascension_level":20}}