{"host":"3a1ypf1irl30q4k8","time":1612386988,"event":{"mods":["AchievementEnabler","BaseMod","Bestiary","Colored Map","Minty Spire (QoL Compilation)","Relic Stats","ojb\u0027s Info Mod"],"gold_per_floor":[115,115,115,129,129,129,129],"floor_reached":6,"language":"ENG","playtime":245,"items_purged":[],"score":41,"play_id":"559e18a1-ff16-48a6-9c14-340b074ea3f8","local_time":"20210203211628","is_ascension_mode":true,"campfire_choices":[],"circlet_count":0,"master_deck":["Strike_G","Strike_G","Strike_G","Strike_G","Strike_G","Defend_G+1","Defend_G","Defend_G","Defend_G","Defend_G","Survivor","Neutralize","Backflip","Prepared+1"],"relics":["Snecko Eye","War Paint"],"acts_visited":["Exordium"],"potions_floor_usage":[6],"damage_taken":[{"damage":6,"enemies":"Jaw Worm","floor":1,"turns":4},{"damage":2,"enemies":"2 Louse","floor":4,"turns":4},{"damage":83,"enemies":"Gremlin Nob","floor":6,"turns":6}],"seed_played":"5326627021631868370","potions_obtained":[{"floor":1,"key":"Block Potion"}],"is_trial":false,"path_per_floor":["M","?","?","M","?","E"],"character_chosen":"THE_SILENT","items_purchased":[],"campfire_rested":0,"item_purchase_floors":[],"current_hp_per_floor":[64,64,69,67,64,0,0],"gold":129,"neow_bonus":"BOSS_RELIC","is_daily":false,"chose_seed":false,"campfire_upgraded":0,"win_rate":0.0,"timestamp":1612386988,"path_taken":["M","?","?","M","?","E"],"items_purchased_type":[],"build_version":"2020-12-22","purchased_purges":0,"victory":false,"max_hp_per_floor":[70,70,75,75,75,75,75],"relic_stats":{"counters":[3,14],"Snecko Eye":[30,20,30,26],"War Paint":["Defend_G","Prepared"],"obtain_stats":[{"Snecko Eye":0,"War Paint":5,"Ring of the Snake":0},{"Snecko Eye":0,"War Paint":2,"Ring of the Snake":0},{"Snecko Eye":0,"War Paint":8,"Ring of the Snake":0}]},"card_choices":[{"not_picked":["Flechettes","All Out Attack"],"picked":"Backflip","floor":1},{"not_picked":["Dodge and Roll","All Out Attack"],"picked":"Prepared","floor":4}],"player_experience":1307189,"relics_obtained":[],"event_choices":[{"damage_healed":0,"gold_gain":0,"player_choice":"Ignored","damage_taken":0,"max_hp_gain":0,"max_hp_loss":0,"event_name":"Golden Wing","floor":2,"gold_loss":0},{"damage_healed":0,"gold_gain":0,"player_choice":"Donut","damage_taken":0,"max_hp_gain":5,"max_hp_loss":0,"event_name":"Big Fish","floor":3,"gold_loss":0},{"damage_healed":0,"gold_gain":0,"player_choice":"Success","damage_taken":3,"relics_obtained":["War Paint"],"max_hp_gain":0,"max_hp_loss":0,"event_name":"Scrap Ooze","floor":5,"gold_loss":0}],"is_beta":false,"boss_relics":[],"items_purged_floors":[],"is_endless":false,"potions_floor_spawned":[1],"killed_by":"Gremlin Nob","ascension_level":4}}