{"host":"r91i8wii3z9p67t1","time":1612383528,"event":{"mods":["BaseMod","Minty Spire (QoL Compilation)","Relic Stats","Replay The Spire","StSLib"],"gold_per_floor":[119,21,21,41,60,87,101,101,101,26,61,61,61,81,81,81,81],"floor_reached":16,"language":"ZHT","playtime":792,"items_purged":["ReplayTheSpireMod:Splinters"],"score":171,"play_id":"73b91df7-b4a9-4a64-8ac9-55eb07c1b6d5","local_time":"20210204041848","is_ascension_mode":true,"campfire_choices":[{"floor":8.0,"key":"REST"},{"floor":12.0,"key":"REST"},{"data":"Sanctity","floor":15.0,"key":"SMITH"}],"circlet_count":1,"master_deck":["Strike_P","Strike_P","Strike_P","Defend_P","Defend_P+1","Defend_P","Defend_P+1","Eruption","Vigilance","EmptyFist","Halt","Sanctity+1","MasterReality+1","Prostrate","FlyingSleeves","DeusExMachina","Swivel"],"relics":["PureWater","War Paint","Replay:Ringing Soul","Counterbalance","Replay:Bottled Eggs","Nunchaku","Circlet"],"acts_visited":["Exordium"],"potions_floor_usage":[16],"damage_taken":[{"damage":2.0,"enemies":"Cultist","floor":1.0,"turns":4.0},{"damage":0.0,"enemies":"Jaw Worm","floor":4.0,"turns":3.0},{"damage":43.0,"enemies":"Lagavulin","floor":6.0,"turns":13.0},{"damage":0.0,"enemies":"Small Slimes","floor":7.0,"turns":4.0},{"damage":16.0,"enemies":"Gremlin Nob","floor":11.0,"turns":4.0},{"damage":9.0,"enemies":"2 Fungi Beasts","floor":14.0,"turns":3.0},{"damage":103,"enemies":"Hexaghost","floor":16,"turns":17}],"seed_played":"-3205446765634139475","potions_obtained":[{"floor":4.0,"key":"Adrenaline Potion"},{"floor":6.0,"key":"BlessingOfTheForge"},{"floor":7.0,"key":"Energy Potion"}],"is_trial":false,"path_per_floor":["M","$","?","M","?","E","M","R","T","$","E","R","?","M","R","B"],"character_chosen":"WATCHER","items_purchased":["FairyPotion"],"campfire_rested":2,"item_purchase_floors":[2],"current_hp_per_floor":[63,63,56,59,62,22,25,50,50,50,37,63,66,69,69,0,0],"gold":81,"neow_bonus":"RANDOM_COMMON_RELIC","is_daily":false,"chose_seed":false,"campfire_upgraded":1,"win_rate":0.0,"timestamp":1612383528,"path_taken":["M","?","?","?","?","E","M","R","T","$","E","R","?","?","R","BOSS"],"items_purchased_type":["Potion"],"build_version":"2020-12-22","purchased_purges":1,"victory":false,"max_hp_per_floor":[72,72,72,75,78,81,84,84,84,84,87,87,90,93,93,93,93],"relic_stats":{"Nunchaku":[3],"counters":[7,48],"War Paint":["Defend_P","Defend_P"],"obtain_stats":[{"Replay:Ringing Soul":3,"BranchBurnRelic":12,"Nunchaku":11,"Dead Branch":5,"Counterbalance":6,"Circlet":0,"PureWater":0,"War Paint":0,"Replay:Bottled Eggs":9},{"Replay:Ringing Soul":1,"BranchBurnRelic":5,"Nunchaku":5,"Dead Branch":2,"Counterbalance":3,"Circlet":0,"PureWater":0,"War Paint":0,"Replay:Bottled Eggs":4},{"Replay:Ringing Soul":4,"BranchBurnRelic":28,"Nunchaku":28,"Dead Branch":7,"Counterbalance":20,"Circlet":0,"PureWater":0,"War Paint":0,"Replay:Bottled Eggs":24}]},"card_choices":[{"not_picked":["Pray","Crescendo"],"picked":"EmptyFist","floor":1.0},{"not_picked":["Study","Wallop"],"picked":"Halt","floor":4.0},{"not_picked":["Study","Replay:DivineShield"],"picked":"Sanctity","floor":5.0},{"not_picked":["EmptyMind","Collect"],"picked":"MasterReality","floor":6.0},{"not_picked":["Replay:BluntJabs","ClearTheMind"],"picked":"Prostrate","floor":7.0},{"not_picked":["Omniscience","ReachHeaven"],"picked":"FlyingSleeves","floor":11.0},{"not_picked":["ForeignInfluence","DeceiveReality"],"picked":"Swivel","floor":14.0}],"player_experience":967729,"relics_obtained":[{"floor":5.0,"key":"Dead Branch"},{"floor":6.0,"key":"Counterbalance"},{"floor":9.0,"key":"Replay:Bottled Eggs"},{"floor":11.0,"key":"Nunchaku"}],"event_choices":[{"damage_healed":0.0,"max_hp_gain":0.0,"max_hp_loss":0.0,"gold_gain":0.0,"event_name":"Scrap Ooze","player_choice":"Success","floor":3.0,"gold_loss":0.0,"damage_taken":7.0,"relics_obtained":["Replay:Ringing Soul"]},{"damage_healed":0.0,"max_hp_gain":0.0,"max_hp_loss":0.0,"gold_gain":0.0,"cards_transformed":["Strike_P"],"event_name":"Transmorgrifier","player_choice":"Transformed","floor":13.0,"gold_loss":0.0,"damage_taken":0.0,"cards_obtained":["DeusExMachina"]}],"is_beta":false,"boss_relics":[],"items_purged_floors":[10],"is_endless":false,"potions_floor_spawned":[4,6,7],"killed_by":"Hexaghost","ascension_level":7}}