{"host":"ia9e4s524g7bamk7","time":1612341004,"event":{"mods":["AchievementEnabler","BaseMod","Minty Spire (QoL Compilation)","Slay-I"],"gold_per_floor":[115,129,139,152,132,132,146,164,164,164,180,209,32,63,63,165,165,176,205,205,221,238,270,270,270,293,293,305,24,52,70,70,169,169,179,197,197,197,210,235,30,50,96,96,96],"floor_reached":44,"language":"ENG","playtime":4814,"items_purged":["Dualcast","Zap"],"score":934,"play_id":"6d0d9d34-3d50-496a-be3b-553a53a8d3ab","local_time":"20210203093004","is_ascension_mode":true,"campfire_choices":[{"floor":6.0,"key":"REST"},{"floor":10.0,"key":"REST"},{"floor":15.0,"key":"REST"},{"floor":25.0,"key":"REST"},{"floor":27.0,"key":"REST"},{"data":"Rainbow","floor":32,"key":"SMITH"}],"circlet_count":0,"master_deck":["Strike_B","Strike_B+1","Strike_B","Defend_B","Defend_B","Defend_B","Streamline","Rainbow+1","Coolheaded","Steam","Streamline+1","Cold Snap","Reinforced Body","Go for the Eyes","Fission+1","Sunder","Steam Power+1","BootSequence+1","Go for the Eyes+1","Master of Strategy+1","Consume+1","Rainbow+1","Conserve Battery+1","Ball Lightning+1","Meteor Strike","White Noise+1"],"relics":["Black Star","Shuriken","Eternal Feather","Whetstone","Toxic Egg 2","InkBottle","Snecko Eye","Red Mask","HornCleat","Unceasing Top","Blood Vial","Bronze Scales","Omamori","Tiny Chest","Cursed Key","Toy Ornithopter","Orichalcum"],"acts_visited":["Exordium","TheCity","TheBeyond"],"potions_floor_usage":[33,35,40,44],"damage_taken":[{"damage":7.0,"enemies":"Small Slimes","floor":1.0,"turns":5.0},{"damage":0.0,"enemies":"Cultist","floor":2.0,"turns":4.0},{"damage":14.0,"enemies":"2 Louse","floor":3.0,"turns":4.0},{"damage":23.0,"enemies":"Large Slime","floor":4.0,"turns":7.0},{"damage":20.0,"enemies":"Exordium Thugs","floor":7.0,"turns":4.0},{"damage":5.0,"enemies":"Exordium Wildlife","floor":8.0,"turns":5.0},{"damage":6.0,"enemies":"Looter","floor":11.0,"turns":4.0},{"damage":19.0,"enemies":"Lagavulin","floor":12.0,"turns":6.0},{"damage":16.0,"enemies":"Gremlin Nob","floor":14.0,"turns":3.0},{"damage":17.0,"enemies":"The Guardian","floor":16.0,"turns":11.0},{"damage":0.0,"enemies":"Spheric Guardian","floor":18.0,"turns":3.0},{"damage":40.0,"enemies":"Masked Bandits","floor":19.0,"turns":5.0},{"damage":0.0,"enemies":"3 Byrds","floor":21.0,"turns":3.0},{"damage":19.0,"enemies":"Snake Plant","floor":22.0,"turns":6.0},{"damage":18.0,"enemies":"Book of Stabbing","floor":23.0,"turns":6.0},{"damage":0,"enemies":"Centurion and Healer","floor":28,"turns":3},{"damage":0,"enemies":"Slavers","floor":30,"turns":3},{"damage":3,"enemies":"Chosen and Byrds","floor":31,"turns":5},{"damage":53,"enemies":"Automaton","floor":33,"turns":9},{"damage":0,"enemies":"3 Darklings","floor":35,"turns":4},{"damage":1,"enemies":"3 Shapes","floor":36,"turns":6},{"damage":11,"enemies":"Transient","floor":39,"turns":5},{"damage":21,"enemies":"Reptomancer","floor":40,"turns":9},{"damage":1,"enemies":"Spire Growth","floor":42,"turns":3},{"damage":46,"enemies":"Giant Head","floor":44,"turns":6}],"seed_played":"-5044522663461396735","potions_obtained":[{"floor":2.0,"key":"LiquidMemories"},{"floor":4.0,"key":"BlessingOfTheForge"},{"floor":5.0,"key":"Fire Potion"},{"floor":7.0,"key":"DuplicationPotion"},{"floor":16.0,"key":"BlessingOfTheForge"},{"floor":18.0,"key":"Block Potion"},{"floor":22.0,"key":"SpeedPotion"},{"floor":23.0,"key":"AttackPotion"},{"floor":30,"key":"SteroidPotion"},{"floor":31,"key":"AttackPotion"},{"floor":36,"key":"AttackPotion"},{"floor":39,"key":"LiquidBronze"}],"is_trial":false,"path_per_floor":["M","M","M","M","?","R","M","M","T","R","M","E","$","E","R","B",null,"M","?","?","M","M","E","T","R","T","R","M","$","E","M","R","B",null,"M","M","?","?","M","E","$","M","T","E"],"character_chosen":"DEFECT","items_purchased":["Dexterity Potion","ColorlessPotion","Master of Strategy+1","Meteor Strike","SpeedPotion"],"campfire_rested":5,"item_purchase_floors":[13,13,29,41,41],"current_hp_per_floor":[61,61,47,24,24,46,26,21,21,43,37,18,18,2,33,16,60,60,20,45,45,26,8,8,42,42,75,75,75,75,72,75,22,62,64,65,65,65,56,37,37,38,38,0,0],"gold":96,"neow_bonus":"BOSS_RELIC","is_daily":false,"chose_seed":false,"campfire_upgraded":1,"win_rate":0.0,"timestamp":1612341004,"path_taken":["M","M","M","M","?","R","?","M","T","R","M","E","$","E","R","BOSS","M","?","?","?","M","E","?","R","T","R","M","$","E","M","R","BOSS","M","M","?","?","M","E","$","?","T","E"],"items_purchased_type":["Potion","Potion","Card","Card","Potion"],"build_version":"2020-12-22","purchased_purges":2,"victory":false,"max_hp_per_floor":[75,75,75,75,75,75,75,75,75,75,75,75,75,75,75,75,75,75,75,75,75,75,75,75,75,75,75,75,75,75,75,75,75,75,75,75,75,75,75,75,75,75,75,75,75],"card_choices":[{"not_picked":["Coolheaded","Barrage"],"picked":"Streamline","floor":1.0},{"not_picked":["Barrage","Turbo"],"picked":"Rainbow","floor":2.0},{"not_picked":["Beam Cell","Capacitor"],"picked":"Coolheaded","floor":3.0},{"not_picked":["Redo","Creative AI"],"picked":"Steam","floor":4.0},{"not_picked":["Stack","Blizzard"],"picked":"Streamline","floor":7.0},{"not_picked":["Coolheaded","Capacitor"],"picked":"Cold Snap","floor":8.0},{"not_picked":["Go for the Eyes","Coolheaded"],"picked":"Reinforced Body","floor":11.0},{"not_picked":["Beam Cell","Barrage","Redo"],"picked":"SKIP","floor":12.0},{"not_picked":["Tempest+1","Reprogram+1"],"picked":"Go for the Eyes","floor":14.0},{"not_picked":["Electrodynamics","Machine Learning"],"picked":"Fission+1","floor":16.0},{"not_picked":["Conserve Battery+1","Undo+1"],"picked":"Sunder","floor":18.0},{"not_picked":["Melter","Double Energy+1"],"picked":"Steam Power+1","floor":21.0},{"not_picked":["Doom and Gloom","Blizzard"],"picked":"BootSequence+1","floor":22.0},{"not_picked":["Hologram+1","Multi-Cast+1","Doom and Gloom"],"picked":"SKIP","floor":23.0},{"not_picked":["Steam+1","Beam Cell"],"picked":"Go for the Eyes+1","floor":28},{"not_picked":["Thunder Strike","Cold Snap"],"picked":"Consume+1","floor":30},{"not_picked":["Turbo+1","Streamline","Ball Lightning"],"picked":"SKIP","floor":31},{"not_picked":["Core Surge","Fission+1"],"picked":"Rainbow+1","floor":33},{"not_picked":["Turbo+1","Genetic Algorithm+1","Chaos+1"],"picked":"SKIP","floor":35},{"not_picked":["Heatsinks","Beam Cell","Steam+1"],"picked":"SKIP","floor":36},{"not_picked":["Redo+1","Go for the Eyes+1"],"picked":"Conserve Battery+1","floor":39},{"not_picked":["Reprogram+1","Sweeping Beam+1"],"picked":"Ball Lightning+1","floor":40},{"not_picked":["Defragment+1","Melter"],"picked":"White Noise+1","floor":42}],"player_experience":221103,"relics_obtained":[{"floor":9.0,"key":"Shuriken"},{"floor":12.0,"key":"Eternal Feather"},{"floor":12.0,"key":"Whetstone"},{"floor":14.0,"key":"Toxic Egg 2"},{"floor":14.0,"key":"InkBottle"},{"floor":19.0,"key":"Red Mask"},{"floor":23.0,"key":"HornCleat"},{"floor":23.0,"key":"Unceasing Top"},{"floor":24.0,"key":"Blood Vial"},{"floor":26.0,"key":"Bronze Scales"},{"floor":30,"key":"Omamori"},{"floor":30,"key":"Tiny Chest"},{"floor":40,"key":"Toy Ornithopter"},{"floor":40,"key":"Orichalcum"}],"event_choices":[{"damage_healed":0.0,"max_hp_gain":0.0,"max_hp_loss":0.0,"gold_gain":0.0,"event_name":"The Woman in Blue","player_choice":"Bought 1 Potion","floor":5.0,"gold_loss":0.0,"damage_taken":0.0},{"damage_healed":0.0,"max_hp_gain":0.0,"max_hp_loss":0.0,"gold_gain":0.0,"event_name":"Masked Bandits","player_choice":"Fought Bandits","floor":19.0,"gold_loss":0.0,"damage_taken":0.0},{"damage_healed":25.0,"max_hp_gain":0.0,"max_hp_loss":0.0,"gold_gain":0.0,"event_name":"The Library","player_choice":"Heal","floor":20.0,"gold_loss":0.0,"damage_taken":0.0},{"cards_removed":["Strike_B"],"damage_healed":0,"gold_gain":0,"player_choice":"Removed Attack","damage_taken":0,"max_hp_gain":0,"max_hp_loss":0,"event_name":"Falling","floor":37,"gold_loss":0},{"cards_removed":["Defend_B"],"damage_healed":0,"gold_gain":0,"player_choice":"Purged","damage_taken":0,"max_hp_gain":0,"max_hp_loss":0,"event_name":"Purifier","floor":38,"gold_loss":0}],"is_beta":false,"boss_relics":[{"not_picked":["Philosopher\u0027s Stone","Nuclear Battery"],"picked":"Snecko Eye"},{"not_picked":["Sozu","SlaversCollar"],"picked":"Cursed Key"}],"items_purged_floors":[13,29],"is_endless":false,"potions_floor_spawned":[2,4,7,8,16,18,22,23,30,31,36,39],"killed_by":"Giant Head","ascension_level":8}}