{"host":"zwuytn9vh5b8tdl7","time":1612319618,"event":{"mods":["AchievementEnabler","BaseMod","Colored Powertips","GifTheSpireLib","Minty Spire (QoL Compilation)","Rare Cards Sparkle","StSLib","The Animator"],"gold_per_floor":[121,145,170,170,183,225,239,239,239,257,15,26,26,39,39,144,144,155,155,105,15,41,70,70,102,102,148,148,148,148,165,165,165,165],"floor_reached":33,"language":"ENG","playtime":1610,"items_purged":[],"score":287,"play_id":"7406f812-fe57-4e9c-baee-bec13c9f3788","local_time":"20210202213338","is_ascension_mode":false,"campfire_choices":[{"floor":8.0,"key":"REST"},{"floor":15.0,"key":"REST"},{"floor":24.0,"key":"REST"},{"floor":28.0,"key":"REST"},{"floor":30.0,"key":"REST"},{"floor":32.0,"key":"REST"}],"circlet_count":0,"master_deck":["animator:Strike_Fate","animator:Defend_Fate","animator:Strike","animator:Strike","animator:Strike","animator:Defend","animator:Defend","animator:Defend","animator:Alexander","animator:Rider","animator:DwarfShaman","animator:Demiurge","animator:EmiyaShirou","animator:Priestess","animator:Gillette","animator:ChaikaBohdan+1","animator:Lancer+1","animator:Ainz","animator:DolaSchwi+1","animator:Canti+1","animator:LizardPriest+1","animator:Rimuru","animator:ShinjiMatou","animator:Shuna","animator:DolaCouronne"],"relics":["animator:VividPicture","animator:TheMissingPiece","NeowsBlessing","Lantern","Champion Belt","Bottled Flame","Molten Egg 2","animator:HeavyHalberd","Lizard Tail","Gambling Chip"],"acts_visited":["Exordium","TheCity"],"potions_floor_usage":[33,33],"damage_taken":[{"damage":0.0,"enemies":"Cultist","floor":1.0,"turns":1.0},{"damage":0.0,"enemies":"Small Slimes","floor":3.0,"turns":1.0},{"damage":0.0,"enemies":"Jaw Worm","floor":5.0,"turns":1.0},{"damage":37.0,"enemies":"Lagavulin","floor":6.0,"turns":7.0},{"damage":7.0,"enemies":"Blue Slaver","floor":7.0,"turns":4.0},{"damage":4.0,"enemies":"Exordium Thugs","floor":10.0,"turns":6.0},{"damage":7.0,"enemies":"2 Fungi Beasts","floor":12.0,"turns":4.0},{"damage":6.0,"enemies":"Large Slime","floor":14.0,"turns":6.0},{"damage":30.0,"enemies":"The Guardian","floor":16.0,"turns":13.0},{"damage":3.0,"enemies":"Chosen","floor":18.0,"turns":6.0},{"damage":8.0,"enemies":"Shell Parasite","floor":22.0,"turns":4.0},{"damage":49.0,"enemies":"Book of Stabbing","floor":23.0,"turns":7.0},{"damage":10.0,"enemies":"Snake Plant","floor":25.0,"turns":6.0},{"damage":46.0,"enemies":"Slavers","floor":27.0,"turns":6.0},{"damage":18.0,"enemies":"Cultist and Chosen","floor":31.0,"turns":8.0},{"damage":52,"enemies":"Champ","floor":33,"turns":9}],"seed_played":"7102201885075074927","potions_obtained":[{"floor":3.0,"key":"AttackPotion"},{"floor":7.0,"key":"Fire Potion"},{"floor":12.0,"key":"Strength Potion"},{"floor":14.0,"key":"ColorlessPotion"},{"floor":27.0,"key":"Strength Potion"},{"floor":31.0,"key":"Dexterity Potion"}],"is_trial":false,"path_per_floor":["M","T","M","?","M","E","M","R","T","M","$","M","?","M","R","B",null,"M","$","?","$","M","E","R","M","T","E","R","$","R","M","R","B"],"character_chosen":"THE_ANIMATOR","items_purchased":["Molten Egg 2","animator:Canti+1"],"campfire_rested":6,"item_purchase_floors":[11,21],"current_hp_per_floor":[66,66,66,66,66,29,23,43,43,39,39,32,32,27,47,17,68,65,65,65,65,57,9,29,19,19,8,28,28,48,30,50,0,0],"gold":165,"neow_bonus":"THREE_ENEMY_KILL","is_daily":false,"chose_seed":false,"campfire_upgraded":0,"win_rate":0.0,"timestamp":1612319618,"path_taken":["M","?","M","?","?","E","M","R","T","M","$","M","?","M","R","BOSS","M","$","?","?","M","E","R","M","T","E","R","$","R","M","R","BOSS"],"items_purchased_type":["Relic","Card"],"build_version":"2020-12-22","purchased_purges":0,"victory":false,"max_hp_per_floor":[66,66,66,66,66,66,67,67,67,67,67,67,67,68,68,68,68,68,68,68,68,68,69,69,69,69,69,69,69,69,69,69,69,69],"card_choices":[{"not_picked":["animator:FielNirvalen","animator:Viivi"],"picked":"animator:DwarfShaman","floor":1.0},{"not_picked":["animator:DolaSchwi","animator:Jibril"],"picked":"animator:Hakurou","floor":3.0},{"not_picked":["animator:DolaCouronne","animator:Shalltear"],"picked":"animator:Demiurge","floor":5.0},{"not_picked":["animator:Caster","animator:Berserker"],"picked":"animator:EmiyaShirou","floor":6.0},{"not_picked":["animator:RoyMustang","animator:Evileye"],"picked":"animator:Priestess","floor":7.0},{"not_picked":["animator:Fredrika","animator:SakuraMatou"],"picked":"animator:Gillette","floor":10.0},{"not_picked":["animator:Sloth+1","animator:Shuna"],"picked":"animator:ChaikaBohdan+1","floor":12.0},{"not_picked":["animator:Berserker+1","animator:SakuraMatou"],"picked":"animator:Lancer+1","floor":14.0},{"not_picked":["animator:Albedo+1","animator:Envy"],"picked":"animator:Ainz","floor":16.0},{"not_picked":["animator:Genos+1","animator:Geryuganshoop+1"],"picked":"animator:DolaSchwi+1","floor":18.0},{"not_picked":["animator:Priestess","animator:Guy"],"picked":"animator:LizardPriest+1","floor":22.0},{"not_picked":["animator:ChaikaBohdan+1","animator:RinTohsaka"],"picked":"animator:Rimuru","floor":23.0},{"not_picked":["animator:Caster","animator:Berserker+1"],"picked":"animator:ShinjiMatou","floor":25.0},{"not_picked":["animator:Souei","animator:Greed"],"picked":"animator:Shuna","floor":27.0},{"not_picked":["animator:Shalltear+1","animator:Gluttony"],"picked":"animator:DolaCouronne","floor":31.0}],"player_experience":361704,"relics_obtained":[{"floor":2.0,"key":"Lantern"},{"floor":6.0,"key":"Champion Belt"},{"floor":9.0,"key":"Bottled Flame"},{"floor":23.0,"key":"animator:HeavyHalberd"},{"floor":26.0,"key":"Lizard Tail"},{"floor":27.0,"key":"Gambling Chip"}],"event_choices":[{"cards_removed":["animator:Hakurou"],"damage_healed":0.0,"max_hp_gain":0.0,"max_hp_loss":0.0,"gold_gain":0.0,"event_name":"Wheel of Change","player_choice":"Card Removal","floor":4.0,"gold_loss":0.0,"damage_taken":0.0},{"damage_healed":0.0,"max_hp_gain":0.0,"max_hp_loss":0.0,"gold_gain":0.0,"event_name":"Golden Wing","player_choice":"Ignored","floor":13.0,"gold_loss":0.0,"damage_taken":0.0},{"damage_healed":0.0,"max_hp_gain":0.0,"max_hp_loss":0.0,"gold_gain":0.0,"event_name":"The Joust","player_choice":"Bet on Murderer","floor":20.0,"gold_loss":50.0,"damage_taken":0.0}],"is_beta":false,"boss_relics":[{"not_picked":["Philosopher\u0027s Stone","Empty Cage"],"picked":"animator:VividPicture"}],"items_purged_floors":[],"is_endless":false,"potions_floor_spawned":[3,7,12,14,27,31],"killed_by":"Champ","ascension_level":0}}