{"host":"6a9c3xws62y7efyw","time":1612377823,"event":{"mods":["BaseMod","Colored Map","Minty Spire (QoL Compilation)","Relic Stats","StSLib"],"gold_per_floor":[117,117,31,31,44,55,55,55,55,70,88,88,117,178,178,178,178],"floor_reached":16,"language":"ENG","playtime":766,"items_purged":[],"score":300,"play_id":"9a4780f7-f3e4-4eae-879d-f3092e003df8","local_time":"20210203104343","is_ascension_mode":true,"campfire_choices":[{"data":"Noxious Fumes","floor":7,"key":"SMITH"},{"data":"Skewer","floor":12,"key":"SMITH"},{"data":"Catalyst","floor":15,"key":"SMITH"}],"circlet_count":0,"master_deck":["AscendersBane","Strike_G","Strike_G","Strike_G","Strike_G","Strike_G","Defend_G","Defend_G","Defend_G","Defend_G","Defend_G+1","Survivor+1","Neutralize","Dagger Spray","Noxious Fumes+1","Catalyst+1","Skewer+1","Concentrate","Cloak And Dagger","Flying Knee"],"relics":["Runic Pyramid","Tiny Chest","Toy Ornithopter","Ninja Scroll","Blood Vial"],"acts_visited":["Exordium"],"potions_floor_usage":[10,13,14,16],"damage_taken":[{"damage":0,"enemies":"2 Louse","floor":1,"turns":4},{"damage":1,"enemies":"Small Slimes","floor":5,"turns":4},{"damage":0,"enemies":"Jaw Worm","floor":6,"turns":5},{"damage":13,"enemies":"Large Slime","floor":10,"turns":7},{"damage":1,"enemies":"Red Slaver","floor":11,"turns":5},{"damage":7,"enemies":"3 Sentries","floor":13,"turns":8},{"damage":4,"enemies":"3 Sentries","floor":14,"turns":6},{"damage":21,"enemies":"Slime Boss","floor":16,"turns":9}],"seed_played":"8955880412147510362","potions_obtained":[{"floor":5,"key":"SteroidPotion"},{"floor":6,"key":"BlessingOfTheForge"},{"floor":10,"key":"Weak Potion"},{"floor":13,"key":"GamblersBrew"}],"is_trial":false,"path_per_floor":["M","?","$","?","M","M","R","$","T","M","M","R","E","?","R","B"],"character_chosen":"THE_SILENT","items_purchased":["Noxious Fumes"],"campfire_rested":0,"item_purchase_floors":[3],"current_hp_per_floor":[59,41,41,21,20,20,20,20,20,12,11,11,9,10,10,0,0],"gold":178,"neow_bonus":"BOSS_RELIC","is_daily":false,"chose_seed":false,"campfire_upgraded":3,"win_rate":0.0,"timestamp":1612377823,"path_taken":["M","?","$","?","M","M","R","?","T","M","M","R","E","?","R","BOSS"],"items_purchased_type":["Card"],"build_version":"2020-12-22","purchased_purges":0,"victory":false,"max_hp_per_floor":[66,66,66,66,66,66,66,66,66,66,66,66,66,66,66,66,66],"relic_stats":{"Blood Vial":2,"counters":[8,48],"Tiny Chest":0,"obtain_stats":[{"Blood Vial":14,"Ninja Scroll":13,"Tiny Chest":2,"Toy Ornithopter":9,"Ring of the Snake":0,"Runic Pyramid":0},{"Blood Vial":7,"Ninja Scroll":6,"Tiny Chest":1,"Toy Ornithopter":3,"Ring of the Snake":0,"Runic Pyramid":0},{"Blood Vial":39,"Ninja Scroll":33,"Tiny Chest":4,"Toy Ornithopter":13,"Ring of the Snake":0,"Runic Pyramid":0}],"Toy Ornithopter":20},"card_choices":[{"not_picked":["Acrobatics","Dagger Throw"],"picked":"Dagger Spray","floor":1},{"not_picked":["Dagger Spray","Cloak And Dagger"],"picked":"Catalyst","floor":5},{"not_picked":["Eviscerate","Deflect","Dodge and Roll"],"picked":"SKIP","floor":6},{"not_picked":["Slice","Backflip"],"picked":"Skewer","floor":10},{"not_picked":["PiercingWail","Dagger Throw"],"picked":"Concentrate","floor":11},{"not_picked":["Slice","PiercingWail"],"picked":"Cloak And Dagger","floor":13},{"not_picked":["Cloak And Dagger","Slice"],"picked":"Flying Knee","floor":14}],"player_experience":1468658,"relics_obtained":[{"floor":9,"key":"Toy Ornithopter"},{"floor":13,"key":"Ninja Scroll"},{"floor":14,"key":"Blood Vial"}],"event_choices":[{"damage_healed":0,"gold_gain":0,"player_choice":"Success","damage_taken":18,"relics_obtained":["Tiny Chest"],"max_hp_gain":0,"max_hp_loss":0,"event_name":"Scrap Ooze","floor":2,"gold_loss":0},{"damage_healed":0,"gold_gain":0,"player_choice":"Entered Light","damage_taken":20,"max_hp_gain":0,"max_hp_loss":0,"event_name":"Shining Light","floor":4,"gold_loss":0,"cards_upgraded":["Survivor","Defend_G"]},{"damage_healed":0,"gold_gain":0,"player_choice":"Searched \u00271\u0027 times","damage_taken":0,"max_hp_gain":0,"max_hp_loss":0,"event_name":"Dead Adventurer","floor":14,"gold_loss":0}],"is_beta":false,"boss_relics":[],"items_purged_floors":[],"is_endless":false,"potions_floor_spawned":[5,6,10,13],"killed_by":"Slime Boss","ascension_level":20}}