{"host":"neeznpvpgo0qgfkd","time":1612369656,"event":{"mods":["AchievementEnabler","BaseMod","BetterRewards","Colored Map","Colored Powertips","Exacting","Minty Spire (QoL Compilation)","Permanent Neow","Quick Restart","Shop Mod"],"gold_per_floor":[115,115,125,125,144,144,144,144],"floor_reached":7,"language":"ENG","playtime":283,"items_purged":[],"score":82,"play_id":"67c37461-5cee-4a1c-8fcb-33b189fe58dc","local_time":"20210203112736","is_ascension_mode":true,"campfire_choices":[{"floor":6,"key":"REST"}],"circlet_count":0,"master_deck":["AscendersBane","Strike_G","Strike_G","Strike_G","Strike_G","Strike_G","Defend_G","Defend_G","Defend_G","Defend_G","Defend_G","Survivor","Neutralize","CurseOfTheBell","Dodge and Roll","Pain","Dodge and Roll","Regret"],"relics":["Calling Bell","Toy Ornithopter","Frozen Egg 2","Girya","WarpedTongs","Blood Vial"],"acts_visited":["Exordium"],"potions_floor_usage":[5,7],"damage_taken":[{"damage":4,"enemies":"Small Slimes","floor":1,"turns":4},{"damage":11,"enemies":"Cultist","floor":3,"turns":5},{"damage":15,"enemies":"Jaw Worm","floor":5,"turns":6},{"damage":62,"enemies":"Lagavulin","floor":7,"turns":9}],"seed_played":"900802258140852435","potions_obtained":[{"floor":3,"key":"DuplicationPotion"},{"floor":5,"key":"DuplicationPotion"}],"is_trial":false,"path_per_floor":["M","?","M","?","M","R","E"],"character_chosen":"THE_SILENT","items_purchased":[],"campfire_rested":1,"item_purchase_floors":[],"current_hp_per_floor":[55,55,44,44,36,55,0,0],"gold":144,"neow_bonus":"BOSS_RELIC","is_daily":false,"chose_seed":false,"campfire_upgraded":0,"win_rate":0.0,"timestamp":1612369656,"path_taken":["M","?","?","?","M","R","E"],"items_purchased_type":[],"build_version":"2020-12-22","purchased_purges":0,"victory":false,"max_hp_per_floor":[66,66,66,66,66,66,66,66],"card_choices":[{"not_picked":["Slice","Expertise"],"picked":"Dodge and Roll","floor":1},{"not_picked":["Slice","Quick Slash"],"picked":"Dodge and Roll","floor":3},{"not_picked":["Dodge and Roll","Catalyst","Skewer"],"picked":"SKIP","floor":5}],"player_experience":1978222,"relics_obtained":[{"floor":0,"key":"Toy Ornithopter"},{"floor":0,"key":"Frozen Egg 2"},{"floor":0,"key":"Girya"}],"event_choices":[{"damage_healed":0,"gold_gain":0,"player_choice":"Rummage","damage_taken":0,"relics_obtained":["WarpedTongs"],"max_hp_gain":0,"max_hp_loss":0,"event_name":"Accursed Blacksmith","floor":2,"gold_loss":0,"cards_obtained":["Pain"]},{"damage_healed":0,"gold_gain":0,"player_choice":"Box","damage_taken":0,"relics_obtained":["Blood Vial"],"max_hp_gain":0,"max_hp_loss":0,"event_name":"Big Fish","floor":4,"gold_loss":0,"cards_obtained":["Regret"]}],"is_beta":false,"boss_relics":[],"items_purged_floors":[],"is_endless":false,"potions_floor_spawned":[3,5],"killed_by":"Lagavulin","ascension_level":20}}