{"host":"h2977v3ax51ohsow","time":1612355989,"event":{"mods":["Act Like it!","BaseMod","Colored Powertips","Koishi","Lobotomy","LobotomyExtend","Marisa£®ÏF”Í°°ƒß¿Ì…≥£©","Minty Spire (QoL Compilation)","Reimu£®≤©¿ˆ¡È√Œ£©","Remilia£®¿Ÿ√◊¿Ú—«£©","StSLib","The Administrix","The Servant 0.9.4"],"gold_per_floor":[113,113,125,27,40,72,136,136,136,150,184,196,226,246,246,345,345,365,41,61,81,99,99,132,231,231,191,225,239,265,276,276,372,372,372,0,0,12,63,63,75,75,75,106,118,38,53,88,88,88],"floor_reached":51,"language":"ZHS","playtime":5613,"items_purged":["AdministrixMod:Defend_Administrix"],"score":862,"play_id":"2425878d-16c4-48d1-8486-535e0357fdc9","local_time":"20210203203949","is_ascension_mode":false,"campfire_choices":[{"data":"AdministrixMod:Convergence","floor":8.0,"key":"SMITH"},{"data":"AdministrixMod:ImmortalGrace","floor":15.0,"key":"SMITH"},{"floor":23.0,"key":"REST"},{"data":"AdministrixMod:BegetEternity","floor":32.0,"key":"SMITH"},{"floor":40.0,"key":"RECALL"},{"data":"AdministrixMod:DeathByGlamour","floor":42.0,"key":"SMITH"},{"data":"AdministrixMod:StarSwordSoul","floor":49.0,"key":"SMITH"}],"circlet_count":0,"master_deck":["AdministrixMod:Strike_Administrix","AdministrixMod:Strike_Administrix","AdministrixMod:Strike_Administrix","AdministrixMod:Strike_Administrix","AdministrixMod:RedCloak","AdministrixMod:Defend_Administrix","AdministrixMod:Defend_Administrix","AdministrixMod:Defend_Administrix","AdministrixMod:BlueCloak","AdministrixMod:Convergence+1","AdministrixMod:ImmortalPurity","AdministrixMod:HarmonicReverence","AdministrixMod:LifeforceNet","AdministrixMod:HopeInTheDark","AdministrixMod:RegentEdict","AdministrixMod:SyncreticPlunge","AdministrixMod:ImmortalGrace+1","AdministrixMod:GuanyinBlessing","AdministrixMod:RegentEdict","AdministrixMod:StarSwordSoul+1","AdministrixMod:ImmortalPurity+1","AdministrixMod:BegetEternity+1","AdministrixMod:NewWardrobe+1","AdministrixMod:XianArts","AdministrixMod:CenturiesAscent+1","AdministrixMod:ReachToHeaven","AdministrixMod:ImmortalGrace+1","AdministrixMod:DeathByGlamour+1","AdministrixMod:GuanyinBlessing+1","AdministrixMod:CenturiesAscent+1","AdministrixMod:ExtolVirtue","AdministrixMod:RegentEdict+1","AdministrixMod:MixOfMercury+1","AdministrixMod:FeastOfDew+1","AdministrixMod:WickedPunishment","AdministrixMod:Metempsychosis+1","AdministrixMod:BattleforgedBonds+1"],"relics":["SlaversCollar","LetterFromLob","CrazyTorch:ReiMu","HornCleat","Bottled Lightning","Omamori","Dream Catcher","Snecko Eye","Toxic Egg 2","White Beast Statue","Potion Belt","ZunR:ReiMu","Lizard Tail","Bronze Scales","Coffee Dripper","HonorFeather","MagicBullet_r","Happy Flower","AdministrixMod:CrackedTaijitu","CatCart","Mummified Hand","Bird Faced Urn","Pocketwatch"],"acts_visited":["Exordium","TheCity","TheBeyond"],"potions_floor_usage":[],"damage_taken":[{"damage":0.0,"enemies":"Jaw Worm","floor":1.0,"turns":3.0},{"damage":0.0,"enemies":"Cultist","floor":3.0,"turns":3.0},{"damage":0.0,"enemies":"Small Slimes","floor":5.0,"turns":4.0},{"damage":6.0,"enemies":"Lagavulin","floor":6.0,"turns":7.0},{"damage":5.0,"enemies":"3 Sentries","floor":7.0,"turns":5.0},{"damage":1.0,"enemies":"Exordium Wildlife","floor":10.0,"turns":4.0},{"damage":4.0,"enemies":"3 Sentries","floor":11.0,"turns":5.0},{"damage":0.0,"enemies":"Large Slime","floor":12.0,"turns":4.0},{"damage":3.0,"enemies":"Gremlin Nob","floor":13.0,"turns":4.0},{"damage":0.0,"enemies":"2 Fungi Beasts","floor":14.0,"turns":2.0},{"damage":4.0,"enemies":"Hexaghost","floor":16.0,"turns":7.0},{"damage":23.0,"enemies":"Spheric Guardian","floor":18.0,"turns":6.0},{"damage":4.0,"enemies":"2 Thieves","floor":20.0,"turns":3.0},{"damage":9.0,"enemies":"Shelled Parasite and Fungi","floor":21.0,"turns":5.0},{"damage":5.0,"enemies":"Sentry and Sphere","floor":22.0,"turns":5.0},{"damage":6.0,"enemies":"Book of Stabbing","floor":24.0,"turns":3.0},{"damage":4.0,"enemies":"Gremlin Leader","floor":28.0,"turns":4.0},{"damage":0.0,"enemies":"Snake Plant","floor":29.0,"turns":4.0},{"damage":0.0,"enemies":"Slavers","floor":30.0,"turns":3.0},{"damage":2.0,"enemies":"Cultist and Chosen","floor":31.0,"turns":2.0},{"damage":0.0,"enemies":"Automaton","floor":33.0,"turns":5.0},{"damage":41.0,"enemies":"3 Darklings","floor":35.0,"turns":2.0},{"damage":0.0,"enemies":"3 Darklings","floor":38.0,"turns":3.0},{"damage":0.0,"enemies":"Orin","floor":39.0,"turns":7.0},{"damage":0.0,"enemies":"Orb Walker","floor":41.0,"turns":1.0},{"damage":7.0,"enemies":"Reptomancer","floor":44.0,"turns":4.0},{"damage":2.0,"enemies":"Jaw Worm Horde","floor":45.0,"turns":3.0},{"damage":0.0,"enemies":"Spire Growth","floor":47.0,"turns":3.0},{"damage":38.0,"enemies":"Giant Head","floor":48.0,"turns":7.0},{"damage":51.0,"enemies":"Donu and Deca","floor":50.0,"turns":4.0},{"damage":11.0,"enemies":"Malkuth","floor":51.0,"turns":6.0},{"damage":40.0,"enemies":"Yesod","floor":51.0,"turns":8.0},{"damage":22.0,"enemies":"Geburah","floor":51.0,"turns":10.0},{"damage":43.0,"enemies":"Binah","floor":51.0,"turns":9.0}],"seed_played":"-2723871810306579767","potions_obtained":[{"floor":1.0,"key":"Fire Potion"},{"floor":6.0,"key":"Fire Potion"},{"floor":7.0,"key":"Regen Potion"},{"floor":10.0,"key":"Weak Potion"},{"floor":11.0,"key":"AttackPotion"},{"floor":21.0,"key":"Strength Potion"},{"floor":22.0,"key":"FearPotion"},{"floor":28.0,"key":"ColorlessPotion"},{"floor":29.0,"key":"SkillPotion"},{"floor":30.0,"key":"Fire Potion"},{"floor":31.0,"key":"SkillPotion"},{"floor":33.0,"key":"FearPotion"},{"floor":38.0,"key":"Energy Potion"},{"floor":39.0,"key":"SteroidPotion"},{"floor":41.0,"key":"DuplicationPotion"},{"floor":44.0,"key":"AdministrixMod:AttunementTonic"},{"floor":47.0,"key":"GrandPatriotsElixir:ReiMu"}],"is_trial":false,"path_per_floor":["M","?","M","$","M","E","?","R","T","M","E","M","E","M","R","B",null,"M","$","M","M","M","R","E","?","T","?","E","M","E","M","R","B",null,"M","$","?","M","?","R","M","R","T","E","M","$","M","E","R","B",null,null],"character_chosen":"TheAdministrix","items_purchased":["AdministrixMod:ImmortalPurity","AdministrixMod:HarmonicReverence","Toxic Egg 2","Happy Flower","AdministrixMod:CrackedTaijitu","AdministrixMod:GuanyinBlessing+1","AdministrixMod:WickedPunishment"],"campfire_rested":1,"item_purchase_floors":[4,4,19,36,36,36,46],"current_hp_per_floor":[65,65,65,65,65,59,54,54,54,65,61,61,58,58,58,54,65,42,42,38,29,24,43,37,37,37,37,33,33,33,31,31,31,65,65,65,65,65,65,65,65,65,65,58,60,60,62,32,65,24],"gold":88,"neow_bonus":"BOSS_RELIC","is_daily":false,"chose_seed":false,"campfire_upgraded":5,"win_rate":0.0,"timestamp":1612355989,"path_taken":["M","?","M","?","M","E","?","R","T","M","E","M","E","M","R","BOSS","M","$","M","M","M","R","E","?","T","?","E","M","E","M","R","BOSS","M","$","?","M","?","R","M","R","T","E","M","?","?","E","R","BOSS"],"items_purchased_type":["Card","Card","Relic","Relic","Relic","Card","Card"],"build_version":"2020-12-22","purchased_purges":1,"victory":true,"max_hp_per_floor":[65,65,65,65,65,65,65,65,65,65,65,65,65,65,65,65,65,65,65,65,65,65,65,65,65,65,65,65,65,65,65,65,65,65,65,65,65,65,65,65,65,65,65,65,65,65,65,65,65,65],"card_choices":[{"not_picked":["AdministrixMod:CenturiesAscent","AdministrixMod:ExtolVirtue"],"picked":"AdministrixMod:HarmonicReverence","floor":1.0},{"not_picked":["AdministrixMod:NoblePath","AdministrixMod:DiversionaryTactic"],"picked":"AdministrixMod:Convergence","floor":3.0},{"not_picked":["AdministrixMod:CenturiesAscent","AdministrixMod:NoblePath"],"picked":"AdministrixMod:LifeforceNet","floor":5.0},{"not_picked":["AdministrixMod:BishamonBlessing","AdministrixMod:HiddenPower"],"picked":"AdministrixMod:HopeInTheDark","floor":6.0},{"not_picked":["AdministrixMod:QuietConspiracy","AdministrixMod:CrackingPangu"],"picked":"AdministrixMod:RegentEdict","floor":7.0},{"not_picked":["AdministrixMod:ImmortalPurity","AdministrixMod:BloodlessSapphire"],"picked":"AdministrixMod:SyncreticPlunge","floor":10.0},{"not_picked":["AdministrixMod:Untouchable","AdministrixMod:BattleforgedBonds"],"picked":"AdministrixMod:ImmortalGrace","floor":11.0},{"not_picked":["AdministrixMod:MixOfMercury","AdministrixMod:Transition","AdministrixMod:TrickOfTheLight"],"picked":"SKIP","floor":12.0},{"not_picked":["AdministrixMod:MixOfMercury","AdministrixMod:NoblePath"],"picked":"AdministrixMod:GuanyinBlessing","floor":13.0},{"not_picked":["AdministrixMod:SyncreticSurge","AdministrixMod:ShadowPlay"],"picked":"AdministrixMod:RegentEdict","floor":14.0},{"not_picked":["AdministrixMod:GirlsDoItBetter","AdministrixMod:BattleforgedBonds"],"picked":"AdministrixMod:StarSwordSoul","floor":16.0},{"not_picked":["AdministrixMod:QuietConspiracy","AdministrixMod:CenturiesAscent+1","AdministrixMod:Transition"],"picked":"SKIP","floor":18.0},{"not_picked":["AdministrixMod:ChooseYourEnd","AdministrixMod:LightOfYourLife+1"],"picked":"AdministrixMod:ImmortalPurity+1","floor":20.0},{"not_picked":["AdministrixMod:NoblePath","AdministrixMod:CrackingPangu","AdministrixMod:RebukeDesires"],"picked":"SKIP","floor":21.0},{"not_picked":["AdministrixMod:ShadowPlay+1","AdministrixMod:FeastOfDew+1"],"picked":"AdministrixMod:BegetEternity","floor":22.0},{"not_picked":["AdministrixMod:RisingSunPrince+1","AdministrixMod:Katabasis+1"],"picked":"AdministrixMod:NewWardrobe+1","floor":23.0},{"not_picked":["AdministrixMod:TouchOfCinnabar+1","AdministrixMod:ImmortalGrace+1"],"picked":"AdministrixMod:XianArts","floor":24.0},{"not_picked":["AdministrixMod:FuneraryRites+1","AdministrixMod:ImmortalPurity+1"],"picked":"AdministrixMod:CenturiesAscent+1","floor":28.0},{"not_picked":["AdministrixMod:QuietConspiracy+1","AdministrixMod:TrickOfTheLight"],"picked":"AdministrixMod:ReachToHeaven","floor":29.0},{"not_picked":["AdministrixMod:UnstableVigor","AdministrixMod:DiversionaryTactic"],"picked":"AdministrixMod:ImmortalGrace+1","floor":30.0},{"not_picked":["AdministrixMod:Untouchable+1","AdministrixMod:HiddenPower","AdministrixMod:QuietConspiracy+1"],"picked":"SKIP","floor":31.0},{"not_picked":["AdministrixMod:GirlsDoItBetter","AdministrixMod:BattleforgedBonds+1"],"picked":"AdministrixMod:DeathByGlamour","floor":33.0},{"not_picked":["AdministrixMod:TrickOfTheLight+1","AdministrixMod:NoblePath"],"picked":"AdministrixMod:CenturiesAscent+1","floor":38.0},{"not_picked":["AdministrixMod:CrackingPangu+1","AdministrixMod:Transition+1"],"picked":"AdministrixMod:ExtolVirtue","floor":39.0},{"not_picked":["AdministrixMod:TrickOfTheLight","AdministrixMod:LightOfYourLife+1"],"picked":"AdministrixMod:RegentEdict+1","floor":41.0},{"not_picked":["AdministrixMod:Transition+1","AdministrixMod:TrickOfTheLight"],"picked":"AdministrixMod:MixOfMercury+1","floor":44.0},{"not_picked":["AdministrixMod:RebukeDesires+1","AdministrixMod:Untouchable+1"],"picked":"AdministrixMod:FeastOfDew+1","floor":45.0},{"not_picked":["AdministrixMod:CrackingPangu+1","AdministrixMod:FeastOfDew+1"],"picked":"AdministrixMod:Metempsychosis+1","floor":47.0},{"not_picked":["AdministrixMod:GuanyinBlessing+1","AdministrixMod:QuietConspiracy+1"],"picked":"AdministrixMod:BattleforgedBonds+1","floor":48.0}],"player_experience":126918,"relics_obtained":[{"floor":1.0,"key":"LetterFromLob"},{"floor":6.0,"key":"CrazyTorch:ReiMu"},{"floor":7.0,"key":"HornCleat"},{"floor":9.0,"key":"Bottled Lightning"},{"floor":11.0,"key":"Omamori"},{"floor":13.0,"key":"Dream Catcher"},{"floor":24.0,"key":"White Beast Statue"},{"floor":26.0,"key":"Potion Belt"},{"floor":28.0,"key":"Lizard Tail"},{"floor":30.0,"key":"Bronze Scales"},{"floor":39.0,"key":"CatCart"},{"floor":43.0,"key":"Mummified Hand"},{"floor":44.0,"key":"Bird Faced Urn"},{"floor":48.0,"key":"Pocketwatch"}],"event_choices":[{"cards_removed":["AdministrixMod:HarmonicReverence"],"damage_healed":0.0,"max_hp_gain":0.0,"max_hp_loss":0.0,"gold_gain":0.0,"event_name":"Bonfire Elementals","player_choice":"Offered Uncommon","floor":2.0,"gold_loss":0.0,"damage_taken":0.0},{"damage_healed":0.0,"max_hp_gain":0.0,"max_hp_loss":0.0,"gold_gain":0.0,"event_name":"Dead Adventurer","player_choice":"Searched \u00271\u0027 times","floor":7.0,"gold_loss":0.0,"damage_taken":0.0},{"damage_healed":0.0,"max_hp_gain":0.0,"max_hp_loss":0.0,"gold_gain":99.0,"event_name":"Nest","player_choice":"Stole From Cult","floor":25.0,"gold_loss":0.0,"damage_taken":0.0},{"damage_healed":0.0,"max_hp_gain":0.0,"max_hp_loss":0.0,"gold_gain":0.0,"event_name":"ZunEvent","player_choice":"π∫¬Ú…Òæ∆","floor":27.0,"gold_loss":40.0,"damage_taken":0.0,"relics_obtained":["ZunR:ReiMu"]},{"damage_healed":0.0,"max_hp_gain":0.0,"max_hp_loss":0.0,"gold_gain":0.0,"event_name":"OrinTheCat","player_choice":"Fight","floor":39.0,"gold_loss":0.0,"damage_taken":0.0}],"is_beta":false,"boss_relics":[{"not_picked":["RedLine:ReiMu","Fusion Hammer"],"picked":"Snecko Eye"},{"not_picked":["Tiny House","Runic Pyramid"],"picked":"Coffee Dripper"}],"items_purged_floors":[19],"is_endless":false,"potions_floor_spawned":[1,6,7,10,11,14,21,22,28,29,30,31,33,35,38,39,41,44,45,47,48,51,51,51,51],"ascension_level":0}}