{"host":"k7udt7atmcuzf6l0","time":1612316912,"event":{"mods":["AchievementEnabler","BaseMod","BetterRewards","Colored Map","Colored Powertips","Highlight Path","Minty Spire (QoL Compilation)","Quick Restart","Rare Cards Sparkle","Relic Stats","StSLib","UnlockEverythingMod"],"gold_per_floor":[113,113,128,98,109,142,156,156,205,205,138,150,161,161,161,260,260,272,227,227],"floor_reached":19,"language":"ZHS","playtime":501,"items_purged":[],"score":169,"play_id":"dd54c54e-7143-4f98-943c-7ad15e7a832b","local_time":"20210203094832","is_ascension_mode":false,"campfire_choices":[{"data":"True Grit","floor":8.0,"key":"SMITH"},{"data":"Body Slam","floor":10.0,"key":"SMITH"},{"data":"Rupture","floor":15.0,"key":"SMITH"}],"circlet_count":0,"master_deck":["Strike_R+1","Strike_R","Strike_R","Strike_R","Strike_R","Defend_R","Defend_R","Defend_R+1","Bash","Spot Weakness","True Grit+1","Clash","Body Slam+1","Combust","Sword Boomerang","Rupture+1","Thunderclap","Feed","Rupture","Berserk","Clothesline+1"],"relics":["Burning Blood","Darkstone Periapt","Strawberry","SlaversCollar"],"acts_visited":["Exordium","TheCity"],"potions_floor_usage":[19],"damage_taken":[{"damage":1.0,"enemies":"Cultist","floor":1.0,"turns":3.0},{"damage":4.0,"enemies":"Jaw Worm","floor":3.0,"turns":3.0},{"damage":0.0,"enemies":"Small Slimes","floor":5.0,"turns":3.0},{"damage":24.0,"enemies":"Lagavulin","floor":6.0,"turns":8.0},{"damage":9.0,"enemies":"Gremlin Gang","floor":7.0,"turns":4.0},{"damage":13.0,"enemies":"Exordium Wildlife","floor":12.0,"turns":3.0},{"damage":13.0,"enemies":"Large Slime","floor":13.0,"turns":4.0},{"damage":24.0,"enemies":"Slime Boss","floor":16.0,"turns":8.0},{"damage":42,"enemies":"Spheric Guardian","floor":18,"turns":6},{"damage":25,"enemies":"2 Thieves","floor":19,"turns":3}],"seed_played":"1598756460226458675","potions_obtained":[{"floor":1.0,"key":"Energy Potion"},{"floor":4.0,"key":"GamblersBrew"},{"floor":4.0,"key":"SkillPotion"},{"floor":7.0,"key":"FearPotion"},{"floor":12.0,"key":"Ancient Potion"},{"floor":16.0,"key":"Energy Potion"}],"is_trial":false,"path_per_floor":["M","?","M","?","M","E","M","R","T","R","$","M","M","?","R","B",null,"M","M"],"character_chosen":"IRONCLAD","items_purchased":["Rupture"],"campfire_rested":0,"item_purchase_floors":[11],"current_hp_per_floor":[80,64,66,66,72,54,51,51,58,58,58,51,44,44,44,26,87,54,32,32],"gold":227,"neow_bonus":"THREE_CARDS","is_daily":false,"chose_seed":false,"campfire_upgraded":3,"win_rate":0.0,"timestamp":1612316912,"path_taken":["M","?","M","?","M","E","M","R","T","R","$","M","?","?","R","BOSS","M","?"],"items_purchased_type":["Card"],"build_version":"2020-12-22","purchased_purges":0,"victory":false,"max_hp_per_floor":[80,80,80,80,80,80,80,80,87,87,87,87,87,87,87,87,87,90,93,93],"relic_stats":{"Darkstone Periapt":0,"counters":[10,45],"obtain_stats":[{"Darkstone Periapt":6,"SlaversCollar":17,"Strawberry":9,"Burning Blood":0},{"Darkstone Periapt":4,"SlaversCollar":8,"Strawberry":5,"Burning Blood":0},{"Darkstone Periapt":17,"SlaversCollar":36,"Strawberry":21,"Burning Blood":0}],"Burning Blood":49},"card_choices":[{"not_picked":["Sentinel","Heavy Blade"],"picked":"Spot Weakness","floor":0.0},{"not_picked":["Metallicize","Feel No Pain"],"picked":"True Grit","floor":1.0},{"not_picked":["Ghostly Armor","Twin Strike"],"picked":"Clash","floor":3.0},{"not_picked":["Clothesline","Warcry"],"picked":"Body Slam","floor":5.0},{"not_picked":["Thunderclap","Clash"],"picked":"Combust","floor":6.0},{"not_picked":["Cleave","Carnage"],"picked":"Sword Boomerang","floor":7.0},{"not_picked":["Havoc","Clothesline"],"picked":"Thunderclap","floor":12.0},{"not_picked":["Havoc","Warcry"],"picked":"Feed","floor":13.0},{"not_picked":["Feed","Corruption"],"picked":"Berserk","floor":16.0},{"not_picked":["Sword Boomerang","Metallicize"],"picked":"Clothesline+1","floor":18}],"player_experience":42476,"relics_obtained":[{"floor":6.0,"key":"Darkstone Periapt"},{"floor":9.0,"key":"Strawberry"}],"event_choices":[{"damage_healed":0.0,"max_hp_gain":0.0,"max_hp_loss":0.0,"gold_gain":0.0,"event_name":"Shining Light","player_choice":"Entered Light","floor":2.0,"gold_loss":0.0,"damage_taken":16.0,"cards_upgraded":["Defend_R","Strike_R"]},{"damage_healed":0.0,"max_hp_gain":0.0,"max_hp_loss":0.0,"gold_gain":0.0,"event_name":"The Woman in Blue","player_choice":"Bought 2 Potions","floor":4.0,"gold_loss":0.0,"damage_taken":0.0},{"damage_healed":0.0,"max_hp_gain":0.0,"max_hp_loss":0.0,"gold_gain":0.0,"cards_transformed":["Defend_R"],"event_name":"Transmorgrifier","player_choice":"Transformed","floor":14.0,"gold_loss":0.0,"damage_taken":0.0,"cards_obtained":["Rupture"]}],"is_beta":false,"boss_relics":[{"not_picked":["Pandora\u0027s Box","Cursed Key"],"picked":"SlaversCollar"}],"items_purged_floors":[],"is_endless":false,"potions_floor_spawned":[1,7,12,16],"killed_by":"2 Thieves","ascension_level":0}}