{"host":"1gvb6a86y1wh8blq","time":1612364178,"event":{"mods":["Ascension Reborn","Aspiration","BaseMod","Conspire","Emptier Cage","Minty Spire (QoL Compilation)","MostiFishMod","Shop Mod","Spicy Shops","StSLib","【功能Mod】强力的原版药水","没有小屋子和绿帽子啦","篝火指南"],"gold_per_floor":[19,32,32,32,45,45,113,149,149,168,191,36,36,69,69,204,204,937,870,1610,3062,5236,5994,6749,8946,8946,8946,8613,10071,10071,10071,9731,10572,10572,12765,12765,14939,17841,18579,19330,19162,19924,19924,19850,19530,19236,19232,19975,20034,20034,20034],"floor_reached":50,"language":"ZHS","playtime":1079,"items_purged":["Defend_G+1","Strike_G+1","Strike_G+1","Strike_G+1","Neutralize+1","Strike_G+1","Defend_G+1","Defend_G+1","Defend_G+1","Feel No Pain+1","Survivor+1"],"score":150,"play_id":"13d034f5-53f7-4494-9ac8-aa8d651d65e6","local_time":"20210203225618","is_ascension_mode":true,"campfire_choices":[{"floor":6.0,"key":"RECALL"},{"data":"MostiFishMod:DeathFromBelow","floor":27.0,"key":"SMITH"}],"circlet_count":0,"master_deck":["Acrobatics+1","MostiFishMod:DeathFromBelow+1","Deep Breath+1","Deep Breath+1"],"relics":["DaveBox","JellyFishMachine","SynthV:TestCard","Gremlin Horn","Turnip","CeramicFish","MerchantsRug","Dodecahedron","PrismaticShard","Snecko Eye","PreservedInsect","Happy Flower","Kunai","Calipers","Membership Card","Molten Egg 2","Tough Bandages","Lantern","Omamori","Shuriken","BrkXgEgg","Medical Kit","OrangePellets","Chemical X","StrikeDummy","Pantograph","DollysMirror"],"acts_visited":["Exordium","TheCity","TheBeyond"],"potions_floor_usage":[44,44],"damage_taken":[{"damage":0.0,"enemies":"Jaw Worm","floor":1.0,"turns":1.0},{"damage":0.0,"enemies":"Cultist","floor":2.0,"turns":2.0},{"damage":0.0,"enemies":"Small Slimes","floor":5.0,"turns":2.0},{"damage":0.0,"enemies":"Gremlin Nob","floor":7.0,"turns":2.0},{"damage":8.0,"enemies":"Lagavulin","floor":8.0,"turns":4.0},{"damage":0.0,"enemies":"3 Louse","floor":10.0,"turns":2.0},{"damage":0.0,"enemies":"Lots of Slimes","floor":11.0,"turns":1.0},{"damage":0.0,"enemies":"Large Slime","floor":14.0,"turns":3.0},{"damage":25.0,"enemies":"Hexaghost","floor":16.0,"turns":9.0},{"damage":0.0,"enemies":"Chosen","floor":18.0,"turns":2.0},{"damage":0.0,"enemies":"Spheric Guardian","floor":20.0,"turns":1.0},{"damage":0.0,"enemies":"Shelled Parasite and Fungi","floor":21.0,"turns":2.0},{"damage":0.0,"enemies":"3 Cultists","floor":22.0,"turns":2.0},{"damage":0.0,"enemies":"Gremlin Leader","floor":23.0,"turns":2.0},{"damage":0.0,"enemies":"Book of Stabbing","floor":24.0,"turns":1.0},{"damage":0.0,"enemies":"Slavers","floor":25.0,"turns":2.0},{"damage":0.0,"enemies":"Sentry and Sphere","floor":29.0,"turns":1.0},{"damage":0,"enemies":"Champ","floor":33,"turns":4},{"damage":0,"enemies":"3 Shapes","floor":35,"turns":1},{"damage":0,"enemies":"3 Darklings","floor":37,"turns":1},{"damage":0,"enemies":"4 Shapes","floor":38,"turns":1},{"damage":0,"enemies":"Maw","floor":39,"turns":2},{"damage":0,"enemies":"Nemesis","floor":40,"turns":2},{"damage":0,"enemies":"Reptomancer","floor":42,"turns":1},{"damage":0,"enemies":"Spire Growth","floor":48,"turns":1},{"damage":99,"enemies":"conspire:OrnateMirror","floor":50,"turns":2}],"seed_played":"-7001013226553619605","potions_obtained":[{"floor":1.0,"key":"GhostInAJar"},{"floor":2.0,"key":"EssenceOfSteel"},{"floor":2.0,"key":"Swift Potion"},{"floor":7.0,"key":"EssenceOfSteel"},{"floor":14.0,"key":"FairyPotion"},{"floor":16.0,"key":"DuplicationPotion"},{"floor":18.0,"key":"FearPotion"},{"floor":20.0,"key":"LiquidBronze"},{"floor":21.0,"key":"Regen Potion"},{"floor":22.0,"key":"FearPotion"},{"floor":29.0,"key":"LiquidBronze"},{"floor":33,"key":"AttackPotion"},{"floor":33,"key":"Poison Potion"},{"floor":35,"key":"FairyPotion"},{"floor":48,"key":"EssenceOfSteel"}],"is_trial":false,"path_per_floor":["M","M","?","$","M","R","?","E","T","M","M","R","?","M","R","B",null,"M","$","M","M","M","E","E","E","T","R","R","M","?","?","R","B",null,"M","?","M","M","M","E","R","E","T","R","R","R","$","M","R","B"],"character_chosen":"THE_SILENT","items_purchased":["MerchantsRug","WingedGreaves","Dodecahedron","PrismaticShard","Lee\u0027s Waffle","Calipers","Membership Card","Molten Egg 2","Omamori","BrkXgEgg","EntropicBrew","aspiration:SeaSaltIceCream","Dream Catcher","OrangePellets","Chemical X","StrikeDummy","DollysMirror"],"campfire_rested":0,"item_purchase_floors":[12,12,12,12,28,28,32,32,41,44,44,45,46,46,46,47,49],"current_hp_per_floor":[74,74,74,74,74,74,74,76,76,76,76,76,76,76,76,57,85,85,85,85,85,85,85,85,85,85,85,92,92,92,92,92,96,96,96,96,96,96,96,96,96,96,96,96,96,96,96,96,96,0,0],"gold":20034,"neow_bonus":"REMOVE_TWO","is_daily":false,"chose_seed":false,"campfire_upgraded":1,"win_rate":0.0,"timestamp":1612364178,"path_taken":["M","M","?","$","?","R","?","E","T","M","M","R","?","M","R","BOSS","M","$","M","M","M","E","E","E","T","R","R","?","?","?","R","BOSS","M","?","?","M","M","E","R","E","T","R","R","R","?","M","R","BOSS"],"items_purchased_type":["Relic","Relic","Relic","Relic","Relic","Relic","Relic","Relic","Relic","Relic","Potion","Relic","Relic","Relic","Relic","Relic","Relic"],"build_version":"2020-12-22","purchased_purges":11,"victory":false,"max_hp_per_floor":[74,74,74,74,74,74,74,81,81,81,81,81,81,81,81,85,85,85,85,85,85,85,85,85,85,85,85,92,92,92,92,92,96,96,96,96,96,96,96,96,96,96,96,96,96,96,96,96,96,96,96],"card_choices":[{"not_picked":["Expertise","Deflect"],"picked":"Acrobatics+1","floor":1.0},{"not_picked":["MostiFishMod:PerfectParry+1","Poisoned Stab+1","Accuracy","Setup+1","Slice+1"],"picked":"SKIP","floor":2.0},{"not_picked":["Flying Knee","Calculated Gamble","Concentrate","Outmaneuver+1","Backflip"],"picked":"SKIP","floor":5.0},{"not_picked":["Endless Agony","A Thousand Cuts","Dodge and Roll","Flying Knee+1","Cloak And Dagger+1"],"picked":"SKIP","floor":8.0},{"not_picked":["Flying Knee","Poisoned Stab","Backflip","All Out Attack","Dagger Throw"],"picked":"SKIP","floor":8.0},{"not_picked":["Outmaneuver+1","MostiFishMod:PreservedThorns","Blade Dance","Prepared","Footwork"],"picked":"SKIP","floor":10.0},{"not_picked":["Concentrate+1","Dagger Throw","Dash+1","MostiFishMod:ThornCasing","aspiration:Lunge"],"picked":"SKIP","floor":11.0},{"not_picked":["Headbutt","Flex","Trip","Dodge and Roll+1"],"picked":"Feel No Pain+1","floor":14.0},{"not_picked":["Adrenaline","MostiFishMod:AdrenalineArouse","Feed","MostiFishMod:Galeforce"],"picked":"MostiFishMod:DeathFromBelow","floor":16.0},{"not_picked":["MostiFishMod:BrandingRite+1","Crescendo","BowlingBash+1","Self Repair","Indignation"],"picked":"SKIP","floor":18.0},{"not_picked":["Bouncing Flask","ClearTheMind+1","Flying Knee+1","Weave","Streamline+1"],"picked":"SKIP","floor":20.0},{"not_picked":["Uppercut+1","Iron Wave","Dual Wield+1","Body Slam+1","TalkToTheHand+1"],"picked":"SKIP","floor":21.0},{"not_picked":["MostiFishMod:InvigoratingSolution+1","Warcry","Indignation","Streamline+1","Leg Sweep"],"picked":"SKIP","floor":22.0},{"not_picked":["Finesse+1","MostiFishMod:Nova","Coolheaded+1","MostiFishMod:FireWorks","Cleave"],"picked":"SKIP","floor":23.0},{"not_picked":["Blood for Blood","BowlingBash","Accuracy+1","PiercingWail+1","Dodge and Roll+1"],"picked":"SKIP","floor":24.0},{"not_picked":["Sword Boomerang+1","Nirvana+1","Rainbow","aspiration:Polymerization","ForeignInfluence+1"],"picked":"SKIP","floor":25.0},{"not_picked":["MostiFishMod:InvigoratingSolution+1","Conserve Battery","Twin Strike","Gash","SignatureMove"],"picked":"SKIP","floor":29.0},{"not_picked":["Crescendo+1","Steam+1","Evaluate+1","Rampage+1"],"picked":"Deep Breath+1","floor":35},{"not_picked":["Consume+1","conspire:PoisonWeapons+1","Thunderclap+1","Leap","BowlingBash+1"],"picked":"SKIP","floor":37},{"not_picked":["EmptyFist+1","Catalyst+1","Static Discharge","Twin Strike+1","Halt+1"],"picked":"SKIP","floor":38},{"not_picked":["Crippling Poison","MostiFishMod:ReprogramOld+1","MostiFishMod:WinterMarkForm","Warcry+1","Underhanded Strike+1"],"picked":"SKIP","floor":39},{"not_picked":["Adaptation+1","Alpha","Headbutt+1","Collect+1","MostiFishMod:KingOfFree+1"],"picked":"SKIP","floor":40},{"not_picked":["Beam Cell+1","Sanctity+1","Underhanded Strike+1","Coolheaded+1","Power Through+1"],"picked":"SKIP","floor":42},{"not_picked":["FlyingSleeves+1","FlurryOfBlows+1","Dagger Spray+1","Blizzard+1","Consume+1"],"picked":"SKIP","floor":48}],"player_experience":2770167,"relics_obtained":[{"floor":1.0,"key":"SynthV:TestCard"},{"floor":2.0,"key":"Ancient Tea Set"},{"floor":7.0,"key":"aspiration:FrozenJewel"},{"floor":8.0,"key":"Strawberry"},{"floor":9.0,"key":"Gremlin Horn"},{"floor":9.0,"key":"Turnip"},{"floor":11.0,"key":"CeramicFish"},{"floor":13.0,"key":"aspiration:ChemicalBlood"},{"floor":16.0,"key":"Tingsha"},{"floor":23.0,"key":"PreservedInsect"},{"floor":24.0,"key":"Happy Flower"},{"floor":25.0,"key":"ImprovedEquipment"},{"floor":26.0,"key":"Kunai"},{"floor":29.0,"key":"Orichalcum"},{"floor":33,"key":"Tough Bandages"},{"floor":40,"key":"Lantern"},{"floor":42,"key":"Shuriken"},{"floor":43,"key":"Pen Nib"},{"floor":43,"key":"Juzu Bracelet"},{"floor":48,"key":"Pantograph"}],"event_choices":[{"damage_healed":0.0,"max_hp_gain":0.0,"max_hp_loss":0.0,"gold_gain":0.0,"event_name":"Lab","player_choice":"Got Potions","floor":3.0,"gold_loss":0.0,"damage_taken":0.0},{"damage_healed":0.0,"max_hp_gain":0.0,"max_hp_loss":0.0,"gold_gain":0.0,"event_name":"Dead Adventurer","player_choice":"Searched \u00271\u0027 times","floor":7.0,"gold_loss":0.0,"damage_taken":0.0},{"damage_healed":0.0,"max_hp_gain":0.0,"max_hp_loss":0.0,"gold_gain":0.0,"event_name":"Wheel of Change","player_choice":"Relic","floor":13.0,"gold_loss":0.0,"damage_taken":0.0},{"damage_healed":0.0,"max_hp_gain":0.0,"max_hp_loss":0.0,"gold_gain":0.0,"event_name":"Cursed Tome","player_choice":"Ignored","floor":30.0,"gold_loss":0.0,"damage_taken":0.0},{"damage_healed":30.0,"max_hp_gain":0.0,"max_hp_loss":0.0,"gold_gain":0.0,"event_name":"The Library","player_choice":"Heal","floor":31.0,"gold_loss":0.0,"damage_taken":0.0},{"damage_healed":0,"gold_gain":0,"player_choice":"0 cards matched","damage_taken":0,"max_hp_gain":0,"max_hp_loss":0,"event_name":"Match and Keep!","floor":36,"gold_loss":0,"cards_obtained":[]}],"is_beta":false,"boss_relics":[{"not_picked":["Busted Crown","aspiration:IroncladSkillbook"],"picked":"Snecko Eye"},{"not_picked":["NightmareShop","conspire:SeveredTorchhead","conspire:SlowCooker"]}],"items_purged_floors":[12,19,19,28,28,32,32,41,44,45,46],"is_endless":false,"potions_floor_spawned":[2,8,10,16,18,23,24,33,35,39,40,42],"killed_by":"conspire:OrnateMirror","ascension_level":-20}}