{"host":"l8w5ha8d6y408mwb","time":1612327637,"event":{"mods":["AchievementEnabler","BaseMod","ChefMod","Minty Spire (QoL Compilation)","Replay The Spire","StSLib","The Gatherer","The Mystic","The Poker Player"],"gold_per_floor":[115,38,38,38,56,89,89,107,107,125,95,20,31,64,64,162,162,180,269,368,381,306,340,340,352,352,381,381,400,11,30,30,134,134,144,162,162,172,189,189,189,223,223,237,288,300,312,341,385,410,422,434],"floor_reached":53,"language":"ZHS","playtime":5161,"items_purged":["Strike_G","Neutralize"],"score":919,"play_id":"d57d1858-4017-4ff7-9aeb-dad5e1d809ed","local_time":"20210203124717","is_ascension_mode":false,"campfire_choices":[{"data":"Calculated Gamble","floor":7,"key":"SMITH"},{"data":"Backflip","floor":15,"key":"SMITH"},{"data":"ReplayTheSpireMod:Scrap Shanks","floor":24,"key":"SMITH"},{"data":"ReplayTheSpireMod:Shiv Toss","floor":28,"key":"SMITH"},{"data":"Adrenaline","floor":32,"key":"SMITH"},{"data":"After Image","floor":43,"key":"SMITH"},{"data":"Prepared","floor":46,"key":"SMITH"}],"circlet_count":0,"master_deck":["Defend_G","Defend_G","Defend_G","Defend_G","Defend_G","Survivor","Calculated Gamble+1","ReplayTheSpireMod:Scrap Shanks+1","Accuracy","Hidden Blade","Hidden Blade","ReplayTheSpireMod:Shiv Toss+1","Flying Knee","Backflip+1","Adrenaline+1","Atom Bomb+1","Well Laid Plans+1","Blade Dance+1","ReplayTheSpireMod:Shiv Toss+1","PiercingWail","Backflip","Unload","After Image+1","ReplayTheSpireMod:Scrap Shanks+1","Deflect+1","Prepared+1","All Out Attack+1","ReplayTheSpireMod:Speed Training+1"],"relics":["Ring of the Serpent","NeowsBlessing","The Specimen","Potion Belt","Ornamental Fan","Juzu Bracelet","Astrolabe","Strawberry","Gremlin Horn","Tiny Chest","Ginger","Membership Card","Snack Pack","Bottled Lightning","MawBank","Lantern"],"acts_visited":["Exordium","TheCity","TheBeyond"],"potions_floor_usage":[13,16,16,16,21,27,27,33,48,48,49,52,52],"damage_taken":[{"damage":0,"enemies":"Small Slimes","floor":1,"turns":1},{"damage":0,"enemies":"Cultist","floor":5,"turns":1},{"damage":0,"enemies":"Replay:BlueRogue","floor":6,"turns":1},{"damage":1,"enemies":"2 Louse","floor":8,"turns":3},{"damage":6,"enemies":"Red Slaver","floor":10,"turns":5},{"damage":0,"enemies":"Large Slime","floor":13,"turns":3},{"damage":19,"enemies":"3 Sentries","floor":14,"turns":7},{"damage":5,"enemies":"The Guardian","floor":16,"turns":10},{"damage":0,"enemies":"Chosen","floor":18,"turns":4},{"damage":0,"enemies":"2 Thieves","floor":21,"turns":3},{"damage":1,"enemies":"Replay:Snechameleon","floor":23,"turns":3},{"damage":0,"enemies":"Cultist and Chosen","floor":25,"turns":3},{"damage":0,"enemies":"Slavers","floor":27,"turns":1},{"damage":0,"enemies":"Snake Plant","floor":29,"turns":2},{"damage":5,"enemies":"Centurion and Healer","floor":31,"turns":4},{"damage":0,"enemies":"Champ","floor":33,"turns":5},{"damage":14,"enemies":"3 Darklings","floor":35,"turns":4},{"damage":2,"enemies":"Orb Walker","floor":36,"turns":3},{"damage":15,"enemies":"3 Darklings","floor":38,"turns":4},{"damage":24,"enemies":"4 Shapes","floor":39,"turns":2},{"damage":0,"enemies":"Giant Head","floor":42,"turns":2},{"damage":0,"enemies":"Writhing Mass","floor":44,"turns":4},{"damage":0,"enemies":"Transient","floor":48,"turns":5},{"damage":0,"enemies":"Reptomancer","floor":49,"turns":2},{"damage":12,"enemies":"Sphere and 2 Shapes","floor":50,"turns":2},{"damage":7,"enemies":"Awakened One","floor":52,"turns":7}],"seed_played":"-3971625000880566560","potions_obtained":[{"floor":1,"key":"Energy Potion"},{"floor":5,"key":"Fire Potion"},{"floor":8,"key":"PowerPotion"},{"floor":11,"key":"EssenceOfSteel"},{"floor":11,"key":"Fire Potion"},{"floor":18,"key":"Energy Potion"},{"floor":23,"key":"Adrenaline Potion"},{"floor":25,"key":"FairyPotion"},{"floor":31,"key":"DistilledChaos"},{"floor":38,"key":"AttackPotion"},{"floor":39,"key":"Energy Potion"},{"floor":42,"key":"Regen Potion"},{"floor":44,"key":"Fire Potion"},{"floor":48,"key":"Elixir"},{"floor":51,"key":"Weak Potion"},{"floor":51,"key":"SpeedPotion"}],"is_trial":false,"path_per_floor":["M","$","?","?","M","E","R","M","T","M","?","$","M","E","R","B",null,"M","?","?","M","?","E","R","M","T","E","R","M","$","M","R","B",null,"M","M","?","M","M","PTL","PTL","E","R","M","T","R","?","M","E","M","R","B",null],"character_chosen":"THE_SILENT","items_purchased":["ReplayTheSpireMod:Scrap Shanks","Membership Card","Snack Pack","Unload"],"campfire_rested":0,"item_purchase_floors":[2,30,30,30],"current_hp_per_floor":[70,70,63,63,63,63,63,62,62,56,56,56,56,37,37,32,70,70,60,60,60,60,59,59,59,59,59,59,59,59,58,58,76,77,73,77,77,72,58,58,58,70,70,77,77,77,77,77,77,69,69,76],"gold":446,"neow_bonus":"THREE_ENEMY_KILL","is_daily":false,"chose_seed":false,"campfire_upgraded":7,"win_rate":0.0,"timestamp":1612327637,"path_taken":["M","$","?","?","M","E","R","M","T","M","?","$","M","E","R","BOSS","M","?","?","M","?","E","R","M","T","E","R","M","$","M","R","BOSS","M","M","?","M","M","PTL","PTL","E","R","M","T","R","?","M","E","M","R","BOSS"],"items_purchased_type":["Card","Relic","Relic","Card"],"build_version":"2020-12-22","purchased_purges":2,"victory":true,"max_hp_per_floor":[70,70,70,70,70,70,70,70,70,70,70,70,70,70,70,70,70,70,77,77,77,77,77,77,77,77,77,77,77,77,77,77,77,77,77,77,77,77,77,77,77,77,77,77,77,77,77,77,77,77,77,77],"card_choices":[{"not_picked":["Terror","Slice"],"picked":"Calculated Gamble","floor":1},{"not_picked":["Outmaneuver","Poisoned Stab"],"picked":"Accuracy","floor":5},{"not_picked":["Riddle With Holes","Expertise"],"picked":"Hidden Blade","floor":6},{"not_picked":["Blade Dance","Deadly Poison"],"picked":"Hidden Blade","floor":8},{"not_picked":["Doppelganger","PiercingWail"],"picked":"ReplayTheSpireMod:Shiv Toss","floor":10},{"not_picked":["PiercingWail","Bane"],"picked":"Flying Knee","floor":13},{"not_picked":["Leg Sweep","ReplayTheSpireMod:The Works"],"picked":"Backflip","floor":14},{"not_picked":["Envenom","ReplayTheSpireMod:From All Sides"],"picked":"Adrenaline","floor":16},{"not_picked":["Sucker Punch","Replay:Poison Smokescreen"],"picked":"Finisher","floor":18},{"not_picked":["Backflip","All Out Attack"],"picked":"ReplayTheSpireMod:Shiv Toss+1","floor":19},{"not_picked":["Footwork","PiercingWail","Outmaneuver+1"],"picked":"SKIP","floor":21},{"not_picked":["Footwork","Outmaneuver+1"],"picked":"PiercingWail","floor":21},{"not_picked":["Replay:Poison Smokescreen","Catalyst+1","Crippling Poison+1"],"picked":"SKIP","floor":23},{"not_picked":["Outmaneuver+1","PiercingWail","Slice"],"picked":"SKIP","floor":25},{"not_picked":["Outmaneuver+1","PiercingWail","Slice"],"picked":"SKIP","floor":25},{"not_picked":["Deadly Poison+1","Crippling Poison","Flying Knee"],"picked":"SKIP","floor":27},{"not_picked":["Dagger Spray","Distraction+1"],"picked":"Backflip","floor":29},{"not_picked":["PiercingWail+1","Blade Dance","Quick Slash"],"picked":"SKIP","floor":31},{"not_picked":["A Thousand Cuts","Wraith Form v2"],"picked":"After Image","floor":33},{"not_picked":["Well Laid Plans","Hidden Blade+1"],"picked":"ReplayTheSpireMod:Scrap Shanks+1","floor":35},{"not_picked":["Dagger Throw+1","Choke"],"picked":"Deflect+1","floor":36},{"not_picked":["PiercingWail+1","Deadly Poison+1"],"picked":"Prepared","floor":38},{"not_picked":["Reflex","Predator","ReplayTheSpireMod:Exploit Weakness+1"],"picked":"SKIP","floor":39},{"not_picked":["Dagger Throw+1","Hidden Blade+1","Heel Hook+1"],"picked":"SKIP","floor":42},{"not_picked":["Sucker Punch","Glass Knife"],"picked":"All Out Attack+1","floor":44},{"not_picked":["Bane","Replay:Poison Smokescreen+1","Underhanded Strike+1"],"picked":"SKIP","floor":48},{"not_picked":["PiercingWail","Doppelganger"],"picked":"ReplayTheSpireMod:Speed Training+1","floor":49},{"not_picked":["Underhanded Strike","Dash+1","Bouncing Flask"],"picked":"SKIP","floor":50}],"player_experience":115770,"relics_obtained":[{"floor":6,"key":"Potion Belt"},{"floor":9,"key":"Ornamental Fan"},{"floor":14,"key":"Juzu Bracelet"},{"floor":19,"key":"Strawberry"},{"floor":23,"key":"Gremlin Horn"},{"floor":26,"key":"Tiny Chest"},{"floor":27,"key":"Ginger"},{"floor":42,"key":"Bottled Lightning"},{"floor":45,"key":"MawBank"},{"floor":49,"key":"Lantern"}],"event_choices":[{"damage_healed":0,"gold_gain":0,"player_choice":"Success","damage_taken":7,"relics_obtained":["The Specimen"],"max_hp_gain":0,"max_hp_loss":0,"event_name":"Scrap Ooze","floor":3,"gold_loss":0},{"damage_healed":0,"gold_gain":0,"player_choice":"Leave","damage_taken":0,"max_hp_gain":0,"max_hp_loss":0,"event_name":"The Cleric","floor":4,"gold_loss":0},{"damage_healed":0,"gold_gain":0,"player_choice":"Bought 2 Potions","damage_taken":0,"max_hp_gain":0,"max_hp_loss":0,"event_name":"The Woman in Blue","floor":11,"gold_loss":0},{"damage_healed":0,"gold_gain":99,"player_choice":"Stole From Cult","damage_taken":0,"max_hp_gain":0,"max_hp_loss":0,"event_name":"Nest","floor":20,"gold_loss":0},{"cards_removed":["Strike_G"],"damage_healed":0,"gold_gain":0,"player_choice":"Gave Gold","damage_taken":0,"max_hp_gain":0,"max_hp_loss":0,"event_name":"Beggar","floor":22,"gold_loss":75},{"damage_healed":0,"gold_gain":0,"player_choice":"Ignored","damage_taken":0,"max_hp_gain":0,"max_hp_loss":0,"event_name":"NoteForYourself","floor":37,"gold_loss":0},{"cards_removed":["Finisher"],"damage_healed":0,"gold_gain":0,"player_choice":"Removed Attack","damage_taken":0,"max_hp_gain":0,"max_hp_loss":0,"event_name":"Falling","floor":47,"gold_loss":0}],"is_beta":false,"boss_relics":[{"not_picked":["Velvet Choker","Replay:Bronze Core"],"picked":"Astrolabe"},{"not_picked":["Busted Crown","Cursed Key"],"picked":"Ring of the Serpent"}],"items_purged_floors":[12,30],"is_endless":false,"potions_floor_spawned":[1,5,8,18,23,25,31,38,39,42,44,48],"ascension_level":0}}