{"host":"hka8b3f4pkvnp4ei","time":1612370513,"event":{"mods":["BaseMod","Minty Spire (QoL Compilation)","Quick Restart","Replay The Spire","StSLib"],"gold_per_floor":[110,185,204,293,218,252,252,264,264,67,80,80,111,129,129,206,206,223,241,61,76,76,110,110,142,142,142,156,156,156,185,185,263,263,275,275,150,175,194,229,229,79,79,111,122,154,154,168,168,168,168,168,168,46,76,76,76],"floor_reached":56,"language":"ZHS","playtime":2526,"items_purged":["Defend_P","Defend_P","Defend_P","Strike_P"],"score":2702,"play_id":"8b34c414-41c1-4988-8192-28660d92d64d","local_time":"20210204004153","is_ascension_mode":true,"campfire_choices":[{"data":"Eruption","floor":7.0,"key":"SMITH"},{"data":"Apotheosis","floor":12.0,"key":"SMITH"},{"floor":15.0,"key":"RECALL"},{"data":"Scrawl","floor":24.0,"key":"SMITH"},{"data":"DeusExMachina","floor":27.0,"key":"SMITH"},{"data":"Adaptation","floor":29.0,"key":"SMITH"},{"data":"Ghostly","floor":32.0,"key":"SMITH"},{"data":"Vault","floor":41.0,"key":"SMITH"},{"data":"1","floor":49.0,"key":"LIFT"},{"data":"2","floor":53.0,"key":"LIFT"}],"circlet_count":0,"master_deck":["AscendersBane","Strike_P","Strike_P","Defend_P","Eruption+1","Vigilance","Conclude","BowlingBash","Apotheosis+1","Wallop","DeusExMachina+1","Adaptation+1","FearNoEvil","Ghostly+1","Ghostly","Ghostly","Scrawl+1","Vault+1","Adaptation+1","Collect","InnerPeace"],"relics":["PureWater","NeowsBlessing","Toy Ornithopter","TeardropLocket","ReplayTheSpireMod:Lightbulb","ReplayTheSpireMod:TigerMarble","Coffee Dripper","Pet Ghost","Replay:Bottled Flurry","Replay:Baseball","Singing Bowl","Replay:Bronze Core","Girya","Replay:Rubber Ducky","HornCleat","Dream Catcher","Centennial Puzzle"],"acts_visited":["Exordium","TheCity","TheBeyond","TheEnding"],"potions_floor_usage":[56],"damage_taken":[{"damage":0.0,"enemies":"Jaw Worm","floor":1.0,"turns":1.0},{"damage":0.0,"enemies":"2 Louse","floor":3.0,"turns":1.0},{"damage":0.0,"enemies":"Gremlin Nob","floor":6.0,"turns":1.0},{"damage":0.0,"enemies":"Cultist","floor":8.0,"turns":2.0},{"damage":5.0,"enemies":"Gremlin Gang","floor":11.0,"turns":3.0},{"damage":0.0,"enemies":"3 Sentries","floor":13.0,"turns":2.0},{"damage":0.0,"enemies":"2 Fungi Beasts","floor":14.0,"turns":1.0},{"damage":0.0,"enemies":"Fading Forest","floor":16.0,"turns":13.0},{"damage":0.0,"enemies":"Chosen","floor":18.0,"turns":1.0},{"damage":4.0,"enemies":"3 Byrds","floor":19.0,"turns":3.0},{"damage":6.0,"enemies":"Snake Plant","floor":21.0,"turns":4.0},{"damage":18.0,"enemies":"Book of Stabbing","floor":23.0,"turns":6.0},{"damage":0.0,"enemies":"Slavers","floor":25.0,"turns":3.0},{"damage":12.0,"enemies":"Shelled Parasite and Fungi","floor":28.0,"turns":4.0},{"damage":0.0,"enemies":"Book of Stabbing","floor":31.0,"turns":5.0},{"damage":0.0,"enemies":"Automaton","floor":33.0,"turns":4.0},{"damage":0.0,"enemies":"Orb Walker","floor":35.0,"turns":1.0},{"damage":0.0,"enemies":"Mind Bloom Boss Battle","floor":38.0,"turns":3.0},{"damage":0.0,"enemies":"3 Darklings","floor":39.0,"turns":3.0},{"damage":1.0,"enemies":"Reptomancer","floor":40.0,"turns":4.0},{"damage":0.0,"enemies":"R_Hoarder","floor":44.0,"turns":7.0},{"damage":0.0,"enemies":"Writhing Mass","floor":45.0,"turns":4.0},{"damage":0.0,"enemies":"Reptomancer","floor":46.0,"turns":2.0},{"damage":0.0,"enemies":"Transient","floor":48.0,"turns":7.0},{"damage":0.0,"enemies":"Donu and Deca","floor":50.0,"turns":5.0},{"damage":29.0,"enemies":"Time Eater","floor":51.0,"turns":10.0},{"damage":0.0,"enemies":"Shield and Spear","floor":55.0,"turns":2.0},{"damage":29,"enemies":"The Heart","floor":56,"turns":3}],"seed_played":"6763874401294841512","potions_obtained":[{"floor":3.0,"key":"PowerPotion"},{"floor":8.0,"key":"Adrenaline Potion"},{"floor":16.0,"key":"Weak Potion"},{"floor":19.0,"key":"EntropicBrew"},{"floor":25.0,"key":"Venom Potion"},{"floor":28.0,"key":"Strength Potion"}],"is_trial":false,"path_per_floor":["M","?","M","?","$","E","R","M","T","$","M","R","E","M","R","B",null,"M","M","$","M","?","E","R","E","T","R","M","R","?","E","R","B",null,"M","?","$","?","M","E","R","$","T","E","M","E","?","M","R","B","B",null,"R","$","E","B"],"character_chosen":"WATCHER","items_purchased":["Apotheosis","FearNoEvil","DuplicationPotion","Collect"],"campfire_rested":0,"item_purchase_floors":[10,20,54,54],"current_hp_per_floor":[61,50,50,50,50,50,50,50,50,50,45,45,45,45,45,58,66,66,62,62,56,34,26,26,26,26,26,14,14,14,16,16,16,31,33,33,33,35,37,38,38,38,38,40,42,44,44,44,44,44,20,43,43,43,43,19,19],"gold":76,"neow_bonus":"THREE_ENEMY_KILL","is_daily":false,"chose_seed":false,"campfire_upgraded":7,"win_rate":0.0,"timestamp":1612370513,"path_taken":["M","?","M","?","$","E","R","M","T","$","?","R","E","M","R","BOSS","M","?","$","M","?","E","R","E","T","R","M","R","?","E","R","BOSS","M","?","$","?","M","E","R","?","T","E","?","E","?","M","R","BOSS","BOSS","R","$","E","BOSS"],"items_purchased_type":["Card","Card","Potion","Card"],"build_version":"2020-12-22","purchased_purges":4,"victory":false,"max_hp_per_floor":[68,68,68,68,68,68,68,68,68,68,68,68,68,68,68,68,68,68,68,68,68,34,34,34,34,34,34,34,34,34,36,36,36,36,38,38,38,40,42,44,44,44,44,46,48,50,50,50,50,50,50,50,50,50,50,50,50],"card_choices":[{"not_picked":["Prostrate","Wireheading","BattleHymn"],"picked":"SKIP","floor":1.0},{"not_picked":["Replay:BluntJabs","Prostrate","CarveReality"],"picked":"SKIP","floor":3.0},{"not_picked":["BattleHymn","EmptyBody"],"picked":"Conclude","floor":4.0},{"not_picked":["Worship","Indignation"],"picked":"BowlingBash","floor":6.0},{"not_picked":["Replay:ManipulateFuture","Indignation","MentalFortress"],"picked":"SKIP","floor":8.0},{"not_picked":["Evaluate","SashWhip","Replay:AtTheReady"],"picked":"SKIP","floor":11.0},{"not_picked":["Pray","Consecrate","LessonLearned"],"picked":"SKIP","floor":13.0},{"not_picked":["PathToVictory","Protect"],"picked":"Wallop","floor":14.0},{"not_picked":["Alpha","DevaForm"],"picked":"DeusExMachina","floor":16.0},{"not_picked":["Replay:BluntJabs","Wallop","FlurryOfBlows"],"picked":"SKIP","floor":18.0},{"not_picked":["Meditate","Worship"],"picked":"Adaptation","floor":19.0},{"not_picked":["Evaluate","EmptyFist","Worship+1"],"picked":"SKIP","floor":21.0},{"not_picked":["FlurryOfBlows+1","Replay:Cycle"],"picked":"Scrawl","floor":23.0},{"not_picked":["FlurryOfBlows","BowlingBash","Sanctity+1"],"picked":"SKIP","floor":25.0},{"not_picked":["WaveOfTheHand","CarveReality","Wireheading"],"picked":"SKIP","floor":28.0},{"not_picked":["WaveOfTheHand","CarveReality","Wireheading"],"picked":"SKIP","floor":28.0},{"not_picked":["Swivel+1","EmptyMind","CutThroughFate+1"],"picked":"Singing Bowl","floor":31.0},{"not_picked":["Brilliance","Wish"],"picked":"Vault","floor":33.0},{"not_picked":["FollowUp","WreathOfFlame","BattleHymn"],"picked":"Singing Bowl","floor":35.0},{"not_picked":["Protect","Replay:AtTheReady","Halt"],"picked":"Singing Bowl","floor":38.0},{"not_picked":["Replay:AtTheReady","ClearTheMind","BowlingBash"],"picked":"Singing Bowl","floor":39.0},{"not_picked":["SashWhip+1","SandsOfTime+1","Evaluate+1"],"picked":"Singing Bowl","floor":40.0},{"not_picked":["Replay:Hum","Study","EmptyFist"],"picked":"Singing Bowl","floor":44.0},{"not_picked":["ClearTheMind","Protect","Alpha"],"picked":"Singing Bowl","floor":45.0},{"not_picked":["Sanctity","Pray","Replay:AtTheReady"],"picked":"Singing Bowl","floor":46.0},{"not_picked":["EmptyFist","Consecrate+1"],"picked":"Adaptation+1","floor":48.0},{"not_picked":["TalkToTheHand","Replay:LoomingThreat"],"picked":"InnerPeace","floor":55.0}],"player_experience":1097931,"relics_obtained":[{"floor":4.0,"key":"Toy Ornithopter"},{"floor":6.0,"key":"TeardropLocket"},{"floor":9.0,"key":"ReplayTheSpireMod:Lightbulb"},{"floor":13.0,"key":"ReplayTheSpireMod:TigerMarble"},{"floor":23.0,"key":"Pet Ghost"},{"floor":25.0,"key":"Replay:Bottled Flurry"},{"floor":26.0,"key":"Replay:Baseball"},{"floor":31.0,"key":"Singing Bowl"},{"floor":38.0,"key":"Girya"},{"floor":40.0,"key":"Replay:Rubber Ducky"},{"floor":44.0,"key":"HornCleat"},{"floor":46.0,"key":"Dream Catcher"},{"floor":55.0,"key":"Centennial Puzzle"}],"event_choices":[{"damage_healed":0.0,"max_hp_gain":0.0,"max_hp_loss":0.0,"gold_gain":75.0,"event_name":"World of Goop","player_choice":"Gather Gold","floor":2.0,"gold_loss":0.0,"damage_taken":11.0},{"damage_healed":0.0,"max_hp_gain":0.0,"max_hp_loss":34.0,"gold_gain":0.0,"event_name":"Ghosts","player_choice":"Became a Ghost","floor":22.0,"gold_loss":0.0,"damage_taken":0.0,"cards_obtained":["Ghostly","Ghostly","Ghostly"]},{"cards_removed":["Strike_P"],"damage_healed":0.0,"max_hp_gain":0.0,"max_hp_loss":0.0,"gold_gain":0.0,"event_name":"Back to Basics","player_choice":"Elegance","floor":30.0,"gold_loss":0.0,"damage_taken":0.0},{"damage_healed":0.0,"max_hp_gain":0.0,"max_hp_loss":0.0,"gold_gain":0.0,"event_name":"Tomb of Lord Red Mask","player_choice":"Ignored","floor":36.0,"gold_loss":0.0,"damage_taken":0.0},{"damage_healed":0.0,"max_hp_gain":0.0,"max_hp_loss":0.0,"gold_gain":0.0,"event_name":"MindBloom","player_choice":"Fight","floor":38.0,"gold_loss":0.0,"damage_taken":0.0},{"damage_healed":0.0,"max_hp_gain":0.0,"max_hp_loss":0.0,"gold_gain":0.0,"event_name":"Lab","player_choice":"Got Potions","floor":47.0,"gold_loss":0.0,"damage_taken":0.0}],"is_beta":false,"boss_relics":[{"not_picked":["Snecko Eye","Sozu"],"picked":"Coffee Dripper"},{"not_picked":["Pandora\u0027s Box","ChewingGum"],"picked":"Replay:Bronze Core"}],"items_purged_floors":[5,20,37,42],"is_endless":false,"potions_floor_spawned":[3,8,16,19,25,28,35,39,45],"killed_by":"The Heart","ascension_level":20}}