{"host":"0y7rggrn2c7yxnri","time":1612324403,"event":{"mods":["AchievementEnabler","Act Like it!","AlwaysNeverKeys","Aspiration","Bartender","BaseMod","Better Altar","Better Sensory Stone","Better Skull","Better Third Choice","Better Vampires","BetterRewards","Colored Map","Colored Powertips","Displayed Cursed Tome","Duelist Mod","GifTheSpireLib","Magitek Elite","Minty Spire (QoL Compilation)","Permanent Neow","Quick Restart","Reliquary","Replay The Spire","Shop Mod","Spicy Shops","Spire Arcade","StSLib","Stuff the Spire","The Alterego","The Animator","The Marked","The Servant 0.9.4","Transform Curses","Virulent Crown","Wandering Minibosses"],"gold_per_floor":[117,117,134,134,57,57,57,57,83,18,18,51,77,92,92,188,188,202,87,100,100,112,139,96,109,109,142,142,153,168,168,168],"floor_reached":31,"language":"ENG","playtime":1164,"items_purged":[],"score":371,"play_id":"477ca185-373d-485d-8cb1-1720ced0713f","local_time":"20210202225323","is_ascension_mode":true,"campfire_choices":[{"data":"Zap","floor":6,"key":"SMITH"},{"data":"Dualcast","floor":8,"key":"SMITH"},{"data":"Master of Strategy","floor":11,"key":"SMITH"},{"data":"White Noise","floor":28,"key":"SMITH"}],"circlet_count":0,"master_deck":["Strike_B+1","Strike_B+1","Strike_B+1","Defend_B","Defend_B","Defend_B","Defend_B","Zap+1","Dualcast+1","Melter+1","Hologram","Hologram+1","Master of Strategy+1","Fission","StuffTheSpire:Synthwave+1","Swift Strike+1","Electrodynamics+1","White Noise+1"],"relics":["Cracked Core","Molten Egg 2","Frozen Egg 2","Blue Doll","Durian","Omamori","PreservedInsect","ReplayTheSpireMod:ShopPack","Replay:Bottled Eggs","Replay:Mystery Machine","SacredBark","reliquary:WeakTea","Solar Panel","StuffTheSpire:Wildfire"],"acts_visited":["Exordium","TheCity"],"potions_floor_usage":[18,20,25,30],"damage_taken":[{"damage":2,"enemies":"Jaw Worm","floor":1,"turns":3},{"damage":8,"enemies":"Small Slimes","floor":3,"turns":3},{"damage":15,"enemies":"Gremlin Nob","floor":12,"turns":3},{"damage":0,"enemies":"2 Louse","floor":14,"turns":1},{"damage":55,"enemies":"The Guardian","floor":16,"turns":7},{"damage":1,"enemies":"3 Byrds","floor":18,"turns":2},{"damage":5,"enemies":"2 Thieves","floor":20,"turns":3},{"damage":9,"enemies":"Centurion and Healer","floor":22,"turns":4},{"damage":0,"enemies":"theDuelist:KaibaA2","floor":23,"turns":3},{"damage":9,"enemies":"Cultist and Chosen","floor":25,"turns":6},{"damage":0,"enemies":"Gremlin Leader","floor":27,"turns":3},{"damage":24,"enemies":"Snake Plant","floor":29,"turns":3},{"damage":25,"enemies":"Centurion and Healer","floor":30,"turns":4},{"damage":24,"enemies":"Book of Stabbing","floor":31,"turns":1}],"seed_played":"3653147522040223033","potions_obtained":[{"floor":1,"key":"Energy Potion"},{"floor":12,"key":"FearPotion"},{"floor":16,"key":"Explosive Potion"},{"floor":18,"key":"Fire Potion"},{"floor":22,"key":"Explosive Potion"},{"floor":25,"key":"Block Potion"},{"floor":27,"key":"DuplicationPotion"}],"is_trial":false,"path_per_floor":["M","?","M","?","$","R","?","R","T","$","R","E","T","M","R_BF","B",null,"M","$","M","?","M","E","$","M","T","E","R","M","M","E"],"character_chosen":"DEFECT","items_purchased":["Molten Egg 2","Frozen Egg 2","Blue Doll","Melter+1","Omamori","ReplayTheSpireMod:ShopPack","StuffTheSpire:Synthwave+1","Swift Strike+1","White Noise"],"campfire_rested":0,"item_purchase_floors":[0,0,0,0,5,10,19,19,24],"current_hp_per_floor":[73,78,70,70,70,70,70,70,70,70,70,55,55,55,79,24,80,79,79,74,74,65,65,65,56,56,62,62,44,23,0,0],"gold":168,"neow_bonus":"","is_daily":false,"chose_seed":false,"campfire_upgraded":4,"win_rate":0.0,"timestamp":1612324403,"path_taken":["M","?","M","?","?","R","?","R","T","$","R","E","?","M","R_BF","BOSS","M","?","M","?","?","E","$","M","T","E","R","M","M","E"],"items_purchased_type":["Relic","Relic","Relic","Card","Relic","Relic","Card","Card","Card"],"build_version":"2020-12-22","purchased_purges":0,"victory":false,"max_hp_per_floor":[75,80,80,80,80,80,80,80,80,80,80,80,80,80,80,80,80,80,80,80,80,80,80,80,80,80,80,80,80,80,80,80],"card_choices":[{"not_picked":["Static Discharge+1","Panic Button"],"picked":"Hologram","floor":1},{"not_picked":["Redo","Lockon+1"],"picked":"Hologram","floor":3},{"not_picked":["Discovery","ReplayTheSpireMod:Uncanny Aura"],"picked":"Master of Strategy","floor":10},{"not_picked":["Panic Button","Redo","Rebound+1"],"picked":"SKIP","floor":12},{"not_picked":["Chill","Barrage+1","Gash+1"],"picked":"SKIP","floor":14},{"not_picked":["StuffTheSpire:Purify","ReplayRNGCard"],"picked":"Fission","floor":16},{"not_picked":["Conserve Battery","Panic Button","Coolheaded"],"picked":"SKIP","floor":18},{"not_picked":["ReplaySolidLightProjector","StuffTheSpire:ShieldGenerator","Streamline+1"],"picked":"SKIP","floor":20},{"not_picked":["Go for the Eyes+1","Steam"],"picked":"Electrodynamics+1","floor":22},{"not_picked":["Leap","BasicCrystalCard","Panic Button+1"],"picked":"SKIP","floor":23},{"not_picked":["Turbo+1","Double Energy","Steam+1"],"picked":"SKIP","floor":25},{"not_picked":["StuffTheSpire:Plugnplay","Cold Snap+1","Self Repair+1"],"picked":"SKIP","floor":27},{"not_picked":["Streamline+1","Blizzard+1","Go for the Eyes+1"],"picked":"SKIP","floor":29},{"not_picked":["Streamline+1","Melter+1","StuffTheSpire:ShieldGenerator+1"],"picked":"SKIP","floor":30}],"player_experience":319425,"relics_obtained":[{"floor":9,"key":"PreservedInsect"},{"floor":12,"key":"Replay:Bottled Eggs"},{"floor":13,"key":"Replay:Mystery Machine"},{"floor":23,"key":"reliquary:WeakTea"},{"floor":26,"key":"Solar Panel"},{"floor":27,"key":"StuffTheSpire:Wildfire"}],"event_choices":[{"damage_healed":0,"gold_gain":0,"player_choice":"Leave","damage_taken":0,"max_hp_gain":0,"max_hp_loss":0,"event_name":"The Cleric","floor":4,"gold_loss":0},{"damage_healed":0,"gold_gain":0,"player_choice":"Ignored","damage_taken":0,"max_hp_gain":0,"max_hp_loss":0,"event_name":"Duplicator","floor":21,"gold_loss":0}],"is_beta":false,"boss_relics":[{"not_picked":["ReplayTheSpireMod:DimensionalGlitch","Replay:Bronze Core"],"picked":"SacredBark"}],"items_purged_floors":[],"is_endless":false,"potions_floor_spawned":[1,12,16,18,22,25,27],"killed_by":"Book of Stabbing","ascension_level":3}}