{"host":"fhwr1fuluf6086fh","time":1612326771,"event":{"mods":["2.2 Compatiblity","Act Like it!","BaseMod","Colored Map","Elementarium","Hermit","Minty Spire (QoL Compilation)","Robot Space Explorer","StSLib","The Blue Laboratory","The Caster","The Dragon Tamer","The Hierophant","TheSurvivalist"],"gold_per_floor":[113,113,123,138,154,154,189,189,189,214,227,244,270,295,295,396,396,407,407,407,407,424,424,452,472,472,472,503,514,29,29,29,124,124,134,134,151,165,8,37,87,87,87,87,100,116,116,116,116,116],"floor_reached":51,"language":"ENG","playtime":7695,"items_purged":["survmod:Strike"],"score":1050,"play_id":"abed605b-8656-4aa7-abbc-7cac72b056d3","local_time":"20210202233251","is_ascension_mode":true,"campfire_choices":[{"data":"survmod:Sprint","floor":6.0,"key":"SMITH"},{"floor":8.0,"key":"REST"},{"data":"survmod:DuckAndFlare","floor":15.0,"key":"SMITH"},{"data":"survmod:TacticalManeuver","floor":23.0,"key":"SMITH"},{"floor":27.0,"key":"REST"},{"data":"survmod:VersatileOffense","floor":32.0,"key":"SMITH"},{"data":"survmod:LongShot","floor":42,"key":"SMITH"},{"data":"survmod:DuckAndFlare","floor":44,"key":"SMITH"},{"floor":49,"key":"REST"}],"circlet_count":0,"master_deck":["survmod:Strike","survmod:Strike","survmod:Strike","survmod:Defend","survmod:Defend","survmod:Defend","survmod:Defend","survmod:VersatileOffense+1","survmod:Sprint+1","survmod:SwiftKick","survmod:LongShot+1","survmod:TacticalManeuver","survmod:SkillfulManeuver","survmod:FlashbangShot","survmod:MarkTrap","survmod:FlareQuiver","survmod:DuckAndFlare+1","survmod:DuckAndFlare+1","survmod:HiddenTactic","survmod:CloseCall","survmod:TacticalManeuver+1","Elementarium:VoidblessedBlade","Injury","survmod:Marksmanship","survmod:MarkTrap","survmod:SimpleMutation+1","Clumsy","survmod:GoForFace+1","survmod:DuckAndFlare","survmod:MarkedForDeath+1","survmod:NockAnArrow","survmod:GoForFace","Doubt","survmod:AcidArrow+1","Madness","Madness","survmod:DuckAndFlare+1","survmod:MarkedShot+1","survmod:OverexertingShot","survmod:TrapTrap","survmod:PenetratingShot","survmod:NockAnArrow+1","Injury","survmod:DuckAndFlare+1","survmod:PinningSnipe+1","Injury"],"relics":["survmod:InnateMutation","Mango","Unceasing Top","Kunai","Mercury Hourglass","PreservedInsect","Tiny Chest","Cursed Key","Potion Belt","Thread and Needle","InkBottle","survmod:RunningShoes","Regal Pillow","Pantograph","Elementarium:ElementariumTrophy","Philosopher\u0027s Stone","Toy Ornithopter","TungstenRod","Darkstone Periapt","HornCleat"],"acts_visited":["Exordium","Elementarium:Elementarium","TheBeyond"],"potions_floor_usage":[37,38,46,50],"damage_taken":[{"damage":0.0,"enemies":"2 Louse","floor":1.0,"turns":3.0},{"damage":3.0,"enemies":"Cultist","floor":3.0,"turns":5.0},{"damage":0.0,"enemies":"Small Slimes","floor":4.0,"turns":4.0},{"damage":1.0,"enemies":"2 Fungi Beasts","floor":5.0,"turns":5.0},{"damage":24.0,"enemies":"Gremlin Nob","floor":7.0,"turns":6.0},{"damage":9.0,"enemies":"3 Sentries","floor":10.0,"turns":12.0},{"damage":0.0,"enemies":"Looter","floor":11.0,"turns":4.0},{"damage":0.0,"enemies":"Exordium Wildlife","floor":12.0,"turns":4.0},{"damage":2.0,"enemies":"Lagavulin","floor":14.0,"turns":8.0},{"damage":6.0,"enemies":"The Guardian","floor":16.0,"turns":9.0},{"damage":0.0,"enemies":"Elementarium:2_ELEMENTALS","floor":18.0,"turns":6.0},{"damage":8.0,"enemies":"Elementarium:VoidCorruption","floor":22.0,"turns":7.0},{"damage":8.0,"enemies":"Elementarium:ElementalPortal","floor":24.0,"turns":11.0},{"damage":0.0,"enemies":"Elementarium:STONE_GOLEMS","floor":25.0,"turns":6.0},{"damage":1.0,"enemies":"Elementarium:WarGolem","floor":28.0,"turns":6.0},{"damage":3.0,"enemies":"Elementarium:VOID_CORRUPTION_AND_ORB_OF_FIRE","floor":29.0,"turns":7.0},{"damage":0.0,"enemies":"Elementarium:PHOENIXES","floor":33.0,"turns":13.0},{"damage":4,"enemies":"3 Darklings","floor":35,"turns":5},{"damage":24,"enemies":"3 Shapes","floor":37,"turns":5},{"damage":8,"enemies":"Transient","floor":38,"turns":5},{"damage":0,"enemies":"Nemesis","floor":40,"turns":5},{"damage":0,"enemies":"Mind Bloom Boss Battle","floor":41,"turns":6},{"damage":0,"enemies":"Jaw Worm Horde","floor":45,"turns":6},{"damage":7,"enemies":"4 Shapes","floor":46,"turns":6},{"damage":0,"enemies":"Donu and Deca","floor":50,"turns":9}],"seed_played":"2028494595419956584","potions_obtained":[{"floor":5.0,"key":"blueLaboratory:HorrorPotion"},{"floor":7.0,"key":"blueLaboratory:BottleOfRum"},{"floor":10.0,"key":"Explosive Potion"},{"floor":14.0,"key":"Strength Potion"},{"floor":16.0,"key":"AttackPotion"},{"floor":22.0,"key":"blueLaboratory:LouseDecoction"},{"floor":24.0,"key":"Weak Potion"},{"floor":25.0,"key":"blueLaboratory:RememoryPotion"},{"floor":29.0,"key":"SkillPotion"},{"floor":45,"key":"Explosive Potion"},{"floor":46,"key":"Strength Potion"}],"is_trial":false,"path_per_floor":["M","?","M","M","M","R","E","R","T","E","M","M","T","E","R","B",null,"M","?","?","?","M","R","E","M","T","R","E","M","$","T","R","B",null,"M","?","M","M","$","E","?","R","T","R","M","M","?","T","R","B",null],"character_chosen":"THE_SURVIVOR","items_purchased":["Regal Pillow","survmod:MarkedForDeath","survmod:NockAnArrow","survmod:GoForFace","survmod:OverexertingShot","survmod:TrapTrap"],"campfire_rested":3,"item_purchase_floors":[30,30,30,30,39,39],"current_hp_per_floor":[59,59,56,56,55,55,31,48,48,39,39,39,39,37,37,31,59,59,59,59,50,42,42,34,34,34,53,52,49,49,49,49,64,64,60,52,28,20,20,20,45,45,45,45,45,43,43,49,70,70],"gold":116,"neow_bonus":"ONE_RARE_RELIC","is_daily":false,"chose_seed":false,"campfire_upgraded":6,"win_rate":0.0,"timestamp":1612326771,"path_taken":["M","?","M","M","M","R","E","R","T","E","M","?","?","E","R","BOSS","M","?","?","?","M","R","E","M","T","R","E","M","$","?","R","BOSS","M","?","M","M","$","E","?","R","T","R","M","M","?","?","R","BOSS"],"items_purchased_type":["Relic","Card","Card","Card","Card","Card"],"build_version":"2020-12-22","purchased_purges":1,"victory":true,"max_hp_per_floor":[59,59,59,59,59,59,59,59,59,59,59,59,59,59,59,59,59,59,59,59,64,64,64,64,64,64,64,64,64,64,64,64,64,64,64,64,64,64,64,64,64,64,64,64,64,64,64,70,70,70],"card_choices":[{"not_picked":["survmod:FindCover","survmod:BearTrap"],"picked":"survmod:SwiftKick","floor":1.0},{"not_picked":["survmod:FindCover","survmod:UnfortunateEscape"],"picked":"survmod:TacticalManeuver","floor":3.0},{"not_picked":["survmod:SimpleMutation","survmod:KnowThyEnemy"],"picked":"survmod:SkillfulManeuver","floor":4.0},{"not_picked":["survmod:HailOfArrows","survmod:PinningSnipe"],"picked":"survmod:FlashbangShot","floor":5.0},{"not_picked":["survmod:EmptyQuiver","survmod:Hawkeye"],"picked":"survmod:MarkTrap","floor":7.0},{"not_picked":["survmod:AcidTrap","survmod:KnowThyEnemy"],"picked":"survmod:FlareQuiver","floor":10.0},{"not_picked":["survmod:FocusedFire","survmod:SwiftKick"],"picked":"survmod:DuckAndFlare","floor":11.0},{"not_picked":["survmod:FlashbangTrap","survmod:SimpleMutation"],"picked":"survmod:DuckAndFlare","floor":12.0},{"not_picked":["survmod:AcidArrow","survmod:OverexertingShot"],"picked":"survmod:HiddenTactic","floor":14.0},{"not_picked":["survmod:EmptyQuiver","survmod:LeapingShot"],"picked":"survmod:CloseCall","floor":16.0},{"not_picked":["survmod:BearTrap","survmod:UnfortunateEscape"],"picked":"survmod:TacticalManeuver","floor":18.0},{"not_picked":["survmod:NockAnArrow+1","survmod:Hawkeye"],"picked":"survmod:Marksmanship","floor":22.0},{"not_picked":["survmod:FlashbangTrap","survmod:Exploit"],"picked":"survmod:MarkTrap","floor":24.0},{"not_picked":["survmod:QuickDash+1","survmod:TwinShot"],"picked":"survmod:SimpleMutation+1","floor":25.0},{"not_picked":["survmod:FlashbangShot+1","survmod:FlareBarrage"],"picked":"survmod:GoForFace+1","floor":28.0},{"not_picked":["survmod:BearTrap","survmod:SimpleMutation"],"picked":"survmod:DuckAndFlare","floor":29.0},{"not_picked":["survmod:KnowThyEnemy+1","survmod:PoisonTrap"],"picked":"survmod:AcidArrow+1","floor":35},{"not_picked":["survmod:KnowThyEnemy+1","survmod:FenceTrap+1"],"picked":"survmod:DuckAndFlare+1","floor":37},{"not_picked":["survmod:FindCover","survmod:BendAndBow"],"picked":"survmod:MarkedShot+1","floor":38},{"not_picked":["survmod:BendAndBow","survmod:TwinShot"],"picked":"survmod:PenetratingShot","floor":40},{"not_picked":["survmod:AcidTrap","survmod:DuckAndFlare+1"],"picked":"survmod:NockAnArrow+1","floor":41},{"not_picked":["survmod:AimForTheLiver+1","survmod:TakeAim+1"],"picked":"survmod:DuckAndFlare+1","floor":45},{"not_picked":["survmod:QuickDash","survmod:Hawkeye"],"picked":"survmod:PinningSnipe+1","floor":46}],"player_experience":1134672,"relics_obtained":[{"floor":7.0,"key":"Unceasing Top"},{"floor":9.0,"key":"Kunai"},{"floor":10.0,"key":"Mercury Hourglass"},{"floor":13.0,"key":"PreservedInsect"},{"floor":14.0,"key":"Tiny Chest"},{"floor":24.0,"key":"Thread and Needle"},{"floor":26.0,"key":"InkBottle"},{"floor":28.0,"key":"survmod:RunningShoes"},{"floor":31.0,"key":"Pantograph"},{"floor":40,"key":"Toy Ornithopter"},{"floor":41,"key":"TungstenRod"},{"floor":43,"key":"Darkstone Periapt"},{"floor":48,"key":"HornCleat"}],"event_choices":[{"damage_healed":0.0,"max_hp_gain":0.0,"max_hp_loss":0.0,"gold_gain":0.0,"event_name":"Match and Keep!","player_choice":"1 cards matched","floor":2.0,"gold_loss":0.0,"damage_taken":0.0,"cards_obtained":["survmod:LongShot"]},{"damage_healed":0.0,"max_hp_gain":0.0,"max_hp_loss":0.0,"gold_gain":0.0,"event_name":"Elementarium:TarCoveredCasket","player_choice":"Open","floor":19.0,"gold_loss":0.0,"damage_taken":0.0,"relics_obtained":["Potion Belt"],"cards_obtained":["Elementarium:StickyTar"]},{"damage_healed":0.0,"max_hp_gain":0.0,"max_hp_loss":0.0,"gold_gain":0.0,"event_name":"Elementarium:BladeSeller","player_choice":"Take","floor":20.0,"gold_loss":0.0,"damage_taken":0.0,"cards_obtained":["Elementarium:VoidblessedBlade","Injury"]},{"damage_healed":0.0,"max_hp_gain":5.0,"max_hp_loss":0.0,"gold_gain":0.0,"event_name":"Elementarium:RadiantAltar","player_choice":"Sacrifice","floor":21.0,"gold_loss":0.0,"damage_taken":14.0},{"damage_healed":0,"gold_gain":0,"player_choice":"Embrace Madness","damage_taken":8,"max_hp_gain":0,"max_hp_loss":0,"event_name":"Winding Halls","floor":36,"gold_loss":0,"cards_obtained":["Madness","Madness"]},{"damage_healed":0,"gold_gain":0,"player_choice":"Fight","damage_taken":0,"max_hp_gain":0,"max_hp_loss":0,"event_name":"MindBloom","floor":41,"gold_loss":0},{"damage_healed":0,"gold_gain":0,"player_choice":"Upgraded","damage_taken":0,"max_hp_gain":0,"max_hp_loss":0,"event_name":"Upgrade Shrine","floor":47,"gold_loss":0,"cards_upgraded":["survmod:MarkedForDeath"]}],"is_beta":false,"boss_relics":[{"not_picked":["Calling Bell","Tiny House"],"picked":"Cursed Key"},{"not_picked":["Velvet Choker","Fusion Hammer"],"picked":"Philosopher\u0027s Stone"}],"items_purged_floors":[30],"is_endless":false,"potions_floor_spawned":[5,7,10,14,16,22,24,25,29,45,46],"ascension_level":1}}