{"host":"yans4pr1zf0lm9bx","time":1612358710,"event":{"mods":["AchievementEnabler","BaseMod","Downfall","Minty Spire (QoL Compilation)","StSLib","SuperFastMode","slay the spire mod where everything is the same but ironclad has a cowboy hat"],"gold_per_floor":[99,112,262,262,262,262,289,305,320,347,362,381,381,381,381],"floor_reached":13,"language":"ENG","playtime":413,"items_purged":[],"score":89,"play_id":"ad257821-19e4-497f-96b1-7b14651fe829","local_time":"20210203082510","is_ascension_mode":true,"campfire_choices":[{"data":"Guardian:TwinSlam","floor":1,"key":"SMITH"},{"floor":6,"key":"RECALL"}],"circlet_count":0,"master_deck":["Guardian:Strike_Guardian","Guardian:Strike_Guardian","Guardian:Strike_Guardian","Guardian:Strike_Guardian","Guardian:Defend_Guardian","Guardian:Defend_Guardian","Guardian:Defend_Guardian","Guardian:Defend_Guardian","Guardian:CurlUp","Guardian:TwinSlam+1","Guardian:TimeBomb","Guardian:Repulse+1","Guardian:StasisStrike","Guardian:Gem_Cyan","Guardian:Reroute"],"relics":["Guardian:ModeShifter","Frozen Egg 2","Guardian:StasisCodex"],"acts_visited":["Exordium"],"potions_floor_usage":[],"damage_taken":[{"damage":6,"enemies":"Jaw Worm","floor":2,"turns":4},{"damage":5,"enemies":"Small Slimes","floor":8,"turns":4},{"damage":0,"enemies":"2 Louse","floor":9,"turns":3},{"damage":18,"enemies":"Lagavulin","floor":10,"turns":11},{"damage":13,"enemies":"2 Fungi Beasts","floor":11,"turns":5},{"damage":7,"enemies":"Large Slime","floor":12,"turns":6},{"damage":14,"enemies":"Gremlin Nob","floor":13,"turns":2}],"seed_played":"8354348362951089787","potions_obtained":[{"floor":8,"key":"Weak Potion"},{"floor":12,"key":"Block Potion"}],"is_trial":false,"path_per_floor":["R","M","?","?","?","R","T","M","M","E","M","M","E"],"character_chosen":"GUARDIAN","items_purchased":[],"campfire_rested":0,"item_purchase_floors":[],"current_hp_per_floor":[88,82,82,57,57,57,57,52,52,34,21,14,0,0,0],"gold":381,"neow_bonus":"TEN_PERCENT_HP_BONUS","is_daily":false,"chose_seed":false,"campfire_upgraded":1,"win_rate":0.0,"timestamp":1612358710,"path_taken":["R","M","?","?","?","R","T","M","M","E","M","M","E"],"items_purchased_type":[],"build_version":"2020-12-22","purchased_purges":0,"victory":false,"max_hp_per_floor":[88,88,88,88,88,88,88,88,88,88,88,88,88,88,88],"card_choices":[{"not_picked":["Guardian:TemporalStrike","Guardian:Orbwalk"],"picked":"Guardian:Gem_Purple","floor":2},{"not_picked":["Guardian:RollAttack","Guardian:CrystalBeam"],"picked":"Guardian:TimeBomb","floor":8},{"not_picked":["Guardian:Incinerate","Guardian:WalkerClaw"],"picked":"Guardian:Repulse+1","floor":9},{"not_picked":["Guardian:PolyBeam","Guardian:Repulse+1"],"picked":"Guardian:StasisStrike","floor":10},{"not_picked":["Guardian:RollAttack","Guardian:ArmoredProtocol+1"],"picked":"Guardian:Gem_Cyan","floor":11},{"not_picked":["Guardian:RefractedBeam","Guardian:RollAttack"],"picked":"Guardian:Reroute","floor":12}],"player_experience":321264,"relics_obtained":[{"floor":10,"key":"Guardian:StasisCodex"}],"event_choices":[{"damage_healed":0,"gold_gain":0,"player_choice":"Success","damage_taken":25,"relics_obtained":["Frozen Egg 2"],"max_hp_gain":0,"max_hp_loss":0,"event_name":"Scrap Ooze","floor":4,"gold_loss":0},{"cards_removed":["downfall:Icky"],"damage_healed":0,"gold_gain":0,"player_choice":"Forget","damage_taken":0,"max_hp_gain":0,"max_hp_loss":0,"event_name":"Living Wall","floor":5,"gold_loss":0}],"is_beta":false,"boss_relics":[],"items_purged_floors":[],"is_endless":false,"potions_floor_spawned":[8,12],"killed_by":"Gremlin Nob","ascension_level":1}}