{"host":"5h6e4l6hpn0p5lap","time":1612363227,"event":{"mods":["AchievementEnabler","BaseMod","Better Altar","Better Match","Better Sensory Stone","Better Skull","Better Third Choice","Colored Map","Filter the Spire","Minty Spire (QoL Compilation)","StSLib"],"gold_per_floor":[111,111,122,48,63,93,93,93,93,123,123,146,146,169,169,295,295,319,343,343,364,60,60,79,79,159,195,195,216,237,261,261,392,392,405,91,154,154,9,52,52,52,52,52,68,93,111,111,111,111,111],"floor_reached":50,"language":"ENG","playtime":2764,"items_purged":["Vault","FlurryOfBlows"],"score":504,"play_id":"ccc2bde3-b992-4e81-86c8-d6545622ac92","local_time":"20210203094027","is_ascension_mode":false,"campfire_choices":[{"data":"Eruption","floor":7.0,"key":"SMITH"},{"floor":13.0,"key":"REST"},{"data":"Blasphemy","floor":15.0,"key":"SMITH"},{"data":"BattleHymn","floor":25.0,"key":"SMITH"},{"floor":28.0,"key":"REST"},{"floor":32.0,"key":"REST"},{"data":"Fasting2","floor":42.0,"key":"SMITH"},{"floor":44.0,"key":"RECALL"},{"floor":49,"key":"REST"}],"circlet_count":0,"master_deck":["Eruption+1","Vigilance","DeceiveReality","Blasphemy+1","Vengeance","SashWhip+1","EmptyBody","CarveReality","FearNoEvil","Perseverance","Adaptation","EmptyFist","CrushJoints","Halt","WaveOfTheHand","Consecrate+1","Indignation","Halt+1","BattleHymn+1","EmptyMind+1","ThirdEye","FlyingSleeves","TalkToTheHand+1","Establishment","Wireheading","Perseverance","Wallop+1","Fasting2+1","Meditate","TalkToTheHand+1","Writhe","Protect+1"],"relics":["Pandora\u0027s Box","Bottled Flame","CloakClasp","Golden Idol","SlaversCollar","PreservedInsect","White Beast Statue","Lantern","Cursed Key","Medical Kit","Lizard Tail","Whetstone","Regal Pillow"],"acts_visited":["Exordium","TheCity","TheBeyond"],"potions_floor_usage":[46,46,48],"damage_taken":[{"damage":0.0,"enemies":"Cultist","floor":1.0,"turns":2.0},{"damage":4.0,"enemies":"Jaw Worm","floor":3.0,"turns":3.0},{"damage":13.0,"enemies":"2 Louse","floor":5.0,"turns":2.0},{"damage":6.0,"enemies":"Gremlin Nob","floor":6.0,"turns":3.0},{"damage":3.0,"enemies":"3 Sentries","floor":10.0,"turns":6.0},{"damage":0.0,"enemies":"Blue Slaver","floor":12.0,"turns":2.0},{"damage":0.0,"enemies":"Exordium Thugs","floor":14.0,"turns":3.0},{"damage":18.0,"enemies":"Slime Boss","floor":16.0,"turns":4.0},{"damage":0.0,"enemies":"Spheric Guardian","floor":18.0,"turns":3.0},{"damage":0.0,"enemies":"Chosen","floor":19.0,"turns":4.0},{"damage":16.0,"enemies":"Sentry and Sphere","floor":21.0,"turns":4.0},{"damage":9.0,"enemies":"Centurion and Healer","floor":24.0,"turns":4.0},{"damage":28.0,"enemies":"Slavers","floor":27.0,"turns":3.0},{"damage":0.0,"enemies":"3 Cultists","floor":29.0,"turns":4.0},{"damage":0.0,"enemies":"Snake Plant","floor":30.0,"turns":2.0},{"damage":2.0,"enemies":"Chosen and Byrds","floor":31.0,"turns":4.0},{"damage":13.0,"enemies":"Collector","floor":33.0,"turns":6.0},{"damage":7.0,"enemies":"Orb Walker","floor":35.0,"turns":3.0},{"damage":10.0,"enemies":"Mind Bloom Boss Battle","floor":37.0,"turns":7.0},{"damage":8.0,"enemies":"Giant Head","floor":40.0,"turns":6.0},{"damage":2.0,"enemies":"3 Shapes","floor":45.0,"turns":4.0},{"damage":15,"enemies":"Sphere and 2 Shapes","floor":46,"turns":3},{"damage":13,"enemies":"Transient","floor":47,"turns":5},{"damage":7,"enemies":"Writhing Mass","floor":48,"turns":2},{"damage":18,"enemies":"Donu and Deca","floor":50,"turns":2}],"seed_played":"8356977846517802919","potions_obtained":[{"floor":5.0,"key":"Block Potion"},{"floor":12.0,"key":"FearPotion"},{"floor":16.0,"key":"GamblersBrew"},{"floor":19.0,"key":"Ambrosia"},{"floor":27.0,"key":"Strength Potion"},{"floor":29.0,"key":"Block Potion"},{"floor":30.0,"key":"BottledMiracle"},{"floor":31.0,"key":"Dexterity Potion"},{"floor":33.0,"key":"Regen Potion"},{"floor":35.0,"key":"DuplicationPotion"},{"floor":37.0,"key":"Swift Potion"},{"floor":40.0,"key":"StancePotion"},{"floor":45.0,"key":"SmokeBomb"},{"floor":46,"key":"Energy Potion"},{"floor":47,"key":"DistilledChaos"}],"is_trial":false,"path_per_floor":["M","?","M","$","M","E","R","?","T","E","?","M","R","M","R","B",null,"M","M","?","M","$","?","M","R","T","E","R","M","M","M","R","B",null,"M","$","?","?","$","E","?","R","T","R","M","M","M","M","R","B"],"character_chosen":"WATCHER","items_purchased":["Adaptation","BattleHymn","PreservedInsect","Medical Kit","Perseverance","Fasting2","Meditate"],"campfire_rested":4,"item_purchase_floors":[4,22,22,36,36,39,39],"current_hp_per_floor":[72,65,61,61,48,42,42,42,42,39,39,39,59,59,59,41,67,67,67,67,51,51,51,42,42,42,14,34,34,34,32,52,39,67,60,60,50,50,50,54,54,54,54,54,52,37,24,17,52,34,34],"gold":111,"neow_bonus":"BOSS_RELIC","is_daily":false,"chose_seed":false,"campfire_upgraded":4,"win_rate":0.0,"timestamp":1612363227,"path_taken":["M","?","M","$","M","E","R","?","T","E","?","M","R","M","R","BOSS","M","M","?","M","$","?","M","R","T","E","R","M","M","M","R","BOSS","M","$","?","?","$","E","?","R","T","R","M","?","M","M","R","BOSS"],"items_purchased_type":["Card","Card","Relic","Relic","Card","Card","Card"],"build_version":"2020-12-22","purchased_purges":2,"victory":false,"max_hp_per_floor":[72,72,72,72,72,72,72,72,72,72,67,67,67,67,67,67,67,67,67,67,67,67,67,67,67,67,67,67,67,67,67,67,67,67,67,67,67,67,67,67,67,67,67,67,67,67,67,67,67,67,67],"card_choices":[{"not_picked":["FollowUp","Meditate"],"picked":"FearNoEvil","floor":1.0},{"not_picked":["Vengeance","SashWhip"],"picked":"Perseverance","floor":3.0},{"not_picked":["Nirvana","FlyingSleeves"],"picked":"EmptyFist","floor":5.0},{"not_picked":["CrushJoints","Omniscience","Evaluate"],"picked":"SKIP","floor":6.0},{"not_picked":["Omniscience","Evaluate"],"picked":"CrushJoints","floor":6.0},{"not_picked":["Prostrate","SashWhip"],"picked":"Halt","floor":10.0},{"not_picked":["PathToVictory","Vengeance"],"picked":"FlurryOfBlows","floor":12.0},{"not_picked":["CrushJoints","FollowUp"],"picked":"WaveOfTheHand","floor":14.0},{"not_picked":["Devotion","MasterReality"],"picked":"Vault","floor":16.0},{"not_picked":["MentalFortress","Worship"],"picked":"Consecrate+1","floor":18.0},{"not_picked":["LikeWater","PathToVictory"],"picked":"Indignation","floor":19.0},{"not_picked":["Worship","DeceiveReality+1"],"picked":"Halt+1","floor":21.0},{"not_picked":["PathToVictory","Swivel+1"],"picked":"EmptyMind+1","floor":24.0},{"not_picked":["CarveReality","CrushJoints"],"picked":"ThirdEye","floor":27.0},{"not_picked":["Study+1","ClearTheMind"],"picked":"FlyingSleeves","floor":29.0},{"not_picked":["Meditate","WindmillStrike"],"picked":"TalkToTheHand+1","floor":30.0},{"not_picked":["SashWhip","Halt"],"picked":"Establishment","floor":31.0},{"not_picked":["Evaluate+1","Weave+1"],"picked":"Wireheading","floor":35.0},{"not_picked":["Consecrate","Collect"],"picked":"Wallop","floor":37.0},{"not_picked":["Consecrate+1","Brilliance","InnerPeace"],"picked":"SKIP","floor":40.0},{"not_picked":["CarveReality","FollowUp"],"picked":"Protect+1","floor":45.0},{"not_picked":["Conclude+1","WheelKick+1","ThirdEye"],"picked":"SKIP","floor":46},{"not_picked":["ClearTheMind","EmptyBody","Indignation"],"picked":"SKIP","floor":47}],"player_experience":1056421,"relics_obtained":[{"floor":6.0,"key":"Bottled Flame"},{"floor":10.0,"key":"CloakClasp"},{"floor":26.0,"key":"White Beast Statue"},{"floor":27.0,"key":"Lantern"},{"floor":37.0,"key":"Lizard Tail"},{"floor":40.0,"key":"Whetstone"},{"floor":43.0,"key":"Regal Pillow"}],"event_choices":[{"cards_removed":["Wish"],"damage_healed":0.0,"max_hp_gain":0.0,"max_hp_loss":0.0,"gold_gain":0.0,"event_name":"Golden Wing","player_choice":"Card Removal","floor":2.0,"gold_loss":0.0,"damage_taken":7.0},{"damage_healed":0.0,"max_hp_gain":0.0,"max_hp_loss":0.0,"gold_gain":0.0,"event_name":"betterThird:BetterSerpent","player_choice":"Ignored","floor":8.0,"gold_loss":0.0,"damage_taken":93.0},{"damage_healed":0.0,"max_hp_gain":0.0,"max_hp_loss":5.0,"gold_gain":0.0,"event_name":"Golden Idol","player_choice":"Lose Max HP","floor":11.0,"gold_loss":0.0,"damage_taken":0.0,"relics_obtained":["Golden Idol"]},{"damage_healed":0.0,"max_hp_gain":0.0,"max_hp_loss":0.0,"gold_gain":0.0,"event_name":"Cursed Tome","player_choice":"Ignored","floor":20.0,"gold_loss":0.0,"damage_taken":0.0},{"cards_removed":["Fasting2"],"damage_healed":0.0,"max_hp_gain":0.0,"max_hp_loss":0.0,"gold_gain":0.0,"event_name":"Purifier","player_choice":"Purged","floor":23.0,"gold_loss":0.0,"damage_taken":0.0},{"damage_healed":0.0,"max_hp_gain":0.0,"max_hp_loss":0.0,"gold_gain":0.0,"event_name":"MindBloom","player_choice":"Fight","floor":37.0,"gold_loss":0.0,"damage_taken":0.0},{"damage_healed":0.0,"max_hp_gain":0.0,"max_hp_loss":0.0,"gold_gain":0.0,"event_name":"Mysterious Sphere","player_choice":"Ignored","floor":38.0,"gold_loss":0.0,"damage_taken":0.0},{"damage_healed":0.0,"max_hp_gain":0.0,"max_hp_loss":0.0,"gold_gain":0.0,"event_name":"Duplicator","player_choice":"Copied","floor":41.0,"gold_loss":0.0,"damage_taken":0.0,"cards_obtained":["TalkToTheHand"]}],"is_beta":false,"boss_relics":[{"not_picked":["Black Star","Empty Cage"],"picked":"SlaversCollar"},{"not_picked":["Coffee Dripper","Fusion Hammer"],"picked":"Cursed Key"}],"items_purged_floors":[22,36],"is_endless":false,"potions_floor_spawned":[5,12,16,19,27,29,30,31,33,35,37,40,45,46,47,48],"killed_by":"Donu and Deca","ascension_level":0}}