{"host":"bd3tl98ed0kk4173","time":1612392273,"event":{"mods":["Aspiration","Astrologer","BaseMod","Beaked The Cultist","Better Altar","Better Match","Better Note","Better Sensory Stone","Better Skull","Better Third Choice","BetterRewards","CapriCore","Colored Map","Colored Powertips","Conspire","Emptier Cage","Energized Spire","GifTheSpireLib","GungeonMod","Halation","HexUI Lib","Highlight Path","Hubris","Infinite Spire","Jorbs\u0027s Wanderer Trilogy","Koishi","Melee Mod","Minty Spire (QoL Compilation)","Permanent Neow","Quick Restart","Rare Cards Sparkle","Reliquary","Replay The Spire","SacredBarkPlus","Spicy Shops","Spire Arcade","StSLib","Stuff the Spire","The Animator","The Blue Laboratory","The Disciple","The Judge","The Problem Sleuth","The Sage","The Valiant","??????REMEMod"],"gold_per_floor":[14,32,48,48,48,81,94,94,118,132,149,149,49,66,66,163,163,181,196,216,236,248,248,260,260,260,273,273,289,289,306,306,401,401,418,433,433,453,453,453,466,466,466,476,476,476,509,469,469,469],"floor_reached":51,"language":"ENG","playtime":2650,"items_purged":[],"score":807,"play_id":"f5327af6-e6c7-4771-9560-9fa0e2371b06","local_time":"20210203174433","is_ascension_mode":false,"campfire_choices":[{"data":"Koishi:BloodcurdlingScream","floor":8.0,"key":"SMITH"},{"floor":12.0,"key":"REST"},{"data":"Koishi:JumpScare","floor":15.0,"key":"SMITH"},{"data":"Koishi:RoseHell","floor":23.0,"key":"SMITH"},{"data":"Koishi:EmbersOfLove","floor":25.0,"key":"SMITH"},{"floor":28.0,"key":"REST"},{"data":"Koishi:PhantomBarrier","floor":30.0,"key":"SMITH"},{"data":"Koishi:HeartStoppingHorror","floor":40.0,"key":"SMITH"},{"data":"Madness","floor":42,"key":"SMITH"},{"data":"Madness","floor":46,"key":"SMITH"},{"data":"Koishi:HauntingSlash","floor":49,"key":"SMITH"}],"circlet_count":0,"master_deck":["Koishi:BasicStrike","Koishi:BasicStrike","Koishi:BasicStrike","Koishi:BasicStrike","Koishi:BasicDefend","Koishi:BasicDefend","Koishi:BasicDefend","Koishi:BasicDefend","Koishi:Provoke+1","Koishi:HauntingSlash+1","Koishi:DreadfulBlow","Koishi:JumpScare+1","Koishi:DreadfulBlow","Koishi:BasicStrike","Koishi:BloodcurdlingScream+1","Koishi:DreadfulBlow","Koishi:RacingHeart","Ghostly+1","Koishi:PhantomBarrier+1","Koishi:RoseHell+1","Koishi:EmbersOfLove+1","Koishi:HeartStoppingHorror+1","Madness+1","Madness+1","Koishi:TremblingHands+1"],"relics":["Koishi:ImaginaryFriend","REME_ComplimentaryCards","DemoMod:PartiallyEatenCheese","StrikeDummy","StuffTheSpire:TintedRock","conspire:SpecialSausage","Koishi:TeethAndClaws","hubris:Backtick","reliquary:Stiletto","reliquary:RoseTintedGlasses","Replay:Bottled Snecko","halation:EternalFortune","aspiration:SeaSaltIceCream","Cross Pendant"],"acts_visited":["Exordium","TheCity","TheBeyond"],"potions_floor_usage":[47],"damage_taken":[{"damage":0.0,"enemies":"Small Slimes","floor":1.0,"turns":3.0},{"damage":3.0,"enemies":"Jaw Worm","floor":2.0,"turns":6.0},{"damage":0.0,"enemies":"2 Louse","floor":3.0,"turns":2.0},{"damage":0.0,"enemies":"Gremlin Nob","floor":6.0,"turns":1.0},{"damage":9.0,"enemies":"Exordium Wildlife","floor":7.0,"turns":4.0},{"damage":2.0,"enemies":"Blue Slaver","floor":10.0,"turns":2.0},{"damage":18.0,"enemies":"Large Slime","floor":11.0,"turns":4.0},{"damage":0.0,"enemies":"2 Fungi Beasts","floor":14.0,"turns":2.0},{"damage":30.0,"enemies":"Slime Boss","floor":16.0,"turns":13.0},{"damage":12.0,"enemies":"Chosen","floor":18.0,"turns":6.0},{"damage":13.0,"enemies":"Shell Parasite","floor":19.0,"turns":6.0},{"damage":0.0,"enemies":"Centurion and Healer","floor":20.0,"turns":1.0},{"damage":24.0,"enemies":"Snake Plant","floor":21.0,"turns":7.0},{"damage":0.0,"enemies":"Snecko","floor":22.0,"turns":1.0},{"damage":0.0,"enemies":"Centurion and Healer","floor":24.0,"turns":1.0},{"damage":0.0,"enemies":"Chosen and Byrds","floor":27.0,"turns":1.0},{"damage":4.0,"enemies":"Sentry and Sphere","floor":29.0,"turns":6.0},{"damage":2.0,"enemies":"Centurion and Healer","floor":31.0,"turns":6.0},{"damage":3.0,"enemies":"hubris:MusketHawk","floor":33.0,"turns":11.0},{"damage":0.0,"enemies":"3 Darklings","floor":35.0,"turns":1.0},{"damage":10.0,"enemies":"Orb Walker","floor":36.0,"turns":5.0},{"damage":0.0,"enemies":"Transient","floor":38.0,"turns":1.0},{"damage":0,"enemies":"Writhing Mass","floor":41,"turns":1},{"damage":0,"enemies":"3 Darklings","floor":44,"turns":1},{"damage":0,"enemies":"conspire:MimicChest","floor":47,"turns":4},{"damage":0,"enemies":"conspire:OrnateMirror","floor":50,"turns":4}],"seed_played":"2129328177270234524","potions_obtained":[{"floor":1.0,"key":"blueLaboratory:ImpenetrablePotion"},{"floor":6.0,"key":"EntropicBrew"},{"floor":14.0,"key":"blueLaboratory:HorrorPotion"},{"floor":16.0,"key":"DemoMod:LeadSkinPotion"},{"floor":21.0,"key":"DuplicationPotion"},{"floor":22.0,"key":"Weak Potion"},{"floor":35.0,"key":"blueLaboratory:HorrorPotion"},{"floor":36.0,"key":"AttackPotion"},{"floor":47,"key":"blueLaboratory:SavagePotion"}],"is_trial":false,"path_per_floor":["M","M","M","$","?","E","M","R","T","M","M","R","?","M","R","B",null,"M","M","M","M","M","R","M","R","T","M","R","M","R","M","R_BF","B",null,"M","M","AVR","M","?","R","M","R","T","M","?","R","?","?","R","B",null],"character_chosen":"KOISHI","items_purchased":[],"campfire_rested":2,"item_purchase_floors":[],"current_hp_per_floor":[60,60,60,60,60,60,53,53,53,55,38,56,56,60,60,36,60,60,58,58,49,49,49,49,49,49,49,60,58,58,60,60,60,60,60,60,60,60,52,52,52,52,52,52,55,55,61,61,61,63],"gold":469,"neow_bonus":"ONE_RARE_RELIC","is_daily":false,"chose_seed":false,"campfire_upgraded":9,"win_rate":0.0,"timestamp":1612392273,"path_taken":["M","M","M","$","?","E","M","R","T","M","M","R","?","M","R","BOSS","M","M","M","M","M","R","M","R","T","M","R","M","R","M","R_BF","BOSS","M","M","AVR","M","?","R","M","R","T","M","?","R","?","?","R","BOSS"],"items_purchased_type":[],"build_version":"2020-12-22","purchased_purges":0,"victory":true,"max_hp_per_floor":[60,60,60,60,60,60,60,60,60,60,60,60,60,60,60,60,60,60,60,60,60,60,60,60,60,60,60,60,60,60,60,60,60,60,60,60,60,60,60,60,60,60,60,60,63,63,63,63,63,63],"card_choices":[{"not_picked":["Koishi:HeartAttack","Koishi:ReflexRadar"],"picked":"Koishi:DreadfulBlow","floor":1.0},{"not_picked":["Koishi:SubconsciousSweep","Koishi:EmbersOfLove"],"picked":"Koishi:JumpScare","floor":2.0},{"not_picked":["Koishi:SpiritedAway","Koishi:StrangeCloudFist"],"picked":"Koishi:DreadfulBlow","floor":3.0},{"not_picked":["Koishi:Untouchable","Koishi:JumpScare"],"picked":"Koishi:BloodcurdlingScream","floor":6.0},{"not_picked":["Koishi:SubterraneanRose","Koishi:JumpScare"],"picked":"Koishi:DreadfulBlow","floor":7.0},{"not_picked":["Koishi:HeartAttack","Koishi:ConditionedTeleport"],"picked":"Koishi:RacingHeart","floor":10.0},{"not_picked":["Koishi:StrangeCloudFist","Koishi:MassHysteria","Koishi:YoukaiPolygraph"],"picked":"SKIP","floor":11.0},{"not_picked":["Koishi:SubterraneanRose","Koishi:UnansweredLove"],"picked":"Koishi:PhantomBarrier","floor":14.0},{"not_picked":["Koishi:SilentAndRestless","Koishi:GrowingPain"],"picked":"Koishi:RoseHell","floor":16.0},{"not_picked":["Koishi:ReflexRadar+1","Koishi:PhantomStrike","Koishi:Untouchable"],"picked":"SKIP","floor":18.0},{"not_picked":["Koishi:BloodcurdlingScream","Koishi:GhostParty","Koishi:DNAsFlaw"],"picked":"SKIP","floor":19.0},{"not_picked":["Koishi:BramblyRoseGarden","Koishi:CatchAndRose","Koishi:SpiritedAway"],"picked":"SKIP","floor":20.0},{"not_picked":["Koishi:PhantomBarrier","Koishi:PhantomStrike","Koishi:CatchAndRose"],"picked":"SKIP","floor":21.0},{"not_picked":["Koishi:Untouchable+1","Koishi:RacingHeart","Koishi:SubterraneanRose"],"picked":"SKIP","floor":22.0},{"not_picked":["Koishi:Whimsy","Koishi:IdleWhim"],"picked":"Koishi:EmbersOfLove","floor":24.0},{"not_picked":["Koishi:HeartfeltFancy","Koishi:DanmakuParanoia","Koishi:UnconsciousUprising+1"],"picked":"SKIP","floor":27.0},{"not_picked":["Koishi:EmbryosDream","Koishi:SubconsciousSweep","Koishi:JumpScare"],"picked":"SKIP","floor":29.0},{"not_picked":["Koishi:CatchAndRose","Koishi:SubterraneanRose+1","Koishi:FleetingPhantom+1"],"picked":"SKIP","floor":31.0},{"not_picked":["Koishi:MindStellarRelief","Koishi:GrowingPain"],"picked":"Koishi:HeartStoppingHorror","floor":33.0},{"not_picked":["Koishi:DreadfulBlow","Koishi:PhantomBarrier","Koishi:StrangeCloudFist+1"],"picked":"SKIP","floor":35.0},{"not_picked":["Koishi:HeartfeltFancy+1","Koishi:SuperEgo","Koishi:SubterraneanRose"],"picked":"SKIP","floor":36.0},{"not_picked":["Koishi:DanmakuParanoia","Koishi:UnansweredLove","Koishi:RacingHeart+1"],"picked":"SKIP","floor":38.0},{"not_picked":["Koishi:TraumaticStroke+1","Koishi:UnansweredLove+1","Koishi:DreadfulBlow"],"picked":"SKIP","floor":41},{"not_picked":["Koishi:Whimsy","Koishi:DreadfulBlow+1","Koishi:PhantomBarrier+1"],"picked":"SKIP","floor":44},{"not_picked":["Koishi:PhilosophyOfTheDespised+1","Koishi:PhantomStrike+1"],"picked":"Koishi:TremblingHands+1","floor":47}],"player_experience":95980,"relics_obtained":[{"floor":6.0,"key":"StrikeDummy"},{"floor":9.0,"key":"StuffTheSpire:TintedRock"},{"floor":26.0,"key":"Koishi:TeethAndClaws"},{"floor":43,"key":"Replay:Bottled Snecko"},{"floor":47,"key":"aspiration:SeaSaltIceCream"}],"event_choices":[{"damage_healed":0.0,"max_hp_gain":0.0,"max_hp_loss":0.0,"gold_gain":0.0,"event_name":"conspire:LoneGhost","player_choice":"Argue","floor":13.0,"gold_loss":0.0,"damage_taken":0.0},{"damage_healed":0.0,"max_hp_gain":0.0,"max_hp_loss":0.0,"gold_gain":0.0,"event_name":"Ghosts","player_choice":"Ignored","floor":32.0,"gold_loss":0.0,"damage_taken":0.0},{"damage_healed":0.0,"max_hp_gain":0.0,"max_hp_loss":0.0,"gold_gain":0.0,"event_name":"Winding Halls","player_choice":"Embrace Madness","floor":39.0,"gold_loss":0.0,"damage_taken":8.0,"cards_obtained":["Madness","Madness"]},{"damage_healed":0,"gold_gain":0,"player_choice":"Upgraded Two","damage_taken":0,"max_hp_gain":0,"max_hp_loss":0,"event_name":"Designer","floor":48,"gold_loss":40,"cards_upgraded":["Ghostly","Koishi:Provoke"]}],"is_beta":false,"boss_relics":[{"not_picked":["halation:Risk","hubris:VirtuousBlindfold"],"picked":"conspire:SpecialSausage"},{"not_picked":["SlaversCollar","Koishi:ColorfulDays"],"picked":"hubris:Backtick"}],"items_purged_floors":[],"is_endless":false,"potions_floor_spawned":[1,6,14,16,21,22,29,35,36,47],"ascension_level":0}}