{"host":"epc8efk9vrywpcsw","time":1612370220,"event":{"mods":["BaseMod","Minty Spire (QoL Compilation)","Relic Stats","StSLib"],"gold_per_floor":[110,110,110,260,260,260,293,293,317,348,367,387,153,177,177,177,177],"floor_reached":16,"language":"ENG","playtime":263,"items_purged":["Strike_R"],"score":316,"play_id":"2c3acf54-84ca-45c1-a328-4fec99482641","local_time":"20210203173700","is_ascension_mode":true,"campfire_choices":[{"data":"Thunderclap","floor":6,"key":"SMITH"},{"data":"Sword Boomerang","floor":8,"key":"SMITH"},{"data":"Flex","floor":15,"key":"SMITH"}],"circlet_count":0,"master_deck":["AscendersBane","Strike_R","Strike_R","Strike_R","Strike_R","Defend_R","Defend_R","Defend_R","Defend_R","Bash+1","Thunderclap+1","Sword Boomerang+1","Impervious","Dropkick","Flex+1","Seeing Red"],"relics":["Burning Blood","NeowsBlessing","Golden Idol","Paper Frog","Omamori","Lantern","Membership Card"],"acts_visited":["Exordium"],"potions_floor_usage":[16,16],"damage_taken":[{"damage":0,"enemies":"Cultist","floor":1,"turns":1},{"damage":0,"enemies":"3 Sentries","floor":7,"turns":2},{"damage":0,"enemies":"Lagavulin","floor":10,"turns":1},{"damage":0,"enemies":"Small Slimes","floor":11,"turns":2},{"damage":0,"enemies":"2 Louse","floor":12,"turns":2},{"damage":2,"enemies":"2 Fungi Beasts","floor":14,"turns":3},{"damage":81,"enemies":"Slime Boss","floor":16,"turns":7}],"seed_played":"-6168335644443836411","potions_obtained":[{"floor":1,"key":"BloodPotion"},{"floor":7,"key":"Energy Potion"}],"is_trial":false,"path_per_floor":["M","?","?","?","?","R","E","R","T","E","M","M","$","M","R","B"],"character_chosen":"IRONCLAD","items_purchased":["Membership Card","Flex"],"campfire_rested":0,"item_purchase_floors":[13,13],"current_hp_per_floor":[74,68,68,68,68,68,68,68,68,68,68,68,68,68,68,0,0],"gold":177,"neow_bonus":"THREE_ENEMY_KILL","is_daily":false,"chose_seed":false,"campfire_upgraded":3,"win_rate":0.0,"timestamp":1612370220,"path_taken":["M","?","?","?","?","R","E","R","T","E","?","M","$","M","R","BOSS"],"items_purchased_type":["Relic","Card"],"build_version":"2020-12-22","purchased_purges":1,"victory":false,"max_hp_per_floor":[75,68,68,68,68,68,68,68,68,68,68,68,68,68,68,68,68],"relic_stats":{"counters":[7,18],"Golden Idol":26,"obtain_stats":[{"Lantern":10,"NeowsBlessing":0,"Golden Idol":2,"Omamori":9,"Membership Card":13,"Burning Blood":0,"Paper Frog":7},{"Lantern":3,"NeowsBlessing":0,"Golden Idol":1,"Omamori":2,"Membership Card":5,"Burning Blood":0,"Paper Frog":2},{"Lantern":4,"NeowsBlessing":0,"Golden Idol":1,"Omamori":3,"Membership Card":8,"Burning Blood":0,"Paper Frog":3}],"Burning Blood":8},"card_choices":[{"not_picked":["Cleave","Clash"],"picked":"Thunderclap","floor":1},{"not_picked":["Warcry","Feel No Pain"],"picked":"Sword Boomerang","floor":7},{"not_picked":["Metallicize","Havoc"],"picked":"Impervious","floor":10},{"not_picked":["Thunderclap","Headbutt","True Grit"],"picked":"SKIP","floor":11},{"not_picked":["Havoc","Intimidate"],"picked":"Dropkick","floor":12},{"not_picked":["Shockwave","Rage"],"picked":"Seeing Red","floor":14}],"player_experience":484455,"relics_obtained":[{"floor":7,"key":"Paper Frog"},{"floor":9,"key":"Omamori"},{"floor":10,"key":"Lantern"}],"event_choices":[{"damage_healed":0,"gold_gain":0,"player_choice":"Lose Max HP","damage_taken":0,"relics_obtained":["Golden Idol"],"max_hp_gain":0,"max_hp_loss":7,"event_name":"Golden Idol","floor":2,"gold_loss":0},{"damage_healed":0,"gold_gain":0,"player_choice":"Grow","damage_taken":0,"max_hp_gain":0,"max_hp_loss":0,"event_name":"Living Wall","floor":3,"gold_loss":0,"cards_upgraded":["Bash"]},{"damage_healed":0,"gold_gain":150,"player_choice":"AGREE","damage_taken":0,"max_hp_gain":0,"max_hp_loss":0,"event_name":"Liars Game","floor":4,"gold_loss":0,"cards_obtained":["Doubt"]},{"cards_removed":["Doubt"],"damage_healed":0,"gold_gain":0,"player_choice":"Removed Curses","damage_taken":0,"max_hp_gain":0,"max_hp_loss":0,"event_name":"Fountain of Cleansing","floor":5,"gold_loss":0}],"is_beta":false,"boss_relics":[],"items_purged_floors":[13],"is_endless":false,"potions_floor_spawned":[1,7],"killed_by":"Slime Boss","ascension_level":20}}