{"host":"92wx9z21c4p52du4","time":1612378874,"event":{"mods":["BaseMod","Downfall","Hermit","Minty Spire (QoL Compilation)","Reliquary","StSLib","The Hierophant"],"gold_per_floor":[118,130,130,153,328,356,356,356,403,373,373,373,416,448,448,440,440],"floor_reached":16,"language":"ENG","playtime":460,"items_purged":[],"score":102,"play_id":"9b4cade1-bf5d-448f-b207-6e334553344e","local_time":"20210203130114","is_ascension_mode":false,"campfire_choices":[{"data":"hierophant:ChurchCoffers","floor":8,"key":"SMITH"},{"data":"hierophant:Repentance","floor":11,"key":"SMITH"},{"floor":15,"key":"REST"}],"circlet_count":0,"master_deck":["hierophant:Strike_Hierophant","hierophant:Strike_Hierophant","hierophant:Strike_Hierophant","hierophant:Strike_Hierophant","hierophant:Punish","hierophant:Defend_Hierophant","hierophant:Defend_Hierophant","hierophant:Defend_Hierophant","hierophant:Defend_Hierophant","hierophant:ChurchCoffers+1","hierophant:SealAway","hierophant:Repentance+1","hierophant:Flagellation","Doubt","hierophant:Blessing","Regret","hierophant:RustyCrate","hierophant:Doubloon","hierophant:Doubloon","hierophant:MirrorShield","hierophant:Flagellation"],"relics":["hierophant:PropheticMaskRelic","NeowsBlessing","Golden Idol","reliquary:TatteredRug","reliquary:Aerogel"],"acts_visited":["Exordium"],"potions_floor_usage":[6,10,13,16],"damage_taken":[{"damage":0,"enemies":"Small Slimes","floor":1,"turns":1},{"damage":0,"enemies":"Jaw Worm","floor":2,"turns":1},{"damage":0,"enemies":"Cultist","floor":4,"turns":1},{"damage":11,"enemies":"3 Sentries","floor":6,"turns":5},{"damage":20,"enemies":"Exordium Thugs","floor":10,"turns":4},{"damage":13,"enemies":"Looter","floor":13,"turns":3},{"damage":5,"enemies":"Exordium Wildlife","floor":14,"turns":4},{"damage":46,"enemies":"Hexaghost","floor":16,"turns":8}],"seed_played":"-6215363637816755593","potions_obtained":[{"floor":2,"key":"Fire Potion"},{"floor":6,"key":"Block Potion"},{"floor":12,"key":"Fire Potion"},{"floor":12,"key":"bronze:BurnAndBuffPotion"},{"floor":12,"key":"Strength Potion"},{"floor":13,"key":"FearPotion"}],"is_trial":false,"path_per_floor":["M","M","?","M","?","E","?","R","T","M","R","?","M","M","R","B"],"character_chosen":"HIEROPHANT","items_purchased":[],"campfire_rested":1,"item_purchase_floors":[],"current_hp_per_floor":[75,75,57,57,57,46,46,46,46,33,33,33,27,29,51,12,12],"gold":440,"neow_bonus":"THREE_ENEMY_KILL","is_daily":false,"chose_seed":false,"campfire_upgraded":2,"win_rate":0.0,"timestamp":1612378874,"path_taken":["M","M","?","M","?","E","?","R","T","?","R","?","M","?","R","BOSS"],"items_purchased_type":[],"build_version":"2020-12-22","purchased_purges":0,"victory":false,"max_hp_per_floor":[75,75,75,75,75,75,75,75,75,75,75,75,75,75,75,75,75],"card_choices":[{"not_picked":["hierophant:Doubloon","hierophant:Sermon"],"picked":"hierophant:SealAway","floor":1},{"not_picked":["hierophant:SealAway","hierophant:ThreeLashes"],"picked":"hierophant:Repentance","floor":2},{"not_picked":["hierophant:HolyVerse","hierophant:ConvertCurrency"],"picked":"hierophant:Flagellation","floor":4},{"not_picked":["hierophant:SealAway","hierophant:Upheaval"],"picked":"hierophant:Blessing","floor":6},{"not_picked":["hierophant:AuricBeam","hierophant:ThreeLashes"],"picked":"hierophant:RustyCrate","floor":10},{"not_picked":["hierophant:Rebuild","hierophant:HolyVerse"],"picked":"hierophant:MirrorShield","floor":13},{"not_picked":["hierophant:SealAway","hierophant:HolyVerse"],"picked":"hierophant:Flagellation","floor":14}],"player_experience":237257,"relics_obtained":[{"floor":6,"key":"reliquary:TatteredRug"}],"event_choices":[{"damage_healed":0,"gold_gain":0,"player_choice":"Take Damage","damage_taken":18,"relics_obtained":["Golden Idol"],"max_hp_gain":0,"max_hp_loss":0,"event_name":"Golden Idol","floor":3,"gold_loss":0},{"damage_healed":0,"gold_gain":175,"player_choice":"AGREE","damage_taken":0,"max_hp_gain":0,"max_hp_loss":0,"event_name":"Liars Game","floor":5,"gold_loss":0,"cards_obtained":["Doubt"]},{"damage_healed":0,"gold_gain":0,"player_choice":"Box","damage_taken":0,"relics_obtained":["reliquary:Aerogel"],"max_hp_gain":0,"max_hp_loss":0,"event_name":"Big Fish","floor":7,"gold_loss":0,"cards_obtained":["Regret"]},{"damage_healed":0,"gold_gain":0,"player_choice":"Got Potions","damage_taken":0,"max_hp_gain":0,"max_hp_loss":0,"event_name":"Lab","floor":12,"gold_loss":0}],"is_beta":false,"boss_relics":[],"items_purged_floors":[],"is_endless":false,"potions_floor_spawned":[2,6,13],"killed_by":"Hexaghost","ascension_level":0}}