{"host":"ko40t1o51xotjt2v","time":1612395336,"event":{"mods":["2.2 Compatiblity","AchievementEnabler","Aspiration","BaseMod","Better Match","Better Third Choice","Better Vampires","Conspire","Downfall","Energized Spire","GifTheSpireLib","Halation","Hubris","Jedi Mod","Minty Spire (QoL Compilation)","MostiFishMod","Spicy Shops","Spikes Relics","StSLib","Stuff the Spire","TestMod","??????REMEMod"],"gold_per_floor":[119,119,137,149,162,196,196,196,196],"floor_reached":8,"language":"SPA","playtime":345,"items_purged":[],"score":70,"play_id":"19f3a19d-cf92-4075-afee-2636a25d1d63","local_time":"20210204003536","is_ascension_mode":true,"campfire_choices":[{"data":"PathToVictory","floor":7,"key":"SMITH"}],"circlet_count":0,"master_deck":["Strike_P+1","Strike_P","Strike_P","Strike_P","Defend_P","Defend_P","Defend_P+1","Defend_P+1","Eruption","Vigilance+1","LessonLearned","PathToVictory+1"],"relics":["PureWater","DaveBox","testmod-TestBox","REME_ComplimentaryCards","NeowsBlessing","SynthV:TestCard","halation:WeightlessCrab"],"acts_visited":["Exordium"],"potions_floor_usage":[5,6],"damage_taken":[{"damage":0,"enemies":"Cultist","floor":1,"turns":1},{"damage":0,"enemies":"2 Louse","floor":3,"turns":1},{"damage":0,"enemies":"Jaw Worm","floor":4,"turns":1},{"damage":21,"enemies":"Blue Slaver","floor":5,"turns":2},{"damage":26,"enemies":"Gremlin Nob","floor":6,"turns":4},{"damage":24,"enemies":"3 Sentries","floor":8,"turns":7}],"seed_played":"-1278396582559522924","potions_obtained":[{"floor":4,"key":"Strength Potion"},{"floor":5,"key":"Swift Potion"}],"is_trial":false,"path_per_floor":["M","?","M","M","M","E","R","E"],"character_chosen":"WATCHER","items_purchased":[],"campfire_rested":0,"item_purchase_floors":[],"current_hp_per_floor":[72,72,72,72,51,25,25,1,1],"gold":196,"neow_bonus":"THREE_ENEMY_KILL","is_daily":false,"chose_seed":false,"campfire_upgraded":1,"win_rate":0.0,"timestamp":1612395336,"path_taken":["M","?","?","M","M","E","R","E"],"items_purchased_type":[],"build_version":"2020-12-22","purchased_purges":0,"victory":false,"max_hp_per_floor":[72,72,72,72,72,72,72,72,72],"card_choices":[{"not_picked":["ClearTheMind","MentalFortress","Wireheading"],"picked":"SKIP","floor":1},{"not_picked":["ThirdEye","MostiFishMod:Clarity","CutThroughFate","WheelKick","EmptyFist"],"picked":"SKIP","floor":3},{"not_picked":["InnerPeace","Collect","Evaluate","Pray"],"picked":"LessonLearned","floor":4},{"not_picked":["CutThroughFate","Evaluate","Halt","Consecrate"],"picked":"PathToVictory","floor":5},{"not_picked":["Omniscience","JustLucky","ThirdEye","Halt","InnerPeace"],"picked":"SKIP","floor":6}],"player_experience":471706,"relics_obtained":[{"floor":1,"key":"SynthV:TestCard"},{"floor":6,"key":"halation:WeightlessCrab"}],"event_choices":[{"damage_healed":0,"gold_gain":0,"player_choice":"Upgraded","damage_taken":0,"max_hp_gain":0,"max_hp_loss":0,"event_name":"Upgrade Shrine","floor":2,"gold_loss":0,"cards_upgraded":["Defend_P"]}],"is_beta":false,"boss_relics":[],"items_purged_floors":[],"is_endless":false,"potions_floor_spawned":[4,5],"killed_by":"3 Sentries","ascension_level":4}}