{"host":"e8rlfedn69rz2s07","time":1612390426,"event":{"mods":["AchievementEnabler","BaseMod","Minty Spire (QoL Compilation)","Permanent Neow","Relic Stats"],"gold_per_floor":[113,126,126,146,157,189,189,214,214,214,226,226,256,271,271,343,343,362,257,257,268,285,311,311,338,390,410,410,410,420,446,446,520,520,534,559,569,136,136,162,162,162,162,37,52,83,100,125,125,125,125,125,125,39,72,72],"floor_reached":57,"language":"ENG","playtime":6263,"items_purged":["Strike_G","Strike_G","Writhe"],"score":2790,"play_id":"3a5e6f42-d313-42c4-a8d2-f93dcb0f7ec0","local_time":"20210204001346","is_ascension_mode":true,"campfire_choices":[{"floor":7,"key":"REST"},{"floor":10,"key":"REST"},{"data":"Noxious Fumes","floor":12,"key":"SMITH"},{"data":"Wraith Form v2","floor":15,"key":"SMITH"},{"data":"Well Laid Plans","floor":24,"key":"SMITH"},{"data":"Malaise","floor":28,"key":"SMITH"},{"data":"Noxious Fumes","floor":32,"key":"SMITH"},{"floor":41,"key":"RECALL"},{"data":"Catalyst","floor":49,"key":"SMITH"},{"data":"Catalyst","floor":53,"key":"SMITH"}],"circlet_count":0,"master_deck":["AscendersBane","Strike_G","Strike_G","Defend_G","Defend_G","Defend_G","Defend_G","Defend_G","Survivor","Neutralize","Dash","Leg Sweep","Well Laid Plans+1","Noxious Fumes+1","Backflip","Eviscerate","Wraith Form v2+1","Malaise+1","Acrobatics","Flying Knee","PiercingWail","Poisoned Stab","Night Terror","Choke","Noxious Fumes+1","Night Terror","Crippling Poison","Eviscerate+1","Catalyst+1","Acrobatics","All Out Attack+1","Blur","Catalyst+1","Night Terror"],"relics":["Snecko Eye","Pantograph","Sundial","Bird Faced Urn","Lizard Tail","Coffee Dripper","Girya","Dream Catcher","PreservedInsect","Regal Pillow","Black Star","The Specimen","Bronze Scales","Frozen Eye","Blood Vial","Strawberry","Akabeko","Potion Belt","Frozen Egg 2","Bottled Flame","Toy Ornithopter","Mercury Hourglass"],"acts_visited":["Exordium","TheCity","TheBeyond","TheEnding"],"potions_floor_usage":[8,13,14,22,23,46,48,56],"damage_taken":[{"damage":1,"enemies":"Cultist","floor":1,"turns":4},{"damage":4,"enemies":"Small Slimes","floor":2,"turns":6},{"damage":0,"enemies":"2 Louse","floor":4,"turns":3},{"damage":4,"enemies":"Exordium Wildlife","floor":5,"turns":9},{"damage":35,"enemies":"Gremlin Nob","floor":6,"turns":7},{"damage":17,"enemies":"Lagavulin","floor":8,"turns":10},{"damage":12,"enemies":"Large Slime","floor":11,"turns":8},{"damage":10,"enemies":"Gremlin Nob","floor":13,"turns":4},{"damage":0,"enemies":"2 Fungi Beasts","floor":14,"turns":3},{"damage":15,"enemies":"Hexaghost","floor":16,"turns":11},{"damage":3,"enemies":"Chosen","floor":18,"turns":7},{"damage":8,"enemies":"Spheric Guardian","floor":21,"turns":6},{"damage":1,"enemies":"Snake Plant","floor":22,"turns":5},{"damage":7,"enemies":"Gremlin Leader","floor":23,"turns":7},{"damage":17,"enemies":"Slavers","floor":25,"turns":8},{"damage":5,"enemies":"Centurion and Healer","floor":27,"turns":7},{"damage":1,"enemies":"3 Cultists","floor":30,"turns":7},{"damage":3,"enemies":"Book of Stabbing","floor":31,"turns":7},{"damage":33,"enemies":"Collector","floor":33,"turns":9},{"damage":0,"enemies":"3 Darklings","floor":35,"turns":6},{"damage":0,"enemies":"Mind Bloom Boss Battle","floor":36,"turns":8},{"damage":9,"enemies":"Orb Walker","floor":37,"turns":3},{"damage":49,"enemies":"Reptomancer","floor":40,"turns":7},{"damage":37,"enemies":"Sphere and 2 Shapes","floor":45,"turns":7},{"damage":1,"enemies":"Nemesis","floor":46,"turns":7},{"damage":8,"enemies":"Transient","floor":47,"turns":6},{"damage":15,"enemies":"Reptomancer","floor":48,"turns":5},{"damage":32,"enemies":"Donu and Deca","floor":50,"turns":10},{"damage":49,"enemies":"Time Eater","floor":51,"turns":17},{"damage":25,"enemies":"Shield and Spear","floor":55,"turns":7},{"damage":94,"enemies":"The Heart","floor":56,"turns":10}],"seed_played":"9193066626618726432","potions_obtained":[{"floor":5,"key":"Explosive Potion"},{"floor":11,"key":"Fire Potion"},{"floor":13,"key":"GamblersBrew"},{"floor":16,"key":"SpeedPotion"},{"floor":18,"key":"SteroidPotion"},{"floor":30,"key":"EssenceOfSteel"},{"floor":31,"key":"EssenceOfSteel"},{"floor":47,"key":"AttackPotion"},{"floor":55,"key":"Fire Potion"}],"is_trial":false,"path_per_floor":["M","M","?","M","M","E","R","E","T","R","M","R","E","M","R","B",null,"M","$","?","M","M","E","R","E","T","M","R","?","M","E","R","B",null,"M","?","M","$","?","E","R","?","T","$","M","E","M","E","R","B","B",null,"R","$","E","B",null],"character_chosen":"THE_SILENT","items_purchased":["Flying Knee","Bronze Scales","Frozen Eye","Night Terror"],"campfire_rested":2,"item_purchase_floors":[19,38,38,54],"current_hp_per_floor":[58,54,59,59,55,20,41,24,24,45,37,37,31,33,33,49,66,69,69,49,47,50,49,49,38,38,45,45,45,50,55,55,55,71,76,76,67,67,67,43,43,60,60,60,39,60,68,61,61,69,48,74,74,74,57,40],"gold":72,"neow_bonus":"BOSS_RELIC","is_daily":false,"chose_seed":false,"campfire_upgraded":7,"win_rate":0.0,"timestamp":1612390426,"path_taken":["M","M","?","M","M","E","R","E","T","R","M","R","E","M","R","BOSS","M","$","?","M","M","E","R","E","T","M","R","?","M","E","R","BOSS","M","?","M","$","?","E","R","?","T","$","M","E","M","E","R","BOSS","BOSS","R","$","E","BOSS"],"items_purchased_type":["Card","Relic","Relic","Card"],"build_version":"2020-12-22","purchased_purges":3,"victory":true,"max_hp_per_floor":[66,66,71,71,71,71,71,71,71,71,71,71,71,71,71,71,71,71,71,76,76,76,76,76,76,76,76,76,76,76,76,76,76,76,76,76,76,76,76,83,83,83,83,83,83,83,83,83,83,83,83,83,83,83,83,83],"relic_stats":{"Regal Pillow":0,"counters":[31,221],"PreservedInsect":291,"Mercury Hourglass":[24],"Blood Vial":16,"Lizard Tail":41,"Dream Catcher":0,"Sundial":[28],"Pantograph":102,"Bird Faced Urn":[205],"Bronze Scales":[335],"Snecko Eye":[348,405,367,382],"Black Star":4,"obtain_stats":[{"Potion Belt":46,"Girya":23,"Regal Pillow":31,"The Specimen":36,"PreservedInsect":26,"Frozen Egg 2":48,"Akabeko":46,"Mercury Hourglass":55,"Blood Vial":40,"Frozen Eye":38,"Lizard Tail":13,"Dream Catcher":25,"Bottled Flame":48,"Sundial":8,"Pantograph":6,"Bird Faced Urn":9,"Bronze Scales":38,"Strawberry":40,"Snecko Eye":0,"Coffee Dripper":17,"Black Star":34,"Toy Ornithopter":55,"Ring of the Snake":0},{"Potion Belt":25,"Girya":14,"Regal Pillow":18,"The Specimen":21,"PreservedInsect":15,"Frozen Egg 2":27,"Akabeko":25,"Mercury Hourglass":30,"Blood Vial":23,"Frozen Eye":22,"Lizard Tail":8,"Dream Catcher":15,"Bottled Flame":27,"Sundial":6,"Pantograph":5,"Bird Faced Urn":6,"Bronze Scales":22,"Strawberry":23,"Snecko Eye":0,"Coffee Dripper":10,"Black Star":19,"Toy Ornithopter":30,"Ring of the Snake":0},{"Potion Belt":166,"Girya":90,"Regal Pillow":119,"The Specimen":142,"PreservedInsect":98,"Frozen Egg 2":177,"Akabeko":166,"Mercury Hourglass":211,"Blood Vial":152,"Frozen Eye":145,"Lizard Tail":51,"Dream Catcher":98,"Bottled Flame":177,"Sundial":39,"Pantograph":29,"Bird Faced Urn":39,"Bronze Scales":145,"Strawberry":152,"Snecko Eye":0,"Coffee Dripper":65,"Black Star":128,"Toy Ornithopter":211,"Ring of the Snake":0}],"Toy Ornithopter":0},"card_choices":[{"not_picked":["Dodge and Roll","Poisoned Stab"],"picked":"Dash","floor":1},{"not_picked":["Terror","Escape Plan"],"picked":"Leg Sweep","floor":2},{"not_picked":["Sucker Punch","Cloak And Dagger"],"picked":"Well Laid Plans","floor":4},{"not_picked":["Poisoned Stab","Infinite Blades"],"picked":"Noxious Fumes","floor":5},{"not_picked":["Slice","Finisher","Underhanded Strike"],"picked":"SKIP","floor":6},{"not_picked":["Concentrate","Flechettes"],"picked":"Backflip","floor":8},{"not_picked":["Blur","Cloak And Dagger"],"picked":"Eviscerate","floor":11},{"not_picked":["Accuracy","Cloak And Dagger","Choke"],"picked":"SKIP","floor":13},{"not_picked":["Crippling Poison","Bane"],"picked":"Wraith Form v2","floor":14},{"not_picked":["Phantasmal Killer","After Image"],"picked":"Malaise","floor":16},{"not_picked":["Dagger Throw","Slice"],"picked":"Acrobatics","floor":18},{"not_picked":["Bane","Poisoned Stab"],"picked":"PiercingWail","floor":21},{"not_picked":["Acrobatics","Dodge and Roll"],"picked":"Poisoned Stab","floor":22},{"not_picked":["Deadly Poison","Underhanded Strike"],"picked":"Night Terror","floor":23},{"not_picked":["Dagger Throw","Escape Plan"],"picked":"Choke","floor":25},{"not_picked":["Bane","Underhanded Strike","Distraction"],"picked":"SKIP","floor":27},{"not_picked":["Slice","Outmaneuver","Deflect"],"picked":"SKIP","floor":30},{"not_picked":["Underhanded Strike","Prepared"],"picked":"Noxious Fumes","floor":31},{"not_picked":["Venomology","Malaise"],"picked":"Night Terror","floor":33},{"not_picked":["Choke","Underhanded Strike"],"picked":"Crippling Poison","floor":35},{"not_picked":["Quick Slash","Caltrops"],"picked":"Eviscerate+1","floor":36},{"not_picked":["Underhanded Strike","Quick Slash"],"picked":"Catalyst","floor":37},{"not_picked":["Deadly Poison+1","Flying Knee"],"picked":"Acrobatics","floor":40},{"not_picked":["Accuracy","Calculated Gamble","Poisoned Stab"],"picked":"SKIP","floor":45},{"not_picked":["Deflect","Backflip"],"picked":"All Out Attack+1","floor":46},{"not_picked":["Dagger Spray","All Out Attack"],"picked":"Blur","floor":47},{"not_picked":["Dodge and Roll","Deadly Poison"],"picked":"Catalyst","floor":48},{"not_picked":["Quick Slash+1","Expertise","Sucker Punch"],"picked":"SKIP","floor":55}],"player_experience":1027184,"relics_obtained":[{"floor":6,"key":"Pantograph"},{"floor":8,"key":"Sundial"},{"floor":9,"key":"Bird Faced Urn"},{"floor":13,"key":"Lizard Tail"},{"floor":23,"key":"Girya"},{"floor":25,"key":"Dream Catcher"},{"floor":26,"key":"PreservedInsect"},{"floor":31,"key":"Regal Pillow"},{"floor":36,"key":"The Specimen"},{"floor":40,"key":"Blood Vial"},{"floor":40,"key":"Strawberry"},{"floor":46,"key":"Akabeko"},{"floor":46,"key":"Potion Belt"},{"floor":48,"key":"Frozen Egg 2"},{"floor":48,"key":"Bottled Flame"},{"floor":55,"key":"Toy Ornithopter"},{"floor":55,"key":"Mercury Hourglass"}],"event_choices":[{"damage_healed":0,"gold_gain":0,"player_choice":"Donut","damage_taken":0,"max_hp_gain":5,"max_hp_loss":0,"event_name":"Big Fish","floor":3,"gold_loss":0},{"damage_healed":0,"gold_gain":0,"player_choice":"Shed Blood","damage_taken":25,"max_hp_gain":5,"max_hp_loss":0,"event_name":"Forgotten Altar","floor":20,"gold_loss":0},{"damage_healed":0,"gold_gain":0,"player_choice":"Ignored","damage_taken":0,"max_hp_gain":0,"max_hp_loss":0,"event_name":"Vampires","floor":29,"gold_loss":0},{"damage_healed":0,"gold_gain":0,"player_choice":"Fight","damage_taken":0,"max_hp_gain":0,"max_hp_loss":0,"event_name":"MindBloom","floor":36,"gold_loss":0},{"cards_removed":["Strike_G"],"damage_healed":0,"gold_gain":0,"player_choice":"Removed Attack","damage_taken":0,"max_hp_gain":0,"max_hp_loss":0,"event_name":"Falling","floor":39,"gold_loss":0},{"damage_healed":17,"gold_gain":0,"player_choice":"Writhe","damage_taken":0,"max_hp_gain":0,"max_hp_loss":0,"event_name":"Winding Halls","floor":42,"gold_loss":0,"cards_obtained":["Writhe"]}],"is_beta":false,"boss_relics":[{"not_picked":["Fusion Hammer","Ectoplasm"],"picked":"Coffee Dripper"},{"not_picked":["SacredBark","Philosopher\u0027s Stone"],"picked":"Black Star"}],"items_purged_floors":[19,38,44],"is_endless":false,"potions_floor_spawned":[5,11,13,16,18,21,30,31,36,37,47,55],"ascension_level":20}}