{"host":"i9o3eksapkmftcbs","time":1612331232,"event":{"mods":["2.2 Compatiblity","AchievementEnabler","Act Like it!","Arknights","Bard","BaseMod","BetterRewards","Colored Map","Colored Powertips","Conspire","Duelist Mod","Halation","Hubris","Infinite Spire","Lobotomy","Minty Spire (QoL Compilation)","Rare Cards Sparkle","Reliquary","Robot Space Explorer","StSLib","The Blackbeard","The Clintock","The Dragon Tamer","The Mystic","Transform Curses"],"gold_per_floor":[110,285,285,300,45,70,70,80,105,105,105,105],"floor_reached":11,"language":"ENG","playtime":829,"items_purged":["Decay"],"score":71,"play_id":"59dc2d16-790f-42ca-a4b4-4c63acd42b7c","local_time":"20210202234712","is_ascension_mode":false,"campfire_choices":[{"floor":7,"key":"REST"},{"floor":10,"key":"REST"}],"circlet_count":0,"master_deck":["bard:Strike","bard:Strike","bard:Strike","bard:Strike","bard:Defend","bard:Defend","bard:Defend","bard:Defend","bard:Riposte","bard:Inspire","bard:Solo","Doubt","bard:HideousLaughter","hubris:EnhanceAbility","bard:GlyphOfWarding","bard:FalseLife"],"relics":["bard:PitchPipe","bard:BagPipes","reliquary:WeakTea","hubris:FunFungus"],"acts_visited":["Exordium"],"potions_floor_usage":[8,11],"damage_taken":[{"damage":6,"enemies":"Jaw Worm","floor":1,"turns":3},{"damage":14,"enemies":"Small Slimes","floor":4,"turns":6},{"damage":47,"enemies":"3 Sentries","floor":6,"turns":16},{"damage":0,"enemies":"conspire:RoseBush","floor":8,"turns":2},{"damage":48,"enemies":"Gremlin Nob","floor":11,"turns":6}],"seed_played":"-6067444952152104867","potions_obtained":[{"floor":6,"key":"Fire Potion"},{"floor":8,"key":"SkillPotion"}],"is_trial":false,"path_per_floor":["M","?","?","M","$","E","R","M","T","R","E"],"character_chosen":"BARD","items_purchased":["hubris:EnhanceAbility"],"campfire_rested":2,"item_purchase_floors":[5],"current_hp_per_floor":[64,64,64,50,50,3,24,24,24,45,0,0],"gold":105,"neow_bonus":"RANDOM_COMMON_RELIC","is_daily":false,"chose_seed":false,"campfire_upgraded":0,"win_rate":0.0,"timestamp":1612331232,"path_taken":["M","?","?","M","$","E","R","?","T","R","E"],"items_purchased_type":["Card"],"build_version":"2020-12-22","purchased_purges":1,"victory":false,"max_hp_per_floor":[70,70,70,70,70,70,70,70,70,70,70,70],"card_choices":[{"not_picked":["bard:ViciousMockery","bard:PhantasmalForce"],"picked":"bard:Solo","floor":1},{"not_picked":["bard:CuttingWords","bard:EchoEcho"],"picked":"bard:HideousLaughter","floor":4},{"not_picked":["bard:LingeringEcho","bard:Sift"],"picked":"bard:GlyphOfWarding","floor":6},{"not_picked":["bard:LingeringEcho","bard:QuickSong"],"picked":"bard:FalseLife","floor":8}],"player_experience":383429,"relics_obtained":[{"floor":6,"key":"hubris:FunFungus"}],"event_choices":[{"damage_healed":0,"gold_gain":175,"player_choice":"AGREE","damage_taken":0,"max_hp_gain":0,"max_hp_loss":0,"event_name":"Liars Game","floor":2,"gold_loss":0,"cards_obtained":["Doubt"]},{"damage_healed":0,"gold_gain":0,"player_choice":"Cursed","damage_taken":0,"max_hp_gain":0,"max_hp_loss":0,"event_name":"Wheel of Change","floor":3,"gold_loss":0,"cards_obtained":["Decay"]}],"is_beta":false,"boss_relics":[],"items_purged_floors":[5],"is_endless":false,"potions_floor_spawned":[6,8],"killed_by":"Gremlin Nob","ascension_level":0}}