{"host":"rolltorest","time":1612332196,"event":{"mods":["BaseMod","Minty Spire (QoL Compilation)","Relic Stats","Slay the Relics Exporter","StSLib"],"gold_per_floor":[114,124,18,36,54,54,83,133,181,181,206,216,228,243,243,243,243],"floor_reached":16,"language":"ENG","playtime":561,"items_purged":[],"score":228,"play_id":"d28e4ad1-8e8f-4e4c-b93e-065fe5dcb1ee","local_time":"20210202220316","is_ascension_mode":true,"campfire_choices":[{"data":"Neutralize","floor":6,"key":"SMITH"},{"floor":10,"key":"REST"},{"data":"Noxious Fumes","floor":15,"key":"SMITH"}],"circlet_count":0,"master_deck":["AscendersBane","Strike_G","Strike_G","Strike_G","Strike_G","Strike_G","Defend_G","Defend_G","Defend_G","Defend_G","Defend_G","Survivor","Neutralize+1","Doppelganger","Flying Knee","Bane","Footwork","Bane","Cloak And Dagger","Dagger Spray","Noxious Fumes+1","Poisoned Stab","Dash","Die Die Die"],"relics":["Ring of the Snake","Mummified Hand","Akabeko","Nunchaku"],"acts_visited":["Exordium"],"potions_floor_usage":[7,14],"damage_taken":[{"damage":3,"enemies":"Small Slimes","floor":1,"turns":6},{"damage":1,"enemies":"Cultist","floor":2,"turns":5},{"damage":2,"enemies":"Jaw Worm","floor":4,"turns":6},{"damage":8,"enemies":"Looter","floor":5,"turns":4},{"damage":41,"enemies":"3 Sentries","floor":7,"turns":16},{"damage":30,"enemies":"Gremlin Nob","floor":11,"turns":4},{"damage":0,"enemies":"Blue Slaver","floor":12,"turns":4},{"damage":0,"enemies":"Large Slime","floor":13,"turns":5},{"damage":0,"enemies":"Exordium Thugs","floor":14,"turns":5},{"damage":2,"enemies":"Hexaghost","floor":16,"turns":9}],"seed_played":"-3504803687328237632","potions_obtained":[{"floor":5,"key":"Regen Potion"},{"floor":7,"key":"GamblersBrew"},{"floor":12,"key":"Strength Potion"}],"is_trial":false,"path_per_floor":["M","M","$","M","M","R","E","?","T","R","E","M","M","M","R","B"],"character_chosen":"THE_SILENT","items_purchased":["Footwork","Bane"],"campfire_rested":1,"item_purchase_floors":[3,3],"current_hp_per_floor":[56,55,55,53,45,45,19,19,19,38,8,8,8,8,8,6,6],"gold":243,"neow_bonus":"ONE_RANDOM_RARE_CARD","is_daily":false,"chose_seed":false,"campfire_upgraded":2,"win_rate":0.0,"timestamp":1612332196,"path_taken":["M","M","$","M","M","R","E","?","T","R","E","M","M","?","R","BOSS"],"items_purchased_type":["Card","Card"],"build_version":"2020-12-18","purchased_purges":0,"victory":false,"max_hp_per_floor":[66,66,66,66,66,66,66,66,66,66,66,66,66,66,66,66,66],"relic_stats":{"Nunchaku":[4],"counters":[10,64],"Mummified Hand":[8],"obtain_stats":[{"Nunchaku":11,"Mummified Hand":7,"Akabeko":9,"Ring of the Snake":0},{"Nunchaku":6,"Mummified Hand":5,"Akabeko":5,"Ring of the Snake":0},{"Nunchaku":41,"Mummified Hand":37,"Akabeko":37,"Ring of the Snake":0}],"Ring of the Snake":[20]},"card_choices":[{"not_picked":["Backflip","Slice"],"picked":"Flying Knee","floor":1},{"not_picked":["Dodge and Roll","All Out Attack"],"picked":"Bane","floor":2},{"not_picked":["Prepared","Bane","Blur"],"picked":"SKIP","floor":4},{"not_picked":["Flechettes","Dodge and Roll"],"picked":"Cloak And Dagger","floor":5},{"not_picked":["Accuracy","Caltrops"],"picked":"Dagger Spray","floor":7},{"not_picked":["Bane","Terror"],"picked":"Noxious Fumes","floor":11},{"not_picked":["Prepared","Noxious Fumes"],"picked":"Poisoned Stab","floor":12},{"not_picked":["Sucker Punch","Deflect"],"picked":"Dash","floor":13},{"not_picked":["Calculated Gamble","Cloak And Dagger"],"picked":"Die Die Die","floor":14}],"player_experience":1816557,"relics_obtained":[{"floor":7,"key":"Mummified Hand"},{"floor":9,"key":"Akabeko"},{"floor":11,"key":"Nunchaku"}],"event_choices":[{"damage_healed":0,"gold_gain":50,"player_choice":"Pray","damage_taken":0,"max_hp_gain":0,"max_hp_loss":0,"event_name":"Golden Shrine","floor":8,"gold_loss":0}],"is_beta":true,"boss_relics":[],"items_purged_floors":[],"is_endless":false,"potions_floor_spawned":[5,7,12,13],"killed_by":"Hexaghost","ascension_level":20}}