{"host":"y1oqg7uy0jc6f5mb","time":1612381918,"event":{"mods":["AchievementEnabler","BaseMod","Better Altar","Better Match","Better Note","Better Sensory Stone","Better Skull","Better Third Choice","BetterRewards","Colored Map","Colored Powertips","Downfall","Highlight Path","Ironclad Rager","Minty Spire (QoL Compilation)","Permanent Neow","Quick Restart","Relic Stats","Replay The Spire","Shop Mod","Smile Girya","StSLib"],"gold_per_floor":[118,118,132,307,323,323,56,56,82,127,127,158,158,185,185,302,302,334,304,339,385,385,448,448,448,471,523,448,373,410,441,441,546,546,572,600,540,590,40,40,97,160,160,217,280,280,354,354,354,396,396,396,13,66,122],"floor_reached":56,"language":"ENG","playtime":6423,"items_purged":["Normality","Strike_R","Doubt","Defend_R","Replay:Many Hands"],"score":2364,"play_id":"24171a3e-f4b2-4d25-a549-1658d5be10af","local_time":"20210204035158","is_ascension_mode":true,"campfire_choices":[{"data":"True Grit","floor":6.0,"key":"SMITH"},{"data":"Abandon","floor":8.0,"key":"SMITH"},{"data":"Armaments","floor":11.0,"key":"SMITH"},{"data":"Corruption","floor":13.0,"key":"SMITH"},{"data":"Havoc","floor":15.0,"key":"SMITH"},{"data":"Warcry","floor":24.0,"key":"SMITH"},{"data":"Replay:Bootleg Shield Generator","floor":32.0,"key":"SMITH"},{"floor":40,"key":"REST"},{"floor":46,"key":"RECALL"},{"data":"Dark Embrace","floor":49,"key":"SMITH"},{"data":"Purity","floor":52,"key":"SMITH"}],"circlet_count":0,"master_deck":["AscendersBane","Strike_R","Strike_R","Strike_R","Defend_R","Defend_R","Defend_R","Bash","Reckless Charge+1","Purity+1","Replay:Bootleg Shield Generator+1","Armaments+1","True Grit+1","Abandon+1","Fire Breathing","Infernal Blade","Corruption+1","Pummel+1","Fiend Fire+1","Havoc","Flame Barrier+1","Warcry+1","Intimidate","ReplayTheSpireMod:Necrogeddon+1","HandOfGreed+1","Defy Death","Eclipse+1","Rupture+1","Flame Barrier","Dark Embrace+1","Havoc","Reckless Charge+1","Reckless Charge+1"],"relics":["Burning Blood","ReplayTheSpireMod:CursedCoin","Dead Branch","Molten Egg 2","King of Hearts","Replay:Bandana","Bag of Preparation","Electric Blood","Oddly Smooth Stone","betterThird:NestCultRelic","Anchor","Busted Crown","Regal Pillow","MerchantsRug","Snack Pack","Strawberry","Gremlin Horn"],"acts_visited":["Exordium","TheCity","TheBeyond","TheEnding"],"potions_floor_usage":[55,55],"damage_taken":[{"damage":2.0,"enemies":"Jaw Worm","floor":1.0,"turns":4.0},{"damage":0.0,"enemies":"2 Louse","floor":3.0,"turns":5.0},{"damage":0.0,"enemies":"Small Slimes","floor":5.0,"turns":3.0},{"damage":2.0,"enemies":"Gremlin Nob","floor":10.0,"turns":3.0},{"damage":4.0,"enemies":"Red Slaver","floor":12.0,"turns":5.0},{"damage":0.0,"enemies":"3 Louse","floor":14.0,"turns":3.0},{"damage":11.0,"enemies":"The Guardian","floor":16.0,"turns":7.0},{"damage":5.0,"enemies":"Spheric Guardian","floor":18.0,"turns":3.0},{"damage":9.0,"enemies":"Shell Parasite","floor":20.0,"turns":3.0},{"damage":17.0,"enemies":"Chosen and Byrds","floor":21.0,"turns":3.0},{"damage":8.0,"enemies":"Slavers","floor":23.0,"turns":2.0},{"damage":19.0,"enemies":"Replay:Snechameleon","floor":27.0,"turns":4.0},{"damage":5.0,"enemies":"Centurion and Healer","floor":30.0,"turns":2.0},{"damage":7.0,"enemies":"Shelled Parasite and Fungi","floor":31.0,"turns":3.0},{"damage":33.0,"enemies":"Automaton","floor":33.0,"turns":5.0},{"damage":11.0,"enemies":"Orb Walker","floor":35.0,"turns":2.0},{"damage":23.0,"enemies":"3 Darklings","floor":36.0,"turns":4.0},{"damage":14.0,"enemies":"Spire Growth","floor":38.0,"turns":2.0},{"damage":33,"enemies":"Transient","floor":41,"turns":4},{"damage":19,"enemies":"Sphere and 2 Shapes","floor":42,"turns":3},{"damage":22,"enemies":"Maw","floor":44,"turns":3},{"damage":10,"enemies":"Writhing Mass","floor":45,"turns":3},{"damage":13,"enemies":"3 Darklings","floor":47,"turns":4},{"damage":27,"enemies":"Donu and Deca","floor":50,"turns":4},{"damage":17,"enemies":"Shield and Spear","floor":54,"turns":3},{"damage":69,"enemies":"The Heart","floor":55,"turns":6}],"seed_played":"4878505113892556131","potions_obtained":[{"floor":1.0,"key":"BlessingOfTheForge"},{"floor":3.0,"key":"Fire Potion"},{"floor":12.0,"key":"Energy Potion"},{"floor":19.0,"key":"LiquidBronze"},{"floor":23.0,"key":"hexamod:SoulburnPotion"},{"floor":33.0,"key":"Toxic Potion"}],"is_trial":false,"path_per_floor":["M","?","M","?","M","R","$","R","T","E","R","M","R","M","R","B",null,"M","?","M","M","?","E","R","?","T","E","?","?","M","M","R","B",null,"M","M","?","M","$","R","M","M","T","M","M","R","M","?","R","B",null,"R","$","E","B",null],"character_chosen":"IRONCLAD","items_purchased":["ReplayTheSpireMod:CursedCoin","Dead Branch","Molten Egg 2","Reckless Charge+1","Purity","King of Hearts","Havoc","Replay:Bootleg Shield Generator","Abandon","Fire Breathing","Dark Embrace","Regal Pillow","MerchantsRug","Havoc","Strawberry","Reckless Charge+1"],"campfire_rested":1,"item_purchase_floors":[0,0,0,0,0,0,0,0,7,7,39,39,39,39,53,53],"current_hp_per_floor":[44,44,50,50,56,56,56,56,56,60,60,62,62,68,68,63,76,77,77,74,63,63,61,61,61,61,48,48,48,63,62,62,35,69,64,47,47,39,39,78,51,63,63,51,53,53,52,52,52,39,70,70,77,70,17],"gold":122,"neow_bonus":"","is_daily":false,"chose_seed":false,"campfire_upgraded":9,"win_rate":0.0,"timestamp":1612381918,"path_taken":["M","?","M","?","M","R","$","R","T","E","R","M","R","M","R","BOSS","M","?","M","?","?","E","R","?","T","E","?","?","M","?","R","BOSS","M","M","?","M","$","R","M","M","T","M","?","R","M","?","R","BOSS","R","$","E","BOSS"],"items_purchased_type":["Relic","Relic","Relic","Card","Card","Relic","Card","Card","Card","Card","Card","Relic","Relic","Card","Relic","Card"],"build_version":"2020-12-22","purchased_purges":5,"victory":true,"max_hp_per_floor":[80,80,80,80,80,80,80,80,80,80,80,80,80,80,80,80,80,80,80,80,80,80,80,80,80,80,80,80,80,80,80,80,80,80,80,80,80,80,80,80,80,80,80,80,80,80,80,80,80,80,80,80,87,87,87],"relic_stats":{"Regal Pillow":15,"Busted Crown":18,"Gremlin Horn":[0,0],"counters":[49,228],"Dead Branch":[645],"Bag of Preparation":[44],"obtain_stats":[{"Ice Cream":7,"Divine Protection":26,"Regal Pillow":39,"Gremlin Horn":54,"King of Hearts":0,"Bag of Preparation":10,"Cursed Key":34,"Burning Blood":0,"Ring of Searing":20,"Replay:Bandana":9,"HornCleat":43,"Strawberry":53,"Prayer Wheel":2,"Fusion Hammer":17,"Electric Blood":17,"MerchantsRug":39,"ReplayTheSpireMod:CursedCoin":0,"Dead Branch":0,"Oddly Smooth Stone":23,"The Courier":41,"betterThird:NestCultRelic":25,"Frozen Egg 2":25,"Anchor":45,"Busted Crown":34,"Molten Egg 2":0,"Snack Pack":43,"Pocketwatch":9},{"Ice Cream":4,"Divine Protection":10,"Regal Pillow":41,"Gremlin Horn":48,"King of Hearts":23,"Bag of Preparation":27,"Cursed Key":14,"Burning Blood":0,"Ring of Searing":9,"Replay:Bandana":26,"HornCleat":18,"Strawberry":47,"Prayer Wheel":1,"Fusion Hammer":7,"Electric Blood":30,"MerchantsRug":41,"ReplayTheSpireMod:CursedCoin":23,"Dead Branch":23,"Oddly Smooth Stone":34,"The Courier":18,"betterThird:NestCultRelic":34,"Frozen Egg 2":10,"Anchor":20,"Busted Crown":38,"Molten Egg 2":23,"Snack Pack":43,"Pocketwatch":5},{"Ice Cream":23,"Divine Protection":60,"Regal Pillow":198,"Gremlin Horn":222,"King of Hearts":135,"Bag of Preparation":150,"Cursed Key":83,"Burning Blood":0,"Ring of Searing":53,"Replay:Bandana":147,"HornCleat":102,"Strawberry":219,"Prayer Wheel":6,"Fusion Hammer":42,"Electric Blood":165,"MerchantsRug":198,"ReplayTheSpireMod:CursedCoin":135,"Dead Branch":135,"Oddly Smooth Stone":176,"The Courier":102,"betterThird:NestCultRelic":176,"Frozen Egg 2":60,"Anchor":114,"Busted Crown":190,"Molten Egg 2":135,"Snack Pack":205,"Pocketwatch":27}],"Burning Blood":292},"card_choices":[{"not_picked":["Run Through+1","Cleave+1"],"picked":"Flame Barrier","floor":1.0},{"not_picked":["ReplayTheSpireMod:Strike From Hell+1","Anger+1"],"picked":"Armaments","floor":3.0},{"not_picked":["Intimidate","Shockwave"],"picked":"True Grit","floor":5.0},{"not_picked":["Flex","Thunderclap+1"],"picked":"Infernal Blade","floor":10.0},{"not_picked":["Intimidate","Wild Strike+1"],"picked":"Corruption","floor":12.0},{"not_picked":["Cleave+1","Heavy Blade+1"],"picked":"Pummel+1","floor":14.0},{"not_picked":["Reaper+1","Immolate+1"],"picked":"Fiend Fire+1","floor":16.0},{"not_picked":["Wild Strike+1","Armaments"],"picked":"Warcry","floor":18.0},{"not_picked":["Heavy Blade+1","Run Through+1","Twin Strike+1"],"picked":"SKIP","floor":20.0},{"not_picked":["Abandon","Heavy Blade+1"],"picked":"Intimidate","floor":21.0},{"not_picked":["Sadistic Nature","Survey Options"],"picked":"ReplayTheSpireMod:Necrogeddon+1","floor":22.0},{"not_picked":["ReplayTheSpireMod:Private Reserves","Chrysalis"],"picked":"HandOfGreed+1","floor":22.0},{"not_picked":["Heavy Blade+1","Second Wind"],"picked":"Disarm","floor":23.0},{"not_picked":["Carnage+1","Shrug It Off"],"picked":"Defy Death","floor":27.0},{"not_picked":["Juggernaut+1","Demonic Infusion+1"],"picked":"Eclipse+1","floor":29.0},{"not_picked":["Blood for Blood+1","Uppercut+1"],"picked":"Rupture+1","floor":29.0},{"not_picked":["ReplayTheSpireMod:Limb From Limb+1","Abandon","Thunderclap+1"],"picked":"SKIP","floor":30.0},{"not_picked":["Barricade","ReplayTheSpireMod:Strike From Hell+1","Body Slam+1"],"picked":"SKIP","floor":31.0},{"not_picked":["Brutality","Impervious"],"picked":"Eclipse","floor":33.0},{"not_picked":["Flex"],"picked":"SKIP","floor":35.0},{"not_picked":["ReplayTheSpireMod:LeadingStrike+1"],"picked":"SKIP","floor":36.0},{"not_picked":["Shrug It Off"],"picked":"SKIP","floor":38.0},{"not_picked":["Clothesline+1"],"picked":"SKIP","floor":41},{"not_picked":["Carnage+1"],"picked":"SKIP","floor":42},{"not_picked":["Anger+1"],"picked":"SKIP","floor":44},{"not_picked":["ReplayTheSpireMod:Limb From Limb+1"],"picked":"SKIP","floor":45},{"not_picked":["Body Slam+1"],"picked":"SKIP","floor":47},{"not_picked":["Clothesline+1"],"picked":"SKIP","floor":54}],"player_experience":353257,"relics_obtained":[{"floor":9.0,"key":"Replay:Bandana"},{"floor":10.0,"key":"Bag of Preparation"},{"floor":23.0,"key":"Oddly Smooth Stone"},{"floor":27.0,"key":"Anchor"},{"floor":43,"key":"Snack Pack"},{"floor":54,"key":"Gremlin Horn"}],"event_choices":[{"damage_healed":44.0,"max_hp_gain":0.0,"max_hp_loss":80.0,"gold_gain":0.0,"event_name":"betterThird:BetterShining","player_choice":"Leave","floor":2.0,"gold_loss":0.0,"damage_taken":0.0},{"damage_healed":0.0,"max_hp_gain":0.0,"max_hp_loss":0.0,"gold_gain":175.0,"event_name":"betterThird:BetterSerpent","player_choice":"AGREE","floor":4.0,"gold_loss":0.0,"damage_taken":132.0},{"damage_healed":0.0,"max_hp_gain":0.0,"max_hp_loss":0.0,"gold_gain":0.0,"event_name":"The Woman in Blue","player_choice":"Bought 2 Potions","floor":19.0,"gold_loss":0.0,"damage_taken":0.0},{"damage_healed":0.0,"max_hp_gain":0.0,"max_hp_loss":0.0,"gold_gain":2.0,"event_name":"betterStone:BetterStone","player_choice":"1","floor":22.0,"gold_loss":0.0,"damage_taken":0.0},{"damage_healed":0.0,"max_hp_gain":0.0,"max_hp_loss":0.0,"gold_gain":0.0,"event_name":"betterThird:BetterNest","player_choice":"Madness","floor":25.0,"gold_loss":0.0,"damage_taken":0.0,"relics_obtained":["betterThird:NestCultRelic"]},{"cards_removed":["Strike_R"],"damage_healed":0.0,"max_hp_gain":0.0,"max_hp_loss":0.0,"gold_gain":0.0,"event_name":"Beggar","player_choice":"Gave Gold","floor":28.0,"gold_loss":75.0,"damage_taken":0.0},{"damage_healed":0.0,"max_hp_gain":0.0,"max_hp_loss":0.0,"gold_gain":0.0,"event_name":"betterMatch:BetterMatch","player_choice":"2","floor":29.0,"gold_loss":0.0,"damage_taken":0.0,"cards_obtained":["betterMatch:RareCard","betterMatch:UncommonCard"]},{"damage_healed":0.0,"max_hp_gain":0.0,"max_hp_loss":0.0,"gold_gain":0.0,"cards_transformed":["Eclipse","Disarm"],"event_name":"Designer","player_choice":"Transformed Cards","floor":37.0,"gold_loss":60.0,"damage_taken":0.0,"cards_obtained":["Flame Barrier","Replay:Many Hands"]},{"damage_healed":0,"gold_gain":0,"player_choice":"Ignored","damage_taken":0,"max_hp_gain":0,"max_hp_loss":0,"event_name":"Tomb of Lord Red Mask","floor":48,"gold_loss":0}],"is_beta":false,"boss_relics":[{"not_picked":["ReplayTheSpireMod:DimensionalGlitch","Mark of Pain"],"picked":"Electric Blood"},{"not_picked":["ChewingGum","Honey Jar"],"picked":"Busted Crown"}],"items_purged_floors":[0,0,7,39,53],"is_endless":false,"potions_floor_spawned":[1,3,12,16,21,23,27,31,33,41,42,44,54],"ascension_level":13}}