{"host":"szp1d6dso4pv7ddl","time":1612320690,"event":{"mods":["AchievementEnabler","Alarm Clock","BaseMod","Bestiary","Block Reminder","Colored Map","Colored Powertips","Curses Come First","Dark Map","Displayed Cursed Tome","Highlight Path","Minty Spire (QoL Compilation)","Permanent Neow","Quick Restart","Relic Sorter","Relic Stats","StSLib","Synergy Search"],"gold_per_floor":[19,30,30,30,47,47,97,111,111,124,134,134,167,10,10,85,85,97,111,125,66,81,81,81,81],"floor_reached":24,"language":"ENG","playtime":1442,"items_purged":[],"score":360,"play_id":"316b5a58-f36e-4efd-8855-42bf61797104","local_time":"20210202185130","is_ascension_mode":true,"campfire_choices":[{"floor":6,"key":"REST"},{"floor":12,"key":"REST"},{"data":"Reprogram","floor":15,"key":"SMITH"},{"floor":23,"key":"REST"}],"circlet_count":0,"master_deck":["AscendersBane","Strike_B","Strike_B","Strike_B","Strike_B","Defend_B","Defend_B+1","Defend_B","Defend_B+1","Zap","Dualcast","Hyperbeam+1","Reprogram+1","Beam Cell","Conserve Battery","Leap","Fusion","Fission","Sweeping Beam","Conserve Battery","Conserve Battery"],"relics":["Cracked Core","Pantograph","Oddly Smooth Stone","Snecko Eye","Akabeko"],"acts_visited":["Exordium","TheCity"],"potions_floor_usage":[13,22,24],"damage_taken":[{"damage":1,"enemies":"Cultist","floor":1,"turns":3},{"damage":7,"enemies":"Small Slimes","floor":2,"turns":2},{"damage":0,"enemies":"2 Louse","floor":5,"turns":1},{"damage":20,"enemies":"Gremlin Gang","floor":8,"turns":2},{"damage":6,"enemies":"Blue Slaver","floor":10,"turns":3},{"damage":6,"enemies":"Lots of Slimes","floor":11,"turns":3},{"damage":17,"enemies":"Lagavulin","floor":13,"turns":6},{"damage":10,"enemies":"The Guardian","floor":16,"turns":11},{"damage":0,"enemies":"Spheric Guardian","floor":18,"turns":3},{"damage":29,"enemies":"3 Byrds","floor":19,"turns":4},{"damage":0,"enemies":"Centurion and Healer","floor":20,"turns":5},{"damage":6,"enemies":"Snake Plant","floor":22,"turns":5},{"damage":61,"enemies":"Gremlin Leader","floor":24,"turns":8}],"seed_played":"-386480395091483596","potions_obtained":[{"floor":1,"key":"ColorlessPotion"},{"floor":8,"key":"Dexterity Potion"},{"floor":13,"key":"Weak Potion"},{"floor":22,"key":"ColorlessPotion"}],"is_trial":false,"path_per_floor":["M","M","?","?","M","R","?","M","T","M","M","R","E","$","R","B",null,"M","M","M","?","M","R","E"],"character_chosen":"DEFECT","items_purchased":["Oddly Smooth Stone"],"campfire_rested":3,"item_purchase_floors":[14],"current_hp_per_floor":[63,56,56,35,35,56,56,36,36,30,24,45,28,28,28,43,64,64,35,35,35,29,50,0,0],"gold":81,"neow_bonus":"THREE_RARE_CARDS","is_daily":false,"chose_seed":false,"campfire_upgraded":1,"win_rate":0.0,"timestamp":1612320690,"path_taken":["M","M","?","?","M","R","?","M","T","M","M","R","E","$","R","BOSS","M","?","M","?","?","R","E"],"items_purchased_type":["Relic"],"build_version":"2020-12-22","purchased_purges":0,"victory":false,"max_hp_per_floor":[71,71,71,71,71,71,71,71,71,71,71,71,71,71,71,71,71,71,71,71,71,71,71,71,71],"relic_stats":{"counters":[13,56],"Pantograph":25,"Snecko Eye":[46,44,51,39],"obtain_stats":[{"Pantograph":13,"Oddly Smooth Stone":14,"Snecko Eye":17,"Cracked Core":0,"Akabeko":21},{"Pantograph":7,"Oddly Smooth Stone":7,"Snecko Eye":8,"Cracked Core":0,"Akabeko":11},{"Pantograph":20,"Oddly Smooth Stone":20,"Snecko Eye":31,"Cracked Core":0,"Akabeko":43}]},"card_choices":[{"not_picked":["Thunder Strike","Amplify"],"picked":"Hyperbeam","floor":0},{"not_picked":["Tempest","Rebound"],"picked":"Reprogram","floor":1},{"not_picked":["Doom and Gloom","Capacitor"],"picked":"Beam Cell","floor":2},{"not_picked":["Static Discharge","Redo"],"picked":"Conserve Battery","floor":5},{"not_picked":["Sunder","Turbo","Ball Lightning"],"picked":"SKIP","floor":8},{"not_picked":["Cold Snap","Ball Lightning"],"picked":"Leap","floor":10},{"not_picked":["Heatsinks","Cold Snap"],"picked":"Fusion","floor":11},{"not_picked":["Meteor Strike","Rebound","Beam Cell"],"picked":"SKIP","floor":13},{"not_picked":["Thunder Strike","Creative AI"],"picked":"Fission","floor":16},{"not_picked":["Tempest+1","Coolheaded"],"picked":"Sweeping Beam","floor":18},{"not_picked":["Conserve Battery","Ball Lightning","BootSequence"],"picked":"SKIP","floor":19},{"not_picked":["Consume","Defragment"],"picked":"Conserve Battery","floor":20},{"not_picked":["Turbo","Chill"],"picked":"Conserve Battery","floor":22}],"player_experience":1355154,"relics_obtained":[{"floor":13,"key":"Pantograph"}],"event_choices":[{"damage_healed":0,"gold_gain":0,"player_choice":"Grow","damage_taken":0,"max_hp_gain":0,"max_hp_loss":0,"event_name":"Living Wall","floor":3,"gold_loss":0,"cards_upgraded":["Hyperbeam"]},{"damage_healed":0,"gold_gain":0,"player_choice":"Entered Light","damage_taken":21,"max_hp_gain":0,"max_hp_loss":0,"event_name":"Shining Light","floor":4,"gold_loss":0,"cards_upgraded":["Defend_B","Defend_B"]},{"damage_healed":0,"gold_gain":50,"player_choice":"Pray","damage_taken":0,"max_hp_gain":0,"max_hp_loss":0,"event_name":"Golden Shrine","floor":7,"gold_loss":0},{"damage_healed":0,"gold_gain":0,"player_choice":"Paid Gold","damage_taken":0,"relics_obtained":["Akabeko"],"max_hp_gain":0,"max_hp_loss":0,"event_name":"WeMeetAgain","floor":21,"gold_loss":59}],"is_beta":false,"boss_relics":[{"not_picked":["Tiny House","FrozenCore"],"picked":"Snecko Eye"}],"items_purged_floors":[],"is_endless":false,"potions_floor_spawned":[1,8,10,11,13,22],"killed_by":"Gremlin Leader","ascension_level":16}}