{"host":"l84l8xigz5v5foa2","time":1612337653,"event":{"mods":["2.2 Compatiblity","AchievementEnabler","BaseMod","Better Note","Better Vampires","BetterRewards","Card Filter","Colored Map","DeckTracker","Downfall","Gremlin Skip","Highlight Path","Keyboard Shortcuts","Minty Spire (QoL Compilation)","Permanent Neow","Quick Restart","Relic Filter","Relic Stats","StSLib","SuperFastMode","Transform Curses","Unknown Chances"],"gold_per_floor":[114,114,165,90,107,107,125,158,229,229,229,229,229,261,261,337,337,347,365,121,132,132,132,132,132,177,212,232,232,232,252,252,326,326,344,360,45,67,94,94,122,122,192,227,250,250,69,69,69,69,69,69,69],"floor_reached":51,"language":"ENG","playtime":1707,"items_purged":["hexamod:Strike","Parasite"],"score":1506,"play_id":"7a231e97-920e-48b8-beae-1d63299cc01a","local_time":"20210203163413","is_ascension_mode":true,"campfire_choices":[{"data":"hexamod:Float","floor":6.0,"key":"SMITH"},{"data":"hexamod:Incineration","floor":10.0,"key":"SMITH"},{"data":"hexamod:SuperheatedStrike","floor":12.0,"key":"SMITH"},{"floor":15.0,"key":"REST"},{"data":"hexamod:Rewind","floor":23.0,"key":"SMITH"},{"data":"hexamod:HexaLevel","floor":25.0,"key":"SMITH"},{"data":"hexamod:ThermalTransfer","floor":29.0,"key":"SMITH"},{"data":"hexamod:TimeWarp","floor":32.0,"key":"SMITH"},{"floor":40.0,"key":"REST"},{"floor":42.0,"key":"RECALL"},{"data":"Thinking Ahead","floor":49.0,"key":"SMITH"}],"circlet_count":0,"master_deck":["AscendersBane","hexamod:Strike+1","hexamod:Defend","hexamod:Defend+1","hexamod:Defend","hexamod:Defend+1","hexamod:Sear+1","hexamod:Float+1","hexamod:SuperheatedStrike+1","hexamod:ThermalTransfer+1","hexamod:Incineration+1","hexamod:ThirdSeal","hexamod:FirstSeal","hexamod:TimeWarp+1","hexamod:HexaLevel+1","hexamod:FourthSeal","hexamod:AdvancingGuard+1","hexamod:RainOfEmbers+1","hexamod:GhostOfSpirePast+1","hexamod:Rewind+1","hexamod:SpectersWail+1","hexamod:PhantomFireball+1","hexamod:Hexaguard+1","hexamod:SixthSeal","hexamod:WildfireWeapon","hexamod:SecondSeal","hexamod:Haunt+1","hexamod:ApocalypseNow+1","hexamod:HauntingEcho+1","hexamod:Rewind+1","Thinking Ahead+1"],"relics":["hexamod:SpiritBrand","FossilizedHelix","Bag of Preparation","Juzu Bracelet","Question Card","hexamod:Sixitude","sneckomod:SneckoTalon","Happy Flower","Nilry\u0027s Codex","Torii","Philosopher\u0027s Stone","Ice Cream","Shuriken","Whetstone"],"acts_visited":["Exordium","TheCity","TheBeyond"],"potions_floor_usage":[50,50],"damage_taken":[{"damage":0.0,"enemies":"Jaw Worm","floor":1.0,"turns":3.0},{"damage":0.0,"enemies":"2 Louse","floor":5.0,"turns":3.0},{"damage":0.0,"enemies":"Small Slimes","floor":7.0,"turns":3.0},{"damage":13.0,"enemies":"Gremlin Nob","floor":8.0,"turns":4.0},{"damage":14.0,"enemies":"Lagavulin","floor":14.0,"turns":6.0},{"damage":24.0,"enemies":"Hexaghost","floor":16.0,"turns":9.0},{"damage":0.0,"enemies":"Chosen","floor":18.0,"turns":3.0},{"damage":22.0,"enemies":"Spheric Guardian","floor":19.0,"turns":4.0},{"damage":0.0,"enemies":"Cultist and Chosen","floor":21.0,"turns":4.0},{"damage":15.0,"enemies":"Book of Stabbing","floor":27.0,"turns":4.0},{"damage":6.0,"enemies":"Snake Plant","floor":28.0,"turns":4.0},{"damage":0.0,"enemies":"Sentry and Sphere","floor":31.0,"turns":4.0},{"damage":0.0,"enemies":"Champ","floor":33.0,"turns":7.0},{"damage":0.0,"enemies":"Orb Walker","floor":35.0,"turns":3.0},{"damage":20.0,"enemies":"3 Darklings","floor":36.0,"turns":4.0},{"damage":27.0,"enemies":"Spire Growth","floor":38.0,"turns":4.0},{"damage":0.0,"enemies":"Transient","floor":39.0,"turns":6.0},{"damage":0.0,"enemies":"Maw","floor":41.0,"turns":5.0},{"damage":6.0,"enemies":"Giant Head","floor":44.0,"turns":6.0},{"damage":0.0,"enemies":"Writhing Mass","floor":45.0,"turns":4.0},{"damage":56,"enemies":"Donu and Deca","floor":50,"turns":7},{"damage":9,"enemies":"Awakened One","floor":51,"turns":2}],"seed_played":"-2085867980526958613","potions_obtained":[{"floor":7.0,"key":"Weak Potion"},{"floor":14.0,"key":"LiquidBronze"},{"floor":19.0,"key":"LiquidMemories"},{"floor":21.0,"key":"Strength Potion"},{"floor":27.0,"key":"Regen Potion"},{"floor":28.0,"key":"Block Potion"},{"floor":28.0,"key":"AttackPotion"},{"floor":33.0,"key":"FearPotion"},{"floor":36.0,"key":"hexamod:DoubleChargePotion"},{"floor":38.0,"key":"Swift Potion"},{"floor":39.0,"key":"Explosive Potion"},{"floor":41.0,"key":"SkillPotion"},{"floor":44.0,"key":"hexamod:DoubleChargePotion"},{"floor":45.0,"key":"Fruit Juice"},{"floor":45.0,"key":"SmokeBomb"}],"is_trial":false,"path_per_floor":["M","?","T","?","M","R","M","E","T","R","?","R","?","E","R","B",null,"M","M","$","M","?","R","?","R","T","E","M","R","?","M","R","B",null,"M","M","$","M","M","R","M","R","T","E","M","?","$","?","R","B","B"],"character_chosen":"THE_SPIRIT","items_purchased":["Happy Flower","Ice Cream","DuplicationPotion"],"campfire_rested":2,"item_purchase_floors":[20,37,47],"current_hp_per_floor":[42,42,42,42,42,42,42,29,29,29,22,22,22,15,33,16,51,58,43,43,50,29,29,29,29,29,21,34,34,34,41,41,48,59,63,50,50,30,37,55,62,62,62,63,68,58,58,58,58,9,0,0,0],"gold":69,"neow_bonus":"ONE_RARE_RELIC","is_daily":false,"chose_seed":false,"campfire_upgraded":8,"win_rate":0.0,"timestamp":1612337653,"path_taken":["M","?","?","?","M","R","M","E","T","R","?","R","?","E","R","BOSS","M","M","$","M","?","R","?","R","T","E","M","R","?","M","R","BOSS","M","M","$","M","M","R","M","R","T","E","M","?","$","?","R","BOSS","BOSS"],"items_purchased_type":["Relic","Relic","Potion"],"build_version":"2020-12-22","purchased_purges":2,"victory":false,"max_hp_per_floor":[63,63,63,63,63,63,63,63,63,63,63,63,63,63,63,63,63,63,63,63,63,63,63,63,63,63,63,63,63,63,63,63,63,63,63,63,63,63,63,63,63,63,63,63,68,68,65,65,65,65,65,65,65],"relic_stats":{"Happy Flower":[21],"Torii":4,"counters":[22,99],"Shuriken":[14],"Bag of Preparation":[42],"Juzu Bracelet":1,"Whetstone":["hexamod:PhantomFireball","hexamod:HauntingEcho"],"Question Card":35,"obtain_stats":[{"Ice Cream":37,"Happy Flower":20,"Torii":27,"Nilry\u0027s Codex":22,"hexamod:Sixitude":14,"Bag of Preparation":3,"Juzu Bracelet":8,"Whetstone":44,"Question Card":9,"sneckomod:SneckoTalon":17,"Shuriken":43,"Philosopher\u0027s Stone":34,"hexamod:SpiritBrand":0,"FossilizedHelix":0},{"Ice Cream":15,"Happy Flower":8,"Torii":10,"Nilry\u0027s Codex":9,"hexamod:Sixitude":5,"Bag of Preparation":1,"Juzu Bracelet":4,"Whetstone":19,"Question Card":4,"sneckomod:SneckoTalon":6,"Shuriken":18,"Philosopher\u0027s Stone":13,"hexamod:SpiritBrand":0,"FossilizedHelix":0},{"Ice Cream":65,"Happy Flower":35,"Torii":43,"Nilry\u0027s Codex":39,"hexamod:Sixitude":19,"Bag of Preparation":3,"Juzu Bracelet":13,"Whetstone":86,"Question Card":13,"sneckomod:SneckoTalon":28,"Shuriken":80,"Philosopher\u0027s Stone":58,"hexamod:SpiritBrand":0,"FossilizedHelix":0}]},"card_choices":[{"not_picked":["hexamod:SkipABeat","hexamod:RecurringNightmare"],"picked":"hexamod:SuperheatedStrike","floor":1.0},{"not_picked":["hexamod:NightmareGuise","hexamod:AdvancingGuard"],"picked":"hexamod:ThermalTransfer","floor":5.0},{"not_picked":["hexamod:GhostflameBarrier","hexamod:FlamesFromBeyond"],"picked":"hexamod:Incineration","floor":7.0},{"not_picked":["hexamod:GhostOfSpireFuture","hexamod:FifthSeal"],"picked":"hexamod:ThirdSeal","floor":8.0},{"not_picked":["hexamod:RetreatToShadows","hexamod:NightmareStrike","hexamod:PowerFromBeyond","hexamod:HeatMetal"],"picked":"SKIP","floor":14.0},{"not_picked":["hexamod:SpectralSpark","hexamod:FlamesFromBeyond","hexamod:SuperheatedStrike","hexamod:EmpoweredFlame"],"picked":"SKIP","floor":14.0},{"not_picked":["hexamod:Toasty","hexamod:HexaLevel","hexamod:GhostflameInferno"],"picked":"hexamod:TimeWarp","floor":16.0},{"not_picked":["hexamod:VolcanoVisage","hexamod:WildfireWeapon","hexamod:ApocalypticArmor"],"picked":"hexamod:HexaLevel","floor":16.0},{"not_picked":["hexamod:AdvancingGuard","hexamod:FastForward","hexamod:NightmareStrike"],"picked":"hexamod:FourthSeal","floor":18.0},{"not_picked":["hexamod:BacktrackSmack","hexamod:ShieldOfDarkness","hexamod:NightmareGuise"],"picked":"hexamod:AdvancingGuard","floor":18.0},{"not_picked":["hexamod:HauntingEcho","hexamod:PhantomCloak","hexamod:NightmareGuise"],"picked":"hexamod:RainOfEmbers+1","floor":19.0},{"not_picked":["hexamod:RainOfEmbers","hexamod:FastForward","hexamod:ShieldOfDarkness+1"],"picked":"hexamod:GhostOfSpirePast+1","floor":19.0},{"not_picked":["hexamod:Hexaguard","hexamod:HeatMetal","hexamod:SearingWound"],"picked":"hexamod:Rewind","floor":21.0},{"not_picked":["hexamod:AdvancingGuard","hexamod:ThermalTransfer","hexamod:GhostLash","hexamod:EmpoweredFlame+1"],"picked":"SKIP","floor":21.0},{"not_picked":["hexamod:FastForward","hexamod:BurningTouch","hexamod:ThermalTransfer"],"picked":"hexamod:SpectersWail+1","floor":27.0},{"not_picked":["hexamod:SwordOfDarkness","hexamod:HeatMetal","hexamod:BurningTouch"],"picked":"hexamod:PhantomFireball","floor":28.0},{"not_picked":["hexamod:NightmareStrike","hexamod:EmpoweredFlame","hexamod:PowerFromBeyond"],"picked":"hexamod:Hexaguard","floor":28.0},{"not_picked":["hexamod:BurningTouch","hexamod:NightmareStrike","hexamod:RainOfEmbers+1","hexamod:CatchUp"],"picked":"SKIP","floor":31.0},{"not_picked":["hexamod:SuperheatedStrike+1","hexamod:Hexaguard","hexamod:NightmareStrike","hexamod:SpectersWail"],"picked":"SKIP","floor":31.0},{"not_picked":["hexamod:BurningTouch","hexamod:NightmareStrike","hexamod:RainOfEmbers+1","hexamod:CatchUp"],"picked":"SKIP","floor":31.0},{"not_picked":["hexamod:SuperheatedStrike+1","hexamod:Hexaguard","hexamod:NightmareStrike","hexamod:SpectersWail"],"picked":"SKIP","floor":31.0},{"not_picked":["hexamod:GhostOfSpirePresent","hexamod:SearingWound","hexamod:VolcanoVisage"],"picked":"hexamod:SixthSeal","floor":33.0},{"not_picked":["hexamod:Toasty","hexamod:TimeWarp","hexamod:GhostOfSpirePresent"],"picked":"hexamod:WildfireWeapon","floor":33.0},{"not_picked":["hexamod:RecurringNightmare","hexamod:FlamesFromBeyond","hexamod:NightmareGuise"],"picked":"hexamod:SecondSeal","floor":35.0},{"not_picked":["hexamod:FastForward","hexamod:GhostLash","hexamod:ThermalTransfer","hexamod:GhostShield"],"picked":"SKIP","floor":35.0},{"not_picked":["hexamod:SearingWound","hexamod:SwordOfDarkness","hexamod:RadiantFlame"],"picked":"hexamod:Haunt+1","floor":36.0},{"not_picked":["hexamod:ThermalTransfer","hexamod:FlamesFromBeyond","hexamod:SuperheatedStrike","hexamod:GhostLash+1"],"picked":"SKIP","floor":36.0},{"not_picked":["hexamod:InspiringFlames","hexamod:GhostLash","hexamod:BurningTouch+1","hexamod:SecondSeal"],"picked":"SKIP","floor":38.0},{"not_picked":["hexamod:NightmareGuise","hexamod:SuperheatedStrike","hexamod:Hexaguard","hexamod:SwordOfDarkness"],"picked":"SKIP","floor":38.0},{"not_picked":["hexamod:BacktrackSmack+1","hexamod:FourthSeal","hexamod:PhantomFireball"],"picked":"hexamod:ApocalypseNow","floor":39.0},{"not_picked":["hexamod:FirstSeal","hexamod:ChargedBarrage","hexamod:ExtraCrispy","hexamod:NecessarySacrifice"],"picked":"SKIP","floor":39.0},{"not_picked":["hexamod:SuperheatedStrike+1","hexamod:FlamesFromBeyond","hexamod:FastForward+1"],"picked":"hexamod:HauntingEcho","floor":41.0},{"not_picked":["hexamod:BurningTouch","hexamod:ShieldOfDarkness","hexamod:SwordOfDarkness","hexamod:EmpoweredFlame"],"picked":"SKIP","floor":41.0},{"not_picked":["hexamod:HeatMetal","hexamod:NightmareGuise","hexamod:ApocalypticArmor","hexamod:DynamicBlow"],"picked":"SKIP","floor":44.0},{"not_picked":["hexamod:Rewind","hexamod:BurningTouch+1","hexamod:SpectralSpark","hexamod:SuperheatedStrike"],"picked":"SKIP","floor":44.0},{"not_picked":["hexamod:BurningTouch+1","hexamod:SpectralSpark","hexamod:SuperheatedStrike"],"picked":"hexamod:Rewind","floor":44.0},{"not_picked":["hexamod:HeatMetal","hexamod:NightmareGuise","hexamod:ApocalypticArmor","hexamod:DynamicBlow"],"picked":"SKIP","floor":44.0},{"not_picked":["hexamod:BurningTouch","hexamod:SoulSteal","hexamod:GhostShield","hexamod:NightmareStrike+1"],"picked":"SKIP","floor":45.0},{"not_picked":["hexamod:PowerFromBeyond+1","hexamod:SuperheatedStrike","hexamod:BurningTouch+1","hexamod:EmpoweredFlame"],"picked":"SKIP","floor":45.0},{"not_picked":["Finesse","Swift Strike","Blind"],"picked":"Thinking Ahead","floor":46.0}],"player_experience":3530408,"relics_obtained":[{"floor":3.0,"key":"Bag of Preparation"},{"floor":8.0,"key":"Juzu Bracelet"},{"floor":9.0,"key":"Question Card"},{"floor":14.0,"key":"hexamod:Sixitude"},{"floor":22.0,"key":"Nilry\u0027s Codex"},{"floor":27.0,"key":"Torii"},{"floor":43.0,"key":"Shuriken"},{"floor":44.0,"key":"Whetstone"}],"event_choices":[{"damage_healed":0.0,"max_hp_gain":0.0,"max_hp_loss":0.0,"gold_gain":0.0,"event_name":"Liars Game","player_choice":"Ignored","floor":2.0,"gold_loss":0.0,"damage_taken":0.0},{"cards_removed":["hexamod:Strike"],"damage_healed":0.0,"max_hp_gain":0.0,"max_hp_loss":0.0,"gold_gain":0.0,"event_name":"The Cleric","player_choice":"Card Removal","floor":4.0,"gold_loss":75.0,"damage_taken":0.0},{"damage_healed":0.0,"max_hp_gain":0.0,"max_hp_loss":0.0,"gold_gain":0.0,"event_name":"Cursed Tome","player_choice":"Obtained Book","floor":22.0,"gold_loss":0.0,"damage_taken":21.0},{"damage_healed":0.0,"max_hp_gain":0.0,"max_hp_loss":0.0,"gold_gain":0.0,"event_name":"Vampires","player_choice":"Ignored","floor":24.0,"gold_loss":0.0,"damage_taken":0.0},{"damage_healed":0.0,"max_hp_gain":0.0,"max_hp_loss":0.0,"gold_gain":0.0,"event_name":"SensoryStone","player_choice":"Memory 3","floor":46.0,"gold_loss":0.0,"damage_taken":10.0}],"is_beta":false,"boss_relics":[{"not_picked":["Busted Crown","SlaversCollar"],"picked":"sneckomod:SneckoTalon"},{"not_picked":["Coffee Dripper","hexamod:IceCube"],"picked":"Philosopher\u0027s Stone"}],"items_purged_floors":[20,47],"is_endless":false,"potions_floor_spawned":[7,14,21,27,28,39,45],"killed_by":"Awakened One","ascension_level":20}}