{"host":"xes75gx807s8gyhc","time":1612312184,"event":{"mods":["AchievementEnabler","BaseMod","Colored Powertips","Curses Come First","Minty Spire (QoL Compilation)","Rare Cards Sparkle","Relic Stats","StSLib","Unceasing Turn Reminder","everything is the same but u backflip on backflip"],"gold_per_floor":[109,119,69,69,88,88,119,119,119,137,160,194,207,58,58,161,161,116,116,116,0,0,0,0,0,0,0,0,0,0,0,0,0,0,0,0,0,0,0,0,0,0,0,0,0,0,0,0,0,0,0],"floor_reached":50,"language":"ENG","playtime":2826,"items_purged":[],"score":578,"play_id":"ff4fb724-b650-418d-943b-5e9186a588ab","local_time":"20210202162944","is_ascension_mode":true,"campfire_choices":[{"data":"Eruption","floor":6.0,"key":"SMITH"},{"data":"PathToVictory","floor":8.0,"key":"SMITH"},{"data":"PathToVictory","floor":15.0,"key":"SMITH"},{"floor":23.0,"key":"REST"},{"data":"PathToVictory","floor":25.0,"key":"SMITH"},{"data":"CrushJoints","floor":30.0,"key":"SMITH"},{"data":"Ragnarok","floor":32.0,"key":"SMITH"},{"data":"Blasphemy","floor":40.0,"key":"SMITH"},{"floor":42.0,"key":"REST"},{"floor":45.0,"key":"REST"},{"data":"Wallop","floor":47.0,"key":"SMITH"},{"floor":49,"key":"REST"}],"circlet_count":0,"master_deck":["Strike_P","Strike_P","Strike_P","Defend_P","Defend_P","Defend_P","Defend_P","Eruption+1","Vigilance","PathToVictory+1","CrushJoints+1","EmptyBody","ThirdEye","PathToVictory+1","ClearTheMind","Weave","Ragnarok+1","EmptyMind","Ragnarok","PathToVictory+1","Nirvana","Blasphemy+1","CutThroughFate+1","BowlingBash+1","Protect+1","Tantrum+1","Study","ClearTheMind+1","Weave+1","Wallop+1","Adaptation+1"],"relics":["SlaversCollar","Ginger","Letter Opener","Orichalcum","Bag of Marbles","Melange","Ectoplasm","Blood Vial","White Beast Statue","Dream Catcher","VioletLotus","Pen Nib","Mummified Hand","Smiling Mask"],"acts_visited":["Exordium","TheCity","TheBeyond"],"potions_floor_usage":[48,48,50,50],"damage_taken":[{"damage":3.0,"enemies":"Jaw Worm","floor":1.0,"turns":3.0},{"damage":0.0,"enemies":"2 Louse","floor":2.0,"turns":3.0},{"damage":5.0,"enemies":"Small Slimes","floor":5.0,"turns":3.0},{"damage":20.0,"enemies":"Lagavulin","floor":7.0,"turns":8.0},{"damage":4.0,"enemies":"Blue Slaver","floor":10.0,"turns":4.0},{"damage":13.0,"enemies":"3 Sentries","floor":12.0,"turns":6.0},{"damage":3.0,"enemies":"Large Slime","floor":13.0,"turns":5.0},{"damage":4.0,"enemies":"Hexaghost","floor":16.0,"turns":7.0},{"damage":10.0,"enemies":"2 Thieves","floor":18.0,"turns":4.0},{"damage":5.0,"enemies":"Spheric Guardian","floor":19.0,"turns":4.0},{"damage":25.0,"enemies":"Shelled Parasite and Fungi","floor":20.0,"turns":5.0},{"damage":8.0,"enemies":"Centurion and Healer","floor":22.0,"turns":5.0},{"damage":7.0,"enemies":"Book of Stabbing","floor":24.0,"turns":4.0},{"damage":0.0,"enemies":"Snecko","floor":28.0,"turns":2.0},{"damage":12.0,"enemies":"Slavers","floor":31.0,"turns":4.0},{"damage":42.0,"enemies":"Automaton","floor":33.0,"turns":7.0},{"damage":47.0,"enemies":"3 Darklings","floor":35.0,"turns":7.0},{"damage":5.0,"enemies":"Orb Walker","floor":36.0,"turns":2.0},{"damage":9.0,"enemies":"Transient","floor":38.0,"turns":5.0},{"damage":42.0,"enemies":"Nemesis","floor":41.0,"turns":7.0},{"damage":10.0,"enemies":"Writhing Mass","floor":44.0,"turns":4.0},{"damage":11.0,"enemies":"3 Darklings","floor":46.0,"turns":6.0},{"damage":23,"enemies":"Reptomancer","floor":48,"turns":4},{"damage":42,"enemies":"Time Eater","floor":50,"turns":6}],"seed_played":"4601437289595754498","potions_obtained":[{"floor":2.0,"key":"Strength Potion"},{"floor":5.0,"key":"Block Potion"},{"floor":10.0,"key":"LiquidMemories"},{"floor":20.0,"key":"LiquidBronze"},{"floor":22.0,"key":"LiquidBronze"},{"floor":28.0,"key":"Swift Potion"},{"floor":31.0,"key":"DistilledChaos"},{"floor":33.0,"key":"Weak Potion"},{"floor":35.0,"key":"LiquidBronze"},{"floor":36.0,"key":"Explosive Potion"},{"floor":38.0,"key":"BlessingOfTheForge"},{"floor":41.0,"key":"BlessingOfTheForge"},{"floor":44.0,"key":"DistilledChaos"},{"floor":46.0,"key":"PowerPotion"},{"floor":48,"key":"LiquidBronze"}],"is_trial":false,"path_per_floor":["M","M","?","?","M","R","E","R","T","M","T","E","M","$","R","B",null,"M","M","M","?","M","R","E","R","T","$","M","?","R","E","R","B",null,"M","M","?","M","?","R","E","R","T","M","R","M","R","E","R","B"],"character_chosen":"WATCHER","items_purchased":["Melange"],"campfire_rested":4,"item_purchase_floors":[14],"current_hp_per_floor":[69,69,69,74,69,69,49,49,49,45,45,32,29,29,29,25,77,67,62,37,37,29,52,45,45,45,45,47,72,72,62,62,22,77,30,27,67,58,58,58,18,37,37,29,48,39,39,18,37,0,0],"gold":0,"neow_bonus":"BOSS_RELIC","is_daily":false,"chose_seed":false,"campfire_upgraded":8,"win_rate":0.0,"timestamp":1612312184,"path_taken":["M","M","?","?","M","R","E","R","T","M","?","E","M","$","R","BOSS","M","M","M","?","M","R","E","R","T","$","M","?","R","E","R","BOSS","M","M","?","M","?","R","E","R","T","?","R","M","R","E","R","BOSS"],"items_purchased_type":["Relic"],"build_version":"2020-12-22","purchased_purges":0,"victory":false,"max_hp_per_floor":[72,72,72,77,77,77,77,77,77,77,77,77,77,77,77,77,77,77,77,77,77,77,77,77,77,77,77,77,77,77,77,77,77,77,77,77,67,67,64,64,64,64,64,64,64,64,64,64,64,64,64],"relic_stats":{"counters":[24,115],"Melange":[42],"Pen Nib":[3],"Ginger":[4],"Letter Opener":[170],"Orichalcum":[144],"Smiling Mask":0,"Blood Vial":18,"Dream Catcher":3,"Mummified Hand":[12],"Ectoplasm":405,"VioletLotus":[7],"obtain_stats":[{"Melange":14,"Pen Nib":41,"Ginger":7,"Letter Opener":9,"Orichalcum":11,"Smiling Mask":48,"White Beast Statue":26,"Blood Vial":24,"SlaversCollar":0,"Dream Catcher":31,"Mummified Hand":43,"Ectoplasm":17,"VioletLotus":34,"Bag of Marbles":12,"PureWater":0},{"Melange":7,"Pen Nib":20,"Ginger":4,"Letter Opener":4,"Orichalcum":5,"Smiling Mask":23,"White Beast Statue":13,"Blood Vial":13,"SlaversCollar":0,"Dream Catcher":15,"Mummified Hand":20,"Ectoplasm":8,"VioletLotus":16,"Bag of Marbles":6,"PureWater":0},{"Melange":32,"Pen Nib":95,"Ginger":17,"Letter Opener":17,"Orichalcum":21,"Smiling Mask":109,"White Beast Statue":61,"Blood Vial":61,"SlaversCollar":0,"Dream Catcher":67,"Mummified Hand":95,"Ectoplasm":39,"VioletLotus":74,"Bag of Marbles":27,"PureWater":0}]},"card_choices":[{"not_picked":["InnerPeace","Vengeance"],"picked":"PathToVictory","floor":1.0},{"not_picked":["SashWhip","Nirvana"],"picked":"CrushJoints","floor":2.0},{"not_picked":["FollowUp","Indignation"],"picked":"EmptyBody","floor":5.0},{"not_picked":["EmptyFist","CrushJoints"],"picked":"ThirdEye","floor":7.0},{"not_picked":["MentalFortress","Conclude"],"picked":"PathToVictory","floor":10.0},{"not_picked":["Worship","FlurryOfBlows"],"picked":"ClearTheMind","floor":12.0},{"not_picked":["FlyingSleeves","Consecrate"],"picked":"Weave","floor":13.0},{"not_picked":["MasterReality","Judgement"],"picked":"Ragnarok","floor":16.0},{"not_picked":["EmptyBody","Halt","SashWhip"],"picked":"SKIP","floor":18.0},{"not_picked":["Perseverance","Prostrate+1"],"picked":"EmptyMind","floor":19.0},{"not_picked":["FollowUp+1","ReachHeaven"],"picked":"Ragnarok","floor":20.0},{"not_picked":["JustLucky","EmptyBody"],"picked":"PathToVictory","floor":22.0},{"not_picked":["SashWhip","Consecrate","Prostrate"],"picked":"SKIP","floor":24.0},{"not_picked":["InnerPeace","EmptyFist","Prostrate"],"picked":"SKIP","floor":28.0},{"not_picked":["ThirdEye","FlurryOfBlows"],"picked":"Nirvana","floor":31.0},{"not_picked":["LessonLearned","Alpha"],"picked":"Blasphemy","floor":33.0},{"not_picked":["PathToVictory+1","CrushJoints+1"],"picked":"CutThroughFate+1","floor":35.0},{"not_picked":["CutThroughFate","ClearTheMind+1"],"picked":"BowlingBash+1","floor":36.0},{"not_picked":["EmptyBody","WheelKick"],"picked":"Protect+1","floor":38.0},{"not_picked":["ForeignInfluence+1","ThirdEye+1"],"picked":"Tantrum+1","floor":41.0},{"not_picked":["MasterReality","SashWhip+1"],"picked":"Study","floor":42.0},{"not_picked":["FollowUp","EmptyFist"],"picked":"ClearTheMind+1","floor":44.0},{"not_picked":["FlurryOfBlows","CutThroughFate"],"picked":"Weave+1","floor":45.0},{"not_picked":["FlurryOfBlows+1","Conclude"],"picked":"Wallop","floor":46.0},{"not_picked":["Prostrate","CrushJoints+1","EmptyBody"],"picked":"SKIP","floor":48},{"not_picked":["PathToVictory+1","ReachHeaven"],"picked":"Adaptation+1","floor":49}],"player_experience":30727,"relics_obtained":[{"floor":7.0,"key":"Ginger"},{"floor":9.0,"key":"Letter Opener"},{"floor":11.0,"key":"Orichalcum"},{"floor":12.0,"key":"Bag of Marbles"},{"floor":24.0,"key":"Blood Vial"},{"floor":26.0,"key":"White Beast Statue"},{"floor":31.0,"key":"Dream Catcher"},{"floor":41.0,"key":"Pen Nib"},{"floor":43.0,"key":"Mummified Hand"},{"floor":48,"key":"Smiling Mask"}],"event_choices":[{"cards_removed":["Strike_P"],"damage_healed":0.0,"max_hp_gain":0.0,"max_hp_loss":0.0,"gold_gain":0.0,"event_name":"The Cleric","player_choice":"Card Removal","floor":3.0,"gold_loss":50.0,"damage_taken":0.0},{"damage_healed":0.0,"max_hp_gain":5.0,"max_hp_loss":0.0,"gold_gain":0.0,"event_name":"Big Fish","player_choice":"Donut","floor":4.0,"gold_loss":0.0,"damage_taken":0.0},{"damage_healed":0.0,"max_hp_gain":0.0,"max_hp_loss":0.0,"gold_gain":0.0,"event_name":"Masked Bandits","player_choice":"Paid Fearfully","floor":21.0,"gold_loss":116.0,"damage_taken":0.0},{"damage_healed":25.0,"max_hp_gain":0.0,"max_hp_loss":0.0,"gold_gain":0.0,"event_name":"The Library","player_choice":"Heal","floor":29.0,"gold_loss":0.0,"damage_taken":0.0},{"damage_healed":67.0,"max_hp_gain":0.0,"max_hp_loss":10.0,"gold_gain":0.0,"event_name":"The Moai Head","player_choice":"Heal","floor":37.0,"gold_loss":0.0,"damage_taken":0.0},{"damage_healed":0.0,"max_hp_gain":0.0,"max_hp_loss":3.0,"gold_gain":0.0,"event_name":"Winding Halls","player_choice":"Max HP","floor":39.0,"gold_loss":0.0,"damage_taken":0.0}],"is_beta":false,"boss_relics":[{"not_picked":["Fusion Hammer","Sozu"],"picked":"Ectoplasm"},{"not_picked":["Cursed Key","Busted Crown"],"picked":"VioletLotus"}],"items_purged_floors":[],"is_endless":false,"potions_floor_spawned":[2,5,10,20,22,28,31,33,35,36,38,41,44,46,48],"killed_by":"Time Eater","ascension_level":1}}