{"host":"sc0o2qwpf9j16a4i","time":1612371732,"event":{"mods":["AchievementEnabler","BaseMod","BetterRewards","Block Reminder","Colored Map","Colored Powertips","Custom Start","Highlight Path","Minty Spire (QoL Compilation)","Relic Stats"],"gold_per_floor":[113,6,19,94,19,53,53,88,88,119,131,159,159,159,159,282,282,295,295,43,43,56,97,97,130,155,190,224,255,255,276,276,445,445,500,559,605,605,644,644,682,72,97,97,122,147,181,209,209,209],"floor_reached":51,"language":"ENG","playtime":1741,"items_purged":["Strike_R","Pain","Strike_B"],"score":1009,"play_id":"26abb507-9917-48d5-badb-7e01cd3e649a","local_time":"20210203190212","daily_mods":["Chimera","Diverse","Elite Swarm"],"is_ascension_mode":false,"campfire_choices":[{"data":"Echo Form","floor":7,"key":"SMITH"},{"floor":15,"key":"REST"},{"data":"BattleHymn","floor":24,"key":"SMITH"},{"data":"Uppercut","floor":32,"key":"SMITH"},{"floor":40,"key":"REST"},{"data":"Wish","floor":44,"key":"SMITH"},{"data":"Echo Form","floor":49,"key":"SMITH"}],"circlet_count":0,"master_deck":["Bash","Survivor","Zap","Eruption","Strike_G","Defend_R","Defend_G","Defend_P","Inflame","SignatureMove","Sanctity","SashWhip","Echo Form+1","Ragnarok","BattleHymn+1","Corpse Explosion","Immolate","Pommel Strike","Uppercut+1","CutThroughFate+1","Reaper","RitualDagger","True Grit+1","Wish+1","Shockwave","Self Repair+1","Footwork+1","Echo Form+1","Backflip","Inflame","ThirdEye+1","Hologram+1"],"relics":["Burning Blood","Singing Bowl","PreservedInsect","Bag of Marbles","Anchor","Prayer Wheel","Golden Idol","Sozu","WarpedTongs","Orrery","MealTicket","Pear","Red Skull","Blood Vial","Red Mask","Matryoshka","MutagenicStrength","Philosopher\u0027s Stone","Charon\u0027s Ashes","Darkstone Periapt","Medical Kit","Bottled Lightning","Nunchaku","CeramicFish","Dream Catcher"],"acts_visited":["Exordium","TheCity","TheBeyond"],"potions_floor_usage":[10,27],"damage_taken":[{"damage":12,"enemies":"Cultist","floor":1,"turns":3},{"damage":5,"enemies":"Jaw Worm","floor":3,"turns":3},{"damage":24,"enemies":"Gremlin Nob","floor":6,"turns":4},{"damage":21,"enemies":"Lagavulin","floor":8,"turns":6},{"damage":15,"enemies":"3 Sentries","floor":10,"turns":5},{"damage":12,"enemies":"2 Louse","floor":11,"turns":3},{"damage":12,"enemies":"Lagavulin","floor":12,"turns":5},{"damage":22,"enemies":"Slime Boss","floor":16,"turns":6},{"damage":14,"enemies":"Spheric Guardian","floor":18,"turns":4},{"damage":0,"enemies":"Chosen","floor":22,"turns":3},{"damage":0,"enemies":"Gremlin Leader","floor":23,"turns":4},{"damage":0,"enemies":"Slavers","floor":25,"turns":2},{"damage":13,"enemies":"Gremlin Leader","floor":27,"turns":5},{"damage":0,"enemies":"Masked Bandits","floor":28,"turns":1},{"damage":5,"enemies":"Slavers","floor":29,"turns":2},{"damage":11,"enemies":"Snake Plant","floor":31,"turns":4},{"damage":64,"enemies":"Automaton","floor":33,"turns":11},{"damage":7,"enemies":"3 Shapes","floor":35,"turns":4},{"damage":69,"enemies":"2 Orb Walkers","floor":36,"turns":4},{"damage":0,"enemies":"Orb Walker","floor":37,"turns":2},{"damage":29,"enemies":"Sphere and 2 Shapes","floor":39,"turns":7},{"damage":38,"enemies":"Giant Head","floor":41,"turns":8},{"damage":2,"enemies":"Transient","floor":45,"turns":5},{"damage":0,"enemies":"Jaw Worm Horde","floor":46,"turns":1},{"damage":7,"enemies":"Nemesis","floor":47,"turns":7},{"damage":14,"enemies":"Spire Growth","floor":48,"turns":7},{"damage":67,"enemies":"Donu and Deca","floor":50,"turns":8}],"seed_played":"-8394229245326514117","potions_obtained":[{"floor":1,"key":"Weak Potion"},{"floor":16,"key":"Strength Potion"}],"is_trial":true,"path_per_floor":["M","$","M","?","$","E","R","E","T","E","M","E","?","?","R","B",null,"M","?","$","?","M","E","R","E","T","E","?","E","?","M","R","B",null,"M","?","M","?","M","R","E","$","T","R","M","M","E","M","R","B",null],"character_chosen":"IRONCLAD","items_purchased":["SignatureMove","Sanctity","Orrery","Medical Kit","Bottled Lightning","Backflip","Inflame"],"campfire_rested":2,"item_purchase_floors":[2,2,20,42,42,42,42],"current_hp_per_floor":[74,74,75,64,64,46,46,31,31,24,18,12,12,12,34,18,76,68,68,74,68,82,86,86,96,96,98,100,102,102,101,101,69,108,109,49,59,59,57,91,71,86,86,86,104,114,124,126,126,126],"gold":209,"neow_bonus":"","is_daily":false,"chose_seed":false,"campfire_upgraded":5,"win_rate":0.0,"timestamp":1612371732,"path_taken":["M","$","M","?","?","E","R","E","T","E","M","E","?","?","R","BOSS","M","?","?","?","M","E","R","E","T","E","?","E","?","M","R","BOSS","M","?","M","?","M","R","E","$","T","R","?","M","E","M","R","BOSS"],"items_purchased_type":["Card","Card","Relic","Relic","Relic","Card","Card"],"build_version":"2020-12-22","purchased_purges":3,"victory":true,"max_hp_per_floor":[80,80,80,80,80,80,80,80,80,82,82,82,76,76,76,76,76,76,76,82,82,84,86,86,96,96,98,100,102,102,106,106,108,108,110,112,114,114,116,116,116,116,116,116,120,122,124,126,126,126],"relic_stats":{"Darkstone Periapt":0,"Singing Bowl":42,"counters":[27,124],"Golden Idol":171,"CeramicFish":18,"PreservedInsect":399,"Charon\u0027s Ashes":[152],"Medical Kit":[5],"Burning Blood":139,"WarpedTongs":[85],"Sozu":8,"Blood Vial":15,"Nunchaku":[4],"Dream Catcher":0,"Prayer Wheel":9,"MealTicket":15,"obtain_stats":[{"Darkstone Periapt":41,"Singing Bowl":6,"CeramicFish":43,"Burning Blood":0,"Sozu":17,"Blood Vial":27,"Nunchaku":43,"Dream Catcher":47,"Matryoshka":29,"Prayer Wheel":12,"MealTicket":23,"Philosopher\u0027s Stone":34,"Red Mask":28,"Red Skull":26,"Pear":25,"Golden Idol":13,"PreservedInsect":8,"Charon\u0027s Ashes":36,"Medical Kit":42,"WarpedTongs":19,"Anchor":10,"MutagenicStrength":30,"Orrery":20,"Bag of Marbles":9,"Bottled Lightning":42},{"Darkstone Periapt":22,"Singing Bowl":3,"CeramicFish":22,"Burning Blood":0,"Sozu":8,"Blood Vial":13,"Nunchaku":22,"Dream Catcher":25,"Matryoshka":15,"Prayer Wheel":7,"MealTicket":11,"Philosopher\u0027s Stone":17,"Red Mask":14,"Red Skull":12,"Pear":12,"Golden Idol":7,"PreservedInsect":4,"Charon\u0027s Ashes":19,"Medical Kit":22,"WarpedTongs":9,"Anchor":5,"MutagenicStrength":15,"Orrery":9,"Bag of Marbles":4,"Bottled Lightning":22},{"Darkstone Periapt":96,"Singing Bowl":10,"CeramicFish":96,"Burning Blood":0,"Sozu":35,"Blood Vial":53,"Nunchaku":96,"Dream Catcher":109,"Matryoshka":56,"Prayer Wheel":29,"MealTicket":46,"Philosopher\u0027s Stone":71,"Red Mask":54,"Red Skull":48,"Pear":48,"Golden Idol":29,"PreservedInsect":16,"Charon\u0027s Ashes":79,"Medical Kit":96,"WarpedTongs":39,"Anchor":21,"MutagenicStrength":56,"Orrery":39,"Bag of Marbles":16,"Bottled Lightning":96}]},"card_choices":[{"not_picked":["Reflex","JustLucky"],"picked":"Inflame","floor":1},{"not_picked":["Rupture","Chaos"],"picked":"SashWhip","floor":3},{"not_picked":["Creative AI","Impervious"],"picked":"Echo Form","floor":6},{"not_picked":["Bullet Time","Fission"],"picked":"Ragnarok","floor":8},{"not_picked":["Multi-Cast","Alpha","Biased Cognition"],"picked":"Singing Bowl","floor":10},{"not_picked":["Iron Wave","Cloak And Dagger"],"picked":"BattleHymn","floor":11},{"not_picked":["Biased Cognition","Juggernaut"],"picked":"Corpse Explosion","floor":12},{"not_picked":["Alpha","Creative AI"],"picked":"Immolate","floor":16},{"not_picked":["Blade Dance","Streamline"],"picked":"Pommel Strike","floor":18},{"not_picked":["SandsOfTime","True Grit"],"picked":"Uppercut","floor":18},{"not_picked":["Dropkick","CrushJoints"],"picked":"CutThroughFate+1","floor":20},{"not_picked":["Fusion","Thunderclap","Envenom"],"picked":"Singing Bowl","floor":20},{"not_picked":["Deflect","Armaments","Darkness"],"picked":"Singing Bowl","floor":20},{"not_picked":["Sweeping Beam","Flechettes","Pommel Strike+1"],"picked":"Singing Bowl","floor":20},{"not_picked":["Beam Cell","Havoc+1"],"picked":"Reaper","floor":20},{"not_picked":["Fusion+1","Anger","Concentrate"],"picked":"Singing Bowl","floor":22},{"not_picked":["Deflect","Gash"],"picked":"True Grit+1","floor":22},{"not_picked":["Offering","Electrodynamics","ConjureBlade"],"picked":"Singing Bowl","floor":23},{"not_picked":["Corpse Explosion","MasterReality"],"picked":"Wish","floor":25},{"not_picked":["Night Terror","Offering","Core Surge"],"picked":"Singing Bowl","floor":27},{"not_picked":["Steam Power","InnerPeace","Iron Wave"],"picked":"Singing Bowl","floor":28},{"not_picked":["Electrodynamics","Buffer","Devotion"],"picked":"Singing Bowl","floor":29},{"not_picked":["Masterful Stab","Setup","Crescendo+1"],"picked":"Singing Bowl","floor":31},{"not_picked":["Metallicize+1","Bane","Wild Strike+1"],"picked":"Singing Bowl","floor":31},{"not_picked":["Multi-Cast","Phantasmal Killer","Meteor Strike"],"picked":"Singing Bowl","floor":33},{"not_picked":["Twin Strike","Darkness+1","Leap"],"picked":"Singing Bowl","floor":35},{"not_picked":["EmptyBody","Acrobatics+1"],"picked":"Shockwave","floor":35},{"not_picked":["EmptyBody","Go for the Eyes+1","SashWhip+1"],"picked":"Singing Bowl","floor":36},{"not_picked":["Sunder","Havoc+1","CarveReality"],"picked":"Singing Bowl","floor":37},{"not_picked":["Turbo+1","All Out Attack+1"],"picked":"Self Repair+1","floor":37},{"not_picked":["Cleave","Body Slam+1"],"picked":"Footwork+1","floor":39},{"not_picked":["Wild Strike+1","Reckless Charge","EmptyBody"],"picked":"Singing Bowl","floor":39},{"not_picked":["Machine Learning","Venomology"],"picked":"Echo Form","floor":41},{"not_picked":["Nirvana","Lockon+1","Warcry+1"],"picked":"Singing Bowl","floor":45},{"not_picked":["SashWhip+1","Wild Strike+1","Anger+1"],"picked":"Singing Bowl","floor":45},{"not_picked":["Wild Strike","Quick Slash+1","Melter+1"],"picked":"Singing Bowl","floor":46},{"not_picked":["JustLucky+1","Vengeance"],"picked":"ThirdEye+1","floor":46},{"not_picked":["Establishment","Die Die Die","DeusExMachina"],"picked":"Singing Bowl","floor":47},{"not_picked":["Blade Dance+1","Distraction"],"picked":"Hologram+1","floor":48},{"not_picked":["Body Slam","Leap","SashWhip+1"],"picked":"Singing Bowl","floor":48}],"player_experience":1161537,"relics_obtained":[{"floor":6,"key":"Singing Bowl"},{"floor":8,"key":"PreservedInsect"},{"floor":9,"key":"Bag of Marbles"},{"floor":10,"key":"Anchor"},{"floor":12,"key":"Prayer Wheel"},{"floor":23,"key":"MealTicket"},{"floor":25,"key":"Pear"},{"floor":26,"key":"Red Skull"},{"floor":27,"key":"Blood Vial"},{"floor":28,"key":"Red Mask"},{"floor":29,"key":"Matryoshka"},{"floor":36,"key":"Charon\u0027s Ashes"},{"floor":41,"key":"Darkstone Periapt"},{"floor":43,"key":"Nunchaku"},{"floor":43,"key":"CeramicFish"},{"floor":47,"key":"Dream Catcher"}],"event_choices":[{"damage_healed":0,"gold_gain":75,"player_choice":"Gather Gold","damage_taken":11,"max_hp_gain":0,"max_hp_loss":0,"event_name":"World of Goop","floor":4,"gold_loss":0},{"damage_healed":0,"gold_gain":0,"player_choice":"Lose Max HP","damage_taken":0,"relics_obtained":["Golden Idol"],"max_hp_gain":0,"max_hp_loss":6,"event_name":"Golden Idol","floor":13,"gold_loss":0},{"damage_healed":0,"gold_gain":0,"player_choice":"Ignored","damage_taken":0,"max_hp_gain":0,"max_hp_loss":0,"event_name":"Shining Light","floor":14,"gold_loss":0},{"damage_healed":0,"gold_gain":0,"player_choice":"Rummage","damage_taken":0,"relics_obtained":["WarpedTongs"],"max_hp_gain":0,"max_hp_loss":0,"event_name":"Accursed Blacksmith","floor":19,"gold_loss":0,"cards_obtained":["Pain"]},{"damage_healed":0,"gold_gain":0,"player_choice":"Joined the Cult","damage_taken":6,"max_hp_gain":0,"max_hp_loss":0,"event_name":"Nest","floor":21,"gold_loss":0,"cards_obtained":["RitualDagger"]},{"damage_healed":0,"gold_gain":0,"player_choice":"Fought Bandits","damage_taken":0,"max_hp_gain":0,"max_hp_loss":0,"event_name":"Masked Bandits","floor":28,"gold_loss":0},{"damage_healed":0,"gold_gain":0,"player_choice":"Inject Mutagens","damage_taken":0,"relics_obtained":["MutagenicStrength"],"max_hp_gain":0,"max_hp_loss":0,"event_name":"Drug Dealer","floor":30,"gold_loss":0},{"damage_healed":0,"gold_gain":0,"player_choice":"Fight","damage_taken":0,"max_hp_gain":0,"max_hp_loss":0,"event_name":"Mysterious Sphere","floor":36,"gold_loss":0},{"damage_healed":0,"gold_gain":0,"player_choice":"Bought 0 Potions","damage_taken":0,"max_hp_gain":0,"max_hp_loss":0,"event_name":"The Woman in Blue","floor":38,"gold_loss":0}],"is_beta":false,"boss_relics":[{"not_picked":["Black Blood","Tiny House"],"picked":"Sozu"},{"not_picked":["Astrolabe","Velvet Choker"],"picked":"Philosopher\u0027s Stone"}],"items_purged_floors":[5,20,42],"is_endless":false,"potions_floor_spawned":[1,16,25,27,29,33,36,41,45,47],"ascension_level":0}}