{"host":"92wx9z21c4p52du4","time":1612382805,"event":{"mods":["BaseMod","Downfall","Hermit","Minty Spire (QoL Compilation)","Reliquary","StSLib","The Hierophant"],"gold_per_floor":[114,114,125,125,143,143,143,143,143,174,27,27,27,54,54,44,44],"floor_reached":16,"language":"ENG","playtime":3351,"items_purged":[],"score":98,"play_id":"100707f5-3752-4e1e-ae9f-a4599c68beeb","local_time":"20210203140645","is_ascension_mode":false,"campfire_choices":[{"data":"hierophant:ChurchCoffers","floor":6,"key":"SMITH"},{"floor":8,"key":"RECALL"},{"data":"hierophant:TollTheBells","floor":12,"key":"SMITH"},{"data":"hierophant:Punish","floor":15,"key":"SMITH"}],"circlet_count":0,"master_deck":["hierophant:Strike_Hierophant","hierophant:Strike_Hierophant","hierophant:Strike_Hierophant","hierophant:Strike_Hierophant","hierophant:Punish+1","hierophant:Defend_Hierophant","hierophant:Defend_Hierophant","hierophant:Defend_Hierophant","hierophant:Defend_Hierophant","hierophant:ChurchCoffers+1","hierophant:Doubloon","hierophant:RecallFunds","hierophant:HolyVerse","hierophant:TollTheBells+1","hierophant:DivineIntervention"],"relics":["hierophant:PropheticMaskRelic","Tiny Chest","Lantern","reliquary:HotPoker","Pocketwatch","Matryoshka","MealTicket"],"acts_visited":["Exordium"],"potions_floor_usage":[16,16],"damage_taken":[{"damage":1,"enemies":"Jaw Worm","floor":1,"turns":4},{"damage":0,"enemies":"2 Louse","floor":3,"turns":1},{"damage":10,"enemies":"Cultist","floor":5,"turns":5},{"damage":30,"enemies":"Gremlin Nob","floor":10,"turns":4},{"damage":1,"enemies":"2 Fungi Beasts","floor":14,"turns":2},{"damage":45,"enemies":"Hexaghost","floor":16,"turns":10}],"seed_played":"2204684031748173549","potions_obtained":[{"floor":5,"key":"DistilledChaos"},{"floor":10,"key":"SkillPotion"}],"is_trial":false,"path_per_floor":["M","?","M","?","M","R","T","R","T","E","$","R","$","M","R","B"],"character_chosen":"HIEROPHANT","items_purchased":["MealTicket"],"campfire_rested":0,"item_purchase_floors":[11],"current_hp_per_floor":[74,71,71,71,61,61,61,61,61,31,31,31,46,45,45,0,0],"gold":44,"neow_bonus":"RANDOM_COMMON_RELIC","is_daily":false,"chose_seed":false,"campfire_upgraded":3,"win_rate":0.0,"timestamp":1612382805,"path_taken":["M","?","M","?","?","R","?","R","T","E","$","R","?","M","R","BOSS"],"items_purchased_type":["Relic"],"build_version":"2020-12-22","purchased_purges":0,"victory":false,"max_hp_per_floor":[75,75,75,75,75,75,75,75,75,75,75,75,75,75,75,75,75],"card_choices":[{"not_picked":["hierophant:Purify","hierophant:HammerAndAnvil"],"picked":"hierophant:Smite","floor":1},{"not_picked":["hierophant:AuricShield","hierophant:ThreeLashes"],"picked":"hierophant:RecallFunds","floor":3},{"not_picked":["hierophant:FieryStrike","hierophant:AuricBeam"],"picked":"hierophant:HolyVerse","floor":5},{"not_picked":["hierophant:Sermon","hierophant:Dazzle"],"picked":"hierophant:TollTheBells","floor":10},{"not_picked":["hierophant:Bribe","hierophant:Chorus"],"picked":"hierophant:DivineIntervention","floor":14}],"player_experience":238272,"relics_obtained":[{"floor":7,"key":"Pocketwatch"},{"floor":10,"key":"Matryoshka"}],"event_choices":[{"damage_healed":0,"gold_gain":0,"player_choice":"Success","damage_taken":3,"relics_obtained":["Lantern"],"max_hp_gain":0,"max_hp_loss":0,"event_name":"Scrap Ooze","floor":2,"gold_loss":0},{"cards_removed":["hierophant:Smite"],"damage_healed":0,"gold_gain":0,"player_choice":"Gave Card","damage_taken":0,"relics_obtained":["reliquary:HotPoker"],"max_hp_gain":0,"max_hp_loss":0,"event_name":"WeMeetAgain","floor":4,"gold_loss":0}],"is_beta":false,"boss_relics":[],"items_purged_floors":[],"is_endless":false,"potions_floor_spawned":[5,10],"killed_by":"Hexaghost","ascension_level":0}}