{"host":"9w1j3v3kvq5208ps","time":1612332602,"event":{"mods":["2.2 Compatiblity","BaseMod","CapriCore","Colored Map","DeckTracker","Highlight Path","Keyboard Shortcuts","Minty Spire (QoL Compilation)","Permanent Neow","Quick Restart","StSLib","SuperFastMode","The Immortal","everything is the same but u backflip on backflip"],"gold_per_floor":[114,129,54,129,129,129,141,156,156,156,187,207,217,217,217,320,320,334,348,248,262,273,273,273,273],"floor_reached":24,"language":"KOR","playtime":1297,"items_purged":["Strike_R","Strike_R"],"score":230,"play_id":"6ec9099f-d29d-4433-897b-824ca97430b7","local_time":"20210203151002","is_ascension_mode":true,"campfire_choices":[{"data":"Hemokinesis","floor":6,"key":"SMITH"},{"data":"Shockwave","floor":10,"key":"SMITH"},{"floor":15,"key":"REST"},{"floor":23,"key":"REST"}],"circlet_count":0,"master_deck":["Strike_R","Strike_R","Defend_R","Defend_R","Defend_R","Defend_R","Bash","True Grit","Armaments","Hemokinesis+1","Fire Breathing","Shockwave+1","Evolve","Shrug It Off","Blood for Blood","Double Tap","Reckless Charge+1","Infernal Blade+1","Disarm+1"],"relics":["Burning Blood","Ornamental Fan","Bottled Lightning","SacredBark"],"acts_visited":["Exordium","TheCity"],"potions_floor_usage":[8,16,16,16,22,24],"damage_taken":[{"damage":6,"enemies":"2 Louse","floor":1,"turns":3},{"damage":4,"enemies":"Small Slimes","floor":2,"turns":5},{"damage":2,"enemies":"Cultist","floor":7,"turns":2},{"damage":16,"enemies":"Large Slime","floor":8,"turns":5},{"damage":7,"enemies":"Lagavulin","floor":11,"turns":7},{"damage":23,"enemies":"Gremlin Gang","floor":12,"turns":7},{"damage":7,"enemies":"Blue Slaver","floor":13,"turns":6},{"damage":33,"enemies":"Hexaghost","floor":16,"turns":12},{"damage":48,"enemies":"Spheric Guardian","floor":18,"turns":8},{"damage":14,"enemies":"Shell Parasite","floor":19,"turns":6},{"damage":10,"enemies":"Chosen and Byrds","floor":21,"turns":5},{"damage":11,"enemies":"Centurion and Healer","floor":22,"turns":5},{"damage":46,"enemies":"Slavers","floor":24,"turns":5}],"seed_played":"-2633901872179517945","potions_obtained":[{"floor":2,"key":"AttackPotion"},{"floor":12,"key":"DistilledChaos"},{"floor":13,"key":"ColorlessPotion"},{"floor":14,"key":"Regen Potion"},{"floor":16,"key":"Swift Potion"},{"floor":19,"key":"EssenceOfSteel"},{"floor":21,"key":"LiquidMemories"}],"is_trial":false,"path_per_floor":["M","M","$","?","?","R","M","M","T","R","E","M","M","?","R","B",null,"M","M","$","M","M","R","E"],"character_chosen":"IRONCLAD","items_purchased":[],"campfire_rested":2,"item_purchase_floors":[],"current_hp_per_floor":[80,80,80,69,69,69,73,63,63,63,62,45,44,44,68,55,80,38,30,30,26,21,45,0,0],"gold":273,"neow_bonus":"THREE_CARDS","is_daily":false,"chose_seed":false,"campfire_upgraded":2,"win_rate":0.0,"timestamp":1612332602,"path_taken":["M","M","$","?","?","R","M","M","T","R","E","M","?","?","R","BOSS","M","?","$","M","M","R","E"],"items_purchased_type":[],"build_version":"2020-12-22","purchased_purges":2,"victory":false,"max_hp_per_floor":[80,80,80,80,80,80,80,80,80,80,80,80,80,80,80,80,80,80,80,80,80,80,80,80,80],"card_choices":[{"not_picked":["Armaments","Ghostly Armor"],"picked":"True Grit","floor":0},{"not_picked":["Thunderclap","Metallicize"],"picked":"Armaments","floor":1},{"not_picked":["Havoc","Clothesline"],"picked":"Hemokinesis","floor":2},{"not_picked":["Dropkick","Iron Wave"],"picked":"Fire Breathing","floor":7},{"not_picked":["Spot Weakness","Iron Wave"],"picked":"Shockwave","floor":8},{"not_picked":["Pummel","Berserk"],"picked":"Evolve","floor":11},{"not_picked":["Dual Wield","Thunderclap"],"picked":"Shrug It Off","floor":12},{"not_picked":["Armaments","Pommel Strike"],"picked":"Blood for Blood","floor":13},{"not_picked":["Juggernaut","Corruption"],"picked":"Double Tap","floor":16},{"not_picked":["True Grit+1","Inflame+1"],"picked":"Reckless Charge+1","floor":18},{"not_picked":["Cleave","Burning Pact"],"picked":"Infernal Blade+1","floor":19},{"not_picked":["Reckless Charge","True Grit","Clash"],"picked":"SKIP","floor":21},{"not_picked":["Intimidate","Juggernaut"],"picked":"Disarm+1","floor":22}],"player_experience":227841,"relics_obtained":[{"floor":9,"key":"Ornamental Fan"},{"floor":11,"key":"Bottled Lightning"}],"event_choices":[{"damage_healed":0,"gold_gain":75,"player_choice":"Gather Gold","damage_taken":11,"max_hp_gain":0,"max_hp_loss":0,"event_name":"World of Goop","floor":4,"gold_loss":0},{"cards_removed":["Strike_R"],"damage_healed":0,"gold_gain":0,"player_choice":"Purged","damage_taken":0,"max_hp_gain":0,"max_hp_loss":0,"event_name":"Purifier","floor":5,"gold_loss":0},{"damage_healed":0,"gold_gain":0,"player_choice":"Got Potions","damage_taken":0,"max_hp_gain":0,"max_hp_loss":0,"event_name":"Lab","floor":14,"gold_loss":0}],"is_beta":false,"boss_relics":[{"not_picked":["Ectoplasm","Pandora\u0027s Box"],"picked":"SacredBark"}],"items_purged_floors":[3,20],"is_endless":false,"potions_floor_spawned":[2,12,13,16,19,21],"killed_by":"Slavers","ascension_level":3}}