{"host":"ftw8honmdnhsve3j","time":1612386485,"event":{"mods":["BaseMod","Colored Powertips","Minty Spire (QoL Compilation)","StSLib","The Wild Card"],"gold_per_floor":[116,116,116,116,116,116,128,154,154,166,184,261,276,294,294,294,294],"floor_reached":16,"language":"ENG","playtime":1378,"items_purged":[],"score":128,"play_id":"fede03d8-11fc-4477-8afd-c697e3c0b00d","local_time":"20210203220805","is_ascension_mode":true,"campfire_choices":[{"data":"theWildCard:SeveringSlash","floor":6,"key":"SMITH"},{"floor":15,"key":"REST"}],"circlet_count":0,"master_deck":["theWildCard:BasicStrike","theWildCard:BasicStrike","theWildCard:BasicStrike","theWildCard:BasicDefend","theWildCard:BasicDefend","theWildCard:BasicDefend","theWildCard:BasicDefend","theWildCard:CallToAdventure","theWildCard:Arsene","theWildCard:AllOutAttack+1","theWildCard:SeveringSlash+1","theWildCard:Loki","theWildCard:IdentityTheft","theWildCard:CryOfAgony"],"relics":["theWildCard:VelvetContract","Calipers","InkBottle","Pantograph"],"acts_visited":["Exordium"],"potions_floor_usage":[8,14],"damage_taken":[{"damage":4,"enemies":"Jaw Worm","floor":1,"turns":4},{"damage":0,"enemies":"Small Slimes","floor":7,"turns":3},{"damage":23,"enemies":"3 Sentries","floor":8,"turns":12},{"damage":0,"enemies":"Cultist","floor":10,"turns":3},{"damage":0,"enemies":"Exordium Wildlife","floor":11,"turns":4},{"damage":19,"enemies":"Blue Slaver","floor":13,"turns":3},{"damage":13,"enemies":"Large Slime","floor":14,"turns":3},{"damage":0,"enemies":"Slime Boss","floor":16,"turns":1}],"seed_played":"-5242880611767912841","potions_obtained":[{"floor":1,"key":"Dexterity Potion"},{"floor":8,"key":"Fruit Juice"},{"floor":11,"key":"Explosive Potion"},{"floor":13,"key":"Fire Potion"}],"is_trial":false,"path_per_floor":["M","?","$","?","?","R","M","E","T","M","M","T","M","M","R","B"],"character_chosen":"THE_WILD_CARD","items_purchased":[],"campfire_rested":1,"item_purchase_floors":[],"current_hp_per_floor":[56,56,56,56,56,56,56,38,38,38,38,38,31,18,37,62,62],"gold":294,"neow_bonus":"ONE_RANDOM_RARE_CARD","is_daily":false,"chose_seed":false,"campfire_upgraded":1,"win_rate":0.0,"timestamp":1612386485,"path_taken":["M","?","$","?","?","R","M","E","T","M","?","?","M","M","R","BOSS"],"items_purchased_type":[],"build_version":"2020-12-22","purchased_purges":0,"victory":false,"max_hp_per_floor":[60,60,60,60,60,60,60,65,65,65,65,65,65,65,65,65,65],"card_choices":[{"not_picked":["theWildCard:ArchaicAssault","theWildCard:MaskChange"],"picked":"theWildCard:SeveringSlash","floor":1},{"not_picked":["theWildCard:UnendingRitual","theWildCard:Unburden","theWildCard:Proficiency"],"picked":"SKIP","floor":7},{"not_picked":["theWildCard:SeveringSlash","theWildCard:Proficiency"],"picked":"theWildCard:Loki","floor":8},{"not_picked":["theWildCard:BladeOfGenerations","theWildCard:Sakuya"],"picked":"theWildCard:IdentityTheft","floor":10},{"not_picked":["theWildCard:Sakuya","theWildCard:UnendingRitual"],"picked":"theWildCard:CryOfAgony","floor":11},{"not_picked":["theWildCard:PaleRider","theWildCard:ArcanaArtistry","theWildCard:StalwartBlade"],"picked":"SKIP","floor":13},{"not_picked":["theWildCard:UnendingRitual","theWildCard:ArcaneArts","theWildCard:EnergyTheft"],"picked":"SKIP","floor":14}],"player_experience":551603,"relics_obtained":[{"floor":8,"key":"Calipers"},{"floor":9,"key":"InkBottle"},{"floor":12,"key":"Pantograph"}],"event_choices":[{"damage_healed":0,"gold_gain":0,"player_choice":"Leave","damage_taken":0,"max_hp_gain":0,"max_hp_loss":0,"event_name":"The Cleric","floor":2,"gold_loss":0},{"damage_healed":0,"gold_gain":0,"player_choice":"Grow","damage_taken":0,"max_hp_gain":0,"max_hp_loss":0,"event_name":"Living Wall","floor":4,"gold_loss":0,"cards_upgraded":["theWildCard:AllOutAttack"]},{"cards_removed":["theWildCard:BasicStrike"],"damage_healed":0,"gold_gain":0,"player_choice":"Purged","damage_taken":0,"max_hp_gain":0,"max_hp_loss":0,"event_name":"Purifier","floor":5,"gold_loss":0}],"is_beta":false,"boss_relics":[],"items_purged_floors":[],"is_endless":false,"potions_floor_spawned":[1,8,11,13],"killed_by":"Slime Boss","ascension_level":5}}