{"host":"gk336il5jfnqajsw","time":1612349175,"event":{"mods":["2.2 Compatiblity","AchievementEnabler","BaseMod","Colored Powertips","Minty Spire (QoL Compilation)","Relic Stats","StSLib"],"gold_per_floor":[110,122,136,155,155,155,165,165,188,218,218,105,129,129,129,129,129],"floor_reached":16,"language":"ENG","playtime":556,"items_purged":["Strike_B"],"score":102,"play_id":"9e25f88e-a8e3-4703-b341-596a542eda64","local_time":"20210203034615","is_ascension_mode":false,"campfire_choices":[{"data":"Fission","floor":6,"key":"SMITH"},{"floor":8,"key":"REST"},{"floor":15,"key":"REST"}],"circlet_count":0,"master_deck":["Strike_B","Strike_B","Strike_B","Defend_B","Defend_B","Defend_B","Zap","Dualcast","Machine Learning","Conserve Battery","Turbo","Fission+1","Static Discharge","Leap","Loop","Sunder"],"relics":["Cracked Core","Bag of Marbles","Vajra","Omamori","Golden Idol"],"acts_visited":["Exordium"],"potions_floor_usage":[10,13,16],"damage_taken":[{"damage":2,"enemies":"Small Slimes","floor":1,"turns":3},{"damage":0,"enemies":"2 Louse","floor":2,"turns":2},{"damage":1,"enemies":"Cultist","floor":3,"turns":3},{"damage":3,"enemies":"Looter","floor":4,"turns":3},{"damage":10,"enemies":"Exordium Thugs","floor":7,"turns":3},{"damage":16,"enemies":"Lagavulin","floor":10,"turns":8},{"damage":4,"enemies":"2 Fungi Beasts","floor":13,"turns":4},{"damage":51,"enemies":"Slime Boss","floor":16,"turns":9}],"seed_played":"-5689084843586985767","potions_obtained":[{"floor":3,"key":"FocusPotion"},{"floor":4,"key":"SteroidPotion"},{"floor":13,"key":"Swift Potion"}],"is_trial":false,"path_per_floor":["M","M","M","M","?","R","M","R","T","E","?","$","M","?","R","B"],"character_chosen":"DEFECT","items_purchased":["Loop"],"campfire_rested":2,"item_purchase_floors":[12],"current_hp_per_floor":[52,52,51,48,36,36,26,48,48,32,32,32,28,28,50,0,0],"gold":129,"neow_bonus":"THREE_RARE_CARDS","is_daily":false,"chose_seed":false,"campfire_upgraded":1,"win_rate":0.0,"timestamp":1612349175,"path_taken":["M","M","M","M","?","R","M","R","T","E","?","$","M","?","R","BOSS"],"items_purchased_type":["Card"],"build_version":"2020-12-22","purchased_purges":1,"victory":false,"max_hp_per_floor":[75,75,75,75,75,75,75,75,75,75,75,75,75,75,75,75,75],"relic_stats":{"counters":[8,35],"Golden Idol":5,"obtain_stats":[{"Golden Idol":11,"Vajra":9,"Bag of Marbles":5,"Omamori":10,"Cracked Core":0},{"Golden Idol":6,"Vajra":5,"Bag of Marbles":4,"Omamori":6,"Cracked Core":0},{"Golden Idol":22,"Vajra":14,"Bag of Marbles":11,"Omamori":22,"Cracked Core":0}]},"card_choices":[{"not_picked":["Thunder Strike","Reboot"],"picked":"Machine Learning","floor":0},{"not_picked":["Sweeping Beam","Leap"],"picked":"Conserve Battery","floor":1},{"not_picked":["Cold Snap","Streamline"],"picked":"Turbo","floor":2},{"not_picked":["Ball Lightning","Genetic Algorithm"],"picked":"Fission","floor":3},{"not_picked":["Redo","Reprogram"],"picked":"Static Discharge","floor":4},{"not_picked":["Sunder","Recycle"],"picked":"Leap","floor":7},{"not_picked":["Rebound","Leap","Redo"],"picked":"SKIP","floor":10},{"not_picked":["Force Field","Leap","Ball Lightning"],"picked":"SKIP","floor":13}],"player_experience":567586,"relics_obtained":[{"floor":9,"key":"Vajra"},{"floor":10,"key":"Omamori"}],"event_choices":[{"damage_healed":0,"gold_gain":0,"player_choice":"Success","damage_taken":12,"relics_obtained":["Bag of Marbles"],"max_hp_gain":0,"max_hp_loss":0,"event_name":"Scrap Ooze","floor":5,"gold_loss":0},{"damage_healed":0,"gold_gain":0,"player_choice":"Take Wound","damage_taken":0,"relics_obtained":["Golden Idol"],"max_hp_gain":0,"max_hp_loss":0,"event_name":"Golden Idol","floor":11,"gold_loss":0,"cards_obtained":["Injury"]},{"damage_healed":0,"gold_gain":0,"cards_transformed":["Defend_B"],"player_choice":"Transformed","damage_taken":0,"max_hp_gain":0,"max_hp_loss":0,"event_name":"Transmorgrifier","floor":14,"gold_loss":0,"cards_obtained":["Sunder"]}],"is_beta":false,"boss_relics":[],"items_purged_floors":[12],"is_endless":false,"potions_floor_spawned":[3,4,13],"killed_by":"Slime Boss","ascension_level":0}}