{"host":"FirstDane","time":1612322054,"event":{"mods":["BaseMod","Bestiary","Highlight Path","Minty Spire (QoL Compilation)","Relic Stats","Slay the Relics Exporter","StSLib"],"gold_per_floor":[110,121,133,133,133,176,176,220,220,220,263,296,321,350,350,458,458,483,483,503,15,39,39,39,79,126,76,76,90,90,142,142,142,142],"floor_reached":33,"language":"ENG","playtime":3775,"items_purged":["Strike_B","Strike_B"],"score":700,"play_id":"e1e86756-4c4a-4b95-a585-4c922e46a07a","local_time":"20210202211414","is_ascension_mode":true,"campfire_choices":[{"floor":7,"key":"REST"},{"data":"Rip and Tear","floor":10,"key":"SMITH"},{"data":"Beam Cell","floor":15,"key":"SMITH"},{"floor":24,"key":"REST"},{"data":"Hologram","floor":28,"key":"SMITH"},{"data":"Sweeping Beam","floor":30,"key":"SMITH"},{"data":"Go for the Eyes","floor":32,"key":"SMITH"}],"circlet_count":0,"master_deck":["AscendersBane","Strike_B+1","Strike_B+1","Defend_B","Defend_B","Defend_B","Defend_B","Zap","Dualcast","Compile Driver","Rip and Tear+1","Echo Form","Go for the Eyes+1","Hologram+1","Conserve Battery","Beam Cell+1","Sweeping Beam+1","Electrodynamics","Glacier","FTL+1"],"relics":["Nuclear Battery","Golden Idol","Boot","Letter Opener","Smiling Mask","CeramicFish","Bronze Scales","Black Star","White Beast Statue","Toolbox","Ancient Tea Set","Oddly Smooth Stone","Orichalcum","Whetstone","Gambling Chip"],"acts_visited":["Exordium","TheCity"],"potions_floor_usage":[8,11,14,16,18,18,23,31,33],"damage_taken":[{"damage":2,"enemies":"Jaw Worm","floor":1,"turns":4},{"damage":0,"enemies":"Cultist","floor":2,"turns":3},{"damage":3,"enemies":"2 Louse","floor":3,"turns":3},{"damage":39,"enemies":"Gremlin Nob","floor":6,"turns":4},{"damage":20,"enemies":"Lagavulin","floor":8,"turns":6},{"damage":20,"enemies":"Gremlin Nob","floor":11,"turns":4},{"damage":8,"enemies":"Looter","floor":12,"turns":4},{"damage":1,"enemies":"3 Louse","floor":13,"turns":3},{"damage":5,"enemies":"Red Slaver","floor":14,"turns":4},{"damage":9,"enemies":"Hexaghost","floor":16,"turns":6},{"damage":21,"enemies":"Spheric Guardian","floor":18,"turns":5},{"damage":0,"enemies":"Chosen","floor":20,"turns":5},{"damage":13,"enemies":"Centurion and Healer","floor":22,"turns":5},{"damage":46,"enemies":"Book of Stabbing","floor":23,"turns":5},{"damage":0,"enemies":"Gremlin Leader","floor":25,"turns":6},{"damage":0,"enemies":"Sentry and Sphere","floor":29,"turns":3},{"damage":2,"enemies":"Slavers","floor":31,"turns":3},{"damage":54,"enemies":"Collector","floor":33,"turns":6}],"seed_played":"-7427750722980210925","potions_obtained":[{"floor":6,"key":"AttackPotion"},{"floor":8,"key":"PowerPotion"},{"floor":12,"key":"Weak Potion"},{"floor":13,"key":"EntropicBrew"},{"floor":14,"key":"SteroidPotion"},{"floor":22,"key":"SmokeBomb"},{"floor":25,"key":"LiquidMemories"},{"floor":31,"key":"Explosive Potion"}],"is_trial":false,"path_per_floor":["M","M","M","?","?","E","R","E","T","R","E","M","M","M","R","B",null,"M","?","M","$","M","E","R","E","T","$","R","M","R","E","R","B"],"character_chosen":"DEFECT","items_purchased":["White Beast Statue","Toolbox"],"campfire_rested":2,"item_purchase_floors":[21,21],"current_hp_per_floor":[62,62,66,64,53,21,40,27,27,27,14,13,12,21,21,19,53,32,64,64,64,51,5,24,24,24,24,24,24,24,22,22,0,0],"gold":142,"neow_bonus":"BOSS_RELIC","is_daily":false,"chose_seed":false,"campfire_upgraded":5,"win_rate":0.0,"timestamp":1612322054,"path_taken":["M","M","M","?","?","E","R","E","T","R","E","M","M","M","R","BOSS","M","?","M","$","M","E","R","E","T","$","R","M","R","E","R","BOSS"],"items_purchased_type":["Relic","Relic"],"build_version":"2020-12-18","purchased_purges":2,"victory":false,"max_hp_per_floor":[71,71,71,64,64,64,64,64,64,64,64,64,64,64,64,64,64,64,64,64,64,64,64,64,64,64,64,64,64,64,64,64,64,64],"relic_stats":{"counters":[18,79],"Golden Idol":97,"CeramicFish":63,"Bronze Scales":[131],"Gambling Chip":[5],"Black Star":3,"Letter Opener":[130],"Whetstone":["Strike_B","Strike_B"],"Orichalcum":[6],"Boot":[57],"Smiling Mask":75,"obtain_stats":[{"Golden Idol":4,"CeramicFish":9,"Oddly Smooth Stone":25,"Letter Opener":6,"Whetstone":31,"Orichalcum":26,"Boot":5,"Smiling Mask":8,"Ancient Tea Set":25,"White Beast Statue":21,"Nuclear Battery":0,"Bronze Scales":11,"Gambling Chip":31,"Toolbox":21,"Black Star":17,"Cracked Core":0},{"Golden Idol":3,"CeramicFish":5,"Oddly Smooth Stone":15,"Letter Opener":4,"Whetstone":17,"Orichalcum":15,"Boot":3,"Smiling Mask":5,"Ancient Tea Set":15,"White Beast Statue":12,"Nuclear Battery":0,"Bronze Scales":6,"Gambling Chip":17,"Toolbox":12,"Black Star":10,"Cracked Core":0},{"Golden Idol":10,"CeramicFish":20,"Oddly Smooth Stone":67,"Letter Opener":14,"Whetstone":73,"Orichalcum":67,"Boot":10,"Smiling Mask":20,"Ancient Tea Set":67,"White Beast Statue":51,"Nuclear Battery":0,"Bronze Scales":24,"Gambling Chip":73,"Toolbox":51,"Black Star":41,"Cracked Core":0}]},"card_choices":[{"not_picked":["Go for the Eyes","Undo"],"picked":"Compile Driver","floor":1},{"not_picked":["Aggregate","Static Discharge"],"picked":"Self Repair","floor":2},{"not_picked":["Sweeping Beam","Skim"],"picked":"Rip and Tear","floor":3},{"not_picked":["Compile Driver","Tempest"],"picked":"Echo Form","floor":6},{"not_picked":["BootSequence","Barrage"],"picked":"Go for the Eyes","floor":8},{"not_picked":["Go for the Eyes","Fusion"],"picked":"Hologram","floor":11},{"not_picked":["Leap","Stack"],"picked":"Conserve Battery","floor":12},{"not_picked":["Go for the Eyes","Coolheaded"],"picked":"Beam Cell","floor":13},{"not_picked":["Stack","Rebound"],"picked":"Sweeping Beam","floor":14},{"not_picked":["Rainbow","Creative AI"],"picked":"Electrodynamics","floor":16},{"not_picked":["Coolheaded","Steam"],"picked":"Glacier","floor":18},{"not_picked":["Barrage","Conserve Battery","Compile Driver"],"picked":"SKIP","floor":20},{"not_picked":["Chaos","Beam Cell+1","Streamline"],"picked":"SKIP","floor":22},{"not_picked":["Conserve Battery","Stack","Storm"],"picked":"SKIP","floor":25},{"not_picked":["Steam Power+1","Turbo","Consume"],"picked":"SKIP","floor":29},{"not_picked":["Amplify","Cold Snap"],"picked":"FTL+1","floor":31}],"player_experience":4025892,"relics_obtained":[{"floor":6,"key":"Letter Opener"},{"floor":8,"key":"Smiling Mask"},{"floor":9,"key":"CeramicFish"},{"floor":11,"key":"Bronze Scales"},{"floor":25,"key":"Ancient Tea Set"},{"floor":25,"key":"Oddly Smooth Stone"},{"floor":26,"key":"Orichalcum"},{"floor":31,"key":"Whetstone"},{"floor":31,"key":"Gambling Chip"}],"event_choices":[{"damage_healed":0,"gold_gain":0,"player_choice":"Lose Max HP","damage_taken":0,"relics_obtained":["Golden Idol"],"max_hp_gain":0,"max_hp_loss":7,"event_name":"Golden Idol","floor":4,"gold_loss":0},{"damage_healed":0,"gold_gain":0,"player_choice":"Success","damage_taken":11,"relics_obtained":["Boot"],"max_hp_gain":0,"max_hp_loss":0,"event_name":"Scrap Ooze","floor":5,"gold_loss":0},{"cards_removed":["Self Repair"],"damage_healed":32,"gold_gain":0,"player_choice":"Offered Uncommon","damage_taken":0,"max_hp_gain":0,"max_hp_loss":0,"event_name":"Bonfire Elementals","floor":19,"gold_loss":0}],"is_beta":true,"boss_relics":[{"not_picked":["Empty Cage","Cursed Key"],"picked":"Black Star"}],"items_purged_floors":[21,27],"is_endless":false,"potions_floor_spawned":[6,8,12,13,14,22,23,25,29,31],"killed_by":"Collector","ascension_level":20}}