{"host":"e1pm3b7xpcm97e5w","time":1612380959,"event":{"mods":["BaseMod","Better Skull","Googly Eyes","Minty Spire (QoL Compilation)","Relic Stats","Shop Mod","Spicy Shops","StSLib"],"gold_per_floor":[118,43,43,193,30,59,78,78,102,27,27,102,102,102,102],"floor_reached":14,"language":"ENG","playtime":382,"items_purged":["Strike_G"],"score":213,"play_id":"fd18536a-d865-4c3f-ad80-56a39c998c14","local_time":"20210203143559","is_ascension_mode":true,"campfire_choices":[{"data":"Flechettes","floor":8,"key":"SMITH"},{"floor":11,"key":"REST"},{"floor":13,"key":"REST"}],"circlet_count":0,"master_deck":["AscendersBane","Strike_G","Strike_G+1","Strike_G","Defend_G","Defend_G","Defend_G","Defend_G","Defend_G","Survivor","Neutralize+1","Flechettes+1","Doubt","Wireheading","Shrug It Off"],"relics":["Ring of the Snake","NeowsBlessing","PrismaticShard","Singing Bowl","Orichalcum"],"acts_visited":["Exordium"],"potions_floor_usage":[14],"damage_taken":[{"damage":0,"enemies":"Cultist","floor":1,"turns":1},{"damage":0,"enemies":"Lagavulin","floor":6,"turns":2},{"damage":0,"enemies":"Jaw Worm","floor":7,"turns":1},{"damage":62,"enemies":"3 Sentries","floor":14,"turns":23}],"seed_played":"4843178047512977159","potions_obtained":[{"floor":1,"key":"Dexterity Potion"}],"is_trial":false,"path_per_floor":["M","?","?","?","$","E","M","R","T","$","R","?","R","E"],"character_chosen":"THE_SILENT","items_purchased":["PrismaticShard"],"campfire_rested":2,"item_purchase_floors":[5],"current_hp_per_floor":[59,59,39,39,39,39,39,39,39,39,58,47,66,4,4],"gold":102,"neow_bonus":"THREE_ENEMY_KILL","is_daily":false,"chose_seed":false,"campfire_upgraded":1,"win_rate":0.0,"timestamp":1612380959,"path_taken":["M","?","?","?","$","E","M","R","T","$","R","?","R","E"],"items_purchased_type":["Relic"],"build_version":"2020-12-22","purchased_purges":1,"victory":false,"max_hp_per_floor":[66,66,66,66,66,66,66,66,66,66,66,66,66,66,66],"relic_stats":{"Singing Bowl":0,"counters":[4,27],"Orichalcum":[36],"obtain_stats":[{"NeowsBlessing":0,"Singing Bowl":6,"Orichalcum":9,"PrismaticShard":5,"Ring of the Snake":0},{"NeowsBlessing":0,"Singing Bowl":2,"Orichalcum":3,"PrismaticShard":1,"Ring of the Snake":0},{"NeowsBlessing":0,"Singing Bowl":3,"Orichalcum":4,"PrismaticShard":1,"Ring of the Snake":0}],"Ring of the Snake":[8]},"card_choices":[{"not_picked":["Flying Knee","Blur"],"picked":"Flechettes","floor":1},{"not_picked":["Armaments","ThirdEye"],"picked":"Wireheading","floor":6},{"not_picked":["CarveReality","Pommel Strike"],"picked":"Shrug It Off","floor":7}],"player_experience":695791,"relics_obtained":[{"floor":6,"key":"Singing Bowl"},{"floor":9,"key":"Orichalcum"}],"event_choices":[{"cards_removed":["Strike_G"],"damage_healed":0,"gold_gain":0,"player_choice":"Card Removal","damage_taken":0,"max_hp_gain":0,"max_hp_loss":0,"event_name":"The Cleric","floor":2,"gold_loss":75},{"damage_healed":0,"gold_gain":0,"player_choice":"Entered Light","damage_taken":20,"max_hp_gain":0,"max_hp_loss":0,"event_name":"Shining Light","floor":3,"gold_loss":0,"cards_upgraded":["Strike_G","Neutralize"]},{"damage_healed":0,"gold_gain":150,"player_choice":"AGREE","damage_taken":0,"max_hp_gain":0,"max_hp_loss":0,"event_name":"Liars Game","floor":4,"gold_loss":0,"cards_obtained":["Doubt"]},{"damage_healed":0,"gold_gain":75,"player_choice":"Gather Gold","damage_taken":11,"max_hp_gain":0,"max_hp_loss":0,"event_name":"World of Goop","floor":12,"gold_loss":0}],"is_beta":false,"boss_relics":[],"items_purged_floors":[10],"is_endless":false,"potions_floor_spawned":[1],"killed_by":"3 Sentries","ascension_level":19}}