{"host":"25fn74ijs2305xd4","time":1612352281,"event":{"mods":["AchievementEnabler","BaseMod","Colored Map","Colored Powertips","Dark Map","Minty Spire (QoL Compilation)","Relic Stats","StSLib"],"gold_per_floor":[119,132,232,3,19,52,52,72,72,87,121,132,142,67,67,67,67],"floor_reached":16,"language":"POL","playtime":882,"items_purged":["Strike_G"],"score":143,"play_id":"8e56986f-a802-4ef6-b40a-2240f941495a","local_time":"20210203123801","is_ascension_mode":true,"campfire_choices":[{"data":"Noxious Fumes","floor":7,"key":"SMITH"},{"floor":15,"key":"REST"}],"circlet_count":0,"master_deck":["Strike_G","Strike_G","Strike_G","Strike_G","Defend_G","Defend_G","Defend_G","Defend_G","Defend_G","Survivor","Neutralize","Crippling Poison","Noxious Fumes+1","Flying Knee","Acrobatics","Prepared","Riddle With Holes","Noxious Fumes"],"relics":["Snecko Eye","Lee\u0027s Waffle","Torii","Tough Bandages","Thread and Needle"],"acts_visited":["Exordium"],"potions_floor_usage":[6,11],"damage_taken":[{"damage":1,"enemies":"Jaw Worm","floor":1,"turns":6},{"damage":0,"enemies":"Cultist","floor":2,"turns":4},{"damage":9,"enemies":"Small Slimes","floor":5,"turns":5},{"damage":19,"enemies":"3 Sentries","floor":6,"turns":7},{"damage":2,"enemies":"Looter","floor":8,"turns":4},{"damage":0,"enemies":"Blue Slaver","floor":10,"turns":4},{"damage":25,"enemies":"Gremlin Nob","floor":11,"turns":4},{"damage":0,"enemies":"Large Slime","floor":12,"turns":5},{"damage":0,"enemies":"2 Fungi Beasts","floor":13,"turns":3},{"damage":23,"enemies":"The Guardian","floor":16,"turns":9}],"seed_played":"5166065090134582918","potions_obtained":[{"floor":2,"key":"Strength Potion"},{"floor":6,"key":"AttackPotion"},{"floor":12,"key":"Block Potion"},{"floor":13,"key":"LiquidMemories"}],"is_trial":false,"path_per_floor":["M","M","?","$","M","E","R","M","T","M","E","M","M","$","R","B"],"character_chosen":"THE_SILENT","items_purchased":["Noxious Fumes","Lee\u0027s Waffle"],"campfire_rested":1,"item_purchase_floors":[4,4],"current_hp_per_floor":[69,69,69,77,68,49,49,47,47,47,22,22,22,22,45,22,22],"gold":67,"neow_bonus":"BOSS_RELIC","is_daily":false,"chose_seed":false,"campfire_upgraded":1,"win_rate":0.0,"timestamp":1612352281,"path_taken":["M","M","?","$","M","E","R","M","T","M","E","M","M","?","R","BOSS"],"items_purchased_type":["Card","Relic"],"build_version":"2020-12-22","purchased_purges":1,"victory":false,"max_hp_per_floor":[70,70,70,77,77,77,77,77,77,77,77,77,77,77,77,77,77],"relic_stats":{"Lee\u0027s Waffle":8,"Tough Bandages":[54],"Torii":19,"counters":[10,51],"Snecko Eye":[103,82,88,101],"obtain_stats":[{"Lee\u0027s Waffle":4,"Tough Bandages":9,"Torii":6,"Snecko Eye":0,"Thread and Needle":11,"Ring of the Snake":0},{"Lee\u0027s Waffle":2,"Tough Bandages":5,"Torii":4,"Snecko Eye":0,"Thread and Needle":7,"Ring of the Snake":0},{"Lee\u0027s Waffle":10,"Tough Bandages":26,"Torii":22,"Snecko Eye":0,"Thread and Needle":34,"Ring of the Snake":0}]},"card_choices":[{"not_picked":["Bane","PiercingWail","Slice"],"picked":"SKIP","floor":1},{"not_picked":["Predator","Well Laid Plans"],"picked":"Crippling Poison","floor":2},{"not_picked":["Flechettes","Slice"],"picked":"Flying Knee","floor":5},{"not_picked":["Deflect","Grand Finale"],"picked":"Acrobatics","floor":6},{"not_picked":["Deflect","Poisoned Stab"],"picked":"Prepared","floor":8},{"not_picked":["Sucker Punch","Glass Knife","Accuracy"],"picked":"SKIP","floor":10},{"not_picked":["Acrobatics","All Out Attack"],"picked":"Riddle With Holes","floor":11},{"not_picked":["Flying Knee","Heel Hook","Accuracy"],"picked":"SKIP","floor":12},{"not_picked":["Slice","Deadly Poison"],"picked":"Noxious Fumes","floor":13}],"player_experience":84359,"relics_obtained":[{"floor":6,"key":"Torii"},{"floor":9,"key":"Tough Bandages"},{"floor":11,"key":"Thread and Needle"}],"event_choices":[{"damage_healed":0,"gold_gain":100,"player_choice":"Pray","damage_taken":0,"max_hp_gain":0,"max_hp_loss":0,"event_name":"Golden Shrine","floor":3,"gold_loss":0}],"is_beta":false,"boss_relics":[],"items_purged_floors":[14],"is_endless":false,"potions_floor_spawned":[2,6,12,13],"killed_by":"The Guardian","ascension_level":5}}