{"host":"m3qxensetu6036ua","time":1612376196,"event":{"mods":["2.2 Compatiblity","AchievementEnabler","BaseMod","Better Altar","Better Match","Better Sensory Stone","Better Skull","Better Third Choice","Better Vampires","Block Reminder","Colored Powertips","Displayed Cursed Tome","Evolution","Good Game Mod","GungeonMod","Hubris","Jedi Mod","Minty Spire (QoL Compilation)","Rare Cards Sparkle","Remove Card Discount Mod","Replay The Spire","Spicy Shops","StSLib","The Cursed"],"gold_per_floor":[119,119,136,149,324,353,364,396,465,465,127,171,171,190,190,321,321,345,366,366,71,89,132,132,150,177,191,191,206,230,243,243,366,366,380,20,20,0,136,148,199,211,246,289,324,102,139,137,137,161],"floor_reached":51,"language":"ENG","playtime":4325,"items_purged":["Doubt","Flechettes","Injury"],"score":885,"play_id":"1d4ef3aa-d079-4d75-bf83-d5e1d78c5f3c","local_time":"20210203191636","is_ascension_mode":true,"campfire_choices":[{"data":"Dodge and Roll","floor":13,"key":"SMITH"},{"data":"Footwork","floor":15,"key":"SMITH"},{"data":"Infinite Blades","floor":24,"key":"SMITH"},{"data":"jedi:poisonivy","floor":32,"key":"SMITH"},{"data":"Prepared","floor":40,"key":"SMITH"},{"data":"Sucker Punch","floor":42,"key":"SMITH"},{"floor":49,"key":"REST"}],"circlet_count":0,"master_deck":["Strike_G","Strike_G","Strike_G","Strike_G","Strike_G","Defend_G","Defend_G","Defend_G","Defend_G","Defend_G","Survivor","Neutralize","FTL","TheCursedMod:Defend_TheCursed","Blade Dance","Deadly Poison","Poisoned Stab","Flying Knee","PiercingWail","Noxious Fumes","PiercingWail","Poisoned Stab","Blur","Footwork+1","Hidden Blade","Hidden Blade","Dodge and Roll+1","jedi:poisonivy+1","ReplayTheSpireMod:Necrosis+1","Infinite Blades","Dagger Spray","Infinite Blades+1","Prepared+1","Backflip","Catalyst+1","ReplayTheSpireMod:Speed Training","Blade Dance","Envenom+1","Poisoned Stab","Sucker Punch+1","Cloak And Dagger+1","Cloak And Dagger","Backflip+1","Fluid Movement+1"],"relics":["EVO:Axolotl","REME:ComplimentaryCards","Basket Of Snakes","Sizzling Blood","Thread and Needle","Strawberry","DemoMod:PinkGuonStone","Golden Idol","Orrery","Anchor","ChewingGum","Matryoshka","DemoMod:Metronome","ReplayTheSpireMod:Shallot","hubris:TenFootPole","hubris:Backtick","Shuriken","jedi:angrymask","Guide Book","hubris:Icosahedron","Red Mask","MawBank","DemoMod:WeirdEgg","jedi:rubbersling","Dream Catcher","jedi:ghostblades","Lee\u0027s Waffle","Replay:Bandana"],"acts_visited":["Exordium","TheCity","TheBeyond"],"potions_floor_usage":[7,16,16,16,31,44,50],"damage_taken":[{"damage":0,"enemies":"2 Louse","floor":1,"turns":2},{"damage":0,"enemies":"Small Slimes","floor":3,"turns":3},{"damage":0,"enemies":"Jaw Worm","floor":4,"turns":3},{"damage":21,"enemies":"Lagavulin","floor":6,"turns":7},{"damage":6,"enemies":"Exordium Thugs","floor":7,"turns":4},{"damage":11,"enemies":"Replay:BlueRogue","floor":8,"turns":4},{"damage":1,"enemies":"3 Sentries","floor":12,"turns":5},{"damage":0,"enemies":"3 Louse","floor":14,"turns":3},{"damage":9,"enemies":"Slime Boss","floor":16,"turns":6},{"damage":1,"enemies":"Spheric Guardian","floor":18,"turns":6},{"damage":0,"enemies":"3 Byrds","floor":19,"turns":5},{"damage":15,"enemies":"Snake Plant","floor":22,"turns":6},{"damage":34,"enemies":"Gremlin Leader","floor":23,"turns":5},{"damage":9,"enemies":"Snecko","floor":25,"turns":5},{"damage":3,"enemies":"Centurion and Healer","floor":27,"turns":5},{"damage":0,"enemies":"Chosen and Byrds","floor":29,"turns":5},{"damage":0,"enemies":"Cultist and Chosen","floor":30,"turns":5},{"damage":9,"enemies":"Snecko","floor":31,"turns":5},{"damage":2,"enemies":"Champ","floor":33,"turns":6},{"damage":0,"enemies":"3 Darklings","floor":35,"turns":6},{"damage":13,"enemies":"R_Hoarder","floor":41,"turns":6},{"damage":53,"enemies":"Reptomancer","floor":44,"turns":4},{"damage":2,"enemies":"3 Shapes","floor":45,"turns":4},{"damage":0,"enemies":"3 Darklings","floor":47,"turns":5},{"damage":21,"enemies":"Sphere and 2 Shapes","floor":48,"turns":4},{"damage":29,"enemies":"Awakened One","floor":50,"turns":11}],"seed_played":"-7728028483544021828","potions_obtained":[{"floor":1,"key":"Fire Potion"},{"floor":3,"key":"Dexterity Potion"},{"floor":6,"key":"SkillPotion"},{"floor":12,"key":"SkillPotion"},{"floor":16,"key":"Reflective Coating"},{"floor":18,"key":"Reflective Coating"},{"floor":22,"key":"Languid Potion"},{"floor":27,"key":"PowerPotion"},{"floor":35,"key":"DuplicationPotion"},{"floor":39,"key":"Death Potion"},{"floor":39,"key":"Ancient Potion"},{"floor":48,"key":"DemoMod:LeadSkinPotion"}],"is_trial":false,"path_per_floor":["M","?","M","M","?","E","M","E","T","?","$","E","R","M","R","B",null,"M","M","?","$","M","E","R","M","T","M","?","M","M","M","R","B",null,"M","$","?","?","?","R","E","R","T","E","M","$","M","M","R","B",null],"character_chosen":"THE_SILENT","items_purchased":["Orrery","Footwork","Hidden Blade","Matryoshka","Infinite Blades","jedi:angrymask","Guide Book","Sucker Punch","Lee\u0027s Waffle","Replay:Bandana"],"campfire_rested":1,"item_purchase_floors":[11,11,11,21,21,36,36,36,46,46],"current_hp_per_floor":[70,74,74,74,74,57,55,55,62,62,62,65,65,69,69,64,88,88,88,88,88,77,47,47,42,42,43,40,44,48,43,43,45,88,88,88,88,88,71,71,62,62,62,13,15,95,95,78,95,70],"gold":161,"neow_bonus":"ONE_RARE_RELIC","is_daily":false,"chose_seed":false,"campfire_upgraded":6,"win_rate":0.0,"timestamp":1612376196,"path_taken":["M","?","M","M","?","E","M","E","T","?","$","E","R","M","R","BOSS","M","M","?","$","M","E","R","?","T","M","?","?","M","M","R","BOSS","M","$","?","?","?","R","E","R","T","E","?","?","?","M","R","BOSS"],"items_purchased_type":["Relic","Card","Card","Relic","Card","Relic","Relic","Card","Relic","Relic"],"build_version":"2020-12-22","purchased_purges":3,"victory":true,"max_hp_per_floor":[70,74,74,74,74,74,74,81,88,88,88,88,88,88,88,88,88,88,88,88,88,88,88,88,88,88,88,88,88,88,88,88,88,88,88,88,88,88,88,88,88,88,88,88,88,95,95,95,95,95],"card_choices":[{"not_picked":["Backflip","Finisher"],"picked":"Blade Dance","floor":1},{"not_picked":["Sucker Punch","Bane"],"picked":"Deadly Poison","floor":3},{"not_picked":["Quick Slash","Slice"],"picked":"Poisoned Stab","floor":4},{"not_picked":["Outmaneuver","jedi:unstablefumes"],"picked":"Flechettes","floor":6},{"not_picked":["Endless Agony","Expertise"],"picked":"Flying Knee","floor":7},{"not_picked":["Choke","Deflect"],"picked":"PiercingWail","floor":8},{"not_picked":["jedi:unstablefumes","jedi:poisonivy"],"picked":"Noxious Fumes","floor":11},{"not_picked":["Sneak Up","Acrobatics"],"picked":"PiercingWail","floor":11},{"not_picked":["Catalyst","ReplayTheSpireMod:The Works"],"picked":"Poisoned Stab","floor":11},{"not_picked":["Dagger Throw","Deflect"],"picked":"Blur","floor":11},{"not_picked":["Bane","ReplayTheSpireMod:The Works"],"picked":"Dodge and Roll","floor":12},{"not_picked":["Grand Finale","Slice"],"picked":"jedi:poisonivy","floor":14},{"not_picked":["Night Terror","Poison Darts"],"picked":"ReplayTheSpireMod:Necrosis","floor":16},{"not_picked":["Underhanded Strike","Dagger Spray"],"picked":"Infinite Blades","floor":18},{"not_picked":["Concentrate","jedi:pocketpoison"],"picked":"Dagger Spray","floor":19},{"not_picked":["Endless Agony+1","Dodge and Roll"],"picked":"Prepared","floor":22},{"not_picked":["Outmaneuver","Deflect"],"picked":"Backflip","floor":23},{"not_picked":["Caltrops+1","jedi:poisonivy+1"],"picked":"Catalyst+1","floor":25},{"not_picked":["Slice+1","jedi:acidrain+1","Escape Plan+1"],"picked":"SKIP","floor":27},{"not_picked":["Reflex","Underhanded Strike","Grand Finale"],"picked":"SKIP","floor":29},{"not_picked":["Acrobatics","Bouncing Flask"],"picked":"ReplayTheSpireMod:Speed Training","floor":30},{"not_picked":["Bane+1","jedi:pocketpoison"],"picked":"Blade Dance","floor":31},{"not_picked":["Malaise","Wraith Form v2"],"picked":"Envenom","floor":33},{"not_picked":["PiercingWail+1","Underhanded Strike+1"],"picked":"Poisoned Stab","floor":35},{"not_picked":["Distraction","Draining Mist"],"picked":"Cloak And Dagger+1","floor":41},{"not_picked":["Tactician","Flying Knee"],"picked":"Cloak And Dagger","floor":44},{"not_picked":["hubris:Counter","Bane","Dodge and Roll"],"picked":"SKIP","floor":45},{"not_picked":["Poisoned Stab+1","hubris:TrickCloak"],"picked":"Backflip+1","floor":47},{"not_picked":["Outmaneuver+1","hubris:SlightOfHand","Quick Slash+1"],"picked":"SKIP","floor":48},{"not_picked":["Flechettes+1","jedi:pocketpoison"],"picked":"Fluid Movement+1","floor":49}],"player_experience":212017,"relics_obtained":[{"floor":6,"key":"Thread and Needle"},{"floor":8,"key":"Strawberry"},{"floor":9,"key":"DemoMod:PinkGuonStone"},{"floor":12,"key":"Anchor"},{"floor":23,"key":"DemoMod:Metronome"},{"floor":26,"key":"ReplayTheSpireMod:Shallot"},{"floor":26,"key":"hubris:TenFootPole"},{"floor":39,"key":"MawBank"},{"floor":39,"key":"DemoMod:WeirdEgg"},{"floor":41,"key":"jedi:rubbersling"},{"floor":43,"key":"Dream Catcher"},{"floor":44,"key":"jedi:ghostblades"}],"event_choices":[{"damage_healed":0,"gold_gain":175,"player_choice":"AGREE","damage_taken":149,"max_hp_gain":0,"max_hp_loss":0,"event_name":"betterThird:BetterSerpent","floor":5,"gold_loss":0},{"damage_healed":0,"gold_gain":0,"player_choice":"Take Wound","damage_taken":0,"relics_obtained":["Golden Idol"],"max_hp_gain":0,"max_hp_loss":0,"event_name":"Golden Idol","floor":10,"gold_loss":0,"cards_obtained":["Injury"]},{"cards_removed":["TheCursedMod:Strike_TheCursed"],"damage_healed":0,"gold_gain":0,"player_choice":"Purged","damage_taken":0,"max_hp_gain":0,"max_hp_loss":0,"event_name":"Purifier","floor":20,"gold_loss":0},{"damage_healed":0,"gold_gain":0,"player_choice":"Stopped","damage_taken":9,"max_hp_gain":0,"max_hp_loss":0,"event_name":"Cursed Tome","floor":28,"gold_loss":0},{"damage_healed":0,"gold_gain":0,"player_choice":"Paid","damage_taken":0,"relics_obtained":["Red Mask"],"max_hp_gain":0,"max_hp_loss":0,"event_name":"Tomb of Lord Red Mask","floor":38,"gold_loss":20}],"is_beta":false,"boss_relics":[{"not_picked":["Empty Cage","jedi:battlestandard"],"picked":"ChewingGum"},{"not_picked":["jedi:hotpepper","hubris:VirtuousBlindfold"],"picked":"hubris:Backtick"}],"items_purged_floors":[11,11,11],"is_endless":false,"potions_floor_spawned":[1,3,6,12,16,18,22,23,27,35,41,48],"ascension_level":1}}