{"host":"qy7jow5usmjkdnnq","time":1612387695,"event":{"mods":["BaseMod","Colored Map","Downfall","Minty Spire (QoL Compilation)","Permanent Neow","Relic Stats","StSLib"],"gold_per_floor":[99,116,134,146,296,315,361,389,189,219,230,246,246,273,292,292,292,292],"floor_reached":16,"language":"ENG","playtime":1053,"items_purged":[],"score":205,"play_id":"4e5eb915-8584-4dc4-a37f-c104094c8822","local_time":"20210203222815","is_ascension_mode":true,"campfire_choices":[{"floor":1.0,"key":"RECALL"},{"floor":9.0,"key":"REST"},{"data":"champ:Backstep","floor":13.0,"key":"SMITH"}],"circlet_count":0,"master_deck":["champ:Strike","champ:Strike","champ:Strike","champ:Strike","champ:Defend","champ:Defend","champ:Defend","champ:Defend","champ:Execute","champ:Taunt","champ:Shatter","champ:FocusedBerserking","champ:FanOfKnives","downfall:Icky","champ:Backstep+1","champ:FocusedBerserking","champ:AdrenalArmor","champ:GutPunch","champ:EndlessRage","champ:FocusedBerserking"],"relics":["champ:ChampionCrown","Boot","Blood Vial","downfall:HeartBlessingRed","downfall:HeartBlessingBlue","CaptainsWheel","Strawberry"],"acts_visited":["Exordium"],"potions_floor_usage":[14],"damage_taken":[{"damage":20.0,"enemies":"Jaw Worm","floor":2.0,"turns":3.0},{"damage":22.0,"enemies":"Small Slimes","floor":3.0,"turns":3.0},{"damage":16.0,"enemies":"2 Louse","floor":4.0,"turns":3.0},{"damage":16.0,"enemies":"Exordium Wildlife","floor":6.0,"turns":5.0},{"damage":45.0,"enemies":"Gremlin Nob","floor":8.0,"turns":4.0},{"damage":38.0,"enemies":"Lagavulin","floor":10.0,"turns":7.0},{"damage":20.0,"enemies":"Blue Slaver","floor":11.0,"turns":4.0},{"damage":23.0,"enemies":"Red Slaver","floor":12.0,"turns":4.0},{"damage":35,"enemies":"3 Sentries","floor":14,"turns":3},{"damage":30,"enemies":"Exordium Wildlife","floor":15,"turns":4},{"damage":41,"enemies":"IC_STATUS_ARCHETYPE","floor":16,"turns":6}],"seed_played":"8418010958127624271","potions_obtained":[{"floor":3.0,"key":"bronze:BurnAndBuffPotion"},{"floor":6.0,"key":"Ancient Potion"},{"floor":10.0,"key":"bronze:BurnAndBuffPotion"},{"floor":11.0,"key":"champ:OpenerPotion"},{"floor":12.0,"key":"Weak Potion"}],"is_trial":false,"path_per_floor":["R","M","M","M","?","M","T","E","R","E","M","M","R","E","M","B"],"character_chosen":"THE_CHAMP","items_purchased":[],"campfire_rested":1,"item_purchase_floors":[],"current_hp_per_floor":[81,81,69,68,68,57,57,22,62,51,43,42,42,41,38,0,0,0],"gold":292,"neow_bonus":"RANDOM_COMMON_RELIC","is_daily":false,"chose_seed":false,"campfire_upgraded":1,"win_rate":0.0,"timestamp":1612387695,"path_taken":["R","M","M","M","?","M","T","E","R","E","M","M","R","E","M","BOSS"],"items_purchased_type":[],"build_version":"2020-12-22","purchased_purges":0,"victory":false,"max_hp_per_floor":[90,90,90,90,90,90,90,90,100,100,100,100,100,107,107,107,107,107],"relic_stats":{"Blood Vial":12,"counters":[11,46],"Boot":[12],"obtain_stats":[{"Blood Vial":8,"CaptainsWheel":10,"downfall:HeartBlessingRed":9,"downfall:HeartBlessingBlue":9,"Strawberry":14,"champ:ChampionCrown":0,"Boot":0},{"Blood Vial":5,"CaptainsWheel":6,"downfall:HeartBlessingRed":5,"downfall:HeartBlessingBlue":5,"Strawberry":9,"champ:ChampionCrown":0,"Boot":0},{"Blood Vial":18,"CaptainsWheel":25,"downfall:HeartBlessingRed":18,"downfall:HeartBlessingBlue":18,"Strawberry":36,"champ:ChampionCrown":0,"Boot":0}]},"card_choices":[{"not_picked":["champ:CrownThrow","champ:ShieldSigil"],"picked":"champ:Shatter","floor":2.0},{"not_picked":["champ:RecklessLeap","champ:Backstep"],"picked":"champ:FocusedBerserking","floor":3.0},{"not_picked":["champ:Circumvent","champ:PreciseThrust"],"picked":"champ:FanOfKnives","floor":4.0},{"not_picked":["champ:PerfectedStrike","champ:Shatter"],"picked":"champ:Backstep","floor":6.0},{"not_picked":["champ:BladeFlurry","champ:Backstep"],"picked":"champ:FocusedBerserking","floor":8.0},{"not_picked":["champ:CalledShot","champ:ArenaPreparation"],"picked":"champ:AdrenalArmor","floor":10.0},{"not_picked":["champ:Circumvent","champ:TornadoPunch"],"picked":"champ:GutPunch","floor":11.0},{"not_picked":["champ:PerfectedStrike","champ:CrownThrow"],"picked":"champ:EndlessRage","floor":12.0},{"not_picked":["champ:TornadoPunch","champ:FanOfKnives"],"picked":"champ:FocusedBerserking","floor":14},{"not_picked":["champ:DeathBlow","champ:ShieldThrow","champ:FanOfKnives"],"picked":"SKIP","floor":15}],"player_experience":714430,"relics_obtained":[{"floor":8.0,"key":"Blood Vial"},{"floor":10.0,"key":"CaptainsWheel"},{"floor":14,"key":"Strawberry"}],"event_choices":[],"is_beta":false,"boss_relics":[],"items_purged_floors":[],"is_endless":false,"potions_floor_spawned":[3,6,10,11,12],"killed_by":"IC_STATUS_ARCHETYPE","ascension_level":9}}