{"host":"znvnxllcillb3rtw","time":1612375313,"event":{"mods":["BaseMod","DeckTracker","Minty Spire (QoL Compilation)","Relic Stats","StSLib","SuperFastMode","everything is the same but u backflip on backflip"],"gold_per_floor":[113,131,146,146,166,166,184,200,252,264,276,4,22,22,22,118,118,132,153,153,171,186,186,205,221,221,221,201,219,219,219,219,309,309,330,346,346,346,170,208,208,249,324,348,198,238,238,262,262,262,262,262],"floor_reached":51,"language":"KOR","playtime":1853,"items_purged":["Strike_G","Strike_G"],"score":1562,"play_id":"c87ab76b-b17e-4b2e-8cc7-9e6e9f390b35","local_time":"20210204030153","is_ascension_mode":true,"campfire_choices":[{"floor":6,"key":"REST"},{"floor":11,"key":"REST"},{"data":"Apotheosis","floor":15,"key":"SMITH"},{"floor":23,"key":"REST"},{"floor":27,"key":"REST"},{"floor":32,"key":"REST"},{"floor":41,"key":"RECALL"},{"floor":47,"key":"REST"},{"floor":49,"key":"REST"}],"circlet_count":0,"master_deck":["AscendersBane","Defend_G","Defend_G","Defend_G","Defend_G","Defend_G","Survivor","Neutralize+1","Tactician","Flechettes","Blade Dance","Dagger Spray","Quick Slash","Calculated Gamble","Apotheosis+1","Accuracy","Cloak And Dagger","Corpse Explosion","Cloak And Dagger","Cloak And Dagger","Outmaneuver","Eviscerate","Bullet Time","Distraction","Panacea","Bouncing Flask","Dodge and Roll"],"relics":["Ring of the Snake","Golden Idol","MawBank","Dead Branch","Busted Crown","Kunai","Enchiridion","Fusion Hammer","Ancient Tea Set","Ornamental Fan","Regal Pillow"],"acts_visited":["Exordium","TheCity","TheBeyond"],"potions_floor_usage":[5,16,16,21,25,33,51],"damage_taken":[{"damage":0,"enemies":"Cultist","floor":1,"turns":4},{"damage":1,"enemies":"2 Louse","floor":2,"turns":3},{"damage":6,"enemies":"Jaw Worm","floor":3,"turns":5},{"damage":4,"enemies":"Gremlin Gang","floor":5,"turns":5},{"damage":28,"enemies":"Exordium Thugs","floor":7,"turns":5},{"damage":0,"enemies":"3 Louse","floor":8,"turns":3},{"damage":2,"enemies":"Large Slime","floor":13,"turns":4},{"damage":18,"enemies":"Slime Boss","floor":16,"turns":5},{"damage":12,"enemies":"3 Byrds","floor":18,"turns":3},{"damage":11,"enemies":"Shell Parasite","floor":19,"turns":3},{"damage":17,"enemies":"Snake Plant","floor":21,"turns":6},{"damage":0,"enemies":"Centurion and Healer","floor":22,"turns":3},{"damage":0,"enemies":"Sentry and Sphere","floor":24,"turns":2},{"damage":1,"enemies":"Snecko","floor":25,"turns":4},{"damage":9,"enemies":"3 Cultists","floor":29,"turns":4},{"damage":46,"enemies":"Champ","floor":33,"turns":11},{"damage":0,"enemies":"Orb Walker","floor":35,"turns":1},{"damage":0,"enemies":"3 Darklings","floor":36,"turns":2},{"damage":9,"enemies":"Nemesis","floor":40,"turns":5},{"damage":0,"enemies":"Giant Head","floor":42,"turns":4},{"damage":0,"enemies":"Spire Growth","floor":44,"turns":4},{"damage":0,"enemies":"Nemesis","floor":46,"turns":3},{"damage":0,"enemies":"4 Shapes","floor":48,"turns":3},{"damage":14,"enemies":"Donu and Deca","floor":50,"turns":6},{"damage":77,"enemies":"Time Eater","floor":51,"turns":11}],"seed_played":"-1362027802516578532","potions_obtained":[{"floor":3,"key":"Block Potion"},{"floor":7,"key":"PowerPotion"},{"floor":13,"key":"PowerPotion"},{"floor":16,"key":"Dexterity Potion"},{"floor":18,"key":"AttackPotion"},{"floor":24,"key":"Regen Potion"},{"floor":28,"key":"FairyPotion"},{"floor":33,"key":"AttackPotion"},{"floor":35,"key":"Dexterity Potion"}],"is_trial":false,"path_per_floor":["M","M","M","?","M","R","M","M","T","T","R","$","M","$","R","B",null,"M","M","?","M","M","R","M","M","T","R","?","M","?","?","R","B",null,"M","M","?","?","$","E","R","E","T","M","$","E","R","M","R","B","B"],"character_chosen":"THE_SILENT","items_purchased":["Apotheosis","Accuracy","Panacea","Dodge and Roll"],"campfire_rested":7,"item_purchase_floors":[12,12,39,45],"current_hp_per_floor":[59,58,52,29,25,44,16,16,16,16,35,35,33,33,33,15,53,41,30,30,13,13,32,32,31,31,50,50,41,41,20,39,8,52,52,52,52,52,52,43,43,43,43,43,43,43,66,66,66,52,0,0],"gold":262,"neow_bonus":"UPGRADE_CARD","is_daily":false,"chose_seed":false,"campfire_upgraded":1,"win_rate":0.0,"timestamp":1612375313,"path_taken":["M","M","?","?","M","R","M","M","T","?","R","$","?","?","R","BOSS","M","M","?","M","M","R","M","M","T","R","?","?","?","?","R","BOSS","M","M","?","?","$","E","R","E","T","M","$","E","R","M","R","BOSS","BOSS"],"items_purchased_type":["Card","Card","Card","Card"],"build_version":"2020-12-22","purchased_purges":2,"victory":false,"max_hp_per_floor":[66,66,66,66,66,66,66,66,66,66,66,66,66,66,66,66,66,66,66,66,66,66,66,66,66,66,66,66,66,66,66,66,66,66,66,66,66,66,66,66,66,66,66,66,66,66,66,66,66,66,66,66],"relic_stats":{"Regal Pillow":4,"Busted Crown":30,"counters":[25,109],"Golden Idol":137,"Ornamental Fan":[100],"Dead Branch":[275],"Kunai":[62],"MawBank":36,"obtain_stats":[{"Regal Pillow":46,"Busted Crown":17,"Golden Idol":4,"Ornamental Fan":42,"Dead Branch":10,"Enchiridion":31,"Fusion Hammer":34,"Kunai":26,"MawBank":9,"Ancient Tea Set":40,"Ring of the Snake":0},{"Regal Pillow":22,"Busted Crown":8,"Golden Idol":3,"Ornamental Fan":20,"Dead Branch":6,"Enchiridion":15,"Fusion Hammer":16,"Kunai":14,"MawBank":6,"Ancient Tea Set":19,"Ring of the Snake":0},{"Regal Pillow":89,"Busted Crown":34,"Golden Idol":12,"Ornamental Fan":82,"Dead Branch":25,"Enchiridion":59,"Fusion Hammer":70,"Kunai":55,"MawBank":25,"Ancient Tea Set":78,"Ring of the Snake":0}],"Ring of the Snake":[50]},"card_choices":[{"not_picked":["Dagger Throw","Underhanded Strike"],"picked":"Tactician","floor":1},{"not_picked":["Underhanded Strike","Blade Dance"],"picked":"Flechettes","floor":2},{"not_picked":["Backflip","Blur"],"picked":"Blade Dance","floor":3},{"not_picked":["Bane","Terror"],"picked":"Dagger Spray","floor":5},{"not_picked":["Blade Dance","Flechettes"],"picked":"Quick Slash","floor":7},{"not_picked":["Bane","Bullet Time"],"picked":"Calculated Gamble","floor":8},{"not_picked":["Terror","All Out Attack"],"picked":"Cloak And Dagger","floor":13},{"not_picked":["Bullet Time","Die Die Die"],"picked":"Corpse Explosion","floor":16},{"not_picked":["Dagger Throw"],"picked":"SKIP","floor":18},{"not_picked":["Choke"],"picked":"SKIP","floor":19},{"not_picked":[],"picked":"Cloak And Dagger","floor":21},{"not_picked":["Tactician"],"picked":"SKIP","floor":22},{"not_picked":["Poisoned Stab"],"picked":"SKIP","floor":24},{"not_picked":["Deflect"],"picked":"SKIP","floor":25},{"not_picked":[],"picked":"Cloak And Dagger","floor":29},{"not_picked":[],"picked":"Bullet Time","floor":33},{"not_picked":["Predator"],"picked":"SKIP","floor":35},{"not_picked":[],"picked":"Distraction","floor":36},{"not_picked":["Dagger Throw"],"picked":"SKIP","floor":40},{"not_picked":["Bouncing Flask"],"picked":"SKIP","floor":42},{"not_picked":[],"picked":"Bouncing Flask","floor":42},{"not_picked":["Outmaneuver"],"picked":"SKIP","floor":44},{"not_picked":["Slice"],"picked":"SKIP","floor":46},{"not_picked":["Dagger Throw"],"picked":"SKIP","floor":48}],"player_experience":2890149,"relics_obtained":[{"floor":9,"key":"MawBank"},{"floor":10,"key":"Dead Branch"},{"floor":26,"key":"Kunai"},{"floor":31,"key":"Enchiridion"},{"floor":40,"key":"Ancient Tea Set"},{"floor":42,"key":"Ornamental Fan"},{"floor":46,"key":"Regal Pillow"}],"event_choices":[{"damage_healed":0,"gold_gain":0,"player_choice":"Take Damage","damage_taken":23,"relics_obtained":["Golden Idol"],"max_hp_gain":0,"max_hp_loss":0,"event_name":"Golden Idol","floor":4,"gold_loss":0},{"damage_healed":0,"gold_gain":0,"player_choice":"Ignored","damage_taken":0,"max_hp_gain":0,"max_hp_loss":0,"event_name":"The Mausoleum","floor":20,"gold_loss":0},{"damage_healed":0,"gold_gain":0,"player_choice":"Bought 1 Potion","damage_taken":0,"max_hp_gain":0,"max_hp_loss":0,"event_name":"The Woman in Blue","floor":28,"gold_loss":0},{"damage_healed":0,"gold_gain":0,"cards_transformed":["Strike_G","Strike_G"],"player_choice":"Became Test Subject","damage_taken":0,"max_hp_gain":0,"max_hp_loss":0,"event_name":"Drug Dealer","floor":30,"gold_loss":0,"cards_obtained":["Outmaneuver","Eviscerate"]},{"damage_healed":0,"gold_gain":0,"player_choice":"Obtained Book","damage_taken":21,"max_hp_gain":0,"max_hp_loss":0,"event_name":"Cursed Tome","floor":31,"gold_loss":0},{"cards_removed":["Strike_G"],"damage_healed":0,"gold_gain":0,"player_choice":"Removed Attack","damage_taken":0,"max_hp_gain":0,"max_hp_loss":0,"event_name":"Falling","floor":37,"gold_loss":0},{"damage_healed":0,"gold_gain":0,"player_choice":"Ignored","damage_taken":0,"max_hp_gain":0,"max_hp_loss":0,"event_name":"Tomb of Lord Red Mask","floor":38,"gold_loss":0}],"is_beta":false,"boss_relics":[{"not_picked":["Empty Cage","Tiny House"],"picked":"Busted Crown"},{"not_picked":["Cursed Key","Velvet Choker"],"picked":"Fusion Hammer"}],"items_purged_floors":[39,45],"is_endless":false,"potions_floor_spawned":[3,7,13,16,18,19,24,29,33,35,46],"killed_by":"Time Eater","ascension_level":20}}