{"host":"lly094a91h6n5nv5","time":1612331582,"event":{"mods":["AchievementEnabler","BaseMod","Block Reminder","Colored Map","Minty Spire (QoL Compilation)"],"gold_per_floor":[115,190,205,217,233,233,267,267,267,302,252,252,263,292,292,393,393,411,411,425,158,173,205,205,205],"floor_reached":24,"language":"ENG","playtime":1954,"items_purged":["Strike_G"],"score":389,"play_id":"9e2bced8-5575-4b09-b523-def74c1712c5","local_time":"20210202235302","is_ascension_mode":true,"campfire_choices":[{"data":"Deadly Poison","floor":6.0,"key":"SMITH"},{"data":"Footwork","floor":8.0,"key":"SMITH"},{"data":"Deadly Poison","floor":12.0,"key":"SMITH"},{"data":"Footwork","floor":15.0,"key":"SMITH"}],"circlet_count":0,"master_deck":["Strike_G","Strike_G","Defend_G","Defend_G","Defend_G","Defend_G","Defend_G","Survivor","Neutralize+1","Dagger Spray","Cloak And Dagger","Deadly Poison+1","Footwork+1","Deadly Poison+1","Footwork+1","PiercingWail","Tools of the Trade","Catalyst","Caltrops","Acrobatics","Leg Sweep","Noxious Fumes","Good Instincts","Backflip","Dodge and Roll"],"relics":["Ring of the Snake","Vajra","Meat on the Bone","Pocketwatch","Tingsha","Runic Dome","Snake Skull"],"acts_visited":["Exordium","TheCity"],"potions_floor_usage":[23],"damage_taken":[{"damage":0.0,"enemies":"2 Louse","floor":1.0,"turns":2.0},{"damage":0.0,"enemies":"Small Slimes","floor":3.0,"turns":5.0},{"damage":0.0,"enemies":"Cultist","floor":4.0,"turns":3.0},{"damage":0.0,"enemies":"Large Slime","floor":5.0,"turns":6.0},{"damage":21.0,"enemies":"Lagavulin","floor":7.0,"turns":7.0},{"damage":6.0,"enemies":"Gremlin Nob","floor":10.0,"turns":4.0},{"damage":10.0,"enemies":"Exordium Thugs","floor":13.0,"turns":5.0},{"damage":0.0,"enemies":"Lagavulin","floor":14.0,"turns":7.0},{"damage":0.0,"enemies":"The Guardian","floor":16.0,"turns":9.0},{"damage":17.0,"enemies":"3 Byrds","floor":18.0,"turns":5.0},{"damage":5.0,"enemies":"Spheric Guardian","floor":20.0,"turns":5.0},{"damage":0.0,"enemies":"Centurion and Healer","floor":22.0,"turns":6.0},{"damage":25,"enemies":"Gremlin Leader","floor":23,"turns":6},{"damage":31,"enemies":"Chosen and Byrds","floor":24,"turns":4}],"seed_played":"5142154293778674794","potions_obtained":[{"floor":3.0,"key":"SpeedPotion"},{"floor":5.0,"key":"LiquidBronze"},{"floor":7.0,"key":"SteroidPotion"},{"floor":16.0,"key":"CunningPotion"},{"floor":18.0,"key":"DuplicationPotion"},{"floor":22.0,"key":"DuplicationPotion"}],"is_trial":false,"path_per_floor":["M","?","M","M","M","R","E","R","T","E","?","R","M","E","R","B",null,"M","?","M","$","M","E","M"],"character_chosen":"THE_SILENT","items_purchased":["Leg Sweep","Noxious Fumes","Good Instincts"],"campfire_rested":0,"item_purchase_floors":[21,21,21],"current_hp_per_floor":[70,59,59,59,59,59,38,38,38,44,44,44,46,46,46,46,64,47,47,42,42,42,29,0,0],"gold":205,"neow_bonus":"UPGRADE_CARD","is_daily":false,"chose_seed":false,"campfire_upgraded":4,"win_rate":0.0,"timestamp":1612331582,"path_taken":["M","?","M","M","M","R","E","R","T","E","?","R","M","E","R","BOSS","M","?","M","$","?","E","M"],"items_purchased_type":["Card","Card","Card"],"build_version":"2020-12-22","purchased_purges":1,"victory":false,"max_hp_per_floor":[70,70,70,70,70,70,70,70,70,70,70,70,70,70,70,70,70,70,70,70,70,70,70,70,70],"card_choices":[{"not_picked":["Poisoned Stab","Bane"],"picked":"Dagger Spray","floor":1.0},{"not_picked":["Infinite Blades","PiercingWail"],"picked":"Cloak And Dagger","floor":3.0},{"not_picked":["Bane","Prepared","Quick Slash"],"picked":"SKIP","floor":4.0},{"not_picked":["Sucker Punch","Masterful Stab"],"picked":"Deadly Poison","floor":5.0},{"not_picked":["PiercingWail","Cloak And Dagger"],"picked":"Footwork","floor":7.0},{"not_picked":["PiercingWail","Bouncing Flask"],"picked":"Deadly Poison","floor":10.0},{"not_picked":["Slice","Envenom"],"picked":"Footwork","floor":13.0},{"not_picked":["Setup","Prepared"],"picked":"PiercingWail","floor":14.0},{"not_picked":["Phantasmal Killer","Bullet Time"],"picked":"Tools of the Trade","floor":16.0},{"not_picked":["Deflect","Deadly Poison"],"picked":"Catalyst","floor":18.0},{"not_picked":["Expertise","Dagger Spray"],"picked":"Acrobatics","floor":20.0},{"not_picked":["Poisoned Stab","PiercingWail"],"picked":"Backflip","floor":22.0},{"not_picked":["Flying Knee","Venomology"],"picked":"Dodge and Roll","floor":23}],"player_experience":130989,"relics_obtained":[{"floor":7.0,"key":"Vajra"},{"floor":9.0,"key":"Meat on the Bone"},{"floor":10.0,"key":"Pocketwatch"},{"floor":14.0,"key":"Tingsha"},{"floor":23,"key":"Snake Skull"}],"event_choices":[{"damage_healed":0.0,"max_hp_gain":0.0,"max_hp_loss":0.0,"gold_gain":75.0,"event_name":"World of Goop","player_choice":"Gather Gold","floor":2.0,"gold_loss":0.0,"damage_taken":11.0},{"cards_removed":["Strike_G"],"damage_healed":0.0,"max_hp_gain":0.0,"max_hp_loss":0.0,"gold_gain":0.0,"event_name":"The Cleric","player_choice":"Card Removal","floor":11.0,"gold_loss":50.0,"damage_taken":0.0},{"damage_healed":0.0,"max_hp_gain":0.0,"max_hp_loss":0.0,"gold_gain":0.0,"cards_transformed":["Strike_G"],"event_name":"Transmorgrifier","player_choice":"Transformed","floor":19.0,"gold_loss":0.0,"damage_taken":0.0,"cards_obtained":["Caltrops"]}],"is_beta":false,"boss_relics":[{"not_picked":["Pandora\u0027s Box","Snecko Eye"],"picked":"Runic Dome"}],"items_purged_floors":[21],"is_endless":false,"potions_floor_spawned":[3,5,7,16,18,22],"killed_by":"Chosen and Byrds","ascension_level":5}}