{"host":"mnpd8gh7cwxsn5kh","time":1612383377,"event":{"mods":["BaseMod","Bestiary","Block Reminder","Colored Map","Colored Powertips","Highlight Path","Minty Spire (QoL Compilation)","Relic Sorter","Relic Stats"],"gold_per_floor":[110,285,285,285,53,88,88,88,166,166,194,208,226,258,258,355,355,370,399,413,413,423,423,423],"floor_reached":23,"language":"ENG","playtime":2461,"items_purged":["Doubt"],"score":315,"play_id":"3cdb03ac-a372-469e-b34c-b6d078d0ac48","local_time":"20210203211617","is_ascension_mode":true,"campfire_choices":[{"data":"Armaments","floor":8,"key":"SMITH"},{"data":"Fiend Fire","floor":10,"key":"SMITH"},{"data":"Uppercut","floor":15,"key":"SMITH"}],"circlet_count":0,"master_deck":["Strike_R","Strike_R","Strike_R","Defend_R","Defend_R","Defend_R","Defend_R","Bash+1","Armaments+1","Fiend Fire+1","Clothesline","Entrench","Disarm","Disarm","Twin Strike","Ghostly Armor","Uppercut+1","Feed","Iron Wave+1","Rampage","Battle Trance","Dropkick","Dropkick+1","Uppercut+1","True Grit"],"relics":["Burning Blood","Blood Vial","Strawberry","Meat on the Bone","Prayer Wheel","Boot","Black Star","Red Mask"],"acts_visited":["Exordium","TheCity"],"potions_floor_usage":[16,19,19],"damage_taken":[{"damage":3,"enemies":"Small Slimes","floor":1,"turns":3},{"damage":42,"enemies":"Gremlin Nob","floor":6,"turns":5},{"damage":21,"enemies":"3 Sentries","floor":11,"turns":13},{"damage":1,"enemies":"2 Louse","floor":12,"turns":3},{"damage":9,"enemies":"Jaw Worm","floor":13,"turns":4},{"damage":20,"enemies":"Lagavulin","floor":14,"turns":9},{"damage":6,"enemies":"The Guardian","floor":16,"turns":14},{"damage":34,"enemies":"Chosen","floor":18,"turns":10},{"damage":103,"enemies":"Masked Bandits","floor":19,"turns":9},{"damage":13,"enemies":"Shell Parasite","floor":20,"turns":10},{"damage":21,"enemies":"Centurion and Healer","floor":22,"turns":7},{"damage":40,"enemies":"Gremlin Leader","floor":23,"turns":5}],"seed_played":"-3155366645217562341","potions_obtained":[{"floor":11,"key":"FairyPotion"},{"floor":12,"key":"LiquidMemories"},{"floor":13,"key":"Regen Potion"},{"floor":18,"key":"EssenceOfSteel"}],"is_trial":false,"path_per_floor":["M","?","?","?","$","E","?","R","T","R","E","M","M","E","R","B",null,"M","?","M","?","M","E"],"character_chosen":"IRONCLAD","items_purchased":["Fiend Fire"],"campfire_rested":0,"item_purchase_floors":[5],"current_hp_per_floor":[75,75,80,62,62,35,35,35,35,35,34,53,64,64,64,66,86,63,29,39,39,38,0,0],"gold":423,"neow_bonus":"UPGRADE_CARD","is_daily":false,"chose_seed":false,"campfire_upgraded":3,"win_rate":0.0,"timestamp":1612383377,"path_taken":["M","?","?","?","?","E","?","R","T","R","E","?","M","E","R","BOSS","M","?","M","?","M","E"],"items_purchased_type":["Card"],"build_version":"2020-12-22","purchased_purges":1,"victory":false,"max_hp_per_floor":[80,80,85,85,85,92,92,92,92,92,92,92,92,92,92,92,92,95,98,101,101,101,101,101],"relic_stats":{"Blood Vial":22,"counters":[12,92],"Prayer Wheel":5,"Black Star":0,"Boot":[10],"obtain_stats":[{"Blood Vial":4,"Strawberry":6,"Prayer Wheel":11,"Black Star":17,"Red Mask":19,"Boot":14,"Burning Blood":0,"Meat on the Bone":9},{"Blood Vial":1,"Strawberry":2,"Prayer Wheel":3,"Black Star":7,"Red Mask":9,"Boot":6,"Burning Blood":0,"Meat on the Bone":2},{"Blood Vial":3,"Strawberry":8,"Prayer Wheel":21,"Black Star":51,"Red Mask":70,"Boot":37,"Burning Blood":0,"Meat on the Bone":8}],"Burning Blood":66,"Meat on the Bone":84},"card_choices":[{"not_picked":["Anger","Body Slam"],"picked":"Armaments","floor":1},{"not_picked":["Shockwave","Havoc"],"picked":"Clothesline","floor":6},{"not_picked":["Sword Boomerang","Warcry"],"picked":"Disarm","floor":11},{"not_picked":["Power Through","Heavy Blade"],"picked":"Disarm","floor":12},{"not_picked":["Heavy Blade","Dropkick"],"picked":"Twin Strike","floor":12},{"not_picked":["Pommel Strike","Anger"],"picked":"Ghostly Armor","floor":13},{"not_picked":["Searing Blow","Clash","Fiend Fire"],"picked":"SKIP","floor":13},{"not_picked":["Whirlwind","Rampage"],"picked":"Uppercut","floor":14},{"not_picked":["Immolate","Limit Break"],"picked":"Feed","floor":16},{"not_picked":["Pommel Strike","Armaments"],"picked":"Iron Wave+1","floor":18},{"not_picked":["Armaments","Perfected Strike"],"picked":"Rampage","floor":18},{"not_picked":["Clash+1","Metallicize+1"],"picked":"Battle Trance","floor":19},{"not_picked":["Havoc+1","Pommel Strike+1"],"picked":"Dropkick","floor":20},{"not_picked":["Clothesline","Sever Soul"],"picked":"Dropkick+1","floor":20},{"not_picked":["True Grit","Clash"],"picked":"Uppercut+1","floor":22},{"not_picked":["Anger+1","Iron Wave"],"picked":"True Grit","floor":22}],"player_experience":272355,"relics_obtained":[{"floor":6,"key":"Strawberry"},{"floor":9,"key":"Meat on the Bone"},{"floor":11,"key":"Prayer Wheel"},{"floor":14,"key":"Boot"},{"floor":19,"key":"Red Mask"}],"event_choices":[{"damage_healed":0,"gold_gain":175,"player_choice":"AGREE","damage_taken":0,"max_hp_gain":0,"max_hp_loss":0,"event_name":"Liars Game","floor":2,"gold_loss":0,"cards_obtained":["Doubt"]},{"damage_healed":0,"gold_gain":0,"player_choice":"Donut","damage_taken":0,"max_hp_gain":5,"max_hp_loss":0,"event_name":"Big Fish","floor":3,"gold_loss":0},{"damage_healed":0,"gold_gain":0,"player_choice":"Success","damage_taken":18,"relics_obtained":["Blood Vial"],"max_hp_gain":0,"max_hp_loss":0,"event_name":"Scrap Ooze","floor":4,"gold_loss":0},{"damage_healed":0,"gold_gain":0,"cards_transformed":["Strike_R"],"player_choice":"Change","damage_taken":0,"max_hp_gain":0,"max_hp_loss":0,"event_name":"Living Wall","floor":7,"gold_loss":0,"cards_obtained":["Entrench"]},{"damage_healed":0,"gold_gain":0,"player_choice":"Fought Bandits","damage_taken":0,"max_hp_gain":0,"max_hp_loss":0,"event_name":"Masked Bandits","floor":19,"gold_loss":0},{"cards_removed":["Strike_R"],"damage_healed":0,"gold_gain":0,"player_choice":"Purged","damage_taken":0,"max_hp_gain":0,"max_hp_loss":0,"event_name":"Purifier","floor":21,"gold_loss":0}],"is_beta":false,"boss_relics":[{"not_picked":["Tiny House","Black Blood"],"picked":"Black Star"}],"items_purged_floors":[5],"is_endless":false,"potions_floor_spawned":[11,12,13,14,18],"killed_by":"Gremlin Leader","ascension_level":8}}