{"host":"hka8b3f4pkvnp4ei","time":1612353977,"event":{"mods":["BaseMod","Minty Spire (QoL Compilation)","Quick Restart","Replay The Spire","StSLib"],"gold_per_floor":[117,37,37,55,5,35,35,35,35,35,54,54,81,6,6,104,104,116,116,45,45,45,45],"floor_reached":22,"language":"ZHS","playtime":638,"items_purged":["Strike_B"],"score":309,"play_id":"c29bfc5f-07f2-4f3f-aebf-5ff743bbdd84","local_time":"20210203200617","is_ascension_mode":true,"campfire_choices":[{"data":"Dualcast","floor":10,"key":"SMITH"},{"data":"Coolheaded","floor":15,"key":"SMITH"}],"circlet_count":0,"master_deck":["Strike_B","Strike_B","Defend_B","Defend_B","Defend_B","Zap","Dualcast+1","Ball Lightning","Glacier","Coolheaded+1","Coolheaded","Self Repair","Skim"],"relics":["Cracked Core","NeowsBlessing","Ring of Peace","Pet Ghost","Blue Doll","Lantern","Nuclear Battery","Prayer Wheel"],"acts_visited":["Exordium","TheCity"],"potions_floor_usage":[13],"damage_taken":[{"damage":0.0,"enemies":"Cultist","floor":1.0,"turns":1.0},{"damage":0.0,"enemies":"Jaw Worm","floor":4.0,"turns":1.0},{"damage":0.0,"enemies":"Lagavulin","floor":6.0,"turns":1.0},{"damage":0,"enemies":"Small Slimes","floor":11,"turns":3},{"damage":0,"enemies":"3 Sentries","floor":13,"turns":4},{"damage":13,"enemies":"The Guardian","floor":16,"turns":14},{"damage":9,"enemies":"Spheric Guardian","floor":18,"turns":4},{"damage":0,"enemies":"3 Byrds","floor":22,"turns":1}],"seed_played":"3681753456921240132","potions_obtained":[{"floor":4.0,"key":"PowerPotion"},{"floor":13,"key":"ColorlessPotion"},{"floor":16,"key":"FocusPotion"}],"is_trial":false,"path_per_floor":["M","$","?","M","?","E","?","$","T","R","M","$","E","$","R","B",null,"M","?","$","?","M"],"character_chosen":"DEFECT","items_purchased":["Glacier","Skim"],"campfire_rested":0,"item_purchase_floors":[2,20],"current_hp_per_floor":[68,68,68,68,68,68,68,68,68,68,68,68,68,68,68,55,70,61,61,61,75,75,75],"gold":45,"neow_bonus":"THREE_ENEMY_KILL","is_daily":false,"chose_seed":false,"campfire_upgraded":2,"win_rate":0.0,"timestamp":1612353977,"path_taken":["M","?","?","M","?","E","?","?","T","R","?","$","E","?","R","BOSS","M","?","?","?","M"],"items_purchased_type":["Card","Card"],"build_version":"2020-12-22","purchased_purges":1,"victory":false,"max_hp_per_floor":[75,75,75,75,75,75,75,75,75,75,75,75,75,75,75,75,75,75,75,75,75,75,75],"card_choices":[{"not_picked":["Go for the Eyes","Conserve Battery"],"picked":"Ball Lightning","floor":1.0},{"not_picked":["Consume","Conserve Battery"],"picked":"Coolheaded","floor":4.0},{"not_picked":["ReplayRNGCard","Redo","BasicCrystalCard"],"picked":"SKIP","floor":6.0},{"not_picked":["Hologram","Static Discharge"],"picked":"Coolheaded","floor":11},{"not_picked":["Storm","ReplayTheSpireMod:Repulse","Aggregate"],"picked":"SKIP","floor":13},{"not_picked":["Meteor Strike","Buffer"],"picked":"ReplayTheSpireMod:Fabricate Wheel","floor":16},{"not_picked":["Rip and Tear","Ball Lightning"],"picked":"Self Repair","floor":18},{"not_picked":["Loop","Gash","Cold Snap"],"picked":"SKIP","floor":18}],"player_experience":1090322,"relics_obtained":[{"floor":3.0,"key":"Ring of Peace"},{"floor":6.0,"key":"Pet Ghost"},{"floor":9,"key":"Blue Doll"},{"floor":13,"key":"Lantern"}],"event_choices":[{"cards_removed":["Strike_B"],"damage_healed":0.0,"max_hp_gain":0.0,"max_hp_loss":0.0,"gold_gain":0.0,"event_name":"The Cleric","player_choice":"Card Removal","floor":5.0,"gold_loss":50.0,"damage_taken":0.0},{"damage_healed":0,"gold_gain":0,"player_choice":"Ignored","damage_taken":0,"max_hp_gain":0,"max_hp_loss":0,"event_name":"Vampires","floor":19,"gold_loss":0},{"cards_removed":["Doom and Gloom"],"damage_healed":14,"gold_gain":0,"player_choice":"Offered Uncommon","damage_taken":0,"max_hp_gain":0,"max_hp_loss":0,"event_name":"Bonfire Elementals","floor":21,"gold_loss":0}],"is_beta":false,"boss_relics":[{"not_picked":["Ectoplasm","ReplayTheSpireMod:DimensionalGlitch"],"picked":"Nuclear Battery"}],"items_purged_floors":[14],"is_endless":false,"potions_floor_spawned":[4,13,16],"killed_by":"3 Byrds","ascension_level":6}}