{"host":"fj5i6t4nkss7815d","time":1612333999,"event":{"mods":["AchievementEnabler","BaseMod","Minty Spire (QoL Compilation)","Quick Restart","Relic Stats"],"gold_per_floor":[361,379,379,25,38,38,72,92,92,92,123,123,123,138,138,215,215,225,275,291,311,311,311],"floor_reached":22,"language":"ENG","playtime":910,"items_purged":[],"score":381,"play_id":"b8593383-aa2c-4721-a8f5-bae09628db28","local_time":"20210202223319","is_ascension_mode":true,"campfire_choices":[{"data":"Zap","floor":6.0,"key":"SMITH"},{"floor":10.0,"key":"REST"},{"floor":12.0,"key":"REST"},{"floor":15.0,"key":"REST"}],"circlet_count":0,"master_deck":["AscendersBane","Strike_B","Strike_B","Defend_B","Defend_B","Defend_B+1","Zap+1","Dualcast+1","Capacitor","Leap","Sweeping Beam","Ball Lightning","Loop","Ball Lightning","Electrodynamics","Machine Learning+1","Lockon+1","Darkness+1","Static Discharge","Glacier"],"relics":["Cracked Core","Spirit Poop","Ice Cream","Ornamental Fan","Shuriken","Question Card","Astrolabe"],"acts_visited":["Exordium","TheCity"],"potions_floor_usage":[21],"damage_taken":[{"damage":2.0,"enemies":"2 Louse","floor":1.0,"turns":2.0},{"damage":1.0,"enemies":"Cultist","floor":2.0,"turns":3.0},{"damage":0.0,"enemies":"Jaw Worm","floor":5.0,"turns":4.0},{"damage":32.0,"enemies":"Gremlin Nob","floor":7.0,"turns":4.0},{"damage":6.0,"enemies":"Lots of Slimes","floor":8.0,"turns":4.0},{"damage":20.0,"enemies":"Lagavulin","floor":11.0,"turns":6.0},{"damage":8.0,"enemies":"Looter","floor":14.0,"turns":3.0},{"damage":46.0,"enemies":"The Guardian","floor":16.0,"turns":10.0},{"damage":11.0,"enemies":"Chosen","floor":18.0,"turns":4.0},{"damage":11.0,"enemies":"2 Thieves","floor":20.0,"turns":3.0},{"damage":32,"enemies":"Snecko","floor":21,"turns":4},{"damage":1,"enemies":"Snake Plant","floor":22,"turns":3}],"seed_played":"-6842016889100825856","potions_obtained":[{"floor":2.0,"key":"EntropicBrew"},{"floor":5.0,"key":"FairyPotion"},{"floor":16.0,"key":"Fire Potion"},{"floor":18.0,"key":"SkillPotion"},{"floor":20.0,"key":"DuplicationPotion"}],"is_trial":false,"path_per_floor":["M","M","?","$","M","R","E","M","T","R","E","R","?","M","R","B",null,"M","?","M","M","M"],"character_chosen":"DEFECT","items_purchased":["Ice Cream","Leap"],"campfire_rested":3,"item_purchase_floors":[4,4],"current_hp_per_floor":[62,61,61,61,61,61,29,23,23,44,24,45,24,16,37,18,58,47,47,36,4,3,3],"gold":311,"neow_bonus":"TWO_FIFTY_GOLD","is_daily":false,"chose_seed":false,"campfire_upgraded":1,"win_rate":0.0,"timestamp":1612333999,"path_taken":["M","M","?","$","M","R","E","?","T","R","E","R","?","M","R","BOSS","M","?","M","?","M"],"items_purchased_type":["Relic","Card"],"build_version":"2020-12-22","purchased_purges":0,"victory":false,"max_hp_per_floor":[71,71,71,71,71,71,71,71,71,71,71,71,71,71,71,71,71,71,71,71,71,71,71],"relic_stats":{"counters":[12,50],"Ornamental Fan":[16],"Shuriken":[4],"Astrolabe":["Machine Learning","Lockon","Darkness"],"Question Card":5,"obtain_stats":[{"Ice Cream":4,"Ornamental Fan":7,"Shuriken":9,"Astrolabe":17,"Spirit Poop":3,"Cracked Core":0,"Question Card":11},{"Ice Cream":2,"Ornamental Fan":4,"Shuriken":5,"Astrolabe":8,"Spirit Poop":2,"Cracked Core":0,"Question Card":6},{"Ice Cream":5,"Ornamental Fan":13,"Shuriken":17,"Astrolabe":36,"Spirit Poop":5,"Cracked Core":0,"Question Card":23}]},"card_choices":[{"not_picked":["Chill","Steam Power","Coolheaded"],"picked":"SKIP","floor":1.0},{"not_picked":["Rebound","Scrape"],"picked":"Capacitor","floor":2.0},{"not_picked":["Cold Snap","Stack"],"picked":"Sweeping Beam","floor":5.0},{"not_picked":["Redo","Steam","Rebound"],"picked":"SKIP","floor":7.0},{"not_picked":["Gash","Undo"],"picked":"Ball Lightning","floor":8.0},{"not_picked":["All For One","Redo"],"picked":"Loop","floor":11.0},{"not_picked":["Streamline","Coolheaded","Turbo"],"picked":"Ball Lightning","floor":14.0},{"not_picked":["Reboot","Multi-Cast","All For One"],"picked":"Electrodynamics","floor":16.0},{"not_picked":["Go for the Eyes","Sweeping Beam","Streamline","Aggregate"],"picked":"SKIP","floor":18.0},{"not_picked":["Go for the Eyes+1","Steam","Hologram"],"picked":"Static Discharge","floor":20.0},{"not_picked":["Fusion+1","Conserve Battery","Go for the Eyes"],"picked":"Glacier","floor":21}],"player_experience":998227,"relics_obtained":[{"floor":7.0,"key":"Ornamental Fan"},{"floor":9.0,"key":"Shuriken"},{"floor":11.0,"key":"Question Card"}],"event_choices":[{"cards_removed":["Clumsy"],"damage_healed":0.0,"max_hp_gain":0.0,"max_hp_loss":0.0,"gold_gain":0.0,"event_name":"Bonfire Elementals","player_choice":"Offered Curse","floor":3.0,"gold_loss":0.0,"damage_taken":0.0,"relics_obtained":["Spirit Poop"]},{"damage_healed":0.0,"max_hp_gain":0.0,"max_hp_loss":0.0,"gold_gain":0.0,"event_name":"Shining Light","player_choice":"Entered Light","floor":13.0,"gold_loss":0.0,"damage_taken":21.0,"cards_upgraded":["Dualcast","Defend_B"]},{"damage_healed":0.0,"max_hp_gain":0.0,"max_hp_loss":0.0,"gold_gain":100.0,"event_name":"The Joust","player_choice":"Bet on Murderer","floor":19.0,"gold_loss":50.0,"damage_taken":0.0}],"is_beta":false,"boss_relics":[{"not_picked":["Cursed Key","Snecko Eye"],"picked":"Astrolabe"}],"items_purged_floors":[],"is_endless":false,"potions_floor_spawned":[2,5,7,16,18,20],"killed_by":"Snake Plant","ascension_level":19}}