{"host":"jl7epezt8u9c37lt","time":1612392898,"event":{"mods":["Arknights","Aspiration","Astrologer","Bard","BaseMod","Beaked The Cultist","Better Third Choice","Conspire","DeckTracker","Downfall","Energized Spire","GifTheSpireLib","Glutton Mod","Halation","Hermit","HexUI Lib","Hubris","Lobotomy","LobotomyExtend","Minty Spire (QoL Compilation)","Quick Restart","Reliquary","Replay The Spire","Spikes Relics","StSLib","Stuff the Spire","The Animator","The Bladedancer","The Blue Laboratory","The Disciple","The Jungle","The Runesmith","egg"],"gold_per_floor":[99,118,118,293,293,344,344,364,464,483,483,508,519,115,135,238,238,238,255,255,41,53,53,132,145,176,176,176,176,195,212,226,226,226],"floor_reached":33,"language":"ENG","playtime":1674,"items_purged":[],"score":262,"play_id":"bacc9f18-25f4-47d5-8526-d4a623720085","local_time":"20210203165458","is_ascension_mode":false,"campfire_choices":[{"data":"beaked:Ceremony","floor":1.0,"key":"SMITH"},{"floor":11.0,"key":"REST"},{"floor":18.0,"key":"RECALL"},{"floor":23.0,"key":"REST"}],"circlet_count":0,"master_deck":["beaked:Strike_Y","beaked:Strike_Y","beaked:Strike_Y+1","beaked:Strike_Y","beaked:Strike_Y","beaked:Strike_Y","beaked:Defend_Y","beaked:Defend_Y","beaked:Defend_Y+1","beaked:Ceremony","beaked:Ceremony+1","beaked:Ceremony+1","beaked:Foresight+1","Doubt","beaked:Evade+1","beaked:Flinch","beaked:VigorBurst","beaked:MimicWarrior","beaked:WindBringer","beaked:CursingBlood","expansioncontent:DashGenerateEvil","beaked:VigorBurst","beaked:ScreechingChant","beaked:Overpower","beaked:Recite","hubris:Gluttony","beaked:Windmill+1","beaked:VigorBurst","beaked:WarriorSpirit","beaked:Recite","beaked:Foresight","beaked:DarkPact","beaked:Cower"],"relics":["beaked:MendingPlumage","LetterFromLob","StuffTheSpire:RedRose","reliquary:Buckler","aspiration:Lifesprig","conspire:Dentures","halation:AfternoonTea","Simple Rune","ReplayTheSpireMod:CursedCoin","Bird Faced Urn","reliquary:PurpleTingedLeaf","Pondfish Scales"],"acts_visited":["Exordium","TheCity"],"potions_floor_usage":[32],"damage_taken":[{"damage":8.0,"enemies":"Small Slimes","floor":2.0,"turns":4.0},{"damage":4.0,"enemies":"2 Louse","floor":8.0,"turns":4.0},{"damage":53.0,"enemies":"downfall:Heads","floor":9.0,"turns":7.0},{"damage":13.0,"enemies":"Jaw Worm","floor":10.0,"turns":5.0},{"damage":7.0,"enemies":"Exordium Wildlife","floor":13.0,"turns":3.0},{"damage":0.0,"enemies":"downfall:FleeingMerchant","floor":14.0,"turns":4.0},{"damage":11.0,"enemies":"Red Slaver","floor":15.0,"turns":4.0},{"damage":41.0,"enemies":"WA_ARCHETYPE_RETAIN","floor":16.0,"turns":10.0},{"damage":38.0,"enemies":"Chosen","floor":19.0,"turns":7.0},{"damage":0.0,"enemies":"downfall:FleeingMerchant","floor":21.0,"turns":4.0},{"damage":40.0,"enemies":"Sentry and Sphere","floor":22.0,"turns":5.0},{"damage":22,"enemies":"Centurion and Healer","floor":25,"turns":7},{"damage":73,"enemies":"conspire:MimicChest","floor":26,"turns":7},{"damage":37,"enemies":"3 Cultists","floor":30,"turns":6},{"damage":20,"enemies":"Snecko","floor":31,"turns":7},{"damage":35,"enemies":"Sentry and Sphere","floor":32,"turns":6},{"damage":94,"enemies":"DF_ARCHETYPE_CLAW","floor":33,"turns":5}],"seed_played":"521433150886205138","potions_obtained":[{"floor":2.0,"key":"blueLaboratory:TrueEctoplasm"},{"floor":16.0,"key":"Fire Potion"},{"floor":25,"key":"SneckoOil"},{"floor":30,"key":"blueLaboratory:NullPotion"},{"floor":31,"key":"AttackPotion"}],"is_trial":false,"path_per_floor":["R","M","?","?","?","T","T","M","?","M","R","T","M","$","M","B",null,"R","M","M","$","M","R","T","M","?","?","?","T","M","M","M","B"],"character_chosen":"BEAKED_THE_CULTIST","items_purchased":["Simple Rune","expansioncontent:DashGenerateEvil","blueLaboratory:FruitPunch","ReplayTheSpireMod:CursedCoin","Bird Faced Urn","beaked:Windmill+1"],"campfire_rested":2,"item_purchase_floors":[14,14,14,21,21,21],"current_hp_per_floor":[55,48,48,48,48,48,48,54,30,36,54,54,59,60,63,65,67,67,40,60,67,55,72,72,72,35,35,35,35,34,52,56,0,0],"gold":226,"neow_bonus":"TEN_PERCENT_HP_BONUS","is_daily":false,"chose_seed":false,"campfire_upgraded":1,"win_rate":0.0,"timestamp":1612392898,"path_taken":["R","M","?","?","?","?","T","M","?","?","R","?","?","$","M","BOSS","R","M","M","$","M","R","T","M","?","?","?","?","M","M","M","BOSS"],"items_purchased_type":["Relic","Card","Potion","Relic","Relic","Card"],"build_version":"2020-12-22","purchased_purges":0,"victory":false,"max_hp_per_floor":[55,55,55,55,55,55,55,55,60,60,60,60,60,60,65,67,67,67,67,67,67,72,72,72,72,72,72,72,72,72,72,72,72,72],"card_choices":[{"not_picked":["beaked:RuinSticks","beaked:CursingBlood"],"picked":"beaked:Foresight","floor":2.0},{"not_picked":["beaked:Struggle","beaked:MaddeningMurmurs"],"picked":"beaked:Evade","floor":8.0},{"not_picked":["ReplayTheSpireMod:Wings of Steel","beaked:SacrificialDive"],"picked":"beaked:VigorBurst","floor":9.0},{"not_picked":["beaked:Resilience","beaked:SacrificialAttack"],"picked":"beaked:MimicWarrior","floor":10.0},{"not_picked":["beaked:Foresight","beaked:SacrificialDive"],"picked":"beaked:WindBringer","floor":13.0},{"not_picked":["beaked:MimicMachine","beaked:SacrificialDive"],"picked":"beaked:CursingBlood","floor":14.0},{"not_picked":["beaked:Overexert","beaked:TuckingFeathers"],"picked":"beaked:VigorBurst","floor":15.0},{"not_picked":["beaked:DarkTribute","beaked:FakeOut"],"picked":"beaked:ScreechingChant","floor":16.0},{"not_picked":["beaked:Flinch","beaked:Replenish"],"picked":"beaked:Overpower","floor":19.0},{"not_picked":["beaked:Cower+1","beaked:Tweet+1"],"picked":"beaked:Recite","floor":21.0},{"not_picked":["beaked:CursingBlood","beaked:Foresight"],"picked":"beaked:VigorBurst","floor":22.0},{"not_picked":["beaked:MaddeningMurmurs","ReplayTheSpireMod:Wings of Steel"],"picked":"beaked:WarriorSpirit","floor":25},{"not_picked":["beaked:TuckingFeathers+1","ReplayTheSpireMod:Wings of Steel"],"picked":"beaked:Recite","floor":26},{"not_picked":["beaked:WarriorEssence+1","beaked:BraceForImpact"],"picked":"beaked:Foresight","floor":30},{"not_picked":["beaked:Redirect","beaked:CursingBlood"],"picked":"beaked:DarkPact","floor":31},{"not_picked":["beaked:BraceForImpact+1","beaked:FeelMyPain"],"picked":"beaked:Cower","floor":32}],"player_experience":210296,"relics_obtained":[{"floor":2.0,"key":"LetterFromLob"},{"floor":6.0,"key":"aspiration:Lifesprig"},{"floor":7.0,"key":"conspire:Dentures"},{"floor":12.0,"key":"halation:AfternoonTea"},{"floor":26,"key":"reliquary:PurpleTingedLeaf"},{"floor":29,"key":"Pondfish Scales"}],"event_choices":[],"is_beta":false,"boss_relics":[{"not_picked":["reliquary:KinkedSpring","hubris:BlackHole","Coffee Dripper"]}],"items_purged_floors":[],"is_endless":false,"potions_floor_spawned":[2,16,25,30,31],"killed_by":"DF_ARCHETYPE_CLAW","ascension_level":0}}