{"host":"roto7j7840a50pxh","time":1612340463,"event":{"mods":["Act Like it!","BaseMod","Better Altar","Better Note","Better Sensory Stone","Better Skull","Better Third Choice","BetterRewards","Colored Map","Colored Powertips","Downfall","Elementarium","Hermit","Highlight Path","Hubris","Infinite Spire","Minty Spire (QoL Compilation)","Replay The Spire","Shade Mod","Spicy Shops","StSLib","The Construct","The Hierophant","The Jungle","The Necromancer"],"gold_per_floor":[99,112,123,133,34,34,59,71,104,9,0,17,17,32,51,155,155,155,170,190,200,30,46,72,104,104,114,14,34,34,69,86,183,183,83,98,118,128,228,239,266,293,193,33,51,68,93,93,106,106,106,140,5,5,5,5],"floor_reached":57,"language":"ENG","playtime":12329,"items_purged":["hubris:Disease","Slimebound:Strike_Slimebound"],"score":1659,"play_id":"65a8ec54-ff9a-4c26-b1bf-4feaf04a9511","local_time":"20210203032103","is_ascension_mode":true,"campfire_choices":[{"data":"Slimebound:Split","floor":1.0,"key":"SMITH"},{"floor":13.0,"key":"REST"},{"floor":18.0,"key":"DIG"},{"data":"Slimebound:SelfFormingGoo","floor":28,"key":"SMITH"},{"data":"Slimebound:LivingWall","floor":30,"key":"SMITH"},{"floor":35,"key":"RECALL"},{"data":"Slimebound:SlimeSpikes","floor":43,"key":"SMITH"},{"floor":54,"key":"REST"}],"circlet_count":0,"master_deck":["Slimebound:Strike_Slimebound","Slimebound:Strike_Slimebound","Slimebound:Tackle","Slimebound:Defend_Slimebound","Slimebound:Defend_Slimebound","Slimebound:Defend_Slimebound","Slimebound:Defend_Slimebound","Slimebound:Split+1","Slimebound:CorrosiveSpit","Slimebound:SelfFormingGoo+1","Slimebound:Chomp","Slimebound:Schlurp","Slimebound:LeechingTouch","Slimebound:DisruptingSlam","Slimebound:LeechingTouch","Slimebound:LeechingTouch","Slimebound:RollThrough","Slimebound:Split+1","Slimebound:GrowthPunch","Slimebound:DouseInSlime","Slimebound:ItLooksTasty","Slimebound:SpikyOuterGoop","Slimebound:PressTheAttack","ReplayTheSpireMod:Brewmster","Swift Strike","ReplayTheSpireMod:Trickstab","Slimebound:LivingWall+1","Slimebound:SplitMire","Slimebound:DivideAndConquer","Slimebound:Gluttony","Slimebound:OozeBath","Slimebound:HauntingLick","Slimebound:OozeBath","Slimebound:LeechEnergy","Slimebound:Darklings","Slimebound:SplitMire+1","Slimebound:GoopSpray","hubris:InfiniteBlow+50","Slimebound:ComboTackle+1","Slimebound:GoopSpray","Slimebound:FinishingTackle","Slimebound:HungryTackle","Slimebound:MinionMaster","Slimebound:SlimeSpikes+1","Slimebound:ViciousTackle+1","Slimebound:LeadByExample+1","Slimebound:SamplingLick","Slimebound:Schlurp","Slimebound:AcidTongue","Slimebound:LevelUp","Slimebound:Schlurp","Slimebound:ViciousTackle+1","Slimebound:SlimeSpikes+1","Slimebound:LivingWall","Parasite","Slimebound:GoopSpray","Slimebound:DouseInSlime","Slimebound:SplitBruiser"],"relics":["Slimebound:AbsorbEndCombat","hubris:BundleOfHerbs","ReplayTheSpireMod:CursedCoin","ReplayTheSpireMod:ShopPack","ChewingGum","Ancient Tea Set","Replay:Rubber Ducky","Replay:Baseball","Slimebound:SlimedSkullRelic","Cauldron","downfall:HeartBlessingBlue","Slimebound:PotencyRelic","Honey Jar","downfall:HeartBlessingGreen","Potion Belt","Centennial Puzzle","Slimebound:MaxSlimesRelic","downfall:HeartBlessingRed","hubris:EmptyBottle","Bag of Marbles","hubris:Towel","infinitespire:Lucky Rock"],"acts_visited":["Exordium","Exordium","TheBeyond","TheEnding"],"potions_floor_usage":[23,25,25,31,31,32,33,33,33,33,37,37,37,38,38,38,38,40,42,44,45,45,45,45,46,46,47,47,47,47,50,50,50,50,50,52,52,52,55,55,55,55,55,55,55,56,56,56,56,56,56,56,56,56],"damage_taken":[{"damage":0.0,"enemies":"2 Louse","floor":2.0,"turns":2.0},{"damage":6.0,"enemies":"Cultist","floor":3.0,"turns":4.0},{"damage":9.0,"enemies":"Small Slimes","floor":4.0,"turns":3.0},{"damage":0.0,"enemies":"downfall:FleeingMerchant","floor":5.0,"turns":4.0},{"damage":26.0,"enemies":"Exordium Wildlife","floor":8.0,"turns":5.0},{"damage":38.0,"enemies":"3 Sentries","floor":9.0,"turns":8.0},{"damage":0.0,"enemies":"downfall:FleeingMerchant","floor":10.0,"turns":4.0},{"damage":15.0,"enemies":"downfall:FleeingMerchant","floor":11.0,"turns":4.0},{"damage":0.0,"enemies":"Large Slime","floor":12.0,"turns":6.0},{"damage":13.0,"enemies":"Lots of Slimes","floor":14.0,"turns":4.0},{"damage":20.0,"enemies":"Exordium Wildlife","floor":15.0,"turns":4.0},{"damage":12.0,"enemies":"SI_SHIV_ARCHETYPE","floor":16.0,"turns":7.0},{"damage":13.0,"enemies":"theJungle:GiantWrat","floor":19.0,"turns":6.0},{"damage":20.0,"enemies":"theJungle:Flameango_and_Byrd","floor":20.0,"turns":7.0},{"damage":6.0,"enemies":"theJungle:SlimyTreeVines","floor":21.0,"turns":6.0},{"damage":12,"enemies":"downfall:FleeingMerchant","floor":22,"turns":4},{"damage":10,"enemies":"theJungle:JungleHuntersEncounter","floor":23,"turns":5},{"damage":10,"enemies":"theJungle:Cassacara","floor":25,"turns":5},{"damage":0,"enemies":"theJungle:Snecko_Cultist_And_Trap","floor":27,"turns":3},{"damage":6,"enemies":"theJungle:SlimyTreeVines","floor":29,"turns":3},{"damage":0,"enemies":"theJungle:MamaSnecko","floor":31,"turns":3},{"damage":3,"enemies":"Snake Plant","floor":32,"turns":3},{"damage":25,"enemies":"IC_MUSHROOM_ARCHETYPE","floor":33,"turns":6},{"damage":14,"enemies":"Orb Walker","floor":36,"turns":3},{"damage":0,"enemies":"3 Darklings","floor":37,"turns":5},{"damage":11,"enemies":"Transient","floor":38,"turns":5},{"damage":0,"enemies":"downfall:LadyInBlue","floor":39,"turns":1},{"damage":3,"enemies":"Maw","floor":40,"turns":4},{"damage":1,"enemies":"Giant Head","floor":42,"turns":4},{"damage":3,"enemies":"downfall:FleeingMerchant","floor":44,"turns":1},{"damage":0,"enemies":"4 Shapes","floor":45,"turns":5},{"damage":0,"enemies":"Sphere and 2 Shapes","floor":46,"turns":3},{"damage":0,"enemies":"Nemesis","floor":47,"turns":3},{"damage":13,"enemies":"Writhing Mass","floor":49,"turns":4},{"damage":0,"enemies":"DF_ARCHETYPE_ORBS","floor":50,"turns":4},{"damage":49,"enemies":"downfall:CharBossMerchant","floor":52,"turns":7},{"damage":11,"enemies":"downfall:NeowBoss","floor":55,"turns":10},{"damage":0,"enemies":"downfall:NeowBossFinal","floor":56,"turns":9}],"seed_played":"-1051447064559308725","potions_obtained":[{"floor":8.0,"key":"Dexterity Potion"},{"floor":9.0,"key":"Strength Potion"},{"floor":14.0,"key":"Ancient Potion"},{"floor":15.0,"key":"LiquidBronze"},{"floor":16.0,"key":"Adrenaline Potion"},{"floor":23,"key":"Dexterity Potion"},{"floor":26,"key":"BlessingOfTheForge"},{"floor":26,"key":"SkillPotion"},{"floor":26,"key":"champ:CounterPotion"},{"floor":36,"key":"SkillPotion"},{"floor":39,"key":"bronze:BurnAndBuffPotion"},{"floor":39,"key":"PowerPotion"},{"floor":39,"key":"LifebloodPotion"},{"floor":39,"key":"Weak Potion"},{"floor":40,"key":"SkillPotion"},{"floor":42,"key":"Block Potion"},{"floor":46,"key":"Fire Potion"},{"floor":52,"key":"SkillPotion"}],"is_trial":false,"path_per_floor":["R_BF","M","M","M","$","?","T","M","E","$","$","M","R","M","M","B",null,"R_BF","M","M","M","$","M","T","E","AVR","M","R","M","R","E","M","B",null,"R","M","M","M","?","M","T","E","R","$","M","M","E","?","M","B",null,"E","$","R","B","B",null],"character_chosen":"SLIMEBOUND","items_purchased":["Slimebound:LeechingTouch","Slimebound:RollThrough","ReplayTheSpireMod:CursedCoin","ReplayTheSpireMod:ShopPack","Slimebound:SpikyOuterGoop","Slimebound:PressTheAttack","Replay:Rubber Ducky","hubris:EmptyBottle","SkillPotion","Reflective Coating","Slimebound:Schlurp","DistilledChaos","Slimebound:SplitBruiser"],"campfire_rested":2,"item_purchase_floors":[5,5,10,10,10,10,22,44,44,44,44,44,53],"current_hp_per_floor":[65,65,63,58,64,64,64,43,13,21,14,18,37,28,14,10,65,65,56,38,46,42,40,40,38,38,42,52,57,57,65,66,49,75,75,63,71,68,68,73,73,75,75,72,75,75,75,75,66,74,75,33,33,55,52,60],"gold":5,"neow_bonus":"ONE_RANDOM_RARE_CARD","is_daily":false,"chose_seed":false,"campfire_upgraded":4,"win_rate":0.0,"timestamp":1612340463,"path_taken":["R_BF","M","M","M","$","?","T","?","E","?","$","?","R","M","M","BOSS","R_BF","M","M","M","$","M","T","E","AVR","M","R","M","R","E","M","BOSS","R","M","M","M","?","M","T","E","R","?","M","?","E","?","M","BOSS","E","$","R","BOSS","BOSS"],"items_purchased_type":["Card","Card","Relic","Relic","Card","Card","Relic","Relic","Potion","Potion","Card","Potion","Card"],"build_version":"2020-12-22","purchased_purges":2,"victory":true,"max_hp_per_floor":[65,65,65,65,65,65,65,65,65,65,65,65,65,65,65,65,65,65,65,65,65,65,65,65,65,65,65,75,75,75,75,75,75,75,75,75,75,75,75,75,75,75,75,75,75,75,75,75,75,75,75,75,75,75,75,75],"card_choices":[{"not_picked":["Slimebound:SplitBruiser","Slimebound:LeechEnergy"],"picked":"Slimebound:Chomp","floor":2.0},{"not_picked":["Slimebound:Nibble","Slimebound:SplitAcid"],"picked":"Slimebound:Schlurp","floor":3.0},{"not_picked":["Slimebound:LeadByExample","Slimebound:Prepare"],"picked":"Slimebound:LeechingTouch","floor":4.0},{"not_picked":["Slimebound:LeechingTouch","Slimebound:Nibble"],"picked":"Slimebound:DisruptingSlam","floor":5.0},{"not_picked":["Slimebound:TongueLash","Slimebound:LeechEnergy"],"picked":"Slimebound:GrowthPunch","floor":8.0},{"not_picked":["Slimebound:RollThrough","Slimebound:HauntingLick"],"picked":"Slimebound:DouseInSlime","floor":9.0},{"not_picked":["Slimebound:SplitLeeching","Slimebound:DivideAndConquer"],"picked":"Slimebound:ItLooksTasty","floor":10.0},{"not_picked":["Sadistic Nature","Crow Ritual"],"picked":"ReplayTheSpireMod:Brewmster","floor":10.0},{"not_picked":["Enlightenment","Blind"],"picked":"Swift Strike","floor":10.0},{"not_picked":["Replay:Sssssssssstrike","Enlightenment"],"picked":"ReplayTheSpireMod:Trickstab","floor":10.0},{"not_picked":["Slimebound:SlimeSpikes","Slimebound:RejuvenatingLick"],"picked":"Slimebound:LivingWall","floor":11.0},{"not_picked":["Slimebound:SplitLeeching","Slimebound:HungryTackle"],"picked":"Slimebound:SplitMire","floor":12.0},{"not_picked":["Slimebound:SplitMire","Slimebound:RollThrough"],"picked":"Slimebound:DivideAndConquer","floor":14.0},{"not_picked":["Slimebound:PressTheAttack","Slimebound:GrowthPunch"],"picked":"Slimebound:Gluttony","floor":15.0},{"not_picked":["Slimebound:LeechLife","Slimebound:CheckThePlaybook"],"picked":"Slimebound:OozeBath","floor":16.0},{"not_picked":["Slimebound:FormOfPuddle","Slimebound:SlimeBarrage"],"picked":"Slimebound:HauntingLick","floor":19.0},{"not_picked":["Slimebound:SplitBruiser","Slimebound:DivideAndConquer"],"picked":"Slimebound:OozeBath","floor":20.0},{"not_picked":["Slimebound:RollThrough","Slimebound:LeechingTouch"],"picked":"Slimebound:LeechEnergy","floor":21.0},{"not_picked":["Slimebound:SplitMire+1","Slimebound:Dissolve+1"],"picked":"Slimebound:Darklings","floor":22},{"not_picked":["Slimebound:SplitLeeching","Slimebound:LeechEnergy"],"picked":"Slimebound:SplitMire+1","floor":23},{"not_picked":["Slimebound:SplitLeeching","Slimebound:Teamwork"],"picked":"Slimebound:GoopSpray","floor":25},{"not_picked":["Slimebound:LeechingTouch+1","Slimebound:ItLooksTasty"],"picked":"Slimebound:ComboTackle+1","floor":27},{"not_picked":["Slimebound:Prepare","Slimebound:LeechingTouch"],"picked":"Slimebound:GoopSpray","floor":29},{"not_picked":["Slimebound:RollThrough","Slimebound:Schlurp"],"picked":"Slimebound:FinishingTackle","floor":31},{"not_picked":["Slimebound:FinishingTackle","Slimebound:SpikyOuterGoop"],"picked":"Slimebound:HungryTackle","floor":32},{"not_picked":["Slimebound:MassFeed","Slimebound:DouseInSlime"],"picked":"Slimebound:MinionMaster","floor":33},{"not_picked":["Slimebound:PressTheAttack+1","Slimebound:Grow+1","Slimebound:LivingWall+1"],"picked":"Slimebound:SlimeSpikes","floor":36},{"not_picked":["Slimebound:SpikyOuterGoop","Slimebound:PressTheAttack+1","Slimebound:SplitMire"],"picked":"Slimebound:ViciousTackle+1","floor":37},{"not_picked":["Slimebound:SpikyOuterGoop+1","Slimebound:SlimeSpikes+1","Slimebound:GoopSpray+1"],"picked":"Slimebound:LeadByExample+1","floor":38},{"not_picked":["Slimebound:SplitLeeching","Slimebound:SlimeBrawl","Slimebound:LeechEnergy"],"picked":"Slimebound:SamplingLick","floor":39},{"not_picked":["Slimebound:SlimeBrawl","Slimebound:HungryTackle+1","Slimebound:GoopSpray"],"picked":"Slimebound:Schlurp","floor":40},{"not_picked":["Slimebound:GrowthPunch","Slimebound:LeechLife","Slimebound:FlameTackle+1"],"picked":"Slimebound:AcidTongue","floor":42},{"not_picked":["Slimebound:SlimeSpikes","Slimebound:Grow","Slimebound:FinishingTackle"],"picked":"Slimebound:LevelUp","floor":44},{"not_picked":["Slimebound:GoopTackle+1","Slimebound:AcidTongue+1","Slimebound:LivingWall"],"picked":"Slimebound:ViciousTackle+1","floor":45},{"not_picked":["Slimebound:ServeAndProtect","Slimebound:FinishingTackle+1","Slimebound:LeechEnergy"],"picked":"Slimebound:SlimeSpikes+1","floor":46},{"not_picked":["Slimebound:RejuvenatingLick","Slimebound:SlimeBrawl","Slimebound:FlameTackle"],"picked":"Slimebound:LivingWall","floor":47},{"not_picked":["Slimebound:ItLooksTasty","Slimebound:SplitAcid","Slimebound:FirmFortitude"],"picked":"Slimebound:GoopSpray","floor":49},{"not_picked":["Slimebound:Chomp","Slimebound:LeadByExample+1","Slimebound:ComboTackle+1"],"picked":"Slimebound:DouseInSlime","floor":52}],"player_experience":1536472,"relics_obtained":[{"floor":9.0,"key":"hubris:BundleOfHerbs"},{"floor":18.0,"key":"Ancient Tea Set"},{"floor":24,"key":"Replay:Baseball"},{"floor":25,"key":"Slimebound:SlimedSkullRelic"},{"floor":31,"key":"Slimebound:PotencyRelic"},{"floor":39,"key":"Potion Belt"},{"floor":41,"key":"Centennial Puzzle"},{"floor":42,"key":"Slimebound:MaxSlimesRelic"},{"floor":47,"key":"Bag of Marbles"},{"floor":52,"key":"infinitespire:Lucky Rock"}],"event_choices":[],"is_beta":false,"boss_relics":[{"not_picked":["Replay:Drink Me","Replay:Wanted Poster"],"picked":"ChewingGum"},{"not_picked":["Black Star","hubris:Stopwatch"],"picked":"Honey Jar"}],"items_purged_floors":[10,53],"is_endless":false,"potions_floor_spawned":[8,9,14,15,16,20,21,23,27,29,36,39,40,42,46,52],"ascension_level":4}}