{"host":"yn5u65xaxuhqfd3k","time":1612376853,"event":{"mods":["BaseMod","Minty Spire (QoL Compilation)","Relic Stats","StSLib","The Servant 0.9.4"],"gold_per_floor":[114,125,125,12,187,218,20,49,49,49,49,67,67,83,83,178,178,178,178],"floor_reached":18,"language":"ENG","playtime":1594,"items_purged":["Regret","Doubt"],"score":193,"play_id":"f788b09b-634a-48e3-a529-fc7dd58cd7af","local_time":"20210203132733","is_ascension_mode":false,"campfire_choices":[{"floor":10,"key":"RECALL"},{"data":"1","floor":13,"key":"LIFT"},{"data":"2","floor":15,"key":"LIFT"}],"circlet_count":0,"master_deck":["Strike_S","Strike_S","Strike_S","Strike_S","Defend_S","Defend_S","Defend_S","Defend_S","KidneyShot","Exchange","Rearm","Reset","InstantArmor","WasteNot","Ricochet","DualDimension","Rewind","DoubleEdge","Dilation"],"relics":["Uniform","NeowsBlessing","Girya","Vajra","Gremlin Horn","Eternal Feather","StoneMask"],"acts_visited":["Exordium","TheCity"],"potions_floor_usage":[8,8,16,16],"damage_taken":[{"damage":0,"enemies":"Small Slimes","floor":1,"turns":1},{"damage":0,"enemies":"Jaw Worm","floor":2,"turns":1},{"damage":0,"enemies":"3 Sentries","floor":6,"turns":2},{"damage":21,"enemies":"Lagavulin","floor":8,"turns":9},{"damage":0,"enemies":"2 Louse","floor":12,"turns":1},{"damage":4,"enemies":"Large Slime","floor":14,"turns":6},{"damage":43,"enemies":"Slime Boss","floor":16,"turns":11},{"damage":4,"enemies":"3 Byrds","floor":18,"turns":2}],"seed_played":"-2680715866365703440","potions_obtained":[{"floor":6,"key":"SkillPotion"},{"floor":8,"key":"SteroidPotion"},{"floor":12,"key":"Swift Potion"}],"is_trial":false,"path_per_floor":["M","M","?","$","?","E","$","E","T","R","?","M","R","M","R","B",null,"M"],"character_chosen":"THE_SERVANT","items_purchased":["InstantArmor","Ricochet","AttackPotion"],"campfire_rested":0,"item_purchase_floors":[4,7,7],"current_hp_per_floor":[65,65,65,65,65,65,65,44,44,44,37,37,46,42,51,8,65,61,61],"gold":178,"neow_bonus":"THREE_ENEMY_KILL","is_daily":false,"chose_seed":false,"campfire_upgraded":0,"win_rate":0.0,"timestamp":1612376853,"path_taken":["M","M","?","$","?","E","$","E","T","R","?","M","R","M","R","BOSS","M"],"items_purchased_type":["Card","Card","Potion"],"build_version":"2020-12-22","purchased_purges":2,"victory":false,"max_hp_per_floor":[65,65,65,65,65,65,65,65,65,65,65,65,65,65,65,65,65,65,65],"relic_stats":{"Gremlin Horn":[5,5],"counters":[8,33],"Eternal Feather":18,"obtain_stats":[{"Girya":3,"NeowsBlessing":0,"Gremlin Horn":8,"StoneMask":17,"Vajra":6,"Eternal Feather":11,"Uniform":0},{"Girya":2,"NeowsBlessing":0,"Gremlin Horn":4,"StoneMask":7,"Vajra":3,"Eternal Feather":4,"Uniform":0},{"Girya":2,"NeowsBlessing":0,"Gremlin Horn":13,"StoneMask":31,"Vajra":4,"Eternal Feather":13,"Uniform":0}]},"card_choices":[{"not_picked":["Defy","FastForward"],"picked":"Rearm","floor":1},{"not_picked":["Replace","Alleviate"],"picked":"Reset","floor":2},{"not_picked":["Advance","Misdirection"],"picked":"WasteNot","floor":6},{"not_picked":["Rearm","Starlight"],"picked":"DualDimension","floor":8},{"not_picked":["DoubleEdge","Unruled"],"picked":"Rewind","floor":12},{"not_picked":["LightFlow","FastForward"],"picked":"DoubleEdge","floor":14},{"not_picked":["Duplication","FloweringNight"],"picked":"Dilation","floor":16}],"player_experience":1032018,"relics_obtained":[{"floor":6,"key":"Vajra"},{"floor":8,"key":"Gremlin Horn"}],"event_choices":[{"damage_healed":0,"gold_gain":0,"player_choice":"Box","damage_taken":0,"relics_obtained":["Girya"],"max_hp_gain":0,"max_hp_loss":0,"event_name":"Big Fish","floor":3,"gold_loss":0,"cards_obtained":["Regret"]},{"damage_healed":0,"gold_gain":175,"player_choice":"AGREE","damage_taken":0,"max_hp_gain":0,"max_hp_loss":0,"event_name":"Liars Game","floor":5,"gold_loss":0,"cards_obtained":["Doubt"]},{"damage_healed":0,"gold_gain":0,"player_choice":"Success","damage_taken":7,"relics_obtained":["Eternal Feather"],"max_hp_gain":0,"max_hp_loss":0,"event_name":"Scrap Ooze","floor":11,"gold_loss":0}],"is_beta":false,"boss_relics":[{"not_picked":["Empty Cage","Velvet Choker"],"picked":"StoneMask"}],"items_purged_floors":[4,7],"is_endless":false,"potions_floor_spawned":[6,8,12],"killed_by":"3 Byrds","ascension_level":0}}