{"host":"g2yp6paluzgljz05","time":1612361390,"event":{"mods":["BaseMod","Bestiary","Colored Powertips","DeckTracker","Highlight Path","Minty Spire (QoL Compilation)","Quick Restart"],"gold_per_floor":[12,12,25,100,50,50,84,9,9,9,9,23,41,58,58,58,58],"floor_reached":16,"language":"ENG","playtime":703,"items_purged":["Strike_R"],"score":140,"play_id":"47594a26-aab4-4399-b301-58cdf7a8091c","local_time":"20210204010950","is_ascension_mode":true,"campfire_choices":[{"data":"Body Slam","floor":6,"key":"SMITH"},{"floor":11,"key":"REST"},{"floor":15,"key":"REST"}],"circlet_count":0,"master_deck":["Defend_R","Defend_R","Defend_R","Defend_R","Bash","Body Slam+1","Ghostly Armor","Evolve"],"relics":["Burning Blood","Matryoshka","Bag of Preparation","Dream Catcher"],"acts_visited":["Exordium"],"potions_floor_usage":[16,16],"damage_taken":[{"damage":10,"enemies":"2 Louse","floor":1,"turns":3},{"damage":12,"enemies":"Jaw Worm","floor":3,"turns":3},{"damage":43,"enemies":"Lagavulin","floor":7,"turns":8},{"damage":0,"enemies":"Small Slimes","floor":12,"turns":5},{"damage":19,"enemies":"Exordium Thugs","floor":13,"turns":6},{"damage":0,"enemies":"Red Slaver","floor":14,"turns":6},{"damage":67,"enemies":"Hexaghost","floor":16,"turns":11}],"seed_played":"3370344848348432697","potions_obtained":[{"floor":7,"key":"SteroidPotion"},{"floor":12,"key":"Fire Potion"}],"is_trial":false,"path_per_floor":["M","?","M","?","?","R","E","$","T","?","R","M","M","M","R","B"],"character_chosen":"IRONCLAD","items_purchased":[],"campfire_rested":2,"item_purchase_floors":[],"current_hp_per_floor":[68,68,62,51,51,51,14,14,14,14,38,44,31,37,61,0,0],"gold":58,"neow_bonus":"REMOVE_TWO","is_daily":false,"chose_seed":false,"campfire_upgraded":1,"win_rate":0.0,"timestamp":1612361390,"path_taken":["M","?","M","?","?","R","E","$","T","?","R","M","?","M","R","BOSS"],"items_purchased_type":[],"build_version":"2020-12-22","purchased_purges":1,"victory":false,"max_hp_per_floor":[80,80,80,80,80,80,80,80,80,80,80,80,80,80,80,80,80],"card_choices":[{"not_picked":["Cleave","Anger"],"picked":"Body Slam","floor":1},{"not_picked":["Disarm","Heavy Blade"],"picked":"Ghostly Armor","floor":3},{"not_picked":["Perfected Strike","Havoc","Headbutt"],"picked":"SKIP","floor":7},{"not_picked":["Cleave","Ghostly Armor"],"picked":"Evolve","floor":11},{"not_picked":["Flex","Blood for Blood","Sword Boomerang"],"picked":"SKIP","floor":12},{"not_picked":["Sever Soul","Armaments","Entrench"],"picked":"SKIP","floor":13},{"not_picked":["Shockwave","Anger","Iron Wave"],"picked":"SKIP","floor":14}],"player_experience":313014,"relics_obtained":[{"floor":7,"key":"Matryoshka"},{"floor":9,"key":"Bag of Preparation"},{"floor":9,"key":"Dream Catcher"}],"event_choices":[{"damage_healed":0,"gold_gain":0,"player_choice":"Ignored","damage_taken":0,"max_hp_gain":0,"max_hp_loss":0,"event_name":"Golden Idol","floor":2,"gold_loss":0},{"damage_healed":0,"gold_gain":75,"player_choice":"Gather Gold","damage_taken":11,"max_hp_gain":0,"max_hp_loss":0,"event_name":"World of Goop","floor":4,"gold_loss":0},{"cards_removed":["Strike_R"],"damage_healed":0,"gold_gain":0,"player_choice":"Card Removal","damage_taken":0,"max_hp_gain":0,"max_hp_loss":0,"event_name":"The Cleric","floor":5,"gold_loss":50},{"cards_removed":["Strike_R"],"damage_healed":0,"gold_gain":0,"player_choice":"Forget","damage_taken":0,"max_hp_gain":0,"max_hp_loss":0,"event_name":"Living Wall","floor":10,"gold_loss":0}],"is_beta":false,"boss_relics":[],"items_purged_floors":[8],"is_endless":false,"potions_floor_spawned":[7,12],"killed_by":"Hexaghost","ascension_level":8}}