{"host":"0cm5wy4nhuju7tij","time":1612334307,"event":{"mods":["100% Spire Juice","2.2 Compatiblity","AchievementEnabler","Aspiration","BaseMod","Better Third Choice","BetterRewards","CCEM2","CapriCore","Colored Powertips","Curses Come First","Displayed Cursed Tome","Downfall","Energized Spire","Evolution","Filter the Spire","Hermit","Hero for Fun","Highlight Path","Jess\u0027s Bottle","Minty Spire (QoL Compilation)","Permanent Neow","Poor People Problems","Relic Filter Mod","Relic Stats","Shop Mod","Spicy Shops","StSLib","The Cursed","The Juggle","TheSurvivalist","Weighted Paths"],"gold_per_floor":[118,135,147,157,176,176,206,217,241,241,241,241],"floor_reached":11,"language":"ENG","playtime":1606,"items_purged":[],"score":77,"play_id":"7448256d-a2b6-459b-87f1-403f3c3c6074","local_time":"20210203013827","is_ascension_mode":false,"campfire_choices":[{"floor":6,"key":"REST"},{"floor":10,"key":"REST"}],"circlet_count":0,"master_deck":["survmod:PinningSnipe+1","survmod:Strike","survmod:Strike","survmod:Strike","survmod:Defend","survmod:Defend","survmod:Defend","survmod:Defend","survmod:VersatileOffense","survmod:Sprint","survmod:TrickShot","survmod:AcidArrow","survmod:SimpleMutation","survmod:ComplexMutation","survmod:OverwhelmingAssault","survmod:DuckAndFlare","survmod:NockAnArrow"],"relics":["survmod:InnateMutation","EVO:Axolotl","Nunchaku","Tiny Chest"],"acts_visited":["Exordium"],"potions_floor_usage":[7,11],"damage_taken":[{"damage":0,"enemies":"Small Slimes","floor":1,"turns":4},{"damage":1,"enemies":"Cultist","floor":2,"turns":4},{"damage":3,"enemies":"2 Louse","floor":3,"turns":2},{"damage":6,"enemies":"Red Slaver","floor":4,"turns":4},{"damage":25,"enemies":"Exordium Thugs","floor":5,"turns":9},{"damage":24,"enemies":"Lagavulin","floor":7,"turns":11},{"damage":2,"enemies":"2 Fungi Beasts","floor":8,"turns":6},{"damage":19,"enemies":"3 Sentries","floor":11,"turns":12}],"seed_played":"-5964243614208887414","potions_obtained":[{"floor":1,"key":"FearPotion"},{"floor":2,"key":"FearPotion"},{"floor":7,"key":"Fire Potion"}],"is_trial":false,"path_per_floor":["M","M","M","M","M","R","E","M","T","R","E"],"character_chosen":"THE_SURVIVOR","items_purchased":[],"campfire_rested":2,"item_purchase_floors":[],"current_hp_per_floor":[50,49,46,40,15,30,6,4,4,19,0,0],"gold":241,"neow_bonus":"UPGRADE_CARD","is_daily":false,"chose_seed":false,"campfire_upgraded":0,"win_rate":0.0,"timestamp":1612334307,"path_taken":["M","M","M","M","M","R","E","M","T","R","E"],"items_purchased_type":[],"build_version":"2020-12-22","purchased_purges":0,"victory":false,"max_hp_per_floor":[50,50,50,50,50,50,50,50,50,50,50,50],"relic_stats":{"Nunchaku":[1],"counters":[8,52],"Tiny Chest":0,"obtain_stats":[{"Nunchaku":7,"Tiny Chest":9,"EVO:Axolotl":0,"survmod:InnateMutation":0},{"Nunchaku":6,"Tiny Chest":7,"EVO:Axolotl":0,"survmod:InnateMutation":0},{"Nunchaku":34,"Tiny Chest":40,"EVO:Axolotl":0,"survmod:InnateMutation":0}]},"card_choices":[{"not_picked":["survmod:PenetratingShot","survmod:TwinShot"],"picked":"survmod:TrickShot","floor":1},{"not_picked":["survmod:FenceTrap","survmod:GoForFace"],"picked":"survmod:AcidArrow","floor":2},{"not_picked":["survmod:FindCover","survmod:Hawkeye"],"picked":"survmod:SimpleMutation","floor":3},{"not_picked":["survmod:FocusedFire","survmod:GoForFace"],"picked":"survmod:ComplexMutation","floor":4},{"not_picked":["survmod:OverexertingShot","survmod:FlashbangShot"],"picked":"survmod:OverwhelmingAssault","floor":5},{"not_picked":["survmod:FlareBarrage","survmod:Marksmanship"],"picked":"survmod:DuckAndFlare","floor":7},{"not_picked":["survmod:TrickShot","survmod:FindCover"],"picked":"survmod:NockAnArrow","floor":8}],"player_experience":293039,"relics_obtained":[{"floor":7,"key":"Nunchaku"},{"floor":9,"key":"Tiny Chest"}],"event_choices":[],"is_beta":false,"boss_relics":[],"items_purged_floors":[],"is_endless":false,"potions_floor_spawned":[1,2,7],"killed_by":"3 Sentries","ascension_level":0}}