{"host":"hkj1blq6xqcrzx6o","time":1612362857,"event":{"mods":["Act Like it!","BaseMod","Downfall","Gensokyo","Lobotomy","Marisa£®ÏF”Í°°ƒß¿Ì…≥£©","Minty Spire (QoL Compilation)","Quick Restart","Reimu£®≤©¿ˆ¡È√Œ£©","Remilia£®¿Ÿ√◊¿Ú—«£©","Replay The Spire","StSLib","The Servant 0.9.4","Youmu£®ªÍ∆«—˝√Œ£©"],"gold_per_floor":[111,127,139,200,219,247,247,259,285,125,144,144,144,46,46,148,148,160,160,160,160,178,178,207,223,223,239,253,73,73,32,32,32,32],"floor_reached":33,"language":"ZHS","playtime":1612,"items_purged":[],"score":292,"play_id":"9c424250-a2be-4d81-b9bd-2113d609415a","local_time":"20210203223417","is_ascension_mode":false,"campfire_choices":[{"floor":13,"key":"REST"},{"floor":15,"key":"REST"},{"data":"Gensokyo:LittleGreenMen","floor":23,"key":"SMITH"},{"floor":32,"key":"REST"}],"circlet_count":0,"master_deck":["Strike_MRS","Strike_MRS","Strike_MRS","Strike_MRS","Defend_MRS","Defend_MRS","Defend_MRS","Defend_MRS","MasterSpark","UpSweep","CasketOfStar","Acceleration","Orbital","AlicesGift","ChargingUp","GrandCross","Gensokyo:MarisaTwilightSpark","DeepEcoloBomb","IllusionStar","WitchLeyline","ShootingEcho","CollectingQuirk","DarkMatter+1","SprinkleStarSeal","Gensokyo:LittleGreenMen+1","ManaConvection","StarBarrage+1","AlicesGift","OrrerysSun+1","6A","AlicesGift","AbsoluteMagnitude","MachineGunSpark"],"relics":["MiniHakkero","Mirror","Orichalcum","Regal Pillow","Enchiridion","Oddly Smooth Stone","Honey Jar","Gensokyo:SongOfSouls","Nunchaku","Pear","Strange Spoon"],"acts_visited":["Exordium","Gensokyo:Gensokyo"],"potions_floor_usage":[6,6,24,28,28,28,28,33,33,33],"damage_taken":[{"damage":7,"enemies":"Gensokyo:2_Kodama","floor":1,"turns":3},{"damage":5,"enemies":"Gensokyo:3_Fairies","floor":2,"turns":4},{"damage":9,"enemies":"Gensokyo:Gryphon","floor":3,"turns":4},{"damage":16,"enemies":"Gensokyo:3_Kodama","floor":5,"turns":5},{"damage":13,"enemies":"Gensokyo:Mamizou","floor":6,"turns":5},{"damage":3,"enemies":"Gensokyo:5_Fairies","floor":8,"turns":4},{"damage":4,"enemies":"Gensokyo:Python_and_Kodama","floor":11,"turns":3},{"damage":26,"enemies":"Gensokyo:Yukari","floor":16,"turns":7},{"damage":8,"enemies":"Gensokyo:Chomper","floor":18,"turns":4},{"damage":0,"enemies":"Gensokyo:CosmicMonolith","floor":22,"turns":3},{"damage":18,"enemies":"Gensokyo:Tenshi","floor":24,"turns":2},{"damage":17,"enemies":"Gensokyo:Slime_Group","floor":25,"turns":3},{"damage":16,"enemies":"Gensokyo:Chomper_and_Gloop","floor":27,"turns":4},{"damage":10,"enemies":"Gensokyo:Swordslinger","floor":28,"turns":3},{"damage":61,"enemies":"Gensokyo:Kaguya","floor":33,"turns":8}],"seed_played":"709150776180582897","potions_obtained":[{"floor":2,"key":"Guardian:BlockOnCardUsePotion"},{"floor":4,"key":"Fire Potion"},{"floor":5,"key":"GrandPatriotsElixir:ReiMu"},{"floor":6,"key":"Fire Potion"},{"floor":16,"key":"AttackPotion"},{"floor":18,"key":"EntropicBrew"},{"floor":27,"key":"Swift Potion"}],"is_trial":false,"path_per_floor":["M","M","M","?","M","E","?","M","T","?","M","T","R","$","R","B",null,"M","?","?","?","M","R","E","M","T","M","M","$","?","$","R","B"],"character_chosen":"MARISA","items_purchased":["WitchLeyline","ShootingEcho","Strange Spoon","AlicesGift","MachineGunSpark"],"campfire_rested":3,"item_purchase_floors":[14,14,29,29,31],"current_hp_per_floor":[68,63,54,54,38,25,25,22,22,22,18,18,55,55,75,49,75,67,67,67,67,67,67,49,32,42,26,16,16,16,16,54,0,0],"gold":32,"neow_bonus":"ONE_RANDOM_RARE_CARD","is_daily":false,"chose_seed":false,"campfire_upgraded":1,"win_rate":0.0,"timestamp":1612362857,"path_taken":["M","M","?","?","M","E","?","M","T","?","M","?","R","?","R","BOSS","M","?","?","?","?","R","E","?","T","M","M","?","?","$","R","BOSS"],"items_purchased_type":["Card","Card","Relic","Card","Card"],"build_version":"2020-12-22","purchased_purges":0,"victory":false,"max_hp_per_floor":[75,75,75,75,75,75,75,75,75,75,75,75,75,75,75,75,75,75,75,75,68,68,68,68,68,78,78,78,78,78,78,78,78,78],"card_choices":[{"not_picked":["ShootingEcho","MeteoricShower"],"picked":"Acceleration","floor":1},{"not_picked":["UnstableBomb","WitchLeyline"],"picked":"Orbital","floor":2},{"not_picked":["6A","MagicAbsorber"],"picked":"LuminesStrike","floor":3},{"not_picked":["EnergyFlow","LuminesStrike"],"picked":"AlicesGift","floor":4},{"not_picked":["EnergyFlow","ChargeUpSpray"],"picked":"ChargingUp","floor":5},{"not_picked":["CasketOfStar","EnergyRecoil"],"picked":"GrandCross","floor":6},{"not_picked":["OpenUniverse","PowerUp"],"picked":"DeepEcoloBomb","floor":8},{"not_picked":["Acceleration","ShootingEcho"],"picked":"IllusionStar","floor":11},{"not_picked":["TreasureHunter","StarDustReverie"],"picked":"CollectingQuirk","floor":16},{"not_picked":["WitchLeyline","EarthLightRay+1","Acceleration"],"picked":"DarkMatter+1","floor":18},{"not_picked":["Gensokyo:RedCapeBlueCape","Gensokyo:SlitMouthedWoman","Gensokyo:GapWoman"],"picked":"Gensokyo:LittleGreenMen","floor":21},{"not_picked":["WitchLeyline","DC","Robbery"],"picked":"ManaConvection","floor":22},{"not_picked":["MeteoricShower+1","ManaConvection","GalacticHalo"],"picked":"StarBarrage+1","floor":24},{"not_picked":["UnstableBomb","OrrerysSun+1","Acceleration"],"picked":"AlicesGift","floor":25},{"not_picked":["WitchOfGreed","DarkSpark","ChargingUp"],"picked":"OrrerysSun+1","floor":27},{"not_picked":["SprinkleStarSeal","ShootingEcho","Occultation"],"picked":"6A","floor":28}],"player_experience":36798,"relics_obtained":[{"floor":4,"key":"Mirror"},{"floor":6,"key":"Orichalcum"},{"floor":9,"key":"Regal Pillow"},{"floor":12,"key":"Oddly Smooth Stone"},{"floor":24,"key":"Nunchaku"},{"floor":26,"key":"Pear"}],"event_choices":[],"is_beta":false,"boss_relics":[{"not_picked":["Snecko Eye","Sozu"],"picked":"Honey Jar"}],"items_purged_floors":[],"is_endless":false,"potions_floor_spawned":[2,5,6,16,18,27],"killed_by":"Gensokyo:Kaguya","ascension_level":0}}