{"host":"rtrm1sjndjmdxdc6","time":1612387224,"event":{"mods":["2.2 Compatiblity","AchievementEnabler","Act Like it!","BaseMod","Better Match","Better Note","Better Third Choice","Better Vampires","BetterRewards","Colored Map","Colored Powertips","Conspire","Gensokyo","HololiveMod","Marisa（F雨　魔理沙）","Minty Spire (QoL Compilation)","Permanent Neow","Rare Cards Sparkle","Reimu（博丽灵梦）","Remilia（蕾米莉亚）","Replay The Spire","RumiaBox-露米娅的神秘盒子","Shop Mod","StSLib","The Bug Knight","The Jungle","Unceasing Turn Reminder","【功能Mod】混沌之环修复补丁","【功能Mod】聪明的最终Boss","篝火指南"],"gold_per_floor":[118,118,10,85,85,85,104,116,116,116,128,146,161,180,180,275,275,289,214,214,214],"floor_reached":20,"language":"ZHS","playtime":1616,"items_purged":["Strike_G"],"score":191,"play_id":"e2d0cc05-86ca-4a12-ab8b-90cc83a8c8f0","local_time":"20210204052024","is_ascension_mode":true,"campfire_choices":[{"data":"Replay:Poison Smokescreen","floor":6,"key":"SMITH"},{"floor":10,"key":"RECALL"},{"floor":15,"key":"REST"}],"circlet_count":0,"master_deck":["Strike_G","Strike_G","Strike_G","Defend_G","Defend_G","Defend_G","Defend_G","Defend_G","Survivor","Neutralize+1","conspire:PoisonWeapons","Replay:Poison Smokescreen+1","Quick Slash","Heel Hook","Draining Mist","Bouncing Flask","Cloak And Dagger","Flechettes","Bane","Fluid Movement","A Thousand Cuts","Flying Knee"],"relics":["Ring of the Snake","Baka","AddBug","SecretRecord","SecretRecord"],"acts_visited":["Exordium","TheCity"],"potions_floor_usage":[8,8,13],"damage_taken":[{"damage":3,"enemies":"conspire:RoseBush","floor":1,"turns":4},{"damage":8,"enemies":"2 Louse","floor":7,"turns":14},{"damage":0,"enemies":"Jaw Worm","floor":8,"turns":1},{"damage":16,"enemies":"3 Louse","floor":11,"turns":4},{"damage":0,"enemies":"Blue Slaver","floor":12,"turns":2},{"damage":0,"enemies":"Looter","floor":13,"turns":3},{"damage":12,"enemies":"conspire:2 RoseBushes","floor":14,"turns":4},{"damage":8,"enemies":"Fading Forest","floor":16,"turns":11},{"damage":12,"enemies":"3 Byrds","floor":18,"turns":3},{"damage":199,"enemies":"Masked Bandits","floor":20,"turns":3}],"seed_played":"-1292564869473416884","potions_obtained":[{"floor":7,"key":"Energy Potion"},{"floor":8,"key":"EssenceOfSteel"},{"floor":12,"key":"GamblersBrew"},{"floor":13,"key":"ZuzhouPotion:ReiMu"},{"floor":18,"key":"conspire:TimeTravelPotion"}],"is_trial":false,"path_per_floor":["M","?","$","?","$","R","M","M","T","R","M","M","M","M","R","B",null,"M","?","?"],"character_chosen":"THE_SILENT","items_purchased":["Replay:Poison Smokescreen"],"campfire_rested":1,"item_purchase_floors":[3],"current_hp_per_floor":[67,64,64,53,53,53,45,45,45,45,29,29,29,17,38,48,70,58,58,0,0],"gold":214,"neow_bonus":"UPGRADE_CARD","is_daily":false,"chose_seed":false,"campfire_upgraded":1,"win_rate":0.0,"timestamp":1612387224,"path_taken":["M","?","$","?","?","R","M","?","T","R","M","M","M","M","R","BOSS","M","?","?"],"items_purchased_type":["Card"],"build_version":"2020-12-22","purchased_purges":1,"victory":false,"max_hp_per_floor":[70,70,70,70,70,70,70,70,70,70,70,70,70,70,70,70,70,70,70,70,70],"card_choices":[{"not_picked":["Slice","Prepared"],"picked":"conspire:PoisonWeapons","floor":1},{"not_picked":["Acrobatics","ReplayTheSpireMod:Speed Training"],"picked":"Quick Slash","floor":7},{"not_picked":["Blade Dance","Expertise"],"picked":"Heel Hook","floor":7},{"not_picked":["Poisoned Stab","Cloak And Dagger"],"picked":"Draining Mist","floor":7},{"not_picked":["Skewer","Prepared","Sucker Punch"],"picked":"SKIP","floor":7},{"not_picked":["Sucker Punch","Quick Slash","Night Terror"],"picked":"SKIP","floor":8},{"not_picked":["Dodge and Roll","Backflip"],"picked":"Bouncing Flask","floor":11},{"not_picked":["Caltrops","Backflip"],"picked":"Cloak And Dagger","floor":12},{"not_picked":["Replay:Poison Smokescreen","Bullet Time"],"picked":"Bane","floor":13},{"not_picked":["Footwork","Flying Knee"],"picked":"Fluid Movement","floor":14},{"not_picked":["Adrenaline","Bullet Time"],"picked":"A Thousand Cuts","floor":16},{"not_picked":["All Out Attack+1","Well Laid Plans"],"picked":"Flying Knee","floor":18}],"player_experience":118911,"relics_obtained":[{"floor":1,"key":"Baka"},{"floor":1,"key":"AddBug"},{"floor":7,"key":"Tingsha"},{"floor":8,"key":"SecretRecord"}],"event_choices":[{"damage_healed":0,"gold_gain":0,"player_choice":"Relic ","damage_taken":3,"max_hp_gain":0,"max_hp_loss":0,"event_name":"betterThird:BetterScrap","floor":2,"gold_loss":0,"cards_obtained":["Replay:Cycle"]},{"damage_healed":0,"gold_gain":75,"player_choice":"Gold","damage_taken":11,"max_hp_gain":0,"max_hp_loss":0,"event_name":"betterThird:BetterGoop","floor":4,"gold_loss":0},{"cards_removed":["Strike_G"],"damage_healed":0,"gold_gain":0,"player_choice":"Gave Gold","damage_taken":0,"max_hp_gain":0,"max_hp_loss":0,"event_name":"Beggar","floor":19,"gold_loss":75},{"damage_healed":0,"gold_gain":0,"player_choice":"Fought Bandits","damage_taken":0,"max_hp_gain":0,"max_hp_loss":0,"event_name":"Masked Bandits","floor":20,"gold_loss":0}],"is_beta":false,"boss_relics":[{"not_picked":["conspire:SeveredTorchhead","Replay:Bronze Core"],"picked":"EasyGame_NEW"}],"items_purged_floors":[3],"is_endless":false,"potions_floor_spawned":[7,8,12,13,18],"killed_by":"Masked Bandits","ascension_level":3}}