{"host":"rykcscnxwcosqdkz","time":1612368147,"event":{"mods":["BaseMod","Downfall","GifTheSpireLib","Minty Spire (QoL Compilation)","StSLib"],"gold_per_floor":[99,118,132,132,151,151,151,163,191,205,221,273,292,202,222,327,327,227,244,244,344,358,371,371,388,388,405,419,319,339,81,94,194,194,194,204,167,183,193,193,193,193,193,193,193,208,208,221,239,239],"floor_reached":51,"language":"ENG","playtime":3134,"items_purged":["bronze:Strike","bronze:Defend","bronze:Defend"],"score":834,"play_id":"63d111e4-734e-4e15-8da1-d155dfa01836","local_time":"20210203170227","is_ascension_mode":false,"campfire_choices":[{"floor":1,"key":"RECALL"},{"data":"bronze:Repulsor","floor":18,"key":"SMITH"},{"data":"bronze:MaxOutput","floor":29,"key":"SMITH"},{"data":"bronze:BugBarrage","floor":35,"key":"SMITH"},{"floor":40,"key":"REST"},{"floor":42,"key":"REST"},{"data":"bronze:Goto","floor":44,"key":"SMITH"}],"circlet_count":0,"master_deck":["bronze:Defend","bronze:Defend","bronze:Replicate","bronze:Goto+1","bronze:Turbo","bronze:DazingPulse","bronze:Repulsor+1","bronze:ShipIt+1","bronze:OilSpill","bronze:OilSpill","bronze:Shield","bronze:ItsAFeature","bronze:FindAndReplace","bronze:OilSpill","bronze:DecaBeam","bronze:Repulsor","bronze:MaxOutput+1","bronze:Turbo+1","bronze:BugBarrage+1","bronze:OilSpill","bronze:Allocate+1","CurseOfTheBell","CurseOfTheBell"],"relics":["bronze:BronzeCore","White Beast Statue","Gambling Chip","Juzu Bracelet","Empty Cage","downfall:HeartBlessingRed","Boot","downfall:HeartBlessingBlue","Bronze Scales","bronze:MakeshiftBattery","Mummified Hand","StoneCalendar","downfall:ExtraCursedBell","Shovel","Eternal Feather","Anchor"],"acts_visited":["Exordium","TheCity","TheBeyond"],"potions_floor_usage":[11,14,15,21,22,22,23,23,23,23,31,36,36,36,48],"damage_taken":[{"damage":1,"enemies":"Jaw Worm","floor":2,"turns":6},{"damage":2,"enemies":"Small Slimes","floor":3,"turns":4},{"damage":0,"enemies":"Small Slimes","floor":4,"turns":3},{"damage":0,"enemies":"Cultist","floor":5,"turns":4},{"damage":10,"enemies":"Gremlin Gang","floor":8,"turns":8},{"damage":12,"enemies":"3 Sentries","floor":9,"turns":11},{"damage":1,"enemies":"3 Louse","floor":10,"turns":4},{"damage":6,"enemies":"Lots of Slimes","floor":11,"turns":5},{"damage":3,"enemies":"2 Fungi Beasts","floor":13,"turns":4},{"damage":0,"enemies":"downfall:FleeingMerchant","floor":14,"turns":4},{"damage":0,"enemies":"Large Slime","floor":15,"turns":5},{"damage":13,"enemies":"IC_STATUS_ARCHETYPE","floor":16,"turns":7},{"damage":7,"enemies":"Shell Parasite","floor":19,"turns":4},{"damage":0,"enemies":"Shell Parasite","floor":21,"turns":3},{"damage":0,"enemies":"Snake Plant","floor":22,"turns":4},{"damage":8,"enemies":"Sentry and Sphere","floor":23,"turns":6},{"damage":10,"enemies":"Snecko","floor":25,"turns":4},{"damage":0,"enemies":"Snake Plant","floor":27,"turns":2},{"damage":5,"enemies":"Shelled Parasite and Fungi","floor":28,"turns":4},{"damage":14,"enemies":"Centurion and Healer","floor":30,"turns":4},{"damage":5,"enemies":"downfall:FleeingMerchant","floor":31,"turns":4},{"damage":6,"enemies":"Snake Plant","floor":32,"turns":5},{"damage":0,"enemies":"WA_ARCHETYPE_CALM","floor":33,"turns":5},{"damage":40,"enemies":"3 Darklings","floor":36,"turns":6},{"damage":0,"enemies":"downfall:FleeingMerchant","floor":37,"turns":2},{"damage":18,"enemies":"3 Shapes","floor":38,"turns":4},{"damage":5,"enemies":"Spire Growth","floor":39,"turns":3},{"damage":0,"enemies":"Writhing Mass","floor":46,"turns":3},{"damage":0,"enemies":"Transient","floor":48,"turns":5},{"damage":0,"enemies":"Jaw Worm Horde","floor":49,"turns":3},{"damage":3,"enemies":"SI_POISON_ARCHETYPE","floor":50,"turns":6}],"seed_played":"3339778693945305371","potions_obtained":[{"floor":2,"key":"GamblersBrew"},{"floor":8,"key":"LiquidBronze"},{"floor":9,"key":"Energy Potion"},{"floor":11,"key":"EntropicBrew"},{"floor":14,"key":"bronze:FreeFunctionsPotion"},{"floor":15,"key":"Fruit Juice"},{"floor":16,"key":"EssenceOfSteel"},{"floor":19,"key":"AttackPotion"},{"floor":21,"key":"Fire Potion"},{"floor":22,"key":"Strength Potion"},{"floor":23,"key":"SkillPotion"},{"floor":25,"key":"Dexterity Potion"},{"floor":27,"key":"EntropicBrew"},{"floor":28,"key":"CultistPotion"},{"floor":31,"key":"Energy Potion"},{"floor":36,"key":"Energy Potion"},{"floor":38,"key":"GamblersBrew"},{"floor":39,"key":"Slimebound:ThreeZeroPotion"},{"floor":48,"key":"EssenceOfSteel"}],"is_trial":false,"path_per_floor":["R","M","M","?","M","?","T","M","E","M","M","T","M","$","M","B",null,"R","M","?","?","M","M","T","M","?","M","M","R","M","$","M","B",null,"R","M","$","M","M","R","T","R","?","R","?","M","?","M","M","B",null],"character_chosen":"THE_AUTOMATON","items_purchased":["Bronze Scales","Mummified Hand"],"campfire_rested":2,"item_purchase_floors":[31,37],"current_hp_per_floor":[70,69,67,67,67,67,67,57,45,44,38,38,35,35,40,27,75,75,68,68,68,68,60,60,50,50,50,45,55,41,36,30,30,85,85,45,45,27,22,47,47,72,72,72,72,72,72,72,72,69],"gold":239,"neow_bonus":"TRANSFORM_CARD","is_daily":false,"chose_seed":false,"campfire_upgraded":4,"win_rate":0.0,"timestamp":1612368147,"path_taken":["R","M","M","?","M","?","T","M","E","M","M","?","M","?","M","BOSS","R","M","?","?","M","M","T","M","?","M","M","R","M","$","M","BOSS","R","M","$","M","M","R","T","R","?","R","?","M","?","M","M","BOSS"],"items_purchased_type":["Relic","Relic"],"build_version":"2020-12-22","purchased_purges":3,"victory":true,"max_hp_per_floor":[70,70,70,70,70,70,70,70,70,70,70,70,70,70,75,75,75,75,75,75,75,75,75,75,75,75,75,75,85,85,85,85,85,85,85,85,85,85,85,85,85,85,85,85,85,85,85,85,85,85],"card_choices":[{"not_picked":["bronze:Philosophize","bronze:ForceShield","bronze:Turbo"],"picked":"SKIP","floor":2},{"not_picked":["bronze:Overheat","bronze:Iterate","bronze:DelayedGuard"],"picked":"SKIP","floor":3},{"not_picked":[],"picked":"bronze:DazingPulse","floor":4},{"not_picked":["bronze:ItsAFeature","bronze:Invalidate"],"picked":"bronze:Repulsor","floor":5},{"not_picked":["bronze:ForLoop","bronze:FineTuning","bronze:Frontload"],"picked":"SKIP","floor":8},{"not_picked":["bronze:BronzeArmor","bronze:Shield"],"picked":"bronze:ShipIt","floor":9},{"not_picked":["bronze:CloningBeam","bronze:Invalidate"],"picked":"bronze:OilSpill","floor":10},{"not_picked":["bronze:BuggyMess","bronze:WhirlingStrike","bronze:Overheat"],"picked":"SKIP","floor":11},{"not_picked":["bronze:Frontload","bronze:DelayedGuard"],"picked":"bronze:OilSpill","floor":13},{"not_picked":["bronze:Invalidate","bronze:BuggyMess"],"picked":"bronze:Shield","floor":14},{"not_picked":["bronze:DelayedSlice","bronze:Mutator"],"picked":"bronze:ItsAFeature","floor":15},{"not_picked":["bronze:HardenedForm","bronze:ShipIt"],"picked":"bronze:FindAndReplace","floor":16},{"not_picked":["bronze:WildBeam","bronze:Repair"],"picked":"bronze:OilSpill","floor":19},{"not_picked":[],"picked":"bronze:DecaBeam","floor":21},{"not_picked":["bronze:Frontload","bronze:Invalidate","bronze:Iterate"],"picked":"SKIP","floor":22},{"not_picked":["bronze:ShipIt","bronze:Deprecate"],"picked":"bronze:Repulsor","floor":23},{"not_picked":["bronze:Overheat+1","bronze:Iterate"],"picked":"bronze:MaxOutput","floor":25},{"not_picked":["bronze:DigitalCarnage","bronze:Invalidate+1","bronze:Repair"],"picked":"SKIP","floor":27},{"not_picked":["bronze:Flail+1","bronze:WhirlingStrike+1"],"picked":"bronze:Turbo+1","floor":28},{"not_picked":["bronze:WhirlingStrike","bronze:Deprecate"],"picked":"bronze:BugBarrage","floor":30},{"not_picked":["bronze:WildBeam","bronze:Frontload","bronze:Deprecate"],"picked":"SKIP","floor":31},{"not_picked":["bronze:BitShift+1","bronze:Verify"],"picked":"bronze:OilSpill","floor":32},{"not_picked":["bronze:Invalidate","bronze:ChosenStrike+1"],"picked":"bronze:Allocate+1","floor":36},{"not_picked":["bronze:Fortify+1","bronze:Overload+1","bronze:Turbo"],"picked":"SKIP","floor":37},{"not_picked":["bronze:Turbo+1","bronze:Boost+1","bronze:Branch"],"picked":"SKIP","floor":38},{"not_picked":["bronze:Turbo+1","bronze:Boost+1","bronze:Branch"],"picked":"SKIP","floor":38},{"not_picked":["bronze:WhirlingStrike+1","bronze:Separator","bronze:Fortify+1"],"picked":"SKIP","floor":39},{"not_picked":["bronze:Overheat","bronze:Turbo","bronze:OilSpill"],"picked":"SKIP","floor":46},{"not_picked":["bronze:DelayedGuard+1","bronze:BitShift+1","bronze:DelayedSlice+1"],"picked":"SKIP","floor":48},{"not_picked":["bronze:Philosophize+1","bronze:Invalidate+1","bronze:WildBeam"],"picked":"SKIP","floor":49}],"player_experience":89434,"relics_obtained":[{"floor":7,"key":"White Beast Statue"},{"floor":9,"key":"Gambling Chip"},{"floor":12,"key":"Juzu Bracelet"},{"floor":26,"key":"Boot"},{"floor":41,"key":"StoneCalendar"},{"floor":47,"key":"Shovel"},{"floor":47,"key":"Eternal Feather"},{"floor":47,"key":"Anchor"}],"event_choices":[{"damage_healed":0,"gold_gain":0,"player_choice":"Relic","damage_taken":0,"max_hp_gain":0,"max_hp_loss":0,"event_name":"Wheel of Change","floor":26,"gold_loss":0}],"is_beta":false,"boss_relics":[{"not_picked":["Calling Bell","Busted Crown"],"picked":"Empty Cage"},{"not_picked":["Tiny House","Runic Pyramid"],"picked":"bronze:MakeshiftBattery"}],"items_purged_floors":[14,31,37],"is_endless":false,"potions_floor_spawned":[2,8,9,10,11,13,14,15,16,19,21,22,23,25,27,28,30,31,32,33,36,37,38,39,46,48,49],"ascension_level":0}}