{"host":"daa8jqyg4gqfaysm","time":1612312391,"event":{"mods":["BaseMod","Colored Powertips","Minty Spire (QoL Compilation)","StSLib"],"gold_per_floor":[109,9,21,35,54,54,87,87,113,113,147,147,147,147],"floor_reached":13,"language":"ENG","playtime":295,"items_purged":[],"score":186,"play_id":"50691c32-0e3a-4921-b782-fae5211ff3f9","local_time":"20210202193311","is_ascension_mode":true,"campfire_choices":[{"data":"Bash","floor":6,"key":"SMITH"},{"data":"Spot Weakness","floor":8,"key":"SMITH"},{"floor":10,"key":"REST"}],"circlet_count":0,"master_deck":["AscendersBane","Strike_R","Strike_R","Strike_R","Strike_R","Strike_R","Defend_R","Defend_R","Defend_R","Defend_R","Bash+1","Clothesline","Panacea","Spot Weakness+1","Flame Barrier","Thunderclap","Twin Strike","Disarm"],"relics":["Burning Blood","Art of War","Bag of Marbles","Vajra","Juzu Bracelet","Self Forming Clay"],"acts_visited":["Exordium"],"potions_floor_usage":[7,13],"damage_taken":[{"damage":2,"enemies":"Cultist","floor":1,"turns":4},{"damage":16,"enemies":"Jaw Worm","floor":3,"turns":4},{"damage":6,"enemies":"2 Louse","floor":4,"turns":2},{"damage":8,"enemies":"Looter","floor":5,"turns":3},{"damage":43,"enemies":"3 Sentries","floor":7,"turns":9},{"damage":8,"enemies":"Gremlin Nob","floor":11,"turns":3},{"damage":20,"enemies":"Lagavulin","floor":13,"turns":6}],"seed_played":"-2940087565812682978","potions_obtained":[{"floor":1,"key":"SmokeBomb"},{"floor":3,"key":"SneckoOil"},{"floor":4,"key":"BlessingOfTheForge"},{"floor":11,"key":"ColorlessPotion"}],"is_trial":false,"path_per_floor":["M","$","M","M","M","R","E","R","T","R","E","?","E"],"character_chosen":"IRONCLAD","items_purchased":["Panacea"],"campfire_rested":1,"item_purchase_floors":[2],"current_hp_per_floor":[72,72,62,62,60,60,23,23,23,45,43,25,5,5],"gold":147,"neow_bonus":"RANDOM_COMMON_RELIC","is_daily":false,"chose_seed":false,"campfire_upgraded":2,"win_rate":0.0,"timestamp":1612312391,"path_taken":["M","?","M","M","M","R","E","R","T","R","E","?","E"],"items_purchased_type":["Card"],"build_version":"2020-12-22","purchased_purges":0,"victory":false,"max_hp_per_floor":[75,75,75,75,75,75,75,75,75,75,75,75,75,75],"card_choices":[{"not_picked":["Wild Strike","Clash"],"picked":"Clothesline","floor":1},{"not_picked":["Battle Trance","Uppercut"],"picked":"Spot Weakness","floor":3},{"not_picked":["Iron Wave","Anger"],"picked":"Flame Barrier","floor":4},{"not_picked":["Warcry","Havoc"],"picked":"Thunderclap","floor":5},{"not_picked":["Body Slam","Evolve"],"picked":"Twin Strike","floor":7},{"not_picked":["Cleave","Fire Breathing"],"picked":"Disarm","floor":11}],"player_experience":862670,"relics_obtained":[{"floor":7,"key":"Bag of Marbles"},{"floor":9,"key":"Vajra"},{"floor":11,"key":"Juzu Bracelet"}],"event_choices":[{"damage_healed":0,"gold_gain":0,"player_choice":"Success","damage_taken":18,"relics_obtained":["Self Forming Clay"],"max_hp_gain":0,"max_hp_loss":0,"event_name":"Scrap Ooze","floor":12,"gold_loss":0}],"is_beta":false,"boss_relics":[],"items_purged_floors":[],"is_endless":false,"potions_floor_spawned":[1,3,4,11],"killed_by":"Lagavulin","ascension_level":20}}