{"host":"soyfmymeou4emntr","time":1612378090,"event":{"mods":["BaseMod","BetterRewards","Minty Spire (QoL Compilation)","Relic Sorter","Relic Stats","StSLib"],"gold_per_floor":[118,14,26,38,0,33,33,33,33],"floor_reached":8,"language":"ENG","playtime":724,"items_purged":[],"score":112,"play_id":"ab3a8bac-a269-4f31-ad13-2adaa41e75d1","local_time":"20210203114810","is_ascension_mode":true,"campfire_choices":[{"data":"Noxious Fumes","floor":7,"key":"SMITH"}],"circlet_count":0,"master_deck":["AscendersBane","Strike_G","Strike_G","Strike_G","Strike_G","Strike_G","Defend_G","Defend_G","Defend_G","Defend_G","Defend_G","Survivor","Neutralize","Crippling Poison","Dagger Throw","Deadly Poison","Dash","Noxious Fumes+1","Deadly Poison"],"relics":["Ring of the Snake","Tiny Chest"],"acts_visited":["Exordium"],"potions_floor_usage":[6,6],"damage_taken":[{"damage":5,"enemies":"Cultist","floor":1,"turns":6},{"damage":6,"enemies":"Small Slimes","floor":3,"turns":6},{"damage":9,"enemies":"Jaw Worm","floor":4,"turns":3},{"damage":11,"enemies":"Lagavulin","floor":6,"turns":6},{"damage":36,"enemies":"Gremlin Nob","floor":8,"turns":4}],"seed_played":"5556931178493212734","potions_obtained":[{"floor":0,"key":"GhostInAJar"},{"floor":0,"key":"DuplicationPotion"}],"is_trial":false,"path_per_floor":["M","$","M","M","?","E","R","E"],"character_chosen":"THE_SILENT","items_purchased":["Dagger Throw","Deadly Poison"],"campfire_rested":0,"item_purchase_floors":[2,2],"current_hp_per_floor":[54,54,48,39,39,28,28,0,0],"gold":33,"neow_bonus":"THREE_SMALL_POTIONS","is_daily":false,"chose_seed":false,"campfire_upgraded":1,"win_rate":0.0,"timestamp":1612378090,"path_taken":["M","?","M","M","?","E","R","E"],"items_purchased_type":["Card","Card"],"build_version":"2020-12-22","purchased_purges":0,"victory":false,"max_hp_per_floor":[66,66,66,66,66,66,66,66,66],"relic_stats":{"counters":[5,25],"Tiny Chest":0,"obtain_stats":[{"Tiny Chest":6,"Ring of the Snake":0},{"Tiny Chest":4,"Ring of the Snake":0},{"Tiny Chest":21,"Ring of the Snake":0}],"Ring of the Snake":[10]},"card_choices":[{"not_picked":["Prepared","Blur"],"picked":"Crippling Poison","floor":1},{"not_picked":["Deadly Poison","Cloak And Dagger"],"picked":"Dash","floor":3},{"not_picked":["Setup","Catalyst"],"picked":"Noxious Fumes","floor":4},{"not_picked":["Caltrops","Backstab"],"picked":"Deadly Poison","floor":6}],"player_experience":3018918,"relics_obtained":[{"floor":6,"key":"Tiny Chest"}],"event_choices":[{"damage_healed":0,"gold_gain":0,"player_choice":"Left Gold","damage_taken":0,"max_hp_gain":0,"max_hp_loss":0,"event_name":"World of Goop","floor":5,"gold_loss":38}],"is_beta":false,"boss_relics":[],"items_purged_floors":[],"is_endless":false,"potions_floor_spawned":[],"killed_by":"Gremlin Nob","ascension_level":20}}