{"host":"37ccm3d17clopct7","time":1612375011,"event":{"mods":["BaseMod","Lobotomy","Minty Spire (QoL Compilation)","StSLib","The Bug Knight","The Cursed","The Hierophant","The Jungle","The Runesmith"],"gold_per_floor":[114,114,124,143,153,221,232,251,251,251,262,276,226,239,239,339,389,400,400,325,343,343,343,353,353,378,378,397,417,417,138,138,243,243,254,166,216,232,232,232,247,258,333,343,343,76,95,112,112,112],"floor_reached":51,"language":"KOR","playtime":3813,"items_purged":["TheCursedMod:Strike_TheCursed","TheCursedMod:Strike_TheCursed","TheCursedMod:Strike_TheCursed","TheCursedMod:Strike_TheCursed+1"],"score":682,"play_id":"3e6f4675-5ea5-41b0-a9bb-1fe3853c5c39","local_time":"20210204025651","is_ascension_mode":false,"campfire_choices":[{"floor":10,"key":"REST"},{"data":"TheCursedMod:CursedWand","floor":15,"key":"SMITH"},{"data":"TheCursedMod:Torture","floor":27,"key":"SMITH"},{"data":"TheCursedMod:FleshFromBone","floor":30,"key":"SMITH"},{"floor":32,"key":"REST"},{"floor":40,"key":"REST"},{"floor":49,"key":"REST"}],"circlet_count":0,"master_deck":["TheCursedMod:CursedWand+1","TheCursedMod:CleanUpWorkshop","TheCursedMod:Dregs","TheCursedMod:SmokeScreen","TheCursedMod:SoulReap","TheCursedMod:FleshFromBone+1","TheCursedMod:SurpriseAttack","TheCursedMod:Torture+1","TheCursedMod:DoubleShield","TheCursedMod:Stigma","TheCursedMod:CursedAmulet","TheCursedMod:AntiAging","TheCursedMod:SpitefulStrike+1","TheCursedMod:VitalStrike","TheCursedMod:CursedShiv","TheCursedMod:LuckyCharm+1","TheCursedMod:SurpriseAttack+1","TheCursedMod:SpitefulStrike","TheCursedMod:CircleOfAbyss","TheCursedMod:HellfireBreathing+1","TheCursedMod:FleshFromBone+1","TheCursedMod:CursedShiv","TheCursedMod:Torture+1","TheCursedMod:TacticalStrike+1","TheCursedMod:CursedShiv+1","Parasite","TheCursedMod:CursedArmor+1"],"relics":["TheCursedMod:BlackMagic101","NeowsBlessing","Ice Cream","Centennial Puzzle","Eternal Feather","Tiny House","Pantograph","Bag of Marbles","Membership Card","Whetstone","Empty Cage","Calipers","Pear","Frozen Eye","Anchor"],"acts_visited":["Exordium","theJungle:Jungle","TheBeyond"],"potions_floor_usage":[6,6,6,16,16,28,33,37,50],"damage_taken":[{"damage":0,"enemies":"2 Louse","floor":1,"turns":1},{"damage":0,"enemies":"Cultist","floor":3,"turns":1},{"damage":0,"enemies":"Jaw Worm","floor":4,"turns":1},{"damage":0,"enemies":"Blue Slaver","floor":5,"turns":6},{"damage":25,"enemies":"3 Sentries","floor":6,"turns":10},{"damage":0,"enemies":"Red Slaver","floor":7,"turns":5},{"damage":21,"enemies":"Exordium Thugs","floor":8,"turns":6},{"damage":7,"enemies":"3 Louse","floor":11,"turns":6},{"damage":0,"enemies":"Looter","floor":12,"turns":4},{"damage":2,"enemies":"Blue Slaver","floor":14,"turns":4},{"damage":39,"enemies":"Hexaghost","floor":16,"turns":9},{"damage":19,"enemies":"theJungle:Flameango_and_Byrd","floor":18,"turns":9},{"damage":9,"enemies":"Shell Parasite","floor":21,"turns":6},{"damage":12,"enemies":"theJungle:SlimyTreeVines","floor":24,"turns":10},{"damage":16,"enemies":"theJungle:2_Snecko_Cultists","floor":28,"turns":7},{"damage":33,"enemies":"Snake Plant","floor":29,"turns":4},{"damage":61,"enemies":"theJungle:FunGuy","floor":33,"turns":17},{"damage":23,"enemies":"3 Darklings","floor":35,"turns":9},{"damage":37,"enemies":"Mind Bloom Boss Battle","floor":37,"turns":7},{"damage":3,"enemies":"Orb Walker","floor":38,"turns":4},{"damage":0,"enemies":"Maw","floor":41,"turns":10},{"damage":4,"enemies":"Writhing Mass","floor":42,"turns":5},{"damage":7,"enemies":"Sphere and 2 Shapes","floor":44,"turns":5},{"damage":30,"enemies":"3 Darklings","floor":47,"turns":5},{"damage":16,"enemies":"Writhing Mass","floor":48,"turns":6},{"damage":13,"enemies":"Awakened One","floor":50,"turns":16},{"damage":48,"enemies":"Malkuth","floor":51,"turns":26},{"damage":44,"enemies":"Netzach","floor":51,"turns":17}],"seed_played":"-257929688338730211","potions_obtained":[{"floor":1,"key":"EntropicBrew"},{"floor":4,"key":"SkillPotion"},{"floor":8,"key":"LiquidBronze"},{"floor":12,"key":"Dexterity Potion"},{"floor":17,"key":"EssenceOfSteel"},{"floor":18,"key":"LiquidMemories"},{"floor":33,"key":"BlessingOfTheForge"},{"floor":38,"key":"Weak Potion"},{"floor":42,"key":"SpeedPotion"}],"is_trial":false,"path_per_floor":["M","?","M","M","M","E","M","M","T","R","M","M","?","M","R","B",null,"M","?","$","M","T","?","M","?","T","R","M","M","R","$","R","B",null,"M","$","?","M","?","R","M","M","T","M","?","$","M","M","R","B",null],"character_chosen":"THE_CURSED","items_purchased":["Membership Card","Whetstone","PowerPotion","Frozen Eye","Anchor","DuplicationPotion"],"campfire_rested":4,"item_purchase_floors":[31,31,36,46,46,46],"current_hp_per_floor":[75,75,75,75,75,50,55,39,39,70,68,73,73,73,75,41,80,68,68,68,59,59,70,71,71,71,83,72,43,55,55,86,30,88,70,70,58,56,56,90,92,90,100,95,95,95,70,59,106,102],"gold":112,"neow_bonus":"THREE_ENEMY_KILL","is_daily":false,"chose_seed":false,"campfire_upgraded":3,"win_rate":0.0,"timestamp":1612375011,"path_taken":["M","?","?","M","M","E","M","?","T","R","M","M","?","M","R","BOSS","M","?","$","?","?","?","M","?","T","R","M","?","R","?","R","BOSS","M","$","?","M","?","R","M","?","T","M","?","$","M","M","R","BOSS"],"items_purchased_type":["Relic","Relic","Potion","Relic","Relic","Potion"],"build_version":"2020-12-22","purchased_purges":4,"victory":true,"max_hp_per_floor":[75,75,75,75,75,75,75,75,75,75,75,75,75,75,75,75,80,82,82,82,82,82,82,84,84,84,84,84,86,86,86,86,88,88,88,88,90,90,90,90,92,94,104,106,106,106,106,108,108,110],"card_choices":[{"not_picked":["TheCursedMod:Mangle","TheCursedMod:Stretching"],"picked":"TheCursedMod:VitalStrike","floor":1},{"not_picked":["TheCursedMod:CircleOfBlood","TheCursedMod:HellfireBreathing"],"picked":"TheCursedMod:SmokeScreen","floor":3},{"not_picked":["TheCursedMod:BloodBarrier","TheCursedMod:RavingStaff"],"picked":"TheCursedMod:SoulReap","floor":4},{"not_picked":["TheCursedMod:CircleOfAmplification","TheCursedMod:CircleOfCorruption"],"picked":"TheCursedMod:FleshFromBone","floor":5},{"not_picked":["TheCursedMod:CircleOfFocus","TheCursedMod:Torture"],"picked":"TheCursedMod:SurpriseAttack","floor":6},{"not_picked":["TheCursedMod:CircleOfFocus","TheCursedMod:CircleOfAmplification"],"picked":"TheCursedMod:Torture","floor":7},{"not_picked":["TheCursedMod:CursedMace","TheCursedMod:FleshFromBone"],"picked":"TheCursedMod:DoubleShield","floor":8},{"not_picked":["TheCursedMod:RapidMovement","TheCursedMod:RavingStaff"],"picked":"TheCursedMod:Stigma","floor":11},{"not_picked":["TheCursedMod:CircleOfBlood","TheCursedMod:SmokeScreen","TheCursedMod:Stretching"],"picked":"SKIP","floor":12},{"not_picked":["TheCursedMod:Stretching","TheCursedMod:Obscuration"],"picked":"TheCursedMod:CursedAmulet","floor":14},{"not_picked":["TheCursedMod:ForbiddenAlchemy","TheCursedMod:Neurasthenia"],"picked":"TheCursedMod:AntiAging","floor":16},{"not_picked":["TheCursedMod:AshesToAshes","TheCursedMod:TacticalStrike"],"picked":"TheCursedMod:SpitefulStrike","floor":17},{"not_picked":["TheCursedMod:CircleOfAmplification","TheCursedMod:Stigma"],"picked":"TheCursedMod:VitalStrike","floor":18},{"not_picked":["TheCursedMod:Obscuration+1","TheCursedMod:CursedMace"],"picked":"TheCursedMod:CursedShiv","floor":21},{"not_picked":["TheCursedMod:Evocation","TheCursedMod:Hemoplague+1"],"picked":"TheCursedMod:LuckyCharm+1","floor":24},{"not_picked":["TheCursedMod:SmokeScreen+1","TheCursedMod:SoulReap"],"picked":"TheCursedMod:SurpriseAttack+1","floor":28},{"not_picked":["TheCursedMod:SoulReap","TheCursedMod:CursedBoomerang"],"picked":"TheCursedMod:SpitefulStrike","floor":29},{"not_picked":["TheCursedMod:OutForBlood","TheCursedMod:AntiAging"],"picked":"TheCursedMod:CircleOfAbyss","floor":33},{"not_picked":["TheCursedMod:WearCloak","TheCursedMod:CursedAmulet+1"],"picked":"TheCursedMod:HellfireBreathing","floor":35},{"not_picked":["TheCursedMod:CursedAmulet+1","TheCursedMod:HellsGateOpen+1"],"picked":"TheCursedMod:FleshFromBone+1","floor":37},{"not_picked":["TheCursedMod:CursedAmulet","TheCursedMod:DoubleShield+1"],"picked":"TheCursedMod:CursedShiv","floor":38},{"not_picked":["TheCursedMod:FleshFromBone","TheCursedMod:CircleOfWindfury"],"picked":"TheCursedMod:Torture+1","floor":41},{"not_picked":["TheCursedMod:CircleOfWindfury","TheCursedMod:SmokeScreen"],"picked":"TheCursedMod:TacticalStrike+1","floor":42},{"not_picked":["TheCursedMod:CircleOfAmplification","TheCursedMod:TacticalStrike+1"],"picked":"TheCursedMod:CursedShiv+1","floor":44},{"not_picked":["TheCursedMod:DoubleShield","TheCursedMod:Stretching","TheCursedMod:VitalStrike"],"picked":"SKIP","floor":47},{"not_picked":["TheCursedMod:AshesToAshes+1","TheCursedMod:HellfireBreathing"],"picked":"TheCursedMod:CursedArmor+1","floor":48}],"player_experience":108186,"relics_obtained":[{"floor":6,"key":"Centennial Puzzle"},{"floor":9,"key":"Eternal Feather"},{"floor":22,"key":"Pantograph"},{"floor":26,"key":"Bag of Marbles"},{"floor":37,"key":"Calipers"},{"floor":43,"key":"Pear"}],"event_choices":[{"cards_removed":["TheCursedMod:VitalStrike"],"damage_healed":0,"gold_gain":0,"player_choice":"Gave Card","damage_taken":0,"relics_obtained":["Ice Cream"],"max_hp_gain":0,"max_hp_loss":0,"event_name":"WeMeetAgain","floor":2,"gold_loss":0},{"cards_removed":["TheCursedMod:Defend_TheCursed"],"damage_healed":0,"gold_gain":0,"player_choice":"Card Removal","damage_taken":0,"max_hp_gain":0,"max_hp_loss":0,"event_name":"The Cleric","floor":13,"gold_loss":50},{"damage_healed":0,"gold_gain":0,"player_choice":"Ignored","damage_taken":0,"max_hp_gain":0,"max_hp_loss":0,"event_name":"NoteForYourself","floor":19,"gold_loss":0},{"damage_healed":0,"gold_gain":0,"player_choice":"Fight","damage_taken":0,"max_hp_gain":0,"max_hp_loss":0,"event_name":"MindBloom","floor":37,"gold_loss":0},{"damage_healed":0,"gold_gain":0,"player_choice":"Upgraded","damage_taken":0,"max_hp_gain":0,"max_hp_loss":0,"event_name":"Upgrade Shrine","floor":39,"gold_loss":0,"cards_upgraded":["TheCursedMod:HellfireBreathing"]},{"cards_removed":["TheCursedMod:Defend_TheCursed"],"damage_healed":0,"gold_gain":0,"player_choice":"Purged","damage_taken":0,"max_hp_gain":0,"max_hp_loss":0,"event_name":"Purifier","floor":45,"gold_loss":0}],"is_beta":false,"boss_relics":[{"not_picked":["Runesmith:UraniumAnvil","Coffee Dripper"],"picked":"Tiny House"},{"not_picked":["Sozu","Black Star"],"picked":"Empty Cage"}],"items_purged_floors":[20,31,36,46],"is_endless":false,"potions_floor_spawned":[1,4,8,12,14,18,24,33,38,42,47,48],"ascension_level":0}}