{"host":"2pffx5rqbod9ds0c","time":1612335839,"event":{"mods":["Arknights","BaseMod","Better Altar","Better Match","Better Note","Better Sensory Stone","Better Skull","Better Third Choice","Bossed Relics","Custom Start","Hubris","Minty Spire (QoL Compilation)","Quick Restart","Relic Stats","Reliquary","Spicy Shops","StSLib"],"gold_per_floor":[117,11,31,44,44,76,76,91,159,188,201,225,258,273,273,371,371,381,381,381,381,401,426,440,451,451,461,461,98,116,149,149,149,149],"floor_reached":33,"language":"ENG","playtime":1415,"items_purged":["ats:Strike G"],"score":324,"play_id":"b21ab5f2-1b09-4fd3-99fb-b2ef5aefaaa2","local_time":"20210202230359","is_ascension_mode":false,"campfire_choices":[{"data":"ats:Sashimi Platter","floor":7.0,"key":"SMITH"},{"data":"ats:Chain Hook","floor":15.0,"key":"SMITH"},{"data":"ats:True Silver Slash","floor":28,"key":"SMITH"},{"data":"ats:Ignite","floor":32,"key":"SMITH"}],"circlet_count":0,"master_deck":["ats:Strike C","ats:Strike S","ats:Armor Crushing Shot","ats:Defend","ats:Defend","ats:Defend","ats:Defend","ats:Emotion Absorption","ats:Ignite+1","ats:Chain Hook+1","ats:Sashimi Platter+1","ats:Thermite Blade","ats:True Silver Slash+1","Adrenaline+1","ats:Burning Ground+1"],"relics":["ats:Sanity","Mango","hubris:Towel","ats:Originium","Pocketwatch","ats:Military Tradition","Odd Mushroom","Potion Belt","ats:Spiritual Recovery","Astrolabe","reliquary:BallBearing","Molten Egg 2","reliquary:Boomerang","Lee\u0027s Waffle","Question Card"],"acts_visited":["Exordium","TheCity"],"potions_floor_usage":[23,23],"damage_taken":[{"damage":7.0,"enemies":"Cultist","floor":1.0,"turns":5.0},{"damage":1.0,"enemies":"2 Louse","floor":3.0,"turns":2.0},{"damage":5.0,"enemies":"Jaw Worm","floor":4.0,"turns":4.0},{"damage":24.0,"enemies":"Gremlin Nob","floor":6.0,"turns":4.0},{"damage":10.0,"enemies":"Looter","floor":8.0,"turns":3.0},{"damage":17.0,"enemies":"The Mushroom Lair","floor":10.0,"turns":4.0},{"damage":14.0,"enemies":"Exordium Thugs","floor":11.0,"turns":7.0},{"damage":36.0,"enemies":"3 Sentries","floor":13.0,"turns":6.0},{"damage":8.0,"enemies":"Red Slaver","floor":14.0,"turns":2.0},{"damage":32.0,"enemies":"Slime Boss","floor":16.0,"turns":8.0},{"damage":10.0,"enemies":"Chosen","floor":18.0,"turns":2.0},{"damage":20.0,"enemies":"Shell Parasite","floor":22.0,"turns":3.0},{"damage":33,"enemies":"Book of Stabbing","floor":23,"turns":4},{"damage":18,"enemies":"Shelled Parasite and Fungi","floor":24,"turns":4},{"damage":21,"enemies":"Snake Plant","floor":25,"turns":3},{"damage":20,"enemies":"Centurion and Healer","floor":27,"turns":3},{"damage":7,"enemies":"Snecko","floor":30,"turns":3},{"damage":32,"enemies":"Slavers","floor":31,"turns":6},{"damage":102,"enemies":"hubris:MusketHawk","floor":33,"turns":8}],"seed_played":"393299187451858530","potions_obtained":[{"floor":3.0,"key":"CultistPotion"},{"floor":4.0,"key":"LiquidBronze"},{"floor":6.0,"key":"Block Potion"},{"floor":13.0,"key":"Strength Potion"},{"floor":21.0,"key":"Energy Potion"},{"floor":25,"key":"Energy Potion"},{"floor":30,"key":"DuplicationPotion"}],"is_trial":false,"path_per_floor":["M","?","M","M","?","E","R","M","T","?","M","T","E","M","R","B",null,"M","?","?","?","M","E","M","M","T","M","R","$","M","E","R","B"],"character_chosen":"DOCTOR_CLASS","items_purchased":["reliquary:Boomerang","Lee\u0027s Waffle"],"campfire_rested":0,"item_purchase_floors":[29,29],"current_hp_per_floor":[65,79,78,73,73,49,49,48,48,49,59,59,50,51,51,60,86,76,76,76,76,65,59,67,59,59,61,61,93,86,76,76,0,0],"gold":149,"neow_bonus":"REMOVE_CARD","is_daily":false,"chose_seed":false,"campfire_upgraded":4,"win_rate":0.0,"timestamp":1612335839,"path_taken":["M","?","M","?","?","E","R","M","T","?","M","?","E","?","R","BOSS","M","?","?","?","M","E","M","?","T","M","R","?","M","E","R","BOSS"],"items_purchased_type":["Relic","Relic"],"build_version":"2020-12-22","purchased_purges":1,"victory":false,"max_hp_per_floor":[72,86,86,86,86,86,86,86,86,86,86,86,86,86,86,86,86,86,86,86,86,86,86,86,86,86,86,86,93,93,93,93,93,93],"relic_stats":{"Lee\u0027s Waffle":32,"counters":[19,80],"Astrolabe":[],"Question Card":0,"obtain_stats":[{"Potion Belt":12,"ats:Spiritual Recovery":13,"Lee\u0027s Waffle":29,"reliquary:Boomerang":29,"Astrolabe":17,"Mango":2,"hubris:Towel":5,"Odd Mushroom":10,"Question Card":31,"ats:Originium":6,"Molten Egg 2":26,"reliquary:BallBearing":23,"ats:Sanity":0,"ats:Military Tradition":9,"Pocketwatch":6},{"Potion Belt":7,"ats:Spiritual Recovery":8,"Lee\u0027s Waffle":16,"reliquary:Boomerang":16,"Astrolabe":10,"Mango":1,"hubris:Towel":3,"Odd Mushroom":6,"Question Card":18,"ats:Originium":4,"Molten Egg 2":15,"reliquary:BallBearing":13,"ats:Sanity":0,"ats:Military Tradition":5,"Pocketwatch":4},{"Potion Belt":29,"ats:Spiritual Recovery":35,"Lee\u0027s Waffle":64,"reliquary:Boomerang":64,"Astrolabe":45,"Mango":5,"hubris:Towel":11,"Odd Mushroom":22,"Question Card":73,"ats:Originium":15,"Molten Egg 2":61,"reliquary:BallBearing":54,"ats:Sanity":0,"ats:Military Tradition":18,"Pocketwatch":15}],"Pocketwatch":[105]},"card_choices":[{"not_picked":["ats:Shell Defense","ats:Closed Bolt Burst Fire"],"picked":"ats:Ignite","floor":1.0},{"not_picked":["ats:Support Order","ats:Revitalization"],"picked":"ats:Chain Hook","floor":3.0},{"not_picked":["ats:Shadow Raid","ats:Flexible Camouflage","ats:Revitalization"],"picked":"SKIP","floor":4.0},{"not_picked":["ats:Guardian Obelisk","ats:Very Hot Blade"],"picked":"ats:Sashimi Platter","floor":6.0},{"not_picked":["ats:Blood Oath","ats:Explosion Area Strengthen","ats:Powerful Strike"],"picked":"SKIP","floor":8.0},{"not_picked":["ats:Magnetic Hammer","ats:Part Time Job"],"picked":"ats:Thermite Blade","floor":11.0},{"not_picked":["ats:Revitalization","ats:Hook Shot","ats:Hammer On"],"picked":"SKIP","floor":13.0},{"not_picked":["ats:Rapid Magazine","ats:Guard Mode","ats:Flexible Camouflage"],"picked":"SKIP","floor":14.0},{"not_picked":["ats:Rat Pack","ats:Dogmatic Field"],"picked":"ats:True Silver Slash","floor":16.0},{"not_picked":["ats:Explosion Area Strengthen","ats:Hammer On+1","ats:Assault Order+1"],"picked":"SKIP","floor":18.0},{"not_picked":["ats:Consecutive Shot Auto","ats:Thorns+1","ats:Demon Strength"],"picked":"SKIP","floor":22.0},{"not_picked":["ats:Assault Order","ats:Soul Absorption","ats:Apocalypse+1"],"picked":"SKIP","floor":23},{"not_picked":["ats:Very Hot Blade","ats:Overload","ats:Red Shift"],"picked":"SKIP","floor":24},{"not_picked":["ats:Magnetic Hammer","ats:Powerful Strike","ats:Guardian Obelisk"],"picked":"SKIP","floor":25},{"not_picked":["ats:Serious Mode","ats:Collapsing Strike+1","ats:Explosion Area Strengthen+1"],"picked":"SKIP","floor":27},{"not_picked":["ats:Cat Scratch+1","ats:Consecutive Shot Auto+1","ats:Song Of Battle"],"picked":"SKIP","floor":30},{"not_picked":["ats:Hammer On+1","ats:Sashimi Platter+1"],"picked":"ats:Burning Ground+1","floor":31}],"player_experience":734060,"relics_obtained":[{"floor":6.0,"key":"ats:Originium"},{"floor":6.0,"key":"Pocketwatch"},{"floor":9.0,"key":"ats:Military Tradition"},{"floor":10.0,"key":"Odd Mushroom"},{"floor":12.0,"key":"Potion Belt"},{"floor":13.0,"key":"ats:Originium"},{"floor":13.0,"key":"ats:Spiritual Recovery"},{"floor":23,"key":"ats:Originium"},{"floor":23,"key":"reliquary:BallBearing"},{"floor":26,"key":"Molten Egg 2"},{"floor":31,"key":"ats:Originium"},{"floor":31,"key":"Question Card"}],"event_choices":[{"damage_healed":0.0,"max_hp_gain":0.0,"max_hp_loss":0.0,"gold_gain":0.0,"event_name":"WeMeetAgain","player_choice":"Paid Gold","floor":2.0,"gold_loss":106.0,"damage_taken":0.0,"relics_obtained":["Mango"]},{"damage_healed":0.0,"max_hp_gain":0.0,"max_hp_loss":0.0,"gold_gain":0.0,"event_name":"Mushrooms","player_choice":"Fought Mushrooms","floor":10.0,"gold_loss":0.0,"damage_taken":0.0},{"cards_removed":["ats:True Silver Slash"],"damage_healed":0.0,"max_hp_gain":0.0,"max_hp_loss":0.0,"gold_gain":0.0,"event_name":"betterNote:BetterNote","player_choice":"Take \u0026 Give","floor":19.0,"gold_loss":0.0,"damage_taken":0.0,"cards_obtained":["Adrenaline"]},{"damage_healed":0.0,"max_hp_gain":0.0,"max_hp_loss":0.0,"gold_gain":0.0,"event_name":"Ghosts","player_choice":"Ignored","floor":20.0,"gold_loss":0.0,"damage_taken":0.0},{"damage_healed":0.0,"max_hp_gain":0.0,"max_hp_loss":0.0,"gold_gain":0.0,"event_name":"Lab","player_choice":"Got Potions","floor":21.0,"gold_loss":0.0,"damage_taken":0.0}],"is_beta":false,"boss_relics":[{"not_picked":["hubris:VirtuousBlindfold","reliquary:KinkedSpring"],"picked":"Astrolabe"}],"items_purged_floors":[29],"is_endless":false,"potions_floor_spawned":[3,4,6,13,22,25,30],"killed_by":"hubris:MusketHawk","ascension_level":0}}