{"host":"59wnhi65kiwmnpg4","time":1612371779,"event":{"mods":["2.2 Compatiblity","AchievementEnabler","BaseMod","BetterRewards","Colored Map","Custom Start","Disable Question Mark Monsters","Highlight Path","Minty Spire (QoL Compilation)","Permanent Neow","Relic Sorter","Relic Stats"],"gold_per_floor":[119,119,131,144,58,58,88,88,139,139,139],"floor_reached":10,"language":"ENG","playtime":417,"items_purged":[],"score":132,"play_id":"22183d88-6ada-4f3b-9ed0-a26e898ac945","local_time":"20210203170259","is_ascension_mode":true,"campfire_choices":[{"data":"Hyperbeam","floor":6,"key":"SMITH"}],"circlet_count":0,"master_deck":["AscendersBane","Strike_B","Strike_B","Strike_B","Defend_B","Defend_B","Defend_B+1","Defend_B+1","Zap","Dualcast","Coolheaded","Gash","Loop","Hyperbeam+1","Defragment"],"relics":["Cracked Core","War Paint","Juzu Bracelet","Tiny Chest"],"acts_visited":["Exordium"],"potions_floor_usage":[],"damage_taken":[{"damage":5,"enemies":"Small Slimes","floor":1,"turns":3},{"damage":0,"enemies":"Cultist","floor":3,"turns":4},{"damage":2,"enemies":"Jaw Worm","floor":4,"turns":6},{"damage":32,"enemies":"Gremlin Nob","floor":7,"turns":4},{"damage":31,"enemies":"Lagavulin","floor":10,"turns":7}],"seed_played":"-7964829243555754630","potions_obtained":[{"floor":3,"key":"Energy Potion"}],"is_trial":false,"path_per_floor":["M","?","M","M","$","R","E","?","T","E"],"character_chosen":"DEFECT","items_purchased":["Hyperbeam"],"campfire_rested":0,"item_purchase_floors":[5],"current_hp_per_floor":[59,52,52,50,50,50,18,18,18,0,0],"gold":139,"neow_bonus":"RANDOM_COMMON_RELIC","is_daily":false,"chose_seed":false,"campfire_upgraded":1,"win_rate":0.0,"timestamp":1612371779,"path_taken":["M","?","M","M","$","R","E","?","T","E"],"items_purchased_type":["Card"],"build_version":"2020-12-22","purchased_purges":0,"victory":false,"max_hp_per_floor":[71,71,71,71,71,71,71,71,71,71,71],"relic_stats":{"counters":[5,24],"Tiny Chest":0,"Juzu Bracelet":0,"War Paint":["Defend_B","Defend_B"],"obtain_stats":[{"Tiny Chest":9,"Juzu Bracelet":7,"War Paint":0,"Cracked Core":0},{"Tiny Chest":4,"Juzu Bracelet":4,"War Paint":0,"Cracked Core":0},{"Tiny Chest":17,"Juzu Bracelet":17,"War Paint":0,"Cracked Core":0}]},"card_choices":[{"not_picked":["Barrage","Hologram"],"picked":"Coolheaded","floor":1},{"not_picked":["Steam","Fusion"],"picked":"Gash","floor":3},{"not_picked":["Go for the Eyes","Aggregate"],"picked":"Loop","floor":4},{"not_picked":["Sweeping Beam","Leap"],"picked":"Defragment","floor":7}],"player_experience":886236,"relics_obtained":[{"floor":7,"key":"Juzu Bracelet"},{"floor":9,"key":"Tiny Chest"}],"event_choices":[{"cards_removed":["Strike_B"],"damage_healed":0,"gold_gain":0,"player_choice":"Card Removal","damage_taken":7,"max_hp_gain":0,"max_hp_loss":0,"event_name":"Golden Wing","floor":2,"gold_loss":0},{"damage_healed":0,"gold_gain":0,"player_choice":"Ignored","damage_taken":0,"max_hp_gain":0,"max_hp_loss":0,"event_name":"Shining Light","floor":8,"gold_loss":0}],"is_beta":false,"boss_relics":[],"items_purged_floors":[],"is_endless":false,"potions_floor_spawned":[3],"killed_by":"Lagavulin","ascension_level":20}}