{"host":"DrTrollPool","time":1612362464,"event":{"mods":["2.2 Compatiblity","BaseMod","BetterRewards","Colored Map","DeckTracker","Downfall","Googly Eyes","Hermit","HexUI Lib","Highlight Path","Hubris","Infinite Spire","Minty Spire (QoL Compilation)","Potionbrewer","Replay The Spire","StSLib","SuperFastMode","The Construct","The Cursed","The Disciple","The Hierophant","The Jungle","The Necromancer","The Runesmith","The Servant 0.9.4"],"gold_per_floor":[113,113,6,25,25,55,70,70,116,132,46,321,333,347,347,449,449,466,480,579,579,579,579],"floor_reached":22,"language":"ENG","playtime":750,"items_purged":[],"score":211,"play_id":"29a34ab0-02f5-4a84-b6e1-1c9373e33fa8","local_time":"20210203152744","is_ascension_mode":false,"campfire_choices":[{"data":"hermit:Determination","floor":8,"key":"SMITH"},{"floor":15,"key":"REST"}],"circlet_count":0,"master_deck":["hermit:Strike_Hermit","hermit:Strike_Hermit","hermit:Strike_Hermit","hermit:Strike_Hermit","hermit:Defend_Hermit","hermit:Defend_Hermit","hermit:Defend_Hermit","hermit:Defend_Hermit","hermit:Snapshot","hermit:Covet","hermit:Quickdraw","Regret","hermit:Determination+1","hermit:Coalescence+1","hermit:Quickdraw","hermit:CursedWeapon","hermit:Misfire","hermit:WideOpen","hermit:Brawl","hermit:HoleUp","Regret","hermit:Desperado","hermit:Virtue","CurseOfTheBell","hubris:NaturalOne","hermit:HoleUp","hermit:Malice"],"relics":["hermit:Momento","NeowsBlessing","ReplayTheSpireMod:Lightbulb","hubris:Icosahedron","hubris:TenFootPole","hubris:SlimyHat","Calling Bell","infinitespire:Lucky Rock","Matryoshka","Unceasing Top","Pen Nib"],"acts_visited":["Exordium","TheCity"],"potions_floor_usage":[10,13,16,19,19],"damage_taken":[{"damage":0,"enemies":"Cultist","floor":1,"turns":1},{"damage":0,"enemies":"2 Louse","floor":4,"turns":1},{"damage":0,"enemies":"Gremlin Nob","floor":6,"turns":1},{"damage":16,"enemies":"Small Slimes","floor":7,"turns":3},{"damage":10,"enemies":"Blue Slaver","floor":10,"turns":3},{"damage":13,"enemies":"Lots of Slimes","floor":13,"turns":4},{"damage":14,"enemies":"3 Louse","floor":14,"turns":2},{"damage":14,"enemies":"Slime Boss","floor":16,"turns":8},{"damage":31,"enemies":"Shell Parasite","floor":18,"turns":6},{"damage":33,"enemies":"2 Thieves","floor":19,"turns":5},{"damage":14,"enemies":"Cultist and Chosen","floor":22,"turns":5}],"seed_played":"-181584235405253271","potions_obtained":[{"floor":4,"key":"Regen Potion"},{"floor":7,"key":"Doom Potion"},{"floor":10,"key":"Adrenaline Potion"},{"floor":16,"key":"hexamod:SoulburnPotion"},{"floor":18,"key":"hermit:Eclipse"}],"is_trial":false,"path_per_floor":["M","?","$","M","?","E","M","R","T","M","$","?","M","M","R","B",null,"M","M","?","?","M"],"character_chosen":"HERMIT","items_purchased":["hermit:Determination","hermit:Coalescence+1","hermit:Brawl","hermit:HoleUp"],"campfire_rested":1,"item_purchase_floors":[3,3,11,11],"current_hp_per_floor":[75,75,75,75,75,75,59,59,59,58,58,58,45,31,53,39,75,44,11,11,11,0,0],"gold":579,"neow_bonus":"THREE_ENEMY_KILL","is_daily":false,"chose_seed":false,"campfire_upgraded":1,"win_rate":0.0,"timestamp":1612362464,"path_taken":["M","?","$","M","?","E","M","R","T","M","$","?","?","M","R","BOSS","M","M","?","?","?"],"items_purchased_type":["Card","Card","Card","Card"],"build_version":"2020-12-18","purchased_purges":0,"victory":false,"max_hp_per_floor":[75,75,75,75,75,75,75,75,75,75,75,75,75,75,75,75,75,75,75,75,75,75,75],"card_choices":[{"not_picked":["hermit:HighCaliber","hermit:Ricochet"],"picked":"hermit:Quickdraw","floor":1},{"not_picked":["hermit:LoneWolf","hermit:Vantage"],"picked":"hermit:Quickdraw","floor":4},{"not_picked":["hermit:Purgatory","hermit:HighCaliber"],"picked":"hermit:CursedWeapon","floor":6},{"not_picked":["hermit:Malice","hermit:Showdown"],"picked":"hermit:Misfire","floor":7},{"not_picked":["hermit:GhostlyPresence","hermit:Malice"],"picked":"hermit:WideOpen","floor":10},{"not_picked":["hermit:LoneWolf","hermit:Roulette"],"picked":"hermit:Desperado","floor":13},{"not_picked":["hermit:BigShot","hermit:Desperado"],"picked":"hermit:Virtue","floor":14},{"not_picked":["hermit:Manifest","hermit:Coalescence"],"picked":"hermit:HoleUp","floor":18},{"not_picked":["hermit:Manifest","hermit:Maintenance+1"],"picked":"hermit:Malice","floor":19}],"player_experience":130503,"relics_obtained":[{"floor":6,"key":"hubris:TenFootPole"},{"floor":9,"key":"hubris:SlimyHat"},{"floor":17,"key":"infinitespire:Lucky Rock"},{"floor":17,"key":"Matryoshka"},{"floor":17,"key":"Unceasing Top"}],"event_choices":[{"damage_healed":0,"gold_gain":0,"player_choice":"Box","damage_taken":0,"relics_obtained":["ReplayTheSpireMod:Lightbulb"],"max_hp_gain":0,"max_hp_loss":0,"event_name":"Big Fish","floor":2,"gold_loss":0,"cards_obtained":["Regret"]},{"damage_healed":0,"gold_gain":275,"player_choice":"Desecrate","damage_taken":0,"max_hp_gain":0,"max_hp_loss":0,"event_name":"Golden Shrine","floor":12,"gold_loss":0,"cards_obtained":["Regret"]},{"damage_healed":0,"gold_gain":99,"player_choice":"Stole From Cult","damage_taken":0,"max_hp_gain":0,"max_hp_loss":0,"event_name":"Nest","floor":20,"gold_loss":0},{"damage_healed":0,"gold_gain":0,"player_choice":"Gave Potion","damage_taken":0,"relics_obtained":["Pen Nib"],"max_hp_gain":0,"max_hp_loss":0,"event_name":"WeMeetAgain","floor":21,"gold_loss":0}],"is_beta":true,"boss_relics":[{"not_picked":["hubris:ScarierMask","Busted Crown"],"picked":"Calling Bell"}],"items_purged_floors":[],"is_endless":false,"potions_floor_spawned":[4,7,10,16,18],"killed_by":"Cultist and Chosen","ascension_level":0}}