{"host":"spoxbmo2txwgdxt2","time":1612332542,"event":{"mods":["AchievementEnabler","Act Like it!","Arknights","BaseMod","Colored Powertips","Lobotomy","LobotomyExtend","Marisa£®ÏF”Í°°ƒß¿Ì…≥£©","Minty Spire (QoL Compilation)","Quick Restart","Shop Mod","StSLib","The Administrix"],"gold_per_floor":[116,18,29,49,49,84,84,95,95,129,152,152,52,68,68,168,168,188,188,205,25,42,42,42,57,80,128,128,156,165,191,191,306,306,350,8,28,0,0,0,58,99,99,169,208,246,17,49,49,49,49,49,23,67,67],"floor_reached":56,"language":"ZHS","playtime":8505,"items_purged":["WallGazer","Funeral","Scarecrow","SilentOrchestra"],"score":1488,"play_id":"e428c0ef-3ae3-46aa-aaed-f245f540c323","local_time":"20210203140902","is_ascension_mode":true,"campfire_choices":[{"data":"AdministrixMod:NoblePath","floor":7.0,"key":"SMITH"},{"data":"AdministrixMod:LightOfYourLife","floor":15.0,"key":"SMITH"},{"data":"AdministrixMod:AmassedMasks","floor":23.0,"key":"SMITH"},{"data":"AdministrixMod:GuanyinBlessing","floor":28.0,"key":"SMITH"},{"data":"AdministrixMod:SeventeenArticleLaser","floor":32.0,"key":"SMITH"},{"data":"AdministrixMod:TenDesires","floor":40.0,"key":"SMITH"},{"floor":49.0,"key":"RECALL"},{"data":"AdministrixMod:JustRewards","floor":52,"key":"SMITH"}],"circlet_count":0,"master_deck":["DespairKnight","BigBird","AdministrixMod:Strike_Administrix","AdministrixMod:Strike_Administrix","AdministrixMod:RedCloak+1","AdministrixMod:Defend_Administrix+1","AdministrixMod:Defend_Administrix","AdministrixMod:Defend_Administrix","AdministrixMod:BlueCloak","AdministrixMod:JustRewards","AdministrixMod:ChooseYourEnd","OSAHOGD","AdministrixMod:JustRewards+1","AdministrixMod:LightOfYourLife+1","AdministrixMod:ShadowPlay+1","AdministrixMod:TouchOfCinnabar+1","GreedKing","CherryBlossoms","VoidDream","AdministrixMod:Wuji","AdministrixMod:HarmonicReverence+1","QueenBee","BlackSwan","AdministrixMod:SyncreticPlunge+1","AdministrixMod:HarmonicReverence+1","AdministrixMod:Convergence","AdministrixMod:HarmonicReverence","LongBird"],"relics":["AdministrixMod:ConductorRitualBaton","CogitoBucket","RabbitCall","LetterFromLob","Bird Faced Urn","StoneCalendar","Pantograph","Singing Bowl","BackwardClock","Du-Vu Doll","Eternal Feather","Anchor","Nloth\u0027s Gift","Bronze Scales","BehaviorAdjustment","CeramicFish","Potion Belt","DeathAngel","AtMidnight","ChangeAnything","Busted Crown","Strange Spoon","Red Mask","War Paint","Gremlin Horn","Lamp_r","Incense Burner","SwordSharpenedByTears_r","Oddly Smooth Stone"],"acts_visited":["Exordium","TheCity","TheBeyond","TheEnding"],"potions_floor_usage":[50,55,55],"damage_taken":[{"damage":6.0,"enemies":"Jaw Worm","floor":1.0,"turns":4.0},{"damage":5.0,"enemies":"Small Slimes","floor":3.0,"turns":2.0},{"damage":0.0,"enemies":"Cultist","floor":4.0,"turns":2.0},{"damage":7.0,"enemies":"Lagavulin","floor":6.0,"turns":4.0},{"damage":0.0,"enemies":"Blue Slaver","floor":8.0,"turns":1.0},{"damage":8.0,"enemies":"3 Sentries","floor":10.0,"turns":4.0},{"damage":16.0,"enemies":"Gremlin Gang","floor":14.0,"turns":6.0},{"damage":20.0,"enemies":"Slime Boss","floor":16.0,"turns":7.0},{"damage":4.0,"enemies":"2 Thieves","floor":18.0,"turns":3.0},{"damage":0.0,"enemies":"Chosen","floor":20.0,"turns":3.0},{"damage":0.0,"enemies":"Centurion and Healer","floor":22.0,"turns":6.0},{"damage":4.0,"enemies":"3 Cultists","floor":25.0,"turns":3.0},{"damage":22.0,"enemies":"Book of Stabbing","floor":27.0,"turns":5.0},{"damage":8.0,"enemies":"Shelled Parasite and Fungi","floor":29.0,"turns":4.0},{"damage":78.0,"enemies":"Gremlin Leader","floor":30.0,"turns":8.0},{"damage":5.0,"enemies":"Centurion and Healer","floor":31.0,"turns":17.0},{"damage":41.0,"enemies":"Champ","floor":33.0,"turns":9.0},{"damage":3.0,"enemies":"3 Darklings","floor":35.0,"turns":3.0},{"damage":5.0,"enemies":"Orb Walker","floor":37.0,"turns":5.0},{"damage":2.0,"enemies":"3 Darklings","floor":41.0,"turns":3.0},{"damage":8.0,"enemies":"Nemesis","floor":42.0,"turns":7.0},{"damage":10.0,"enemies":"Reptomancer","floor":44.0,"turns":4.0},{"damage":5.0,"enemies":"Jaw Worm Horde","floor":45.0,"turns":2.0},{"damage":0.0,"enemies":"Writhing Mass","floor":46.0,"turns":4.0},{"damage":6.0,"enemies":"Sphere and 2 Shapes","floor":48.0,"turns":3.0},{"damage":49,"enemies":"Donu and Deca","floor":50,"turns":16},{"damage":43,"enemies":"Shield and Spear","floor":54,"turns":5},{"damage":70,"enemies":"The Heart","floor":55,"turns":8}],"seed_played":"-1027984117391000067","potions_obtained":[{"floor":6.0,"key":"PowerPotion"},{"floor":8.0,"key":"Strength Potion"},{"floor":14.0,"key":"LiquidBronze"},{"floor":20.0,"key":"GamblersBrew"},{"floor":22.0,"key":"FairyPotion"},{"floor":25.0,"key":"ColorlessPotion"},{"floor":30.0,"key":"FearPotion"},{"floor":37.0,"key":"SteroidPotion"},{"floor":41.0,"key":"Ancient Potion"},{"floor":44.0,"key":"CultistPotion"}],"is_trial":false,"path_per_floor":["M","$","M","M","?","E","R","M","T","E","T","?","$","M","R","B",null,"M","?","M","$","M","R","E","M","T","E","R","M","E","M","R","B",null,"M","$","M","?","?","R","M","E","T","E","M","M","$","M","R","B",null,"R","$","E","B",null],"character_chosen":"TheAdministrix","items_purchased":["AdministrixMod:NoblePath","Bronze Scales","AdministrixMod:TouchOfCinnabar","AdministrixMod:Wuji","Strange Spoon","AdministrixMod:ShadowPlay","AdministrixMod:Convergence","AdministrixMod:HarmonicReverence"],"campfire_rested":0,"item_purchase_floors":[2,21,21,36,36,47,47,53],"current_hp_per_floor":[59,59,54,54,65,58,58,58,58,50,50,50,50,43,43,47,67,63,63,66,66,67,67,67,65,65,45,45,69,20,73,73,56,56,75,75,77,77,77,77,79,79,79,80,82,83,83,83,83,34,34,34,34,78,20],"gold":67,"neow_bonus":"","is_daily":false,"chose_seed":false,"campfire_upgraded":7,"win_rate":0.0,"timestamp":1612332542,"path_taken":["M","$","M","M","?","E","R","M","T","E","?","?","$","M","R","BOSS","M","?","?","$","M","R","E","M","T","E","R","M","E","M","R","BOSS","M","$","?","?","?","R","M","E","T","E","M","M","$","?","R","BOSS","R","$","E","BOSS"],"items_purchased_type":["Card","Relic","Card","Card","Relic","Card","Card","Card"],"build_version":"2020-12-22","purchased_purges":4,"victory":true,"max_hp_per_floor":[65,65,65,65,65,65,65,65,65,65,65,65,65,67,67,67,67,67,67,67,67,67,67,67,69,69,69,69,71,73,75,75,75,75,77,77,79,79,79,79,79,81,81,83,83,83,83,83,83,83,83,83,83,85,85],"card_choices":[{"not_picked":["MHz","Scorched"],"picked":"WallGazer","floor":1.0},{"not_picked":["AdministrixMod:BloodBargain","AdministrixMod:QuietConspiracy"],"picked":"AdministrixMod:JustRewards","floor":1.0},{"not_picked":["RedShoes","FairyFestival"],"picked":"OldLady","floor":3.0},{"not_picked":["AdministrixMod:Katabasis","AdministrixMod:NewWardrobe"],"picked":"AdministrixMod:ChooseYourEnd","floor":3.0},{"not_picked":["AdministrixMod:PlateOfAntiquity","AdministrixMod:CrackingPangu"],"picked":"AdministrixMod:GuanyinBlessing","floor":4.0},{"not_picked":["MHz","Murderer"],"picked":"OSAHOGD","floor":4.0},{"not_picked":["Scorched","FairyFestival","CrumblingArmor"],"picked":"Singing Bowl","floor":6.0},{"not_picked":["CrumblingArmor","PunishingBird"],"picked":"Wellcheers","floor":6.0},{"not_picked":["AdministrixMod:Overdrive","AdministrixMod:NoblePath","AdministrixMod:WickedPunishment"],"picked":"SKIP","floor":6.0},{"not_picked":["Scorched","CrumblingArmor","BlackSwan"],"picked":"Singing Bowl","floor":8.0},{"not_picked":["MeatLantern","Porccubus"],"picked":"ShyLook","floor":8.0},{"not_picked":["AdministrixMod:SyncreticPlunge","AdministrixMod:LightOfYourLife"],"picked":"AdministrixMod:JustRewards","floor":8.0},{"not_picked":["UniverseFragment","Murderer"],"picked":"Funeral","floor":10.0},{"not_picked":["AdministrixMod:ImmortalGrace","AdministrixMod:SipOfSparks"],"picked":"AdministrixMod:LightOfYourLife","floor":10.0},{"not_picked":["Yin","VoidDream"],"picked":"UniverseFragment","floor":14.0},{"not_picked":["AdministrixMod:RebukeDesires","AdministrixMod:Transition","AdministrixMod:DiversionaryTactic"],"picked":"Singing Bowl","floor":14.0},{"not_picked":["AdministrixMod:GirlsDoItBetter","AdministrixMod:CosmosControl"],"picked":"AdministrixMod:AmassedMasks","floor":16.0},{"not_picked":["FairyFestival","SingingMachine","LongBird"],"picked":"Singing Bowl","floor":16.0},{"not_picked":["ShyLook","HeroicMonk"],"picked":"HappyTeddy","floor":16.0},{"not_picked":["Porccubus","FairyFestival"],"picked":"MeltingLove","floor":18.0},{"not_picked":["AdministrixMod:ArmillarySphere","AdministrixMod:PlateOfAntiquity"],"picked":"AdministrixMod:ShadowPlay+1","floor":18.0},{"not_picked":["Rudolta","WallGazer"],"picked":"VoidDream","floor":20.0},{"not_picked":["AdministrixMod:BloodBargain","AdministrixMod:NewWardrobe"],"picked":"AdministrixMod:DreamsMausoleum+1","floor":20.0},{"not_picked":["AdministrixMod:ImmortalPurity","AdministrixMod:TrickOfTheLight"],"picked":"AdministrixMod:SeventeenArticleLaser","floor":22.0},{"not_picked":["AdministrixMod:FuneraryRites","AdministrixMod:RegentEdict","AdministrixMod:Overdrive+1"],"picked":"Singing Bowl","floor":25.0},{"not_picked":["SpiderBud","BigBird"],"picked":"WhiteNight","floor":27.0},{"not_picked":["AdministrixMod:PassageOfAges","AdministrixMod:Untouchable"],"picked":"AdministrixMod:GuanyinBlessing","floor":27.0},{"not_picked":["BeautyBeast","Laetitia"],"picked":"GreedKing","floor":29.0},{"not_picked":["AdministrixMod:ImmortalGrace","AdministrixMod:RegentEdict+1","AdministrixMod:FeastOfDew"],"picked":"Singing Bowl","floor":29.0},{"not_picked":["Laetitia","OldLady"],"picked":"CherryBlossoms","floor":30.0},{"not_picked":["AdministrixMod:CrackingPangu","AdministrixMod:NewWardrobe","AdministrixMod:ImmortalGrace"],"picked":"Singing Bowl","floor":30.0},{"not_picked":["LittleHelper","Woodsman"],"picked":"DespairKnight","floor":31.0},{"not_picked":["AdministrixMod:CrackingPangu","AdministrixMod:QuietConspiracy","AdministrixMod:SealAway"],"picked":"Singing Bowl","floor":31.0},{"not_picked":["CrumblingArmor","VoidDream","HappyTeddy"],"picked":"Singing Bowl","floor":33.0},{"not_picked":["Mercenary","BigBadWolf"],"picked":"VoidDream","floor":33.0},{"not_picked":["AdministrixMod:FearOfDeath","AdministrixMod:BrewingCloister"],"picked":"AdministrixMod:TenDesires","floor":33.0},{"not_picked":["NakedNest","BlueStar","WallGazer"],"picked":"Singing Bowl","floor":35.0},{"not_picked":["PunishingBird","RedShoes"],"picked":"Scarecrow","floor":35.0},{"not_picked":["AdministrixMod:Katabasis"],"picked":"Singing Bowl","floor":35.0},{"not_picked":["Mercenary","BlueStar","SingingMachine"],"picked":"Singing Bowl","floor":37.0},{"not_picked":["DreamingCurrent","SpiderBud"],"picked":"RedShoes","floor":37.0},{"not_picked":["AdministrixMod:PassageOfAges"],"picked":"Singing Bowl","floor":37.0},{"not_picked":["WallGazer","LittleHelper"],"picked":"BigBird","floor":41.0},{"not_picked":[],"picked":"AdministrixMod:HarmonicReverence+1","floor":41.0},{"not_picked":["Laetitia","BigBadWolf"],"picked":"QueenBee","floor":42.0},{"not_picked":["AdministrixMod:Katabasis"],"picked":"Singing Bowl","floor":42.0},{"not_picked":["Laetitia","Funeral"],"picked":"BlackSwan","floor":44.0},{"not_picked":["AdministrixMod:PassageOfAges"],"picked":"Singing Bowl","floor":44.0},{"not_picked":["Scarecrow","Freischutz"],"picked":"SilentOrchestra","floor":45.0},{"not_picked":[],"picked":"AdministrixMod:SyncreticPlunge+1","floor":45.0},{"not_picked":["SingingMachine","Funeral"],"picked":"GalaxyChild","floor":46.0},{"not_picked":[],"picked":"AdministrixMod:HarmonicReverence+1","floor":46.0},{"not_picked":["Yin","Funeral","Rudolta"],"picked":"Singing Bowl","floor":48.0},{"not_picked":["AdministrixMod:SealAway+1"],"picked":"SKIP","floor":48.0},{"not_picked":["Porccubus","NakedNest","GalaxyChild"],"picked":"Singing Bowl","floor":54},{"not_picked":["HeroicMonk","BlueStar"],"picked":"LongBird","floor":54},{"not_picked":["AdministrixMod:Overdrive+1"],"picked":"Singing Bowl","floor":54}],"player_experience":355527,"relics_obtained":[{"floor":1.0,"key":"LetterFromLob"},{"floor":6.0,"key":"Bird Faced Urn"},{"floor":9.0,"key":"StoneCalendar"},{"floor":10.0,"key":"Pantograph"},{"floor":17.0,"key":"Du-Vu Doll"},{"floor":17.0,"key":"Eternal Feather"},{"floor":17.0,"key":"Anchor"},{"floor":26.0,"key":"CeramicFish"},{"floor":27.0,"key":"Potion Belt"},{"floor":30.0,"key":"DeathAngel"},{"floor":31.0,"key":"AtMidnight"},{"floor":42.0,"key":"War Paint"},{"floor":43.0,"key":"Gremlin Horn"},{"floor":44.0,"key":"Incense Burner"},{"floor":54,"key":"Oddly Smooth Stone"}],"event_choices":[{"damage_healed":0.0,"max_hp_gain":0.0,"max_hp_loss":0.0,"gold_gain":0.0,"event_name":"WeMeetAgain","player_choice":"Gave Potion","floor":12.0,"gold_loss":0.0,"damage_taken":0.0,"relics_obtained":["Singing Bowl"]},{"damage_healed":0.0,"max_hp_gain":0.0,"max_hp_loss":0.0,"gold_gain":0.0,"event_name":"N\u0027loth","player_choice":"Traded Relic","floor":19.0,"relics_lost":["Calling Bell"],"gold_loss":0.0,"damage_taken":0.0,"relics_obtained":["Nloth\u0027s Gift"]},{"damage_healed":0.0,"max_hp_gain":0.0,"max_hp_loss":0.0,"gold_gain":0.0,"event_name":"Tomb of Lord Red Mask","player_choice":"Paid","floor":38.0,"gold_loss":28.0,"damage_taken":0.0,"relics_obtained":["Red Mask"]},{"cards_removed":["Wellcheers"],"damage_healed":5.0,"max_hp_gain":0.0,"max_hp_loss":0.0,"gold_gain":0.0,"event_name":"Bonfire Elementals","player_choice":"Offered Common","floor":39.0,"gold_loss":0.0,"damage_taken":0.0},{"cards_removed":["Wellcheers"],"damage_healed":5.0,"max_hp_gain":0.0,"max_hp_loss":0.0,"gold_gain":0.0,"event_name":"Bonfire Elementals","player_choice":"Offered Special","floor":39.0,"gold_loss":0.0,"damage_taken":0.0}],"is_beta":false,"boss_relics":[{"not_picked":["Snecko Eye","Tiny House"],"picked":"Calling Bell"},{"not_picked":["AdministrixMod:BloodSoakedVeil","Astrolabe"],"picked":"Busted Crown"}],"items_purged_floors":[2,13,36,47],"is_endless":false,"potions_floor_spawned":[6,8,14,20,22,25,30,37,41,44],"ascension_level":2}}