{"host":"s5d39dhq0ddhxhke","time":1612396213,"event":{"mods":["AchievementEnabler","BaseMod","Colored Map","Minty Spire (QoL Compilation)","Smile Girya","SuperFastMode"],"gold_per_floor":[109,122,133,145,145,179,179,179,179,199,217,227,247,262,262,339,339,339,93,93,93,93,93,93,93],"floor_reached":24,"language":"ENG","playtime":670,"items_purged":["Strike_R"],"score":384,"play_id":"1cc3edc6-71c1-47e8-9002-008ce8f28e1f","local_time":"20210204015013","is_ascension_mode":true,"campfire_choices":[{"floor":8,"key":"REST"},{"floor":15,"key":"REST"},{"floor":23,"key":"REST"}],"circlet_count":0,"master_deck":["AscendersBane","Strike_R","Strike_R","Strike_R","Strike_R","Defend_R","Defend_R","Defend_R","Defend_R","Bash","Heavy Blade","Twin Strike","Shrug It Off","Pummel","Flame Barrier","Rampage","Demon Form"],"relics":["SlaversCollar","Kunai","Sundial","Ectoplasm","Red Skull","Letter Opener"],"acts_visited":["Exordium","TheCity"],"potions_floor_usage":[6,10,12,13,24],"damage_taken":[{"damage":12,"enemies":"Cultist","floor":1,"turns":4},{"damage":2,"enemies":"2 Louse","floor":2,"turns":3},{"damage":4,"enemies":"Jaw Worm","floor":3,"turns":4},{"damage":1,"enemies":"2 Fungi Beasts","floor":4,"turns":3},{"damage":24,"enemies":"Gremlin Nob","floor":6,"turns":4},{"damage":19,"enemies":"Exordium Wildlife","floor":10,"turns":5},{"damage":8,"enemies":"Looter","floor":11,"turns":4},{"damage":17,"enemies":"Gremlin Gang","floor":12,"turns":6},{"damage":0,"enemies":"3 Louse","floor":13,"turns":3},{"damage":4,"enemies":"Looter","floor":14,"turns":4},{"damage":27,"enemies":"The Guardian","floor":16,"turns":15},{"damage":30,"enemies":"Shell Parasite","floor":18,"turns":4},{"damage":0,"enemies":"3 Byrds","floor":20,"turns":4},{"damage":56,"enemies":"Slavers","floor":24,"turns":3}],"seed_played":"297848033651657804","potions_obtained":[{"floor":3,"key":"LiquidBronze"},{"floor":4,"key":"Weak Potion"},{"floor":6,"key":"Regen Potion"},{"floor":10,"key":"DistilledChaos"},{"floor":14,"key":"DistilledChaos"}],"is_trial":false,"path_per_floor":["M","M","M","M","?","E","?","R","T","M","M","M","M","M","R","B",null,"M","$","M","T","$","R","E"],"character_chosen":"IRONCLAD","items_purchased":["Red Skull"],"campfire_rested":3,"item_purchase_floors":[19],"current_hp_per_floor":[56,54,50,49,49,25,21,43,43,36,28,11,11,7,29,2,57,27,27,27,27,27,49,0,0],"gold":93,"neow_bonus":"BOSS_RELIC","is_daily":false,"chose_seed":false,"campfire_upgraded":0,"win_rate":0.0,"timestamp":1612396213,"path_taken":["M","M","M","M","?","E","?","R","T","M","M","?","M","M","R","BOSS","M","$","M","?","?","R","E"],"items_purchased_type":["Relic"],"build_version":"2020-12-22","purchased_purges":1,"victory":false,"max_hp_per_floor":[75,75,75,75,75,75,75,75,75,75,75,75,75,75,75,75,75,75,75,75,75,75,75,75,75],"card_choices":[{"not_picked":["Evolve","Dark Embrace"],"picked":"Heavy Blade","floor":1},{"not_picked":["Intimidate","Clothesline"],"picked":"Twin Strike","floor":2},{"not_picked":["Heavy Blade","Sword Boomerang"],"picked":"Shrug It Off","floor":3},{"not_picked":["Thunderclap","Seeing Red"],"picked":"Pummel","floor":4},{"not_picked":["Clothesline","Flex","Carnage"],"picked":"SKIP","floor":6},{"not_picked":["Thunderclap","Armaments","Body Slam"],"picked":"SKIP","floor":10},{"not_picked":["Wild Strike","Warcry"],"picked":"Flame Barrier","floor":11},{"not_picked":["Brutality","Second Wind"],"picked":"Rampage","floor":12},{"not_picked":["Perfected Strike","Rampage","Armaments"],"picked":"SKIP","floor":13},{"not_picked":["Warcry","Sword Boomerang","True Grit"],"picked":"SKIP","floor":14},{"not_picked":["Berserk","Immolate"],"picked":"Demon Form","floor":16},{"not_picked":["Pommel Strike","True Grit","Warcry+1"],"picked":"SKIP","floor":18},{"not_picked":["Reckless Charge","Warcry","Anger"],"picked":"SKIP","floor":20}],"player_experience":476258,"relics_obtained":[{"floor":6,"key":"Kunai"},{"floor":9,"key":"Sundial"},{"floor":21,"key":"Letter Opener"}],"event_choices":[{"damage_healed":0,"gold_gain":0,"player_choice":"Ignored","damage_taken":0,"max_hp_gain":0,"max_hp_loss":0,"event_name":"Liars Game","floor":5,"gold_loss":0},{"damage_healed":0,"gold_gain":0,"player_choice":"Bought 0 Potions","damage_taken":0,"max_hp_gain":0,"max_hp_loss":0,"event_name":"The Woman in Blue","floor":7,"gold_loss":0}],"is_beta":false,"boss_relics":[{"not_picked":["Snecko Eye","Fusion Hammer"],"picked":"Ectoplasm"}],"items_purged_floors":[19],"is_endless":false,"potions_floor_spawned":[3,4,6,10,14],"killed_by":"Slavers","ascension_level":18}}