{"host":"6azrrw3tf7wb0f4b","time":1612344546,"event":{"mods":["BaseMod","DeckTracker","Minty Spire (QoL Compilation)","SuperFastMode"],"gold_per_floor":[112,128,128,128,141,176,176,176,231,231,231,231,22,35,35,35,35],"floor_reached":16,"language":"KOR","playtime":290,"items_purged":["Strike_B"],"score":172,"play_id":"47831702-6933-4e1c-854a-cb6b2fbad742","local_time":"20210203182906","is_ascension_mode":true,"campfire_choices":[{"floor":7,"key":"REST"},{"data":"Zap","floor":10,"key":"SMITH"},{"data":"Capacitor","floor":12,"key":"SMITH"},{"data":"Defragment","floor":15,"key":"SMITH"}],"circlet_count":0,"master_deck":["AscendersBane","Strike_B","Strike_B","Defend_B","Defend_B","Defend_B","Defend_B","Zap+1","Dualcast","Capacitor+1","Heatsinks","Machine Learning","BootSequence","Storm","Rebound","Defragment+1","White Noise","Cold Snap"],"relics":["Cracked Core","NeowsBlessing","Dream Catcher","Smiling Mask"],"acts_visited":["Exordium"],"potions_floor_usage":[6,6],"damage_taken":[{"damage":0,"enemies":"Jaw Worm","floor":1,"turns":1},{"damage":0,"enemies":"Small Slimes","floor":2,"turns":1},{"damage":0,"enemies":"Cultist","floor":5,"turns":1},{"damage":43,"enemies":"3 Sentries","floor":6,"turns":9},{"damage":20,"enemies":"2 Fungi Beasts","floor":14,"turns":3},{"damage":29,"enemies":"The Guardian","floor":16,"turns":2}],"seed_played":"927387772968487247","potions_obtained":[{"floor":4,"key":"Block Potion"},{"floor":4,"key":"LiquidBronze"},{"floor":6,"key":"EssenceOfSteel"},{"floor":14,"key":"SmokeBomb"}],"is_trial":false,"path_per_floor":["M","M","?","?","M","E","R","?","T","R","?","R","$","M","R","B"],"character_chosen":"DEFECT","items_purchased":["Defragment","White Noise"],"campfire_rested":1,"item_purchase_floors":[13,13],"current_hp_per_floor":[64,64,64,64,64,21,42,47,47,47,47,47,47,27,27,0,0],"gold":35,"neow_bonus":"THREE_ENEMY_KILL","is_daily":false,"chose_seed":false,"campfire_upgraded":3,"win_rate":0.0,"timestamp":1612344546,"path_taken":["M","M","?","?","?","E","R","?","T","R","?","R","?","M","R","BOSS"],"items_purchased_type":["Card","Card"],"build_version":"2020-12-22","purchased_purges":1,"victory":false,"max_hp_per_floor":[71,71,71,71,71,71,71,76,76,76,76,76,76,76,76,76,76],"card_choices":[{"not_picked":["Redo","Go for the Eyes"],"picked":"Capacitor","floor":1},{"not_picked":["Go for the Eyes","Coolheaded"],"picked":"Heatsinks","floor":2},{"not_picked":["Sweeping Beam","Tempest"],"picked":"BootSequence","floor":5},{"not_picked":["Sweeping Beam","Rip and Tear"],"picked":"Storm","floor":6},{"not_picked":["Undo","Darkness"],"picked":"Rebound","floor":7},{"not_picked":["Go for the Eyes","Beam Cell"],"picked":"Cold Snap","floor":14}],"player_experience":750800,"relics_obtained":[{"floor":6,"key":"Dream Catcher"},{"floor":9,"key":"Smiling Mask"}],"event_choices":[{"damage_healed":0,"gold_gain":0,"cards_transformed":["Strike_B"],"player_choice":"Change","damage_taken":0,"max_hp_gain":0,"max_hp_loss":0,"event_name":"Living Wall","floor":3,"gold_loss":0,"cards_obtained":["Machine Learning"]},{"damage_healed":0,"gold_gain":0,"player_choice":"Got Potions","damage_taken":0,"max_hp_gain":0,"max_hp_loss":0,"event_name":"Lab","floor":4,"gold_loss":0},{"damage_healed":0,"gold_gain":0,"player_choice":"Donut","damage_taken":0,"max_hp_gain":5,"max_hp_loss":0,"event_name":"Big Fish","floor":8,"gold_loss":0},{"damage_healed":0,"gold_gain":0,"player_choice":"Ignored","damage_taken":0,"max_hp_gain":0,"max_hp_loss":0,"event_name":"Liars Game","floor":11,"gold_loss":0}],"is_beta":false,"boss_relics":[],"items_purged_floors":[13],"is_endless":false,"potions_floor_spawned":[6,14],"killed_by":"The Guardian","ascension_level":15}}