{"host":"9d9dhukr2jywmy0f","time":1612338491,"event":{"mods":["2.2 Compatiblity","Alarm Clock","BaseMod","Bestiary","Block Reminder","Colored Map","Colored Powertips","Curses Come First","DeckTracker","Energized Spire","Highlight Path","Key Reminder","Minty Spire (QoL Compilation)","Quick Restart","Rare Cards Sparkle","Relic Sorter","Relic Stats","Reliquary","Spire Birthday Party","StSLib","SuperFastMode","Synergy Search","Unceasing Turn Reminder","Unknown Chances"],"gold_per_floor":[117,134,134,134,150,150,150],"floor_reached":6,"language":"ZHS","playtime":731,"items_purged":[],"score":72,"play_id":"90ba740c-2233-4e02-9a20-ea4d2455c477","local_time":"20210203154811","is_ascension_mode":true,"campfire_choices":[],"circlet_count":0,"master_deck":["AscendersBane","Strike_P","Strike_P","Strike_P","Strike_P","Defend_P+1","Defend_P","Defend_P","Eruption","Vigilance","Adaptation+1","FearNoEvil","Blasphemy","TalkToTheHand"],"relics":["reliquary:WritOfMandamus"],"acts_visited":["Exordium"],"potions_floor_usage":[6],"damage_taken":[{"damage":7,"enemies":"2 Louse","floor":1,"turns":4},{"damage":12,"enemies":"Jaw Worm","floor":2,"turns":3},{"damage":9,"enemies":"Cultist","floor":5,"turns":4},{"damage":15,"enemies":"Lagavulin","floor":6,"turns":5}],"seed_played":"-7710814658875411203","potions_obtained":[{"floor":1,"key":"SpeedPotion"}],"is_trial":false,"path_per_floor":["M","M","?","?","M","E"],"character_chosen":"WATCHER","items_purchased":[],"campfire_rested":0,"item_purchase_floors":[],"current_hp_per_floor":[54,42,22,22,13,0,0],"gold":150,"neow_bonus":"BOSS_RELIC","is_daily":false,"chose_seed":false,"campfire_upgraded":0,"win_rate":0.0,"timestamp":1612338491,"path_taken":["M","M","?","?","M","E"],"items_purchased_type":[],"build_version":"2020-12-22","purchased_purges":0,"victory":false,"max_hp_per_floor":[68,68,68,68,68,68,68],"relic_stats":{"counters":[4,16],"obtain_stats":[{"PureWater":0,"reliquary:WritOfMandamus":0},{"PureWater":0,"reliquary:WritOfMandamus":0},{"PureWater":0,"reliquary:WritOfMandamus":0}]},"card_choices":[{"not_picked":["MentalFortress","SashWhip"],"picked":"Adaptation","floor":1},{"not_picked":["Prostrate","PathToVictory"],"picked":"FearNoEvil","floor":2},{"not_picked":["EmptyMind","CrushJoints"],"picked":"TalkToTheHand","floor":5}],"player_experience":875794,"relics_obtained":[],"event_choices":[{"damage_healed":0,"gold_gain":0,"player_choice":"Entered Light","damage_taken":20,"max_hp_gain":0,"max_hp_loss":0,"event_name":"Shining Light","floor":3,"gold_loss":0,"cards_upgraded":["Defend_P","Adaptation"]},{"damage_healed":0,"gold_gain":0,"cards_transformed":["Defend_P"],"player_choice":"Transformed","damage_taken":0,"max_hp_gain":0,"max_hp_loss":0,"event_name":"Transmorgrifier","floor":4,"gold_loss":0,"cards_obtained":["Blasphemy"]}],"is_beta":false,"boss_relics":[],"items_purged_floors":[],"is_endless":false,"potions_floor_spawned":[1],"killed_by":"Lagavulin","ascension_level":20}}