{"host":"31s8hzukbhz1k6i6","time":1612318143,"event":{"mods":["AchievementEnabler","BaseMod","Bestiary","Colored Map","Filter the Spire","Minty Spire (QoL Compilation)","Relic Stats","ojb\u0027s Info Mod"],"gold_per_floor":[116,116,116,137,137,178,192,192,192],"floor_reached":8,"language":"ENG","playtime":352,"items_purged":[],"score":112,"play_id":"18b9e055-6b2c-4162-8841-a4764cf4ba48","local_time":"20210202180903","is_ascension_mode":true,"campfire_choices":[],"circlet_count":0,"master_deck":["AscendersBane","Strike_G","Strike_G","Strike_G","Strike_G","Strike_G","Defend_G","Defend_G","Defend_G","Defend_G","Defend_G","Survivor","Neutralize","Dagger Throw","Crippling Poison","Blade Dance","Footwork"],"relics":["Ring of the Snake","CaptainsWheel","Golden Idol","Art of War","Centennial Puzzle"],"acts_visited":["Exordium"],"potions_floor_usage":[8],"damage_taken":[{"damage":0.0,"enemies":"Jaw Worm","floor":1.0,"turns":7.0},{"damage":2.0,"enemies":"Small Slimes","floor":4.0,"turns":4.0},{"damage":24.0,"enemies":"Gremlin Nob","floor":6.0,"turns":6.0},{"damage":0.0,"enemies":"2 Louse","floor":7.0,"turns":2.0},{"damage":55,"enemies":"Lagavulin","floor":8,"turns":10}],"seed_played":"1220064398119786425","potions_obtained":[{"floor":1.0,"key":"GamblersBrew"},{"floor":6.0,"key":"Regen Potion"}],"is_trial":false,"path_per_floor":["M","?","?","M","?","E","M","E"],"character_chosen":"THE_SILENT","items_purchased":[],"campfire_rested":0,"item_purchase_floors":[],"current_hp_per_floor":[44,66,60,58,47,23,23,0,0],"gold":192,"neow_bonus":"ONE_RARE_RELIC","is_daily":false,"chose_seed":false,"campfire_upgraded":0,"win_rate":0.0,"timestamp":1612318143,"path_taken":["M","?","?","M","?","E","M","E"],"items_purchased_type":[],"build_version":"2020-12-22","purchased_purges":0,"victory":false,"max_hp_per_floor":[66,66,60,60,60,60,60,60,60],"relic_stats":{"Centennial Puzzle":[3],"counters":[5,29],"Golden Idol":15,"Art of War":[1],"obtain_stats":[{"CaptainsWheel":0,"Centennial Puzzle":6,"Golden Idol":3,"Art of War":5,"Ring of the Snake":0},{"CaptainsWheel":0,"Centennial Puzzle":3,"Golden Idol":1,"Art of War":2,"Ring of the Snake":0},{"CaptainsWheel":0,"Centennial Puzzle":17,"Golden Idol":7,"Art of War":11,"Ring of the Snake":0}],"Ring of the Snake":[10]},"card_choices":[{"not_picked":["Noxious Fumes","Calculated Gamble"],"picked":"Dagger Throw","floor":1.0},{"not_picked":["Calculated Gamble","Bane"],"picked":"Crippling Poison","floor":4.0},{"not_picked":["Accuracy","Slice"],"picked":"Blade Dance","floor":6.0},{"not_picked":["Outmaneuver","Backflip"],"picked":"Footwork","floor":7.0}],"player_experience":205221,"relics_obtained":[{"floor":6.0,"key":"Centennial Puzzle"}],"event_choices":[{"damage_healed":22.0,"max_hp_gain":0.0,"max_hp_loss":0.0,"gold_gain":0.0,"event_name":"Big Fish","player_choice":"Banana","floor":2.0,"gold_loss":0.0,"damage_taken":0.0},{"damage_healed":0.0,"max_hp_gain":0.0,"max_hp_loss":6.0,"gold_gain":0.0,"event_name":"Golden Idol","player_choice":"Lose Max HP","floor":3.0,"gold_loss":0.0,"damage_taken":0.0,"relics_obtained":["Golden Idol"]},{"damage_healed":0.0,"max_hp_gain":0.0,"max_hp_loss":0.0,"gold_gain":0.0,"event_name":"Scrap Ooze","player_choice":"Success","floor":5.0,"gold_loss":0.0,"damage_taken":11.0,"relics_obtained":["Art of War"]}],"is_beta":false,"boss_relics":[],"items_purged_floors":[],"is_endless":false,"potions_floor_spawned":[1,6],"killed_by":"Lagavulin","ascension_level":20}}