{"host":"3po7ngt2j61s4rmj","time":1612374439,"event":{"mods":["Act Like it!","BaseMod","Elementarium","JesterMod","Minty Spire (QoL Compilation)","Relic Stats","Shade Mod","StSLib"],"gold_per_floor":[15,15,15,31,51,80,80,108,108,108,138,138,38,63,63,162,162,175,195,208,208,223,223,255,255,255,205,230,248,280,299,299,402,402,418,33,45,55,68,68,81,81,81,81,101,61,75,86,86,86,86,86,11,39,39],"floor_reached":56,"language":"ENG","playtime":9144,"items_purged":["jesterMod:Strike"],"score":1554,"play_id":"7da6709d-b3e3-454d-97c2-40efa9a8fcba","local_time":"20210203104719","is_ascension_mode":true,"campfire_choices":[{"data":"jesterMod:Inspiration","floor":7.0,"key":"SMITH"},{"floor":10.0,"key":"REST"},{"floor":15.0,"key":"REST"},{"data":"jesterMod:Patience","floor":23.0,"key":"SMITH"},{"data":"jesterMod:Overthink","floor":25.0,"key":"SMITH"},{"floor":32.0,"key":"REST"},{"floor":40.0,"key":"RECALL"},{"data":"jesterMod:Patience","floor":42.0,"key":"SMITH"},{"data":"jesterMod:JugglerBlade","floor":44.0,"key":"SMITH"},{"data":"jesterMod:Sickle","floor":49,"key":"SMITH"},{"data":"jesterMod:Mending","floor":52,"key":"SMITH"}],"circlet_count":0,"master_deck":["jesterMod:Strike+1","jesterMod:Strike","jesterMod:Strike","jesterMod:Sickle+1","jesterMod:Defend+1","jesterMod:Defend","jesterMod:Defend+1","jesterMod:Defend","jesterMod:Dodge+1","jesterMod:Feint","jesterMod:Contradiction","jesterMod:Inspiration+1","jesterMod:Mending+1","jesterMod:Patience+1","jesterMod:Illness","jesterMod:Prankster","jesterMod:SelfMockery+1","jesterMod:JugglerBlade+1","jesterMod:Anticipation+1","jesterMod:QuickStrike+1","jesterMod:Overthink+1","jesterMod:Exasperation+1","jesterMod:TrickyDodge+1","jesterMod:Patience+1","jesterMod:Swiftness+1","jesterMod:BoilDown","CurseOfTheBell","jesterMod:Swiftness+1","Panache+1","jesterMod:Swiftness+1","jesterMod:Anticipation+1","jesterMod:Haste+1","jesterMod:Patience+1","jesterMod:Exasperation+1","jesterMod:Prankster+1","jesterMod:BouncingKnife+1","jesterMod:JugglerBlade+1"],"relics":["jesterMod:JesterCap","jesterMod:LargeSleeves","TungstenRod","Incense Burner","jesterMod:BagOfTricks","MealTicket","jesterMod:LoadedDice","Strawberry","Akabeko","Frozen Egg 2","Toy Ornithopter","Blood Vial","Calling Bell","Eternal Feather","jesterMod:PhilosopherAmphora","War Paint","TheAbacus","Orichalcum"],"acts_visited":["Exordium","TheCity","TheBeyond","TheEnding"],"potions_floor_usage":[50,54,55],"damage_taken":[{"damage":0.0,"enemies":"Small Slimes","floor":1.0,"turns":4.0},{"damage":0.0,"enemies":"2 Louse","floor":4.0,"turns":4.0},{"damage":7.0,"enemies":"Jaw Worm","floor":5.0,"turns":4.0},{"damage":19.0,"enemies":"Gremlin Nob","floor":6.0,"turns":5.0},{"damage":9.0,"enemies":"Lagavulin","floor":8.0,"turns":10.0},{"damage":43.0,"enemies":"Gremlin Nob","floor":11.0,"turns":6.0},{"damage":13.0,"enemies":"The Guardian","floor":16.0,"turns":11.0},{"damage":0.0,"enemies":"Shell Parasite","floor":18.0,"turns":6.0},{"damage":2.0,"enemies":"3 Byrds","floor":19.0,"turns":7.0},{"damage":8.0,"enemies":"Snake Plant","floor":20.0,"turns":6.0},{"damage":13.0,"enemies":"Shelled Parasite and Fungi","floor":22.0,"turns":6.0},{"damage":11.0,"enemies":"Book of Stabbing","floor":24.0,"turns":5.0},{"damage":0.0,"enemies":"Gremlin Leader","floor":28.0,"turns":3.0},{"damage":3.0,"enemies":"Centurion and Healer","floor":29.0,"turns":6.0},{"damage":25.0,"enemies":"Slavers","floor":30.0,"turns":5.0},{"damage":13.0,"enemies":"Snecko","floor":31.0,"turns":6.0},{"damage":21.0,"enemies":"Automaton","floor":33.0,"turns":13.0},{"damage":14.0,"enemies":"3 Shapes","floor":35.0,"turns":6.0},{"damage":1.0,"enemies":"Orb Walker","floor":37.0,"turns":5.0},{"damage":14.0,"enemies":"Jaw Worm Horde","floor":38.0,"turns":3.0},{"damage":0.0,"enemies":"Maw","floor":39.0,"turns":7.0},{"damage":5.0,"enemies":"3 Darklings","floor":41.0,"turns":6.0},{"damage":17.0,"enemies":"Spire Growth","floor":45.0,"turns":4.0},{"damage":9,"enemies":"Maw","floor":47,"turns":7},{"damage":9,"enemies":"3 Darklings","floor":48,"turns":5},{"damage":17,"enemies":"Donu and Deca","floor":50,"turns":7},{"damage":21,"enemies":"Shield and Spear","floor":54,"turns":6},{"damage":60,"enemies":"The Heart","floor":55,"turns":7}],"seed_played":"-5582301786618852922","potions_obtained":[{"floor":4.0,"key":"LiquidMemories"},{"floor":11.0,"key":"SteroidPotion"},{"floor":16.0,"key":"SkillPotion"},{"floor":18.0,"key":"PowerPotion"},{"floor":20.0,"key":"SteroidPotion"},{"floor":28.0,"key":"LiquidMemories"},{"floor":31.0,"key":"SpeedPotion"},{"floor":33.0,"key":"FearPotion"},{"floor":37.0,"key":"CultistPotion"},{"floor":38.0,"key":"Block Potion"},{"floor":45.0,"key":"SkillPotion"},{"floor":46,"key":"LiquidMemories"},{"floor":46,"key":"CultistPotion"}],"is_trial":false,"path_per_floor":["M","?","?","M","M","E","R","E","T","R","E","?","$","T","R","B",null,"M","M","M","?","M","R","E","R","T","?","E","M","E","M","R","B",null,"M","$","M","M","M","R","M","R","T","R","M","?","M","M","R","B",null,"R","$","E","B",null],"character_chosen":"THE_JESTER","items_purchased":["jesterMod:Illness","jesterMod:Prankster","Panache+1","jesterMod:Swiftness+1","TheAbacus"],"campfire_rested":3,"item_purchase_floors":[13,13,36,36,36],"current_hp_per_floor":[77,77,60,60,53,34,34,25,25,50,7,7,7,7,32,19,68,68,66,58,65,52,52,41,41,41,41,41,38,18,7,34,15,72,65,80,86,79,86,91,86,91,91,91,74,74,67,60,81,71,86,91,91,75,22],"gold":39,"neow_bonus":"TWENTY_PERCENT_HP_BONUS","is_daily":false,"chose_seed":false,"campfire_upgraded":7,"win_rate":0.0,"timestamp":1612374439,"path_taken":["M","?","?","M","M","E","R","E","T","R","E","?","$","?","R","BOSS","M","M","M","?","M","R","E","R","T","?","E","M","E","M","R","BOSS","M","$","M","M","M","R","?","R","T","R","M","?","M","M","R","BOSS","R","$","E","BOSS"],"items_purchased_type":["Card","Card","Card","Card","Relic"],"build_version":"2020-12-22","purchased_purges":1,"victory":true,"max_hp_per_floor":[84,84,84,84,84,84,84,84,84,84,84,84,84,84,84,84,84,84,84,84,91,91,91,91,91,91,91,91,91,91,91,91,91,91,91,91,91,91,91,91,91,91,91,91,91,91,91,91,91,91,91,91,91,91,91],"relic_stats":{"Blood Vial":20,"TheAbacus":[126],"counters":[28,170],"MealTicket":15,"Eternal Feather":36,"War Paint":["jesterMod:TrickyDodge","jesterMod:Defend"],"Orichalcum":[0],"obtain_stats":[{"jesterMod:BagOfTricks":11,"jesterMod:LoadedDice":17,"jesterMod:PhilosopherAmphora":34,"Eternal Feather":34,"jesterMod:JesterCap":0,"Incense Burner":9,"Frozen Egg 2":26,"War Paint":34,"Orichalcum":54,"Akabeko":24,"Blood Vial":30,"Calling Bell":34,"TheAbacus":36,"Strawberry":21,"MealTicket":14,"jesterMod:LargeSleeves":6,"TungstenRod":8,"Toy Ornithopter":28},{"jesterMod:BagOfTricks":6,"jesterMod:LoadedDice":7,"jesterMod:PhilosopherAmphora":17,"Eternal Feather":17,"jesterMod:JesterCap":0,"Incense Burner":5,"Frozen Egg 2":12,"War Paint":17,"Orichalcum":27,"Akabeko":12,"Blood Vial":15,"Calling Bell":17,"TheAbacus":18,"Strawberry":10,"MealTicket":6,"jesterMod:LargeSleeves":4,"TungstenRod":5,"Toy Ornithopter":13},{"jesterMod:BagOfTricks":33,"jesterMod:LoadedDice":44,"jesterMod:PhilosopherAmphora":107,"Eternal Feather":107,"jesterMod:JesterCap":0,"Incense Burner":27,"Frozen Egg 2":74,"War Paint":107,"Orichalcum":163,"Akabeko":74,"Blood Vial":88,"Calling Bell":107,"TheAbacus":113,"Strawberry":63,"MealTicket":33,"jesterMod:LargeSleeves":17,"TungstenRod":27,"Toy Ornithopter":77}],"TungstenRod":77,"Toy Ornithopter":40},"card_choices":[{"not_picked":["jesterMod:Hide","jesterMod:SelfMockery"],"picked":"jesterMod:Feint","floor":1.0},{"not_picked":["jesterMod:Twirl","jesterMod:DanceOfChaos"],"picked":"jesterMod:Contradiction","floor":4.0},{"not_picked":["jesterMod:Prankster","jesterMod:Talion"],"picked":"jesterMod:Inspiration","floor":5.0},{"not_picked":["jesterMod:SmokeScreen","jesterMod:Rebuff"],"picked":"jesterMod:Mending","floor":6.0},{"not_picked":["jesterMod:SwiftDodge","jesterMod:Schizophrenia","jesterMod:Rebuff"],"picked":"SKIP","floor":8.0},{"not_picked":["jesterMod:Frustration","jesterMod:Anticipation"],"picked":"jesterMod:Patience","floor":11.0},{"not_picked":["jesterMod:Twirl","jesterMod:OblivionStrike"],"picked":"jesterMod:SelfMockery+1","floor":18.0},{"not_picked":["jesterMod:MudBall+1","jesterMod:Talion"],"picked":"jesterMod:JugglerBlade","floor":19.0},{"not_picked":["jesterMod:Precipitation","jesterMod:LightTheWick"],"picked":"jesterMod:Anticipation+1","floor":20.0},{"not_picked":["jesterMod:Procrastination+1","jesterMod:SwiftDodge+1"],"picked":"jesterMod:QuickStrike+1","floor":22.0},{"not_picked":["jesterMod:Prankster","jesterMod:JugglerBlade+1"],"picked":"jesterMod:Overthink","floor":24.0},{"not_picked":["jesterMod:Tinker","jesterMod:QuickStrike"],"picked":"jesterMod:Exasperation+1","floor":28.0},{"not_picked":["jesterMod:JackInTheBox","jesterMod:Twirl"],"picked":"jesterMod:TrickyDodge","floor":29.0},{"not_picked":["jesterMod:OblivionStrike+1","jesterMod:TrickyDodge"],"picked":"jesterMod:Patience","floor":30.0},{"not_picked":["jesterMod:HitAndRun+1","jesterMod:Schizophrenia+1"],"picked":"jesterMod:Swiftness+1","floor":31.0},{"not_picked":["jesterMod:LaughingGas","jesterMod:HedgehogForm+1"],"picked":"jesterMod:BoilDown","floor":33.0},{"not_picked":["jesterMod:RecklessStrike+1","jesterMod:Exasperation+1"],"picked":"jesterMod:Swiftness+1","floor":35.0},{"not_picked":["jesterMod:Tinker","jesterMod:ButterKnife+1"],"picked":"jesterMod:Anticipation+1","floor":37.0},{"not_picked":["jesterMod:Anticipation+1","jesterMod:Hide"],"picked":"jesterMod:Haste+1","floor":38.0},{"not_picked":["jesterMod:Overthink","jesterMod:ButterKnife+1"],"picked":"jesterMod:Patience+1","floor":39.0},{"not_picked":["jesterMod:LightTheWick","jesterMod:Patience+1"],"picked":"jesterMod:Exasperation+1","floor":41.0},{"not_picked":["jesterMod:QuickStrike+1","jesterMod:Rebuff+1"],"picked":"jesterMod:Prankster+1","floor":45.0},{"not_picked":["jesterMod:Rebuff","jesterMod:Loot+1","jesterMod:Dilapidation"],"picked":"SKIP","floor":47},{"not_picked":["jesterMod:Hide","jesterMod:QuickStrike+1"],"picked":"jesterMod:BouncingKnife+1","floor":48},{"not_picked":["jesterMod:Finale","jesterMod:SmokeScreen+1"],"picked":"jesterMod:JugglerBlade+1","floor":54}],"player_experience":1132668,"relics_obtained":[{"floor":6.0,"key":"jesterMod:LargeSleeves"},{"floor":8.0,"key":"TungstenRod"},{"floor":9.0,"key":"Incense Burner"},{"floor":11.0,"key":"jesterMod:BagOfTricks"},{"floor":14.0,"key":"MealTicket"},{"floor":24.0,"key":"Akabeko"},{"floor":26.0,"key":"Frozen Egg 2"},{"floor":28.0,"key":"Toy Ornithopter"},{"floor":30.0,"key":"Blood Vial"},{"floor":34.0,"key":"Eternal Feather"},{"floor":34.0,"key":"jesterMod:PhilosopherAmphora"},{"floor":34.0,"key":"War Paint"},{"floor":54,"key":"Orichalcum"}],"event_choices":[{"damage_healed":0.0,"max_hp_gain":0.0,"max_hp_loss":0.0,"gold_gain":0.0,"event_name":"Living Wall","player_choice":"Grow","floor":2.0,"gold_loss":0.0,"damage_taken":0.0,"cards_upgraded":["jesterMod:Dodge"]},{"damage_healed":0.0,"max_hp_gain":0.0,"max_hp_loss":0.0,"gold_gain":0.0,"event_name":"Shining Light","player_choice":"Entered Light","floor":3.0,"gold_loss":0.0,"damage_taken":17.0,"cards_upgraded":["jesterMod:Strike","jesterMod:Defend"]},{"damage_healed":0.0,"max_hp_gain":0.0,"max_hp_loss":0.0,"gold_gain":0.0,"event_name":"Dead Adventurer","player_choice":"Searched \u00270\u0027 times","floor":12.0,"gold_loss":0.0,"damage_taken":0.0},{"damage_healed":0.0,"max_hp_gain":0.0,"max_hp_loss":0.0,"gold_gain":0.0,"event_name":"The Mausoleum","player_choice":"Opened","floor":21.0,"gold_loss":0.0,"damage_taken":0.0,"relics_obtained":["Strawberry"]},{"damage_healed":0.0,"max_hp_gain":0.0,"max_hp_loss":0.0,"gold_gain":0.0,"event_name":"The Joust","player_choice":"Bet on Murderer","floor":27.0,"gold_loss":50.0,"damage_taken":0.0},{"damage_healed":0,"gold_gain":0,"player_choice":"Bought 3 Potions","damage_taken":0,"max_hp_gain":0,"max_hp_loss":0,"event_name":"The Woman in Blue","floor":46,"gold_loss":0}],"is_beta":false,"boss_relics":[{"not_picked":["SacredBark","Coffee Dripper"],"picked":"jesterMod:LoadedDice"},{"not_picked":["Runic Pyramid","SlaversCollar"],"picked":"Calling Bell"}],"items_purged_floors":[53],"is_endless":false,"potions_floor_spawned":[4,11,16,18,20,28,31,33,37,38,45,54],"ascension_level":7}}