{"host":"TheHustler","time":1612357878,"event":{"mods":["BaseMod","Block Reminder","Colored Map","Colored Powertips","Minty Spire (QoL Compilation)","Quick Restart","StSLib","SuperFastMode","Unceasing Turn Reminder"],"gold_per_floor":[134,59,94,94,109,109,149,149,174,174,204,54,69,104,104,229,229,269,484,509,544,544,583,583,607,607,647,662,662,677,751,751,860,860,884,924,948,398,398,398,92,141,216,265,295,295,295,335,335,335],"floor_reached":51,"language":"ENG","playtime":1606,"items_purged":["Defend_B","Strike_B"],"score":728,"play_id":"3d4205fb-6350-4700-8259-7c8571c3ef2f","local_time":"20210203141118","daily_mods":["Allstar","Purple Cards","Lethality"],"is_ascension_mode":false,"campfire_choices":[{"data":"Apotheosis","floor":6,"key":"SMITH"},{"data":"Sweeping Beam","floor":8,"key":"SMITH"},{"data":"Zap","floor":10,"key":"SMITH"},{"data":"Gash","floor":15,"key":"SMITH"},{"data":"Evaluate","floor":24,"key":"SMITH"},{"floor":29,"key":"REST"},{"floor":32,"key":"REST"},{"data":"Capacitor","floor":40,"key":"SMITH"},{"floor":47,"key":"REST"},{"floor":49,"key":"REST"}],"circlet_count":0,"master_deck":["Strike_B","Strike_B","Strike_B","Defend_B","Defend_B","Defend_B","Zap+1","Dualcast","Bandage Up","Apotheosis+1","Secret Weapon","Secret Technique","HandOfGreed","Conserve Battery","Gash+1","Sweeping Beam+1","Glacier","Impatience","Evaluate+1","Conserve Battery+1","Barrage+1","Thunder Strike","Hologram","Melter+1","Gash+1","Capacitor+1","Enlightenment","Defragment","Beam Cell","Darkness+1"],"relics":["Cracked Core","Omamori","Ornamental Fan","Lantern","Busted Crown","Old Coin","Boot","CeramicFish","Strawberry","Runic Pyramid","Kunai","DollysMirror","PreservedInsect","HornCleat","Bag of Preparation","InkBottle"],"acts_visited":["Exordium","TheCity","TheBeyond"],"potions_floor_usage":[28,50,50,50],"damage_taken":[{"damage":0,"enemies":"Cultist","floor":1,"turns":2},{"damage":0,"enemies":"2 Louse","floor":3,"turns":1},{"damage":4,"enemies":"Jaw Worm","floor":5,"turns":2},{"damage":0,"enemies":"Large Slime","floor":7,"turns":4},{"damage":7,"enemies":"Gremlin Nob","floor":11,"turns":3},{"damage":12,"enemies":"Red Slaver","floor":13,"turns":2},{"damage":0,"enemies":"Lots of Slimes","floor":14,"turns":1},{"damage":48,"enemies":"The Guardian","floor":16,"turns":9},{"damage":0,"enemies":"Spheric Guardian","floor":18,"turns":3},{"damage":9,"enemies":"2 Thieves","floor":21,"turns":4},{"damage":34,"enemies":"Book of Stabbing","floor":23,"turns":6},{"damage":11,"enemies":"Sentry and Sphere","floor":25,"turns":4},{"damage":12,"enemies":"Cultist and Chosen","floor":27,"turns":7},{"damage":19,"enemies":"Chosen and Byrds","floor":28,"turns":4},{"damage":20,"enemies":"Sentry and Sphere","floor":30,"turns":6},{"damage":7,"enemies":"Centurion and Healer","floor":31,"turns":7},{"damage":34,"enemies":"Champ","floor":33,"turns":11},{"damage":14,"enemies":"3 Darklings","floor":35,"turns":6},{"damage":3,"enemies":"3 Shapes","floor":36,"turns":5},{"damage":2,"enemies":"Transient","floor":37,"turns":5},{"damage":14,"enemies":"Spire Growth","floor":42,"turns":5},{"damage":22,"enemies":"4 Shapes","floor":44,"turns":4},{"damage":13,"enemies":"Nemesis","floor":45,"turns":6},{"damage":25,"enemies":"Sphere and 2 Shapes","floor":48,"turns":9},{"damage":38,"enemies":"Time Eater","floor":50,"turns":9}],"seed_played":"4031875728642390749","potions_obtained":[{"floor":3,"key":"SkillPotion"},{"floor":11,"key":"PowerPotion"},{"floor":13,"key":"LiquidBronze"},{"floor":30,"key":"Weak Potion"},{"floor":31,"key":"DuplicationPotion"}],"is_trial":false,"path_per_floor":["M","$","M","$","M","R","M","R","T","R","E","$","M","M","R","B",null,"M","?","T","M","?","E","R","M","T","M","M","R","M","M","R","B",null,"M","M","M","$","?","R","$","M","T","M","E","T","R","M","R","B",null],"character_chosen":"DEFECT","items_purchased":["Lantern","Kunai","DollysMirror","Capacitor","PreservedInsect","Enlightenment","Defragment"],"campfire_rested":4,"item_purchase_floors":[12,38,38,38,41,41,41],"current_hp_per_floor":[75,75,75,75,71,71,75,75,75,75,68,68,56,56,56,14,75,75,75,75,72,72,44,44,39,46,38,25,49,33,32,56,28,82,69,72,76,76,76,76,76,68,68,46,39,39,63,44,68,36],"gold":335,"neow_bonus":"","is_daily":true,"chose_seed":false,"campfire_upgraded":6,"win_rate":0.0,"timestamp":1612357878,"path_taken":["M","$","M","$","?","R","M","R","T","R","E","$","M","M","R","BOSS","M","?","?","M","?","E","R","M","T","?","M","R","M","M","R","BOSS","M","M","M","$","?","R","$","M","T","?","E","?","R","M","R","BOSS"],"items_purchased_type":["Relic","Relic","Relic","Card","Relic","Card","Card"],"build_version":"2020-12-18","purchased_purges":2,"victory":true,"max_hp_per_floor":[75,75,75,75,75,75,75,75,75,75,75,75,75,75,75,75,75,75,75,75,75,75,75,75,75,82,82,82,82,82,82,82,82,82,82,82,82,82,82,82,82,82,82,82,82,82,82,82,82,82],"card_choices":[{"not_picked":["Coolheaded","Stack"],"picked":"Conserve Battery","floor":1},{"not_picked":["Conserve Battery","Rebound","Hello World"],"picked":"SKIP","floor":3},{"not_picked":["Sanctity","Evaluate"],"picked":"Gash","floor":5},{"not_picked":["Vault","CutThroughFate"],"picked":"Sweeping Beam","floor":7},{"not_picked":["Crescendo","Doom and Gloom","PathToVictory"],"picked":"SKIP","floor":11},{"not_picked":["Protect","BowlingBash"],"picked":"Glacier","floor":13},{"not_picked":["ClearTheMind","DeceiveReality","PathToVictory"],"picked":"SKIP","floor":14},{"not_picked":["SashWhip"],"picked":"SKIP","floor":18},{"not_picked":["LikeWater"],"picked":"SKIP","floor":21},{"not_picked":[],"picked":"Evaluate","floor":23},{"not_picked":[],"picked":"Conserve Battery+1","floor":25},{"not_picked":["Halt"],"picked":"SKIP","floor":27},{"not_picked":["Steam Power"],"picked":"SKIP","floor":28},{"not_picked":["Coolheaded"],"picked":"SKIP","floor":30},{"not_picked":[],"picked":"Barrage+1","floor":31},{"not_picked":[],"picked":"Thunder Strike","floor":33},{"not_picked":[],"picked":"Hologram","floor":35},{"not_picked":["EmptyBody"],"picked":"SKIP","floor":36},{"not_picked":[],"picked":"Melter+1","floor":37},{"not_picked":["Beam Cell"],"picked":"SKIP","floor":42},{"not_picked":[],"picked":"Beam Cell","floor":42},{"not_picked":["Darkness+1"],"picked":"SKIP","floor":44},{"not_picked":[],"picked":"Darkness+1","floor":44},{"not_picked":["DeceiveReality+1"],"picked":"SKIP","floor":45},{"not_picked":["Sweeping Beam"],"picked":"SKIP","floor":48}],"player_experience":661678,"relics_obtained":[{"floor":9,"key":"Omamori"},{"floor":11,"key":"Ornamental Fan"},{"floor":20,"key":"Boot"},{"floor":23,"key":"CeramicFish"},{"floor":26,"key":"Strawberry"},{"floor":43,"key":"HornCleat"},{"floor":45,"key":"Bag of Preparation"},{"floor":46,"key":"InkBottle"}],"event_choices":[{"damage_healed":0,"gold_gain":0,"player_choice":"Obtained Relic","damage_taken":0,"relics_obtained":["Old Coin"],"max_hp_gain":0,"max_hp_loss":0,"event_name":"Addict","floor":19,"gold_loss":85},{"damage_healed":0,"gold_gain":0,"player_choice":"1 cards matched","damage_taken":0,"max_hp_gain":0,"max_hp_loss":0,"event_name":"Match and Keep!","floor":22,"gold_loss":0,"cards_obtained":["Impatience"]},{"damage_healed":0,"gold_gain":0,"player_choice":"Bought 0 Potions","damage_taken":0,"max_hp_gain":0,"max_hp_loss":0,"event_name":"The Woman in Blue","floor":39,"gold_loss":0}],"is_beta":true,"boss_relics":[{"not_picked":["Nuclear Battery","Snecko Eye"],"picked":"Busted Crown"},{"not_picked":["Fusion Hammer","SacredBark"],"picked":"Runic Pyramid"}],"items_purged_floors":[2,38],"is_endless":false,"potions_floor_spawned":[3,11,13,14,16,18,27,30,31,35,36,42,45],"ascension_level":0}}