{"host":"3a5itcmwo6ddh3id","time":1612370346,"event":{"mods":["BaseMod","Colored Map","Colored Powertips","Minty Spire (QoL Compilation)","Relic Stats"],"gold_per_floor":[118,20,20,38,38,38,67,80,80,93,104,114,130,80,80,180,180,160,170,170,211,211,211,240,11,11,48,82,123,123,183,183,312,312,351,368,404,31,67,67,93,93,141,141,141,141,208,37,37,62,62,62,12,81,81],"floor_reached":56,"language":"ENG","playtime":5347,"items_purged":[],"score":1619,"play_id":"cd960cc9-f681-431f-b358-3c27d18c80e4","local_time":"20210203103906","is_ascension_mode":true,"campfire_choices":[{"floor":6.0,"key":"REST"},{"floor":15.0,"key":"REST"},{"floor":23.0,"key":"REST"},{"floor":30.0,"key":"REST"},{"data":"Alpha","floor":32.0,"key":"SMITH"},{"floor":40,"key":"REST"},{"floor":46,"key":"REST"},{"floor":49,"key":"RECALL"},{"floor":52,"key":"REST"}],"circlet_count":0,"master_deck":["Strike_P+1","Defend_P+1","Defend_P+1","Defend_P+1","Defend_P","Eruption+1","Vigilance+1","FlyingSleeves+1","TalkToTheHand+1","ClearTheMind+1","EmptyFist+1","LessonLearned+1","Prostrate+1","Halt+1","CutThroughFate+1","CutThroughFate+1","Protect+1","Wish","Meditate+1","InnerPeace","TalkToTheHand+1","Wireheading+1","Vengeance+1","DeceiveReality+1","Perseverance+1","FollowUp+1","FlurryOfBlows+1","EmptyBody+1","SandsOfTime+1","Alpha+1","Vault+1","ThirdEye+1","Wallop+1","Tantrum+1","DevaForm","Sanctity+1","FlurryOfBlows+1","Omniscience"],"relics":["PureWater","Lizard Tail","Molten Egg 2","Omamori","Black Star","Mummified Hand","Question Card","Strawberry","Centennial Puzzle","Regal Pillow","Calipers","Happy Flower","Whetstone","Snecko Eye","FossilizedHelix","Ornamental Fan","Letter Opener","Art of War","CeramicFish","Pantograph","Sling","HornCleat","Oddly Smooth Stone"],"acts_visited":["TheCity","TheBeyond","TheEnding"],"potions_floor_usage":[37,41,41,41,55,55],"damage_taken":[{"damage":0.0,"enemies":"Jaw Worm","floor":1.0,"turns":4.0},{"damage":0.0,"enemies":"2 Louse","floor":4.0,"turns":1.0},{"damage":10.0,"enemies":"Gremlin Nob","floor":7.0,"turns":4.0},{"damage":6.0,"enemies":"Cultist","floor":8.0,"turns":4.0},{"damage":4.0,"enemies":"Gremlin Gang","floor":10.0,"turns":4.0},{"damage":6.0,"enemies":"Large Slime","floor":11.0,"turns":5.0},{"damage":4.0,"enemies":"Exordium Wildlife","floor":12.0,"turns":4.0},{"damage":6.0,"enemies":"Gremlin Gang","floor":13.0,"turns":5.0},{"damage":19.0,"enemies":"Hexaghost","floor":16.0,"turns":11.0},{"damage":8.0,"enemies":"2 Thieves","floor":18.0,"turns":4.0},{"damage":0.0,"enemies":"Chosen","floor":19.0,"turns":4.0},{"damage":17.0,"enemies":"Snake Plant","floor":21.0,"turns":6.0},{"damage":6.0,"enemies":"Gremlin Leader","floor":24.0,"turns":6.0},{"damage":9.0,"enemies":"Centurion and Healer","floor":27.0,"turns":13.0},{"damage":1.0,"enemies":"Book of Stabbing","floor":28.0,"turns":6.0},{"damage":16.0,"enemies":"Snecko","floor":29.0,"turns":7.0},{"damage":11.0,"enemies":"Gremlin Leader","floor":31.0,"turns":9.0},{"damage":12.0,"enemies":"Champ","floor":33.0,"turns":8.0},{"damage":6,"enemies":"Orb Walker","floor":35,"turns":3},{"damage":17,"enemies":"3 Darklings","floor":36,"turns":6},{"damage":19,"enemies":"Jaw Worm Horde","floor":37,"turns":6},{"damage":0,"enemies":"Maw","floor":39,"turns":6},{"damage":42,"enemies":"Reptomancer","floor":41,"turns":6},{"damage":14,"enemies":"Nemesis","floor":47,"turns":6},{"damage":55,"enemies":"Time Eater","floor":50,"turns":12},{"damage":39,"enemies":"Shield and Spear","floor":54,"turns":7},{"damage":55,"enemies":"The Heart","floor":55,"turns":10}],"seed_played":"-6819673989260469580","potions_obtained":[{"floor":4.0,"key":"GamblersBrew"},{"floor":7.0,"key":"Swift Potion"},{"floor":11.0,"key":"Weak Potion"},{"floor":16.0,"key":"LiquidMemories"},{"floor":18.0,"key":"Weak Potion"},{"floor":19.0,"key":"Strength Potion"},{"floor":27.0,"key":"CultistPotion"},{"floor":29.0,"key":"FearPotion"},{"floor":31.0,"key":"ColorlessPotion"},{"floor":36,"key":"Strength Potion"},{"floor":39,"key":"SpeedPotion"},{"floor":47,"key":"Dexterity Potion"}],"is_trial":false,"path_per_floor":["M","$","?","M","?","R","E","M","T","M","M","M","M","?","R","B",null,"M","M","?","M","?","R","E","$","T","M","E","M","R","E","R","B",null,"M","M","M","$","M","R","E","?","T","T","?","R","E","$","R","B",null,"R","$","E","B",null],"character_chosen":"WATCHER","items_purchased":["TalkToTheHand","ClearTheMind","Strawberry","Perseverance","FollowUp+1","FossilizedHelix","Wallop+1","Sling","FlurryOfBlows+1","SkillPotion"],"campfire_rested":7,"item_purchase_floors":[2,2,25,25,25,38,38,48,48,53],"current_hp_per_floor":[47,47,33,33,33,54,44,38,38,34,28,24,18,18,39,20,59,51,51,51,34,34,55,49,56,56,47,46,30,68,57,57,45,71,65,48,29,29,29,67,25,25,25,25,25,63,49,49,49,19,64,79,79,40,10],"gold":81,"neow_bonus":"ONE_RARE_RELIC","is_daily":false,"chose_seed":false,"campfire_upgraded":1,"win_rate":0.0,"timestamp":1612370346,"path_taken":["M","$","?","M","?","R","E","M","T","M","M","?","?","?","R","BOSS","M","M","?","?","?","R","E","$","T","?","E","M","R","E","R","BOSS","M","M","M","$","M","R","E","?","T","?","?","R","E","$","R","BOSS","R","$","E","BOSS"],"items_purchased_type":["Card","Card","Relic","Card","Card","Relic","Card","Relic","Card","Potion"],"build_version":"2020-12-22","purchased_purges":0,"victory":true,"max_hp_per_floor":[72,72,72,72,72,72,72,72,72,72,72,72,72,72,72,72,72,72,72,72,72,72,72,72,79,79,79,79,79,79,79,79,79,79,79,79,79,79,79,79,79,79,79,79,79,79,79,79,79,79,79,79,79,79,79],"relic_stats":{"Regal Pillow":45,"Happy Flower":[23],"counters":[27,167],"CeramicFish":27,"Whetstone":["EmptyFist"],"Letter Opener":[77],"Question Card":12,"Lizard Tail":0,"Centennial Puzzle":[39],"Mummified Hand":[50],"Ornamental Fan":[44],"Pantograph":50,"Snecko Eye":[122,111,119,114],"Black Star":6,"Art of War":[7],"obtain_stats":[{"Regal Pillow":28,"Calipers":28,"Happy Flower":31,"CeramicFish":47,"Oddly Smooth Stone":54,"Omamori":9,"Whetstone":31,"Letter Opener":41,"Question Card":24,"Sling":48,"Lizard Tail":0,"Centennial Puzzle":26,"HornCleat":54,"Mummified Hand":24,"Ornamental Fan":41,"Strawberry":25,"Pantograph":47,"Snecko Eye":34,"Molten Egg 2":7,"Black Star":17,"Art of War":44,"PureWater":0,"FossilizedHelix":38},{"Regal Pillow":15,"Calipers":15,"Happy Flower":17,"CeramicFish":24,"Oddly Smooth Stone":26,"Omamori":4,"Whetstone":17,"Letter Opener":23,"Question Card":13,"Sling":24,"Lizard Tail":0,"Centennial Puzzle":13,"HornCleat":26,"Mummified Hand":13,"Ornamental Fan":23,"Strawberry":13,"Pantograph":24,"Snecko Eye":18,"Molten Egg 2":3,"Black Star":9,"Art of War":23,"PureWater":0,"FossilizedHelix":21},{"Regal Pillow":81,"Calipers":81,"Happy Flower":97,"CeramicFish":138,"Oddly Smooth Stone":157,"Omamori":13,"Whetstone":97,"Letter Opener":132,"Question Card":62,"Sling":138,"Lizard Tail":0,"Centennial Puzzle":62,"HornCleat":157,"Mummified Hand":62,"Ornamental Fan":132,"Strawberry":62,"Pantograph":138,"Snecko Eye":105,"Molten Egg 2":9,"Black Star":42,"Art of War":132,"PureWater":0,"FossilizedHelix":120}]},"card_choices":[{"not_picked":["BowlingBash","WindmillStrike"],"picked":"FlyingSleeves","floor":1.0},{"not_picked":["Protect","PathToVictory"],"picked":"EmptyFist","floor":4.0},{"not_picked":["Nirvana","Collect"],"picked":"LessonLearned+1","floor":7.0},{"not_picked":["FollowUp+1","Consecrate+1"],"picked":"Prostrate","floor":8.0},{"not_picked":["FollowUp+1","EmptyFist+1"],"picked":"Halt","floor":10.0},{"not_picked":["Vengeance","BattleHymn"],"picked":"CutThroughFate+1","floor":11.0},{"not_picked":["Indignation","Sanctity"],"picked":"CutThroughFate+1","floor":12.0},{"not_picked":["ThirdEye","Evaluate"],"picked":"Protect","floor":13.0},{"not_picked":["Brilliance+1","SpiritShield"],"picked":"Wish","floor":16.0},{"not_picked":["SashWhip+1","ClearTheMind"],"picked":"Meditate","floor":18.0},{"not_picked":["Prostrate","CrushJoints+1"],"picked":"InnerPeace","floor":19.0},{"not_picked":["Halt","Collect+1"],"picked":"Wireheading","floor":21.0},{"not_picked":["Swivel","Collect"],"picked":"DeceiveReality","floor":24.0},{"not_picked":["Adaptation","WreathOfFlame","SignatureMove+1"],"picked":"FlurryOfBlows+1","floor":27.0},{"not_picked":["Vengeance+1","Wireheading","CrushJoints+1"],"picked":"EmptyBody","floor":28.0},{"not_picked":["LikeWater","Evaluate","Protect"],"picked":"SandsOfTime+1","floor":29.0},{"not_picked":["Halt","SashWhip+1","LikeWater"],"picked":"Alpha","floor":31.0},{"not_picked":["Brilliance+1","Scrawl","ConjureBlade"],"picked":"Vault","floor":33.0},{"not_picked":["SashWhip+1","Halt","Wireheading+1"],"picked":"ThirdEye+1","floor":35},{"not_picked":["ClearTheMind","Crescendo","FlurryOfBlows+1"],"picked":"MentalFortress","floor":36},{"not_picked":["BattleHymn","FlyingSleeves+1","CarveReality+1","Perseverance+1"],"picked":"SKIP","floor":37},{"not_picked":["Collect+1","ClearTheMind","Prostrate+1"],"picked":"Tantrum+1","floor":39},{"not_picked":["Meditate","CrushJoints+1","Tantrum+1"],"picked":"DevaForm","floor":41},{"not_picked":["Halt+1","DevaForm","PathToVictory"],"picked":"Sanctity+1","floor":47},{"not_picked":["CrushJoints+1","LikeWater+1","SashWhip+1"],"picked":"Omniscience","floor":54}],"player_experience":1110932,"relics_obtained":[{"floor":7.0,"key":"Molten Egg 2"},{"floor":9.0,"key":"Omamori"},{"floor":24.0,"key":"Mummified Hand"},{"floor":24.0,"key":"Question Card"},{"floor":26.0,"key":"Centennial Puzzle"},{"floor":28.0,"key":"Regal Pillow"},{"floor":28.0,"key":"Calipers"},{"floor":31.0,"key":"Happy Flower"},{"floor":31.0,"key":"Whetstone"},{"floor":41,"key":"Ornamental Fan"},{"floor":41,"key":"Letter Opener"},{"floor":44,"key":"Art of War"},{"floor":47,"key":"CeramicFish"},{"floor":47,"key":"Pantograph"},{"floor":54,"key":"HornCleat"},{"floor":54,"key":"Oddly Smooth Stone"}],"event_choices":[{"damage_healed":0.0,"max_hp_gain":0.0,"max_hp_loss":0.0,"gold_gain":0.0,"event_name":"Shining Light","player_choice":"Entered Light","floor":3.0,"gold_loss":0.0,"damage_taken":14.0,"cards_upgraded":["Defend_P","TalkToTheHand"]},{"cards_removed":["Strike_P"],"damage_healed":0.0,"max_hp_gain":0.0,"max_hp_loss":0.0,"gold_gain":0.0,"event_name":"Purifier","player_choice":"Purged","floor":5.0,"gold_loss":0.0,"damage_taken":0.0},{"cards_removed":["Strike_P"],"damage_healed":0.0,"max_hp_gain":0.0,"max_hp_loss":0.0,"gold_gain":0.0,"event_name":"The Cleric","player_choice":"Card Removal","floor":14.0,"gold_loss":50.0,"damage_taken":0.0},{"damage_healed":0.0,"max_hp_gain":0.0,"max_hp_loss":0.0,"gold_gain":0.0,"event_name":"Duplicator","player_choice":"Copied","floor":20.0,"gold_loss":0.0,"damage_taken":0.0,"cards_obtained":["TalkToTheHand"]},{"damage_healed":0.0,"max_hp_gain":0.0,"max_hp_loss":0.0,"gold_gain":0.0,"event_name":"Match and Keep!","player_choice":"1 cards matched","floor":22.0,"gold_loss":0.0,"damage_taken":0.0,"cards_obtained":["Vengeance"]},{"cards_removed":["MentalFortress"],"damage_healed":0,"gold_gain":0,"player_choice":"Removed Power","damage_taken":0,"max_hp_gain":0,"max_hp_loss":0,"event_name":"Falling","floor":42,"gold_loss":0},{"cards_removed":["Strike_P"],"damage_healed":0,"gold_gain":0,"player_choice":"Purged","damage_taken":0,"max_hp_gain":0,"max_hp_loss":0,"event_name":"Purifier","floor":45,"gold_loss":0}],"is_beta":false,"boss_relics":[{"not_picked":["Velvet Choker","Philosopher\u0027s Stone"],"picked":"Black Star"},{"not_picked":["Calling Bell","Empty Cage"],"picked":"Snecko Eye"}],"items_purged_floors":[],"is_endless":false,"potions_floor_spawned":[4,7,11,16,18,19,27,29,31,36,39,47],"ascension_level":8}}