{"host":"j4nfyhit1dl35m08","time":1612343068,"event":{"mods":["BaseMod","Downfall","Highlight Path","Minty Spire (QoL Compilation)","StSLib"],"gold_per_floor":[99,118,130,141,141,160,212,212,212,232,258,258,268,285,302,398,398,398,409,420,439,458,491,491,491,504,530,541,441,441,441,456,551,551,451,469,469,469,52,80,80,112,112,112,131,131,141,141,153,153],"floor_reached":51,"language":"ENG","playtime":5218,"items_purged":["Writhe"],"score":1177,"play_id":"d2ad1153-1782-43d2-8acd-9423e8d62df8","local_time":"20210203030428","is_ascension_mode":true,"campfire_choices":[{"data":"bronze:Goto","floor":1,"key":"SMITH"},{"data":"bronze:Terminator","floor":9,"key":"SMITH"},{"data":"bronze:CloningBeam","floor":18,"key":"SMITH"},{"floor":29,"key":"REST"},{"data":"bronze:Boost","floor":35,"key":"SMITH"},{"data":"bronze:Optimize","floor":43,"key":"SMITH"},{"floor":46,"key":"REST"}],"circlet_count":0,"master_deck":["bronze:Strike","bronze:Strike","bronze:Defend","bronze:Defend","bronze:Replicate","bronze:Goto+1","bronze:Branch+1","bronze:CloningBeam+1","bronze:Spike","bronze:WhirlingStrike","bronze:CutThrough","bronze:Turbo","bronze:Turbo","bronze:Flail+1","bronze:Optimize+1","bronze:BuggyMess+1","bronze:DelayedGuard+1","bronze:Terminator+1","bronze:Boost+1","bronze:Frontload","bronze:FunctionCard","bronze:CutThrough+1","bronze:ItsAFeature","bronze:FollowUp","bronze:FineTuning","bronze:Shell"],"relics":["Runic Pyramid","Anchor","Odd Mushroom","Philosopher\u0027s Stone","Lantern","Happy Flower","Mango","downfall:HeartBlessingGreen","Orichalcum","Busted Crown","downfall:HeartBlessingBlue","downfall:ExtraCursedKey","Orrery","Blood Vial","Frozen Egg 2","Whetstone"],"acts_visited":["Exordium","TheCity","TheBeyond"],"potions_floor_usage":[16,19,27,28,33,50,50],"damage_taken":[{"damage":1,"enemies":"Cultist","floor":2,"turns":4},{"damage":1,"enemies":"2 Louse","floor":3,"turns":2},{"damage":0,"enemies":"Jaw Worm","floor":4,"turns":3},{"damage":10,"enemies":"2 Fungi Beasts","floor":6,"turns":4},{"damage":0,"enemies":"2 Fungi Beasts","floor":8,"turns":6},{"damage":0,"enemies":"Blue Slaver","floor":10,"turns":4},{"damage":6,"enemies":"The Mushroom Lair","floor":11,"turns":4},{"damage":9,"enemies":"Gremlin Gang","floor":13,"turns":4},{"damage":0,"enemies":"Large Slime","floor":14,"turns":2},{"damage":6,"enemies":"Exordium Wildlife","floor":15,"turns":4},{"damage":0,"enemies":"WA_ARCHETYPE_RETAIN","floor":16,"turns":7},{"damage":0,"enemies":"Chosen","floor":19,"turns":4},{"damage":11,"enemies":"Cultist and Chosen","floor":20,"turns":6},{"damage":6,"enemies":"Chosen and Byrds","floor":21,"turns":4},{"damage":0,"enemies":"Centurion and Healer","floor":22,"turns":5},{"damage":15,"enemies":"Gremlin Leader","floor":23,"turns":5},{"damage":0,"enemies":"3 Cultists","floor":26,"turns":2},{"damage":13,"enemies":"Book of Stabbing","floor":27,"turns":5},{"damage":30,"enemies":"Snake Plant","floor":28,"turns":7},{"damage":7,"enemies":"Centurion and Healer","floor":32,"turns":3},{"damage":0,"enemies":"DF_ARCHETYPE_CLAW","floor":33,"turns":7},{"damage":0,"enemies":"Orb Walker","floor":36,"turns":2},{"damage":0,"enemies":"downfall:FleeingMerchant","floor":39,"turns":4},{"damage":0,"enemies":"Giant Head","floor":40,"turns":6},{"damage":10,"enemies":"Nemesis","floor":42,"turns":5},{"damage":21,"enemies":"3 Darklings","floor":45,"turns":3},{"damage":30,"enemies":"Writhing Mass","floor":47,"turns":4},{"damage":8,"enemies":"Maw","floor":49,"turns":6},{"damage":10,"enemies":"SI_POISON_ARCHETYPE","floor":50,"turns":5}],"seed_played":"-36419023725757433","potions_obtained":[{"floor":3,"key":"Weak Potion"},{"floor":6,"key":"bronze:CleanCodePotion"},{"floor":8,"key":"SteroidPotion"},{"floor":11,"key":"PowerPotion"},{"floor":16,"key":"Fire Potion"},{"floor":22,"key":"Weak Potion"},{"floor":26,"key":"bronze:FreeFunctionsPotion"},{"floor":27,"key":"Energy Potion"},{"floor":45,"key":"CultistPotion"},{"floor":47,"key":"FearPotion"}],"is_trial":false,"path_per_floor":["R","M","M","M","?","M","T","?","R","M","?","?","M","M","M","B",null,"R","M","M","M","M","E","T","?","M","E","M","R","T","?","M","B",null,"R","M","?","?","$","E","T","E","R","?","M","R","M","T","M","B",null],"character_chosen":"THE_AUTOMATON","items_purchased":["Orrery","Blood Vial","bronze:FineTuning"],"campfire_rested":2,"item_purchase_floors":[39,39,39],"current_hp_per_floor":[70,69,68,68,68,58,58,58,58,58,52,52,43,43,37,37,70,70,70,59,53,53,38,38,38,38,39,9,34,34,34,27,27,84,94,94,94,94,94,94,94,84,84,76,57,85,57,57,51,43],"gold":153,"neow_bonus":"BOSS_RELIC","is_daily":false,"chose_seed":false,"campfire_upgraded":5,"win_rate":0.0,"timestamp":1612343068,"path_taken":["R","M","M","M","?","M","T","?","R","M","?","?","?","?","M","BOSS","R","M","M","M","M","E","T","?","M","E","M","R","?","?","M","BOSS","R","M","?","?","$","E","T","E","R","?","M","R","?","?","M","BOSS"],"items_purchased_type":["Relic","Relic","Card"],"build_version":"2020-12-22","purchased_purges":1,"victory":true,"max_hp_per_floor":[70,70,70,70,70,70,70,70,70,70,70,70,70,70,70,70,70,70,70,70,70,70,70,70,70,70,84,84,84,84,84,84,84,84,94,94,94,94,94,94,94,94,94,94,94,94,94,94,94,94],"card_choices":[{"not_picked":["bronze:BitShift","bronze:FineTuning"],"picked":"bronze:Branch","floor":2},{"not_picked":["bronze:Allocate","bronze:Frontload"],"picked":"bronze:CloningBeam","floor":3},{"not_picked":["bronze:BronzeOrb","bronze:BugBarrage"],"picked":"bronze:Terminator","floor":4},{"not_picked":["bronze:BugBarrage","bronze:Safeguard"],"picked":"bronze:Constructor","floor":6},{"not_picked":[],"picked":"bronze:Spike","floor":8},{"not_picked":["bronze:Iterate","bronze:Branch"],"picked":"bronze:WhirlingStrike","floor":8},{"not_picked":["bronze:WildBeam","bronze:Deprecate"],"picked":"bronze:CutThrough","floor":10},{"not_picked":["bronze:Backtrace","bronze:DelayedSlice"],"picked":"bronze:Turbo","floor":11},{"not_picked":["bronze:Shield","bronze:Frontload"],"picked":"bronze:Turbo","floor":13},{"not_picked":["bronze:BuggyMess","bronze:Invalidate"],"picked":"bronze:Flail","floor":14},{"not_picked":["bronze:Flail","bronze:Invalidate"],"picked":"bronze:Optimize","floor":15},{"not_picked":["bronze:Format","bronze:BurnOut"],"picked":"bronze:Break","floor":16},{"not_picked":["bronze:Overheat","bronze:WhirlingStrike"],"picked":"bronze:BuggyMess+1","floor":19},{"not_picked":["bronze:WildBeam","bronze:Invalidate"],"picked":"bronze:DelayedGuard+1","floor":20},{"not_picked":["bronze:NullPointer","bronze:Deprecate"],"picked":"bronze:Terminator+1","floor":21},{"not_picked":["bronze:Separator","bronze:BugBarrage"],"picked":"bronze:Boost","floor":22},{"not_picked":["bronze:DelayedGuard","bronze:DelayedSlice+1","bronze:Frontload+1"],"picked":"SKIP","floor":23},{"not_picked":["bronze:FineTuning","bronze:Separator+1"],"picked":"bronze:MaxOutput","floor":26},{"not_picked":["bronze:DarkDash","bronze:CloningBeam"],"picked":"bronze:Hardcode","floor":27},{"not_picked":["bronze:Philosophize","bronze:Overload"],"picked":"bronze:CutThrough","floor":28},{"not_picked":["bronze:Separator","bronze:DelayedGuard+1"],"picked":"bronze:ItsAFeature","floor":32},{"not_picked":["bronze:WildBeam"],"picked":"SKIP","floor":36},{"not_picked":["bronze:CutThrough"],"picked":"SKIP","floor":39},{"not_picked":[],"picked":"bronze:FollowUp","floor":39},{"not_picked":["bronze:Flail"],"picked":"SKIP","floor":40},{"not_picked":["bronze:Shield+1"],"picked":"SKIP","floor":42},{"not_picked":["bronze:Overload"],"picked":"SKIP","floor":45},{"not_picked":["bronze:BugBarrage"],"picked":"SKIP","floor":47},{"not_picked":[],"picked":"bronze:Shell","floor":49}],"player_experience":388235,"relics_obtained":[{"floor":7,"key":"Anchor"},{"floor":11,"key":"Odd Mushroom"},{"floor":23,"key":"Lantern"},{"floor":24,"key":"Happy Flower"},{"floor":27,"key":"Mango"},{"floor":40,"key":"Frozen Egg 2"},{"floor":42,"key":"Whetstone"}],"event_choices":[{"cards_removed":["bronze:Strike"],"damage_healed":0,"gold_gain":0,"player_choice":"Card Removal","damage_taken":0,"max_hp_gain":0,"max_hp_loss":0,"event_name":"The Cleric","floor":5,"gold_loss":0},{"damage_healed":0,"gold_gain":0,"player_choice":"Fought Mushrooms","damage_taken":0,"max_hp_gain":0,"max_hp_loss":0,"event_name":"Mushrooms","floor":11,"gold_loss":0},{"cards_removed":["bronze:MaxOutput"],"damage_healed":0,"gold_gain":0,"player_choice":"Removed Power","damage_taken":0,"max_hp_gain":0,"max_hp_loss":0,"event_name":"Falling","floor":37,"gold_loss":0}],"is_beta":false,"boss_relics":[{"not_picked":["Sozu","SacredBark"],"picked":"Philosopher\u0027s Stone"},{"not_picked":["Velvet Choker","Fusion Hammer"],"picked":"Busted Crown"}],"items_purged_floors":[39],"is_endless":false,"potions_floor_spawned":[3,6,8,11,13,14,16,22,26,27,45,47],"ascension_level":4}}