{"host":"yqw1zpryoutrnocq","time":1612362628,"event":{"mods":["2.2 Compatiblity","AchievementEnabler","BaseMod","Colored Map","Custom Start","DeckTracker","Minty Spire (QoL Compilation)","StSLib","SuperFastMode"],"gold_per_floor":[116,41,56,73,92,118,132,132,132],"floor_reached":8,"language":"KOR","playtime":274,"items_purged":["Strike_P"],"score":63,"play_id":"229b18bd-7996-406c-a87b-f04470311b40","local_time":"20210203083028","is_ascension_mode":true,"campfire_choices":[],"circlet_count":0,"master_deck":["Strike_P","Strike_P","Strike_P","Defend_P","Defend_P","Defend_P","Defend_P","Eruption+1","Vigilance","EmptyBody","PathToVictory","Evaluate","Prostrate","InnerPeace"],"relics":["PureWater","Gremlin Horn"],"acts_visited":[],"potions_floor_usage":[7,8],"damage_taken":[{"damage":0.0,"enemies":"Cultist","floor":1.0,"turns":4.0},{"damage":0.0,"enemies":"Small Slimes","floor":3.0,"turns":3.0},{"damage":5.0,"enemies":"Jaw Worm","floor":4.0,"turns":4.0},{"damage":0.0,"enemies":"Blue Slaver","floor":5.0,"turns":4.0},{"damage":36.0,"enemies":"Lagavulin","floor":6.0,"turns":5.0},{"damage":18,"enemies":"Gremlin Gang","floor":7,"turns":6},{"damage":41,"enemies":"Gremlin Nob","floor":8,"turns":3}],"seed_played":"947371927676834015","potions_obtained":[{"floor":5.0,"key":"Weak Potion"},{"floor":6.0,"key":"FearPotion"}],"is_trial":false,"path_per_floor":["M","$","M","M","M","E","M","E"],"character_chosen":"WATCHER","items_purchased":[],"campfire_rested":0,"item_purchase_floors":[],"current_hp_per_floor":[72,72,72,67,67,31,13,0,0],"gold":132,"neow_bonus":"UPGRADE_CARD","is_daily":false,"chose_seed":false,"campfire_upgraded":0,"win_rate":0.0,"timestamp":1612362628,"path_taken":["M","$","M","M","M","E","M","E"],"items_purchased_type":[],"build_version":"2020-12-22","purchased_purges":1,"victory":false,"max_hp_per_floor":[72,72,72,72,72,72,72,72,72],"card_choices":[{"not_picked":["Protect","FollowUp"],"picked":"EmptyBody","floor":1.0},{"not_picked":["ThirdEye","Perseverance"],"picked":"PathToVictory","floor":3.0},{"not_picked":["WaveOfTheHand","Meditate"],"picked":"Evaluate","floor":4.0},{"not_picked":["ClearTheMind","Evaluate","PathToVictory"],"picked":"SKIP","floor":5.0},{"not_picked":["LikeWater","PathToVictory"],"picked":"Prostrate","floor":6.0},{"not_picked":["Nirvana","SandsOfTime"],"picked":"InnerPeace","floor":7}],"player_experience":272330,"relics_obtained":[{"floor":6.0,"key":"Gremlin Horn"}],"event_choices":[],"is_beta":false,"boss_relics":[],"items_purged_floors":[2],"is_endless":false,"potions_floor_spawned":[5,6],"killed_by":"Gremlin Nob","ascension_level":1}}