{"host":"ttx8tv95o5vka1nm","time":1612328650,"event":{"mods":["AchievementEnabler","BaseMod","Colored Map","Downfall","Infinite Spire","Minty Spire (QoL Compilation)","Relic Filter Mod","Replay The Spire","Shop Mod","StSLib","The Jungle"],"gold_per_floor":[99,112,112,112,126,226,242,256,256,286,56,156,191,191,209,236,255,356,356,356,369,369,384,11,11,35,35,48,68,81,116,116,156,181,291,291,191,202,227,251,251,287,313,313,313,313,365,265,307,333,345,407,439,558,629,641,665,827,852,883,924,936,957,1004,1219,1230,1239,575,734,752,872,872,872,890,919,1006,1015,1035,1062,594,594,621,633,633,112,112,125,234,234,234,244,261,116,225,275,308,408,418,438,111,124,124,150,162,263,263,263,278,292,101,118,118,150,183,213,119,119,119,228,237,252,361,361,361,372,392,392,392,392,424,47,67,67,67,78,78,105,125,229,229,229,244,528,542,29,29,61,88,102,135,135,135,144,173,194,298,298,338,247,247,345,448],"floor_reached":163,"language":"ENG","playtime":15924,"items_purged":["ReplayTheSpireMod:Splinters","champ:Defend","champ:Strike","champ:Strike","champ:Strike","champ:Defend","downfall:Icky","champ:Defend","champ:BringItOn","Hallucinations","Regret","champ:SkillfulDodge+1"],"score":4383,"play_id":"103fef0c-20dd-4d66-b206-fc466bd4e62c","local_time":"20210203150410","is_ascension_mode":true,"campfire_choices":[{"data":"champ:Strike","floor":1,"key":"PURGE"},{"floor":14,"key":"REST"},{"data":"champ:ShieldWall","floor":14,"key":"SMITH"},{"floor":20,"key":"DIG"},{"data":"champ:UltimateStance","floor":25,"key":"SMITH"},{"data":"champ:HoldFirm","floor":27,"key":"SMITH"},{"data":"champ:Duel","floor":32,"key":"SMITH"},{"data":"ReplayTheSpireMod:Private Reserves","floor":37,"key":"SMITH"},{"floor":46,"key":"RECALL"},{"data":"champ:DefensiveStyle","floor":48,"key":"SMITH"},{"data":"champ:IgnorePain","floor":51,"key":"SMITH"},{"data":"champ:StrikeOfGenius","floor":56,"key":"SMITH"},{"floor":73,"key":"DIG"},{"floor":81,"key":"REST"},{"data":"1","floor":81,"key":"LIFT"},{"data":"2","floor":84,"key":"LIFT"},{"data":"3","floor":90,"key":"LIFT"},{"data":"champ:Taunt","floor":102,"key":"SMITH"},{"data":"champ:DancingMaster","floor":107,"key":"SMITH"},{"data":"champ:BerserkerStyle","floor":112,"key":"SMITH"},{"data":"champ:RageSigil","floor":118,"key":"SMITH"},{"data":"champ:Execute","floor":124,"key":"SMITH"},{"data":"champ:AdrenalArmor","floor":129,"key":"SMITH"},{"floor":134,"key":"DIG"},{"floor":136,"key":"DIG"},{"floor":141,"key":"DIG"},{"data":"champ:GladiatorForm","floor":146,"key":"SMITH"},{"data":"Replay:SS_hec_1","floor":151,"key":"SMITH"},{"data":"champ:Improvising","floor":160,"key":"SMITH"}],"circlet_count":0,"master_deck":["champ:Execute+1","champ:Taunt+1","ReplayTheSpireMod:Private Reserves+1","champ:FanOfKnives+1","champ:AdrenalArmor+1","champ:Duel+1","champ:EnragedBash+1","champ:CrookedStrike+1","champ:HoldFirm+1","champ:ShieldWall+1","champ:CalledShot+1","champ:Parry","champ:TornadoPunch+1","champ:StanceDance+1","champ:UltimateStance+1","AbeCurse","champ:DefensiveShout+1","Replay:Fractal Strike+1","champ:ShieldThrow+1","champ:ShieldWall+1","champ:ArenaPreparation+1","champ:GutPunch+1","champ:Circumvent+1","champ:CheapShot+1","champ:DefensiveStyle+1","champ:EnGarde+1","champ:Endure+1","champ:IgnorePain+1","champ:StrikeOfGenius+1","champ:FalseCounter+1","champ:TripleStrike+1","champ:FancyFootwork+1","champ:FancyFootwork+1","infinitespire:Punishment+1","champ:EnchantCrown+1","champ:SetATrap+1","champ:AdrenalArmor+1","infinitespire:Punishment+1","champ:DancingMaster+1","champ:VampiricStrike+1","infinitespire:Oblivion+1","champ:DeathBlow+1","champ:BerserkerStyle+1","champ:GutPunch+1","champ:HeavySlash+1","champ:FocusedBerserking+1","champ:GladiatorForm+1","Replay:SS_forest_2","Replay:SS_hec_1+1","expansioncontent:PolyBeam+1","champ:PreemptiveStrike+1","champ:Improvising+1","champ:Haymaker+1","champ:EndlessRage"],"relics":["champ:ChampionCrown","CloakClasp","Molten Egg 2","ReplayTheSpireMod:CursedCoin","Blood Vial","Abe\u0027s Treasure","Boot","infinitespire:Golems Mask","MerchantsRug","Medical Kit","Bag of Preparation","Blue Candle","CeramicFish","downfall:HeartBlessingGreen","Busted Crown","Ancient Tea Set","Bottled Lightning","Centennial Puzzle","Incense Burner","downfall:HeartBlessingRed","Anchor","Replay:Multitool","Tiny House","Vajra","Replay:Baseball","Toxic Egg 2","Letter Opener","Pet Ghost","infinitespire:Cupcake","Gremlin Horn","Girya","Gambling Chip","theJungle:WildStrawberry","Runic Pyramid","infinitespire:WardingShard","Thread and Needle","Ginger","Strange Spoon","Coffee Dripper","War Paint","ReplayTheSpireMod:Ring of Challenge","ReplayTheSpireMod:Ring of Addiction","Potion Belt","SacredBark","Replay:Fungal Core","theJungle:BirthdayCakeSlice","InkBottle","Ornamental Fan","Toy Ornithopter","PreservedInsect","Replay:Drink Me","Nunchaku","Painkiller Herb","Bottled Tornado","Replay:Bronze Core","Cauldron"],"acts_visited":["Exordium","TheCity","TheBeyond","Exordium","Exordium","TheBeyond","Exordium","Exordium","TheBeyond","TheEnding"],"potions_floor_usage":[8,16,18,21],"damage_taken":[{"damage":20,"enemies":"Jaw Worm","floor":2,"turns":4},{"damage":10,"enemies":"2 Louse","floor":5,"turns":3},{"damage":114,"enemies":"2 Louse","floor":6,"turns":13},{"damage":20,"enemies":"Cultist","floor":7,"turns":4},{"damage":32,"enemies":"Red Slaver","floor":8,"turns":4},{"damage":52,"enemies":"3 Sentries","floor":10,"turns":5},{"damage":25,"enemies":"downfall:FleeingMerchant","floor":11,"turns":4},{"damage":11,"enemies":"Gremlin Nob","floor":13,"turns":4},{"damage":10,"enemies":"3 Louse","floor":15,"turns":3},{"damage":25,"enemies":"Lagavulin","floor":16,"turns":6},{"damage":10,"enemies":"2 Fungi Beasts","floor":17,"turns":2},{"damage":31,"enemies":"WA_ARCHETYPE_RETAIN","floor":18,"turns":8},{"damage":13,"enemies":"3 Byrds","floor":21,"turns":5},{"damage":0,"enemies":"Shell Parasite","floor":23,"turns":3},{"damage":25,"enemies":"downfall:FleeingMerchant","floor":24,"turns":4},{"damage":20,"enemies":"Snake Plant","floor":28,"turns":4},{"damage":15,"enemies":"Centurion and Healer","floor":29,"turns":4},{"damage":30,"enemies":"Snecko","floor":30,"turns":3},{"damage":25,"enemies":"Slavers","floor":31,"turns":2},{"damage":31,"enemies":"Nightmare","floor":33,"turns":5},{"damage":16,"enemies":"3 Cultists","floor":34,"turns":5},{"damage":46,"enemies":"SI_MIRROR_ARCHETYPE","floor":35,"turns":7},{"damage":6,"enemies":"Orb Walker","floor":38,"turns":3},{"damage":10,"enemies":"3 Shapes","floor":39,"turns":4},{"damage":50,"enemies":"Jaw Worm Horde","floor":40,"turns":3},{"damage":45,"enemies":"R_Hoarder","floor":42,"turns":5},{"damage":20,"enemies":"2 Orb Walkers","floor":47,"turns":4},{"damage":28,"enemies":"Nemesis","floor":49,"turns":6},{"damage":10,"enemies":"Sphere and 2 Shapes","floor":50,"turns":4},{"damage":11,"enemies":"Sphere and 2 Shapes","floor":52,"turns":5},{"damage":7,"enemies":"Spire Growth","floor":53,"turns":4},{"damage":126,"enemies":"IC_BLOCK_ARCHETYPE","floor":54,"turns":10},{"damage":1,"enemies":"Cultist","floor":57,"turns":1},{"damage":1,"enemies":"Small Slimes","floor":59,"turns":2},{"damage":0,"enemies":"Jaw Worm","floor":60,"turns":1},{"damage":31,"enemies":"Lagavulin","floor":61,"turns":4},{"damage":30,"enemies":"Nightmare","floor":64,"turns":7},{"damage":32,"enemies":"downfall:FleeingMerchant","floor":65,"turns":4},{"damage":0,"enemies":"3 Louse","floor":66,"turns":2},{"damage":25,"enemies":"Exordium Thugs","floor":70,"turns":2},{"damage":46,"enemies":"Slime Boss","floor":71,"turns":4},{"damage":25,"enemies":"theJungle:GiantWrat","floor":74,"turns":3},{"damage":4,"enemies":"theJungle:MUSHROOMGANG","floor":75,"turns":1},{"damage":40,"enemies":"Snake Plant","floor":78,"turns":2},{"damage":25,"enemies":"theJungle:Cassacara","floor":79,"turns":2},{"damage":1,"enemies":"theJungle:2_Phrogs","floor":82,"turns":2},{"damage":10,"enemies":"theJungle:SlimyTreeVines","floor":83,"turns":3},{"damage":30,"enemies":"theJungle:JungleHuntersEncounter","floor":87,"turns":1},{"damage":66,"enemies":"theJungle:TotemBoss","floor":88,"turns":4},{"damage":40,"enemies":"3 Darklings","floor":91,"turns":1},{"damage":0,"enemies":"3 Shapes","floor":92,"turns":1},{"damage":0,"enemies":"infinitespire:Three Voidlings","floor":94,"turns":2},{"damage":22,"enemies":"Nightmare_Alpha","floor":94,"turns":7},{"damage":46,"enemies":"Nightmare_Alpha","floor":95,"turns":3},{"damage":32,"enemies":"Nemesis","floor":96,"turns":3},{"damage":44,"enemies":"Transient","floor":98,"turns":5},{"damage":10,"enemies":"4 Shapes","floor":99,"turns":3},{"damage":35,"enemies":"3 Darklings","floor":101,"turns":3},{"damage":40,"enemies":"Spire Growth","floor":103,"turns":3},{"damage":20,"enemies":"Writhing Mass","floor":104,"turns":2},{"damage":96,"enemies":"infinitespire:MassOfShapes","floor":105,"turns":7},{"damage":0,"enemies":"Jaw Worm","floor":108,"turns":1},{"damage":20,"enemies":"2 Louse","floor":109,"turns":2},{"damage":0,"enemies":"Small Slimes","floor":111,"turns":1},{"damage":70,"enemies":"Gremlin Nob","floor":113,"turns":2},{"damage":49,"enemies":"Lagavulin","floor":114,"turns":3},{"damage":49,"enemies":"Gremlin Nob","floor":115,"turns":1},{"damage":51,"enemies":"downfall:Heads","floor":119,"turns":2},{"damage":26,"enemies":"3 Louse","floor":121,"turns":1},{"damage":24,"enemies":"Slime Boss","floor":122,"turns":2},{"damage":35,"enemies":"Shell Parasite","floor":125,"turns":2},{"damage":18,"enemies":"theJungle:MUSHROOMGANG","floor":126,"turns":2},{"damage":59,"enemies":"theJungle:MamaSnecko","floor":130,"turns":3},{"damage":42,"enemies":"theJungle:SlimyTreeVines","floor":132,"turns":2},{"damage":71,"enemies":"JungleHuntersEvent","floor":133,"turns":3},{"damage":14,"enemies":"theJungle:JungleHuntersEncounter","floor":135,"turns":1},{"damage":41,"enemies":"theJungle:2_Flameangoes","floor":137,"turns":2},{"damage":51,"enemies":"theJungle:2_Snecko_Cultists","floor":138,"turns":2},{"damage":59,"enemies":"theJungle:TotemBoss","floor":139,"turns":3},{"damage":50,"enemies":"3 Darklings","floor":142,"turns":2},{"damage":55,"enemies":"Orb Walker","floor":144,"turns":2},{"damage":58,"enemies":"R_Hoarder","floor":147,"turns":3},{"damage":76,"enemies":"Maw","floor":149,"turns":3},{"damage":50,"enemies":"Reptomancer","floor":150,"turns":2},{"damage":14,"enemies":"R_Hoarder","floor":154,"turns":2},{"damage":38,"enemies":"Writhing Mass","floor":155,"turns":2},{"damage":0,"enemies":"infinitespire:LordOfFortification","floor":156,"turns":1},{"damage":80,"enemies":"ME_ARCHETYPE_MERCHANT","floor":158,"turns":5},{"damage":117,"enemies":"IC_STATUS_ARCHETYPE","floor":161,"turns":7},{"damage":0,"enemies":"downfall:NeowBossFinal","floor":162,"turns":1}],"seed_played":"2686413890326681539","potions_obtained":[{"floor":2,"key":"Elixir"},{"floor":6,"key":"Slimebound:ThreeZeroPotion"},{"floor":7,"key":"champ:OpenerPotion"},{"floor":13,"key":"SkillPotion"},{"floor":17,"key":"ColorlessPotion"},{"floor":18,"key":"Venom Potion"},{"floor":28,"key":"Dexterity Potion"},{"floor":29,"key":"SkillPotion"},{"floor":34,"key":"PowerPotion"},{"floor":65,"key":"Death Potion"},{"floor":65,"key":"champ:CounterPotion"},{"floor":65,"key":"Toxic Potion"},{"floor":70,"key":"Swift Potion"},{"floor":71,"key":"Strength Potion"},{"floor":78,"key":"Explosive Potion"},{"floor":88,"key":"SteroidPotion"},{"floor":91,"key":"Block Potion"},{"floor":95,"key":"Elixir"},{"floor":96,"key":"Fire Potion"},{"floor":101,"key":"Explosive Potion"},{"floor":104,"key":"AttackPotion"},{"floor":111,"key":"CultistPotion"},{"floor":115,"key":"Strength Potion"},{"floor":120,"key":"champ:CounterPotion"},{"floor":120,"key":"sneckomod:MuddlingPotion"},{"floor":120,"key":"Swift Potion"},{"floor":121,"key":"Dexterity Potion"},{"floor":122,"key":"Block Potion"},{"floor":126,"key":"Reflective Coating"},{"floor":138,"key":"Milkshake"},{"floor":144,"key":"Languid Potion"},{"floor":147,"key":"CultistPotion"},{"floor":152,"key":"AttackPotion"},{"floor":152,"key":"champ:UltimateStancePotion"},{"floor":152,"key":"CultistPotion"},{"floor":154,"key":"LiquidBronze"},{"floor":155,"key":"Block Potion"},{"floor":159,"key":"Regen Potion"},{"floor":159,"key":"CultistPotion"},{"floor":159,"key":"LifebloodPotion"},{"floor":159,"key":"Guardian:BlockOnCardUsePotion"},{"floor":159,"key":"Strength Potion"}],"is_trial":false,"path_per_floor":["R_BF","M","PTL","PTL","M","?","M","M","T","E","$","?","E","R","M","E","M","B",null,"R_BF","M","AVR","M","$","R","T","R","M","M","M","E","R","NM","M","B",null,"R","M","M","M","AVR","E","T","PTL","PTL","R","?","R","E","M","R","?","M","B",null,"R","M","?","M","M","E","T","?","NM","$","M","AVR","$","?","M","B",null,"R","M","M","?","AVR","M","E","?","R","E","M","R","$","?","M","B",null,"R","M","M","$","?","?","E","?","M","M","$","M","R","M","M","B",null,"R","M","M","$","M","R","E","E","E","$","?","R","?","?","M","B",null,"R","M","M","?","?","R","E","$","M","?","R","M","R","M","M","B",null,"R","M","?","M","$","R","E","?","M","E","R","?","AVR","E","?","B",null,"E","T","T","B","B",null],"character_chosen":"THE_CHAMP","items_purchased":["ReplayTheSpireMod:CursedCoin","champ:HoldFirm","champ:ShieldWall","champ:CalledShot","MerchantsRug","Medical Kit","Replay:Baseball","Cauldron","Letter Opener","champ:SkillfulDodge+1","Pet Ghost","champ:FancyFootwork+1","Gambling Chip","champ:DancingMaster","infinitespire:WardingShard","Strange Spoon","champ:BerserkerStyle","Whetstone","War Paint","InkBottle","Mango","Cauldron","champ:EndlessRage","Adrenaline Potion"],"campfire_rested":2,"item_purchase_floors":[11,11,11,11,24,24,65,65,68,68,68,68,85,85,93,100,110,110,116,131,145,159,159,159],"current_hp_per_floor":[90,90,90,90,90,41,41,34,34,32,32,32,26,53,55,57,59,55,90,90,82,82,84,86,86,86,86,78,80,82,84,84,85,86,87,90,90,89,90,90,90,90,90,90,90,90,90,90,90,90,90,90,90,24,95,95,95,95,94,95,95,95,95,95,95,95,95,95,95,95,59,95,95,95,95,79,79,81,83,83,102,102,102,102,102,95,97,109,109,109,109,109,109,109,108,109,109,109,109,109,109,109,109,109,109,109,109,109,109,109,109,109,109,109,109,109,109,109,109,109,109,109,109,107,107,107,105,110,110,108,108,108,106,106,106,104,104,104,102,77,77,75,75,75,87,87,87,75,77,79,79,79,79,81,81,81,79,79,79,77,77,77],"gold":448,"neow_bonus":"RANDOM_COLORLESS","is_daily":false,"chose_seed":false,"campfire_upgraded":17,"win_rate":0.0,"timestamp":1612328650,"path_taken":["R_BF","M","PTL","PTL","M","?","M","M","T","E","$","?","E","R","M","E","M","BOSS","R_BF","M","AVR","M","?","R","T","R","?","M","M","E","R","NM","M","BOSS","R","M","M","M","AVR","E","T","PTL","PTL","R","?","R","E","M","R","?","M","BOSS","R","M","?","M","?","E","T","?","NM","$","?","AVR","?","?","M","BOSS","R","M","M","?","AVR","?","E","?","R","E","M","R","$","?","M","BOSS","R","M","M","$","?","?","E","?","M","M","$","?","R","M","M","BOSS","R","M","M","$","M","R","E","E","?","$","?","R","?","?","M","BOSS","R","M","M","?","?","R","E","$","M","?","R","M","R","M","M","BOSS","R","M","?","?","$","R","E","?","M","E","R","?","AVR","E","?","BOSS","E","T","T","BOSS","BOSS"],"items_purchased_type":["Relic","Card","Card","Card","Relic","Relic","Relic","Relic","Relic","Card","Relic","Card","Relic","Card","Relic","Relic","Card","Relic","Relic","Relic","Relic","Relic","Card","Potion"],"build_version":"2020-12-22","purchased_purges":12,"victory":true,"max_hp_per_floor":[90,90,90,90,90,90,90,90,90,90,90,90,90,90,90,90,90,90,90,90,90,90,90,90,90,90,90,90,90,90,90,90,90,90,90,90,90,90,90,90,90,90,90,90,90,90,90,90,90,90,90,90,90,90,95,95,95,95,95,95,95,95,95,95,95,95,95,95,95,95,95,95,95,95,95,102,102,102,102,102,102,102,102,102,102,109,109,109,109,109,109,109,109,109,109,109,109,109,109,109,109,109,109,109,109,109,109,109,109,109,109,109,109,109,109,109,109,109,109,109,109,109,109,107,107,107,105,110,110,108,108,108,106,106,106,104,104,104,102,77,77,75,75,75,87,87,87,85,85,85,83,83,83,81,81,81,79,79,79,77,77,77],"card_choices":[{"not_picked":["Forethought","Enlightenment"],"picked":"ReplayTheSpireMod:Private Reserves","floor":0},{"not_picked":["champ:BladeFlurry","champ:SetATrap"],"picked":"champ:BringItOn","floor":2},{"not_picked":["champ:Lariat","champ:AdrenalArmor"],"picked":"champ:FanOfKnives","floor":5},{"not_picked":["champ:FlashCut","champ:Shatter"],"picked":"champ:AdrenalArmor","floor":6},{"not_picked":["champ:BringItOn","champ:GutPunch"],"picked":"champ:Duel","floor":7},{"not_picked":["champ:CrownThrow","champ:DefensiveShout"],"picked":"champ:EnragedBash","floor":8},{"not_picked":["champ:Haymaker+1","champ:BringItOn"],"picked":"champ:CrookedStrike+1","floor":10},{"not_picked":["champ:FalseCounter","champ:EnchantShield"],"picked":"champ:HeartStrike+1","floor":11},{"not_picked":["champ:CrownThrow+1","champ:PerfectedStrike+1"],"picked":"champ:Parry","floor":13},{"not_picked":["champ:IronFortress","champ:RageSigil"],"picked":"champ:FocusedDefense","floor":15},{"not_picked":["champ:BringItOn","champ:PerfectedStrike+1"],"picked":"champ:TornadoPunch+1","floor":16},{"not_picked":["champ:Haymaker+1","champ:FocusedDefense"],"picked":"champ:StanceDance","floor":17},{"not_picked":["champ:StrikeOfGenius","champ:EnchantSword"],"picked":"champ:UltimateStance","floor":18},{"not_picked":["champ:BringItOn","champ:FaceSlap+1"],"picked":"champ:DefensiveShout+1","floor":21},{"not_picked":["champ:BladeFlurry+1","champ:EnGarde"],"picked":"champ:ShieldThrow+1","floor":23},{"not_picked":["champ:HeartStrike+1","champ:Circumvent"],"picked":"champ:ShieldWall+1","floor":24},{"not_picked":["champ:FocusedBerserking","champ:IronFortress"],"picked":"champ:RageSigil","floor":28},{"not_picked":["champ:FaceSlap+1","champ:BerserkersShout+1"],"picked":"champ:ArenaPreparation","floor":29},{"not_picked":["champ:DefensiveShout","champ:BladeFlurry+1"],"picked":"champ:Backstep+1","floor":30},{"not_picked":["champ:TornadoPunch+1","champ:LastStand"],"picked":"champ:GutPunch+1","floor":31},{"not_picked":["champ:IgnorePain","champ:CrookedStrike+1"],"picked":"champ:Circumvent","floor":33},{"not_picked":["champ:Endure","champ:ShieldSlam"],"picked":"champ:FlashCut+1","floor":34},{"not_picked":["champ:GladiatorForm","champ:LastStand"],"picked":"champ:CheapShot+1","floor":35},{"not_picked":["champ:FlashCut+1","champ:AdrenalArmor","champ:BladeFlurry+1"],"picked":"SKIP","floor":38},{"not_picked":["champ:TornadoPunch+1","champ:DefensiveShout+1"],"picked":"champ:DefensiveStyle","floor":39},{"not_picked":["champ:IronFortress","champ:Circumvent"],"picked":"champ:EnGarde+1","floor":40},{"not_picked":[],"picked":"champ:Endure+1","floor":42},{"not_picked":[],"picked":"champ:IgnorePain","floor":49},{"not_picked":["champ:EnragedBash+1"],"picked":"SKIP","floor":50},{"not_picked":["champ:FanOfKnives+1"],"picked":"SKIP","floor":53},{"not_picked":[],"picked":"champ:StrikeOfGenius","floor":54},{"not_picked":[],"picked":"champ:FalseCounter","floor":55},{"not_picked":["champ:EnGarde"],"picked":"SKIP","floor":57},{"not_picked":["champ:ShieldSlam"],"picked":"SKIP","floor":59},{"not_picked":["champ:FaceSlap+1"],"picked":"SKIP","floor":60},{"not_picked":["champ:Encircle+1"],"picked":"SKIP","floor":61},{"not_picked":["champ:CrookedStrike+1"],"picked":"SKIP","floor":64},{"not_picked":["champ:ViciousMockery"],"picked":"SKIP","floor":65},{"not_picked":["champ:ArenaPreparation"],"picked":"SKIP","floor":66},{"not_picked":["champ:Backstep+1"],"picked":"SKIP","floor":70},{"not_picked":["ReplayTheSpireMod:Black Plague","ReplayTheSpireMod:Echoes of Time"],"picked":"infinitespire:Punishment","floor":71},{"not_picked":[],"picked":"champ:EnchantCrown+1","floor":71},{"not_picked":["champ:CalledShot+1"],"picked":"SKIP","floor":74},{"not_picked":[],"picked":"champ:SetATrap+1","floor":75},{"not_picked":[],"picked":"champ:AdrenalArmor+1","floor":78},{"not_picked":["champ:Lariat+1"],"picked":"SKIP","floor":79},{"not_picked":["infinitespire:UltimateForm","infinitespire:Fortify"],"picked":"infinitespire:Punishment","floor":80},{"not_picked":["champ:EnGarde+1"],"picked":"SKIP","floor":82},{"not_picked":["champ:DefensiveShout+1"],"picked":"SKIP","floor":83},{"not_picked":["champ:ShieldWall"],"picked":"SKIP","floor":87},{"not_picked":[],"picked":"champ:VampiricStrike+1","floor":88},{"not_picked":["champ:ShieldSigil+1"],"picked":"SKIP","floor":91},{"not_picked":["champ:ShieldSigil+1"],"picked":"SKIP","floor":92},{"not_picked":["infinitespire:Fortify","infinitespire:Starlight"],"picked":"infinitespire:Oblivion","floor":94},{"not_picked":["champ:FaceSlap+1"],"picked":"SKIP","floor":96},{"not_picked":["champ:PerfectedStrike+1"],"picked":"SKIP","floor":98},{"not_picked":["champ:AdrenalArmor+1"],"picked":"SKIP","floor":99},{"not_picked":["champ:Lariat+1"],"picked":"SKIP","floor":101},{"not_picked":[],"picked":"champ:DeathBlow+1","floor":103},{"not_picked":["champ:Lariat+1"],"picked":"SKIP","floor":104},{"not_picked":["champ:FalseCounter+1"],"picked":"SKIP","floor":108},{"not_picked":["champ:PerfectedStrike+1"],"picked":"SKIP","floor":109},{"not_picked":["champ:DefensiveShout+1"],"picked":"SKIP","floor":111},{"not_picked":["champ:Circumvent+1"],"picked":"SKIP","floor":113},{"not_picked":["champ:IronFortress"],"picked":"SKIP","floor":114},{"not_picked":["champ:ShieldSigil+1"],"picked":"SKIP","floor":115},{"not_picked":["champ:ShieldSigil+1"],"picked":"SKIP","floor":121},{"not_picked":[],"picked":"champ:HeavySlash+1","floor":122},{"not_picked":["champ:DefensiveShout+1"],"picked":"SKIP","floor":125},{"not_picked":["champ:CrookedStrike+1"],"picked":"SKIP","floor":126},{"not_picked":["champ:PerfectedStrike+1"],"picked":"SKIP","floor":130},{"not_picked":["champ:FanOfKnives+1"],"picked":"SKIP","floor":132},{"not_picked":["champ:EnGarde+1"],"picked":"SKIP","floor":135},{"not_picked":[],"picked":"champ:FocusedBerserking+1","floor":137},{"not_picked":["champ:SkillfulDodge+1"],"picked":"SKIP","floor":138},{"not_picked":[],"picked":"champ:GladiatorForm","floor":139},{"not_picked":["champ:FalseCounter+1"],"picked":"SKIP","floor":142},{"not_picked":["champ:PreciseThrust+1"],"picked":"SKIP","floor":144},{"not_picked":["champ:PreciseThrust+1"],"picked":"SKIP","floor":147},{"not_picked":["expansioncontent:InvincibleStrength","Replay:SS_fish_1"],"picked":"Replay:SS_forest_2","floor":148},{"not_picked":["expansioncontent:InvincibleStrength","expansioncontent:YouAreMine"],"picked":"Replay:SS_hec_1","floor":148},{"not_picked":["Replay:SS_fish_1","Replay:SS_hec_1"],"picked":"expansioncontent:PolyBeam","floor":148},{"not_picked":["champ:SetATrap+1"],"picked":"SKIP","floor":149},{"not_picked":["champ:ShieldSlam+1"],"picked":"SKIP","floor":150},{"not_picked":["champ:DefensiveShout+1"],"picked":"SKIP","floor":154},{"not_picked":[],"picked":"champ:PreemptiveStrike+1","floor":155},{"not_picked":[],"picked":"champ:Improvising","floor":156},{"not_picked":[],"picked":"champ:Haymaker+1","floor":158}],"player_experience":957474,"relics_obtained":[{"floor":6,"key":"CloakClasp"},{"floor":9,"key":"Molten Egg 2"},{"floor":10,"key":"infinitespire:Magic Flask"},{"floor":13,"key":"Blood Vial"},{"floor":16,"key":"Regal Pillow"},{"floor":20,"key":"Boot"},{"floor":26,"key":"Bag of Preparation"},{"floor":31,"key":"Blue Candle"},{"floor":33,"key":"CeramicFish"},{"floor":42,"key":"Ancient Tea Set"},{"floor":42,"key":"Bottled Lightning"},{"floor":43,"key":"Centennial Puzzle"},{"floor":47,"key":"Incense Burner"},{"floor":49,"key":"Anchor"},{"floor":49,"key":"MawBank"},{"floor":52,"key":"Replay:Multitool"},{"floor":62,"key":"Vajra"},{"floor":73,"key":"Gremlin Horn"},{"floor":76,"key":"Strawberry"},{"floor":94,"key":"Thread and Needle"},{"floor":95,"key":"Ginger"},{"floor":120,"key":"ReplayTheSpireMod:Ring of Challenge"},{"floor":120,"key":"ReplayTheSpireMod:Ring of Addiction"},{"floor":120,"key":"Potion Belt"},{"floor":120,"key":"SacredBark"},{"floor":133,"key":"Ornamental Fan"},{"floor":134,"key":"Toy Ornithopter"},{"floor":136,"key":"PreservedInsect"},{"floor":141,"key":"Nunchaku"}],"event_choices":[{"damage_healed":0,"gold_gain":0,"player_choice":"Fight","damage_taken":0,"max_hp_gain":0,"max_hp_loss":0,"event_name":"Mysterious Sphere","floor":47,"gold_loss":0},{"damage_healed":0,"gold_gain":0,"player_choice":"Got Potions","damage_taken":0,"max_hp_gain":0,"max_hp_loss":0,"event_name":"Lab","floor":152,"gold_loss":0}],"is_beta":false,"boss_relics":[{"not_picked":["SlaversCollar","Ring of Chaos"],"picked":"Abe\u0027s Treasure"},{"not_picked":["Replay:Drink Me","infinitespire:Cupcake"],"picked":"Black Star"},{"not_picked":["Snecko Eye","Replay:Bronze Core"],"picked":"Tiny House"},{"not_picked":["Velvet Choker","Replay:Ancient Bell"],"picked":"infinitespire:Cupcake"},{"not_picked":["Painkiller Herb","bronze:MakeshiftBattery"],"picked":"Runic Pyramid"},{"not_picked":["Ring of Chaos","Replay:Bronze Core"],"picked":"Coffee Dripper"},{"not_picked":["Pandora\u0027s Box","Cursed Key"],"picked":"Replay:Fungal Core"},{"not_picked":["ReplayTheSpireMod:DimensionalGlitch","SlaversCollar"],"picked":"Replay:Drink Me"},{"not_picked":["Empty Cage","ReplayTheSpireMod:SealedPack"],"picked":"Replay:Bronze Core"}],"items_purged_floors":[11,22,24,65,67,68,77,85,100,131,145,153],"is_endless":true,"potions_floor_spawned":[2,6,7,13,17,18,28,29,34,38,42,50,53,54,60,61,70,71,78,79,88,91,94,95,96,101,104,111,115,121,122,126,130,138,144,147,154,155,156,158,161],"ascension_level":1}}