{"host":"q8o6l8eqnoevndy4","time":1612336033,"event":{"mods":["AchievementEnabler","Act Like it!","AlwaysNeverKeys","Bard","BaseMod","Bestiary","Better Altar","Better Match","Better Note","Better Sensory Stone","Better Skull","Better Third Choice","Better Vampires","Better-Laid Plans","Booster Modes","Colored Map","Colored Powertips","Custom Start","Disable Question Mark Monsters","Displayed Cursed Tome","Friendly Minions","GifTheSpireLib","Hermit","Highlight Path","Infinite Spire","Keyboard Shortcuts","Minty Spire (QoL Compilation)","Permanent Neow","Quick Restart","Random Character Button","Random Character Mod","Rare Cards Sparkle","Relic Sorter","Relic Stats","Reliquary","Reorder Act Four","Spicy Shops","Spire Arcade","StSLib","The Blackbeard","The Gatherer","Transform Curses","Virulent Crown"],"gold_per_floor":[109,34,34,44,55,81,81,81,97,174,174,190,233,253,253,325,250,250,374,374,388,388,488,503,503,503,539,539,539,539,539,539,75,100,111,111,206,206,221,132,146,146,146,146,176,187,187,187,187,187,187,187,205,205,205,205,205,56,56,82,82],"floor_reached":62,"language":"ENG","playtime":3611,"items_purged":["Defend_R","Strike_R","Strike_R"],"score":1301,"play_id":"bc7f5003-af2e-444c-bf0d-b9c733d22976","local_time":"20210203010713","is_ascension_mode":false,"campfire_choices":[{"floor":7.0,"key":"REST"},{"data":"Sword Boomerang","floor":15.0,"key":"SMITH"},{"data":"Thunderclap","floor":18.0,"key":"SMITH"},{"data":"Cleave","floor":26.0,"key":"SMITH"},{"floor":30.0,"key":"REST"},{"floor":32.0,"key":"REST"},{"data":"Cleave","floor":36.0,"key":"SMITH"},{"data":"Demon Form","floor":44.0,"key":"SMITH"},{"data":"Impervious","floor":47.0,"key":"SMITH"},{"data":"Shrug It Off","floor":51.0,"key":"SMITH"},{"floor":55.0,"key":"RECALL"},{"data":"Shrug It Off","floor":59.0,"key":"SMITH"}],"circlet_count":0,"master_deck":["Strike_R+1","Strike_R+1","Strike_R+1","Defend_R+1","Defend_R+1","Defend_R+1","Bash+1","Sword Boomerang+1","Blood for Blood+1","Thunderclap+1","Shrug It Off+1","Cleave+1","Shrug It Off+1","Demon Form+1","Jack Of All Trades+1","Shrug It Off","Cleave+1","Impervious+1"],"relics":["Burning Blood","FossilizedHelix","Bloody Idol","Singing Bowl","Centennial Puzzle","Sozu","reliquary:TridentHead","Pantograph","Blood Vial","Charon\u0027s Ashes","HornCleat","Incense Burner","infinitespire:Magic Flask","SlaversCollar","Lizard Tail","White Beast Statue","StrikeDummy","reliquary:BoilingFlask","reliquary:SharkskinSheath","reliquary:Stiletto","infinitespire:ShieldingShard"],"acts_visited":["Exordium","TheCity","TheBeyond","TheEnding"],"potions_floor_usage":[61],"damage_taken":[{"damage":5.0,"enemies":"2 Louse","floor":1.0,"turns":3.0},{"damage":6.0,"enemies":"Cultist","floor":4.0,"turns":3.0},{"damage":6.0,"enemies":"Jaw Worm","floor":5.0,"turns":3.0},{"damage":39.0,"enemies":"Lagavulin","floor":6.0,"turns":7.0},{"damage":3.0,"enemies":"Lots of Slimes","floor":9.0,"turns":4.0},{"damage":8.0,"enemies":"Large Slime","floor":12.0,"turns":6.0},{"damage":0.0,"enemies":"Gremlin Nob","floor":13.0,"turns":4.0},{"damage":0.0,"enemies":"3 Louse","floor":14.0,"turns":4.0},{"damage":19.0,"enemies":"Slime Boss","floor":19.0,"turns":7.0},{"damage":16.0,"enemies":"Shell Parasite","floor":21.0,"turns":4.0},{"damage":12.0,"enemies":"2 Thieves","floor":24.0,"turns":4.0},{"damage":18.0,"enemies":"Book of Stabbing","floor":27.0,"turns":4.0},{"damage":0.0,"enemies":"Slavers","floor":34.0,"turns":2.0},{"damage":0.0,"enemies":"Snake Plant","floor":35.0,"turns":3.0},{"damage":70.0,"enemies":"Collector","floor":37.0,"turns":9.0},{"damage":11.0,"enemies":"3 Darklings","floor":39.0,"turns":2.0},{"damage":0.0,"enemies":"3 Shapes","floor":41.0,"turns":3.0},{"damage":0.0,"enemies":"Giant Head","floor":45.0,"turns":6.0},{"damage":0.0,"enemies":"Transient","floor":46.0,"turns":5.0},{"damage":0.0,"enemies":"Jaw Worm Horde","floor":53.0,"turns":3.0},{"damage":48.0,"enemies":"Awakened One","floor":56.0,"turns":8.0},{"damage":15,"enemies":"Shield and Spear","floor":60,"turns":5},{"damage":69,"enemies":"The Heart","floor":61,"turns":10}],"seed_played":"493595890876869759","potions_obtained":[{"floor":4.0,"key":"BloodPotion"},{"floor":9.0,"key":"GamblersBrew"},{"floor":19.0,"key":"DistilledChaos"}],"is_trial":false,"path_per_floor":["M","?","?","M","M","E","R","?","M","T","T","M","E","M","R","?","$","R","B",null,"M","?","?","M","AVR","R","E","?","T","R","?","R","$","E","M","R","B",null,"M","$","M","?","?","R","E","M","R","T","T","?","R","?","M","AVR","R","B",null,"$","R","E","B",null],"character_chosen":"IRONCLAD","items_purchased":["Cleave","Incense Burner","Lizard Tail","reliquary:Stiletto"],"campfire_rested":3,"item_purchase_floors":[33,33,40,58],"current_hp_per_floor":[80,80,64,64,64,31,55,55,58,58,58,56,64,70,70,70,70,70,57,76,68,68,68,64,64,64,52,30,30,54,46,70,70,82,84,84,25,84,86,86,88,84,84,84,86,88,88,88,88,92,92,19,43,43,43,37,94,94,94,92,52],"gold":82,"neow_bonus":"UPGRADE_CARD","is_daily":false,"chose_seed":false,"campfire_upgraded":8,"win_rate":0.0,"timestamp":1612336033,"path_taken":["M","?","?","M","M","E","R","?","M","T","T","M","E","M","R","?","$","R","BOSS","M","?","?","M","AVR","R","E","?","T","R","?","R","$","E","M","R","BOSS","M","$","M","?","?","R","E","M","R","T","T","?","R","?","M","AVR","R","BOSS","$","R","E","BOSS"],"items_purchased_type":["Card","Relic","Relic","Relic"],"build_version":"2020-12-22","purchased_purges":3,"victory":true,"max_hp_per_floor":[80,80,80,80,80,80,80,74,74,74,74,74,76,76,76,76,76,76,76,76,78,78,78,80,80,80,80,80,80,80,80,80,80,82,84,84,84,84,86,86,88,84,84,84,86,88,88,88,88,92,92,92,94,94,94,94,94,94,94,96,96],"relic_stats":{"Sozu":7,"Blood Vial":8,"Centennial Puzzle":[27],"Lizard Tail":0,"Singing Bowl":26,"counters":[23,109],"Bloody Idol":22,"Pantograph":27,"Charon\u0027s Ashes":[172],"obtain_stats":[{"Singing Bowl":10,"Golden Idol":8,"reliquary:BoilingFlask":49,"Charon\u0027s Ashes":29,"Incense Burner":33,"infinitespire:Magic Flask":34,"Burning Blood":0,"White Beast Statue":45,"Sozu":20,"Blood Vial":28,"reliquary:TridentHead":25,"SlaversCollar":38,"Centennial Puzzle":13,"Lizard Tail":40,"HornCleat":31,"infinitespire:ShieldingShard":60,"Pantograph":27,"Bloody Idol":28,"reliquary:Stiletto":58,"StrikeDummy":48,"FossilizedHelix":6,"reliquary:SharkskinSheath":54},{"Singing Bowl":5,"Golden Idol":4,"reliquary:BoilingFlask":19,"Charon\u0027s Ashes":12,"Incense Burner":12,"infinitespire:Magic Flask":13,"Burning Blood":0,"White Beast Statue":18,"Sozu":9,"Blood Vial":12,"reliquary:TridentHead":11,"SlaversCollar":15,"Centennial Puzzle":7,"Lizard Tail":16,"HornCleat":12,"infinitespire:ShieldingShard":22,"Pantograph":12,"Bloody Idol":12,"reliquary:Stiletto":21,"StrikeDummy":19,"FossilizedHelix":4,"reliquary:SharkskinSheath":20},{"Singing Bowl":20,"Golden Idol":16,"reliquary:BoilingFlask":83,"Charon\u0027s Ashes":53,"Incense Burner":53,"infinitespire:Magic Flask":55,"Burning Blood":0,"White Beast Statue":78,"Sozu":41,"Blood Vial":53,"reliquary:TridentHead":49,"SlaversCollar":67,"Centennial Puzzle":30,"Lizard Tail":69,"HornCleat":53,"infinitespire:ShieldingShard":99,"Pantograph":53,"Bloody Idol":53,"reliquary:Stiletto":94,"StrikeDummy":83,"FossilizedHelix":16,"reliquary:SharkskinSheath":86}],"Burning Blood":113},"card_choices":[{"not_picked":["Flex","Wild Strike"],"picked":"Sword Boomerang","floor":1.0},{"not_picked":["Rampage+1","Dual Wield+1"],"picked":"Blood for Blood+1","floor":2.0},{"not_picked":["Carnage","Rage"],"picked":"Thunderclap","floor":4.0},{"not_picked":["Burning Pact","Thunderclap"],"picked":"Shrug It Off","floor":5.0},{"not_picked":["Fire Breathing","Fiend Fire","Body Slam"],"picked":"SKIP","floor":6.0},{"not_picked":["Sever Soul","Ghostly Armor","Armaments"],"picked":"SKIP","floor":9.0},{"not_picked":["Carnage","Heavy Blade"],"picked":"Cleave","floor":12.0},{"not_picked":["Demon Form","Battle Trance","Perfected Strike"],"picked":"Singing Bowl","floor":13.0},{"not_picked":["Bloodletting","Disarm"],"picked":"Shrug It Off","floor":14.0},{"not_picked":["Brutality","Bludgeon"],"picked":"Demon Form","floor":19.0},{"not_picked":["Thunderclap","Clothesline","Inflame"],"picked":"Singing Bowl","floor":21.0},{"not_picked":["Body Slam","Thunderclap","Fire Breathing"],"picked":"Singing Bowl","floor":24.0},{"not_picked":["Iron Wave","Blood for Blood"],"picked":"Shrug It Off","floor":27.0},{"not_picked":["Seeing Red+1","Anger+1","Havoc"],"picked":"Singing Bowl","floor":34.0},{"not_picked":["Bludgeon","Searing Blow","Rupture"],"picked":"Singing Bowl","floor":35.0},{"not_picked":["Double Tap","Barricade"],"picked":"Impervious","floor":37.0},{"not_picked":["Thunderclap+1","Flame Barrier","Battle Trance"],"picked":"Singing Bowl","floor":39.0},{"not_picked":["Flex","Havoc","Cleave+1"],"picked":"Singing Bowl","floor":41.0},{"not_picked":["Iron Wave+1","Brutality","True Grit+1"],"picked":"SKIP","floor":45.0},{"not_picked":["Iron Wave+1","Brutality","True Grit+1"],"picked":"Singing Bowl","floor":45.0},{"not_picked":["Anger","Rage","Hemokinesis"],"picked":"Singing Bowl","floor":46.0},{"not_picked":["Dark Shackles","PanicButton","Purity"],"picked":"Singing Bowl","floor":50.0},{"not_picked":["Panacea","Good Instincts","Dramatic Entrance"],"picked":"Singing Bowl","floor":50.0},{"not_picked":["Warcry","Shrug It Off+1","Headbutt+1"],"picked":"Singing Bowl","floor":53.0},{"not_picked":["Fire Breathing","Clothesline+1","Rage+1"],"picked":"Singing Bowl","floor":60}],"player_experience":1140776,"relics_obtained":[{"floor":6.0,"key":"FossilizedHelix"},{"floor":10.0,"key":"Singing Bowl"},{"floor":13.0,"key":"Centennial Puzzle"},{"floor":27.0,"key":"Pantograph"},{"floor":29.0,"key":"Charon\u0027s Ashes"},{"floor":34.0,"key":"infinitespire:Magic Flask"},{"floor":45.0,"key":"White Beast Statue"},{"floor":48.0,"key":"StrikeDummy"},{"floor":49.0,"key":"reliquary:BoilingFlask"},{"floor":60,"key":"infinitespire:ShieldingShard"}],"event_choices":[{"damage_healed":0.0,"max_hp_gain":0.0,"max_hp_loss":0.0,"gold_gain":0.0,"event_name":"betterMatch:BetterMatch","player_choice":"2","floor":2.0,"gold_loss":0.0,"damage_taken":0.0,"cards_obtained":["betterMatch:UncommonCard"]},{"damage_healed":80.0,"max_hp_gain":0.0,"max_hp_loss":80.0,"gold_gain":0.0,"event_name":"betterThird:BetterShining","player_choice":"Upgrade","floor":3.0,"gold_loss":0.0,"damage_taken":16.0,"cards_upgraded":["Strike_R","Defend_R"]},{"damage_healed":0.0,"max_hp_gain":0.0,"max_hp_loss":6.0,"gold_gain":0.0,"event_name":"Golden Idol","player_choice":"Lose Max HP","floor":8.0,"gold_loss":0.0,"damage_taken":0.0,"relics_obtained":["Golden Idol"]},{"damage_healed":0.0,"max_hp_gain":0.0,"max_hp_loss":0.0,"gold_gain":72.0,"event_name":"Golden Wing","player_choice":"Gained Gold","floor":16.0,"gold_loss":0.0,"damage_taken":0.0},{"cards_removed":["Thunderclap"],"damage_healed":0.0,"max_hp_gain":0.0,"max_hp_loss":0.0,"gold_gain":0.0,"event_name":"betterNote:BetterNote","player_choice":"Take \u0026 Give","floor":22.0,"gold_loss":0.0,"damage_taken":0.0,"cards_obtained":["Jack Of All Trades"]},{"damage_healed":0.0,"max_hp_gain":52.0,"max_hp_loss":30.0,"gold_gain":0.0,"event_name":"betterAltar:BetterAltar","player_choice":" GoldIdol Vial ","floor":28.0,"potions_obtained":[],"relics_lost":["Golden Idol"],"gold_loss":0.0,"damage_taken":22.0,"relics_obtained":["Bloody Idol","Blood Vial"]},{"damage_healed":0.0,"max_hp_gain":0.0,"max_hp_loss":0.0,"gold_gain":0.0,"event_name":"blackbeard:ShipwreckEvent","player_choice":"HornCleat","floor":31.0,"gold_loss":0.0,"damage_taken":0.0,"relics_obtained":["HornCleat"]},{"damage_healed":0.0,"max_hp_gain":0.0,"max_hp_loss":4.0,"gold_gain":0.0,"event_name":"Winding Halls","player_choice":"Max HP","floor":42.0,"gold_loss":0.0,"damage_taken":0.0},{"damage_healed":0.0,"max_hp_gain":0.0,"max_hp_loss":0.0,"gold_gain":0.0,"event_name":"Tomb of Lord Red Mask","player_choice":"Ignored","floor":43.0,"gold_loss":0.0,"damage_taken":0.0},{"damage_healed":0.0,"max_hp_gain":0.0,"max_hp_loss":0.0,"gold_gain":3.0,"event_name":"betterStone:BetterStone","player_choice":"1","floor":50.0,"gold_loss":0.0,"damage_taken":0.0},{"damage_healed":0.0,"max_hp_gain":0.0,"max_hp_loss":0.0,"gold_gain":0.0,"event_name":"betterSkull:BetterSkull","player_choice":"UP UP UP UP ","floor":52.0,"gold_loss":0.0,"damage_taken":81.0,"cards_upgraded":["Strike_R","Strike_R","Defend_R","Defend_R"],"relics_obtained":[]}],"is_beta":false,"boss_relics":[{"not_picked":["reliquary:KinkedSpring","Philosopher\u0027s Stone"],"picked":"Sozu"},{"not_picked":["Astrolabe","Black Blood"],"picked":"SlaversCollar"}],"items_purged_floors":[17,25,33],"is_endless":false,"potions_floor_spawned":[4,9,19,34,37,39,41,46,53,60],"ascension_level":0}}