{"host":"ewe4oe702q4ujr6i","time":1612358314,"event":{"mods":["BaseMod","Colored Map","Colored Powertips","DeckTracker","Minty Spire (QoL Compilation)","SuperFastMode"],"gold_per_floor":[216,216,216,216,216,243,243,418,418,429,440,452,452,30,30,133,133,153,173,191,191,116,147,147,158,182,182,182,209,209,240,240,345,345,360,378,390,404,419,419,454,454,454,474,474,492,31,46,46,46,46],"floor_reached":50,"language":"KOR","playtime":5280,"items_purged":["Doubt","LessonLearned+1"],"score":587,"play_id":"205713d1-184d-4730-bf77-e5dea10ddf88","local_time":"20210203221834","is_ascension_mode":false,"campfire_choices":[{"data":"Eruption","floor":7,"key":"SMITH"},{"data":"LessonLearned","floor":13,"key":"SMITH"},{"data":"Wireheading","floor":15,"key":"SMITH"},{"data":"WindmillStrike","floor":24,"key":"SMITH"},{"data":"WreathOfFlame","floor":28,"key":"SMITH"},{"data":"ConjureBlade","floor":32,"key":"SMITH"},{"data":"SpiritShield","floor":40,"key":"SMITH"},{"data":"Establishment","floor":42,"key":"SMITH"},{"data":"Wireheading","floor":45,"key":"SMITH"},{"floor":49,"key":"RECALL"}],"circlet_count":0,"master_deck":["Strike_P+1","Strike_P+1","Defend_P+1","Defend_P+1","Defend_P+1","Eruption+1","Vigilance+1","EmptyFist+1","EmptyMind+1","Crescendo+1","Wireheading+1","CutThroughFate+1","ConjureBlade+1","MentalFortress+1","ClearTheMind+1","WreathOfFlame+1","WindmillStrike+1","JustLucky+1","CrushJoints","SpiritShield+1","Weave+1","FlyingSleeves+1","Weave+1","DeusExMachina+1","Establishment+1","Wireheading+1","Study+1"],"relics":["PureWater","GoldenEye","Mummified Hand","MealTicket","Letter Opener","Pantograph","Coffee Dripper","Prayer Wheel","Art of War","Red Mask","Eternal Feather","Black Star","Dream Catcher","War Paint","Vajra","Sling"],"acts_visited":["Exordium","TheCity","TheBeyond"],"potions_floor_usage":[16,29,33,35,37,37,41,44,50,50],"damage_taken":[{"damage":1,"enemies":"Jaw Worm","floor":1,"turns":4},{"damage":9,"enemies":"Lagavulin","floor":6,"turns":8},{"damage":0,"enemies":"2 Louse","floor":10,"turns":2},{"damage":0,"enemies":"Small Slimes","floor":11,"turns":3},{"damage":0,"enemies":"Looter","floor":12,"turns":4},{"damage":0,"enemies":"Slime Boss","floor":16,"turns":4},{"damage":15,"enemies":"2 Thieves","floor":18,"turns":4},{"damage":0,"enemies":"3 Byrds","floor":19,"turns":5},{"damage":0,"enemies":"Cultist and Chosen","floor":20,"turns":4},{"damage":12,"enemies":"Book of Stabbing","floor":23,"turns":4},{"damage":0,"enemies":"Shelled Parasite and Fungi","floor":25,"turns":6},{"damage":29,"enemies":"Masked Bandits","floor":29,"turns":5},{"damage":0,"enemies":"Slavers","floor":31,"turns":7},{"damage":44,"enemies":"Automaton","floor":33,"turns":9},{"damage":0,"enemies":"3 Darklings","floor":35,"turns":4},{"damage":4,"enemies":"Orb Walker","floor":36,"turns":3},{"damage":11,"enemies":"Writhing Mass","floor":37,"turns":4},{"damage":0,"enemies":"Jaw Worm Horde","floor":38,"turns":3},{"damage":2,"enemies":"Sphere and 2 Shapes","floor":39,"turns":5},{"damage":43,"enemies":"Nemesis","floor":41,"turns":3},{"damage":17,"enemies":"3 Darklings","floor":44,"turns":4},{"damage":25,"enemies":"Transient","floor":46,"turns":5},{"damage":10,"enemies":"4 Shapes","floor":48,"turns":4},{"damage":70,"enemies":"Donu and Deca","floor":50,"turns":8}],"seed_played":"6950836790670133519","potions_obtained":[{"floor":1,"key":"LiquidMemories"},{"floor":6,"key":"AttackPotion"},{"floor":20,"key":"Energy Potion"},{"floor":25,"key":"Regen Potion"},{"floor":29,"key":"BottledMiracle"},{"floor":33,"key":"ColorlessPotion"},{"floor":35,"key":"PowerPotion"},{"floor":39,"key":"DistilledChaos"},{"floor":41,"key":"BottledMiracle"}],"is_trial":false,"path_per_floor":["M","?","?","?","T","E","R","?","T","M","M","M","R","$","R","B",null,"M","M","M","?","?","E","R","M","T","?","R","?","?","E","R","B",null,"M","M","M","M","M","R","E","R","T","M","R","M","$","M","R","B"],"character_chosen":"WATCHER","items_purchased":["Wireheading","Pantograph","CutThroughFate","Vajra","Sling","LiquidMemories"],"campfire_rested":0,"item_purchase_floors":[14,14,14,47,47,47],"current_hp_per_floor":[71,57,50,47,47,38,38,38,38,38,38,38,38,53,53,72,72,57,57,57,57,57,45,45,45,45,45,45,25,25,25,37,18,72,72,68,57,57,55,70,27,42,42,25,40,15,30,20,35,0,0],"gold":46,"neow_bonus":"HUNDRED_GOLD","is_daily":false,"chose_seed":false,"campfire_upgraded":9,"win_rate":0.0,"timestamp":1612358314,"path_taken":["M","?","?","?","?","E","R","?","T","M","M","M","R","$","R","BOSS","M","M","M","?","?","E","R","M","T","?","R","?","?","E","R","BOSS","M","?","M","M","M","R","E","R","T","M","R","M","$","M","R","BOSS"],"items_purchased_type":["Card","Relic","Card","Relic","Relic","Potion"],"build_version":"2020-12-22","purchased_purges":2,"victory":false,"max_hp_per_floor":[72,72,72,72,72,72,72,72,72,72,72,72,72,72,72,72,72,72,72,72,72,72,72,72,72,72,72,72,72,72,72,72,72,72,72,72,72,72,72,72,72,72,72,72,72,72,72,72,72,72,72],"card_choices":[{"not_picked":["TalkToTheHand","Evaluate"],"picked":"EmptyFist","floor":1},{"not_picked":["FlyingSleeves","WaveOfTheHand"],"picked":"EmptyMind","floor":6},{"not_picked":["EmptyFist","Wallop","PathToVictory"],"picked":"SKIP","floor":10},{"not_picked":["Crescendo","Evaluate"],"picked":"LessonLearned","floor":11},{"not_picked":["Protect","SignatureMove"],"picked":"Crescendo","floor":12},{"not_picked":["Brilliance","MasterReality"],"picked":"ConjureBlade","floor":16},{"not_picked":["Protect","SandsOfTime"],"picked":"MentalFortress","floor":18},{"not_picked":["FearNoEvil","BowlingBash+1"],"picked":"ClearTheMind+1","floor":19},{"not_picked":["CrushJoints","BowlingBash"],"picked":"WreathOfFlame","floor":20},{"not_picked":["Prostrate","ThirdEye"],"picked":"WindmillStrike","floor":23},{"not_picked":["Prostrate","Protect+1"],"picked":"JustLucky","floor":25},{"not_picked":["WreathOfFlame","Crescendo+1","EmptyMind"],"picked":"SKIP","floor":25},{"not_picked":["Prostrate","CrushJoints","JustLucky+1"],"picked":"SKIP","floor":31},{"not_picked":["Prostrate","JustLucky+1"],"picked":"CrushJoints","floor":31},{"not_picked":["Brilliance","Wish"],"picked":"SpiritShield","floor":33},{"not_picked":["JustLucky+1","FollowUp+1"],"picked":"Weave+1","floor":35},{"not_picked":["Conclude","CutThroughFate"],"picked":"FlyingSleeves+1","floor":35},{"not_picked":["FlyingSleeves","FearNoEvil"],"picked":"Weave+1","floor":36},{"not_picked":["LikeWater","Halt","ThirdEye"],"picked":"SKIP","floor":36},{"not_picked":["Consecrate+1","FlyingSleeves"],"picked":"DeusExMachina","floor":37},{"not_picked":["SashWhip","JustLucky","Sanctity+1"],"picked":"SKIP","floor":37},{"not_picked":["EmptyBody+1","ConjureBlade","LikeWater"],"picked":"SKIP","floor":38},{"not_picked":["Crescendo+1","DeceiveReality","FollowUp"],"picked":"SKIP","floor":38},{"not_picked":["Wallop+1","Vengeance","FlyingSleeves+1"],"picked":"SKIP","floor":39},{"not_picked":["ClearTheMind","CrushJoints+1","EmptyBody+1"],"picked":"SKIP","floor":39},{"not_picked":["PathToVictory","JustLucky"],"picked":"Establishment","floor":41},{"not_picked":["FlyingSleeves","ClearTheMind"],"picked":"Wireheading","floor":44},{"not_picked":["SashWhip+1","JustLucky","CrushJoints"],"picked":"SKIP","floor":44},{"not_picked":["ClearTheMind","BattleHymn"],"picked":"Study+1","floor":46},{"not_picked":["InnerPeace+1","CrushJoints+1","JustLucky+1"],"picked":"SKIP","floor":46},{"not_picked":["Consecrate","SashWhip+1","Protect+1"],"picked":"SKIP","floor":48},{"not_picked":["LikeWater","WaveOfTheHand+1","Crescendo+1"],"picked":"SKIP","floor":48}],"player_experience":199261,"relics_obtained":[{"floor":5,"key":"Mummified Hand"},{"floor":6,"key":"MealTicket"},{"floor":9,"key":"Letter Opener"},{"floor":23,"key":"Prayer Wheel"},{"floor":26,"key":"Art of War"},{"floor":29,"key":"Red Mask"},{"floor":31,"key":"Eternal Feather"},{"floor":41,"key":"Dream Catcher"},{"floor":41,"key":"War Paint"}],"event_choices":[{"damage_healed":0,"gold_gain":0,"player_choice":"Entered Light","damage_taken":14,"max_hp_gain":0,"max_hp_loss":0,"event_name":"Shining Light","floor":2,"gold_loss":0,"cards_upgraded":["Vigilance","Strike_P"]},{"cards_removed":["Strike_P"],"damage_healed":0,"gold_gain":0,"player_choice":"Card Removal","damage_taken":7,"max_hp_gain":0,"max_hp_loss":0,"event_name":"Golden Wing","floor":3,"gold_loss":0},{"damage_healed":0,"gold_gain":0,"player_choice":"Success","damage_taken":3,"relics_obtained":["GoldenEye"],"max_hp_gain":0,"max_hp_loss":0,"event_name":"Scrap Ooze","floor":4,"gold_loss":0},{"damage_healed":0,"gold_gain":175,"player_choice":"AGREE","damage_taken":0,"max_hp_gain":0,"max_hp_loss":0,"event_name":"Liars Game","floor":8,"gold_loss":0,"cards_obtained":["Doubt"]},{"damage_healed":0,"gold_gain":0,"player_choice":"Ignored","damage_taken":0,"max_hp_gain":0,"max_hp_loss":0,"event_name":"Ghosts","floor":21,"gold_loss":0},{"cards_removed":["Strike_P"],"damage_healed":0,"gold_gain":0,"player_choice":"Gave Gold","damage_taken":0,"max_hp_gain":0,"max_hp_loss":0,"event_name":"Beggar","floor":22,"gold_loss":75},{"damage_healed":0,"gold_gain":0,"player_choice":"Ignored","damage_taken":0,"max_hp_gain":0,"max_hp_loss":0,"event_name":"Vampires","floor":27,"gold_loss":0},{"damage_healed":0,"gold_gain":0,"player_choice":"Fought Bandits","damage_taken":0,"max_hp_gain":0,"max_hp_loss":0,"event_name":"Masked Bandits","floor":29,"gold_loss":0},{"cards_removed":["Defend_P"],"damage_healed":0,"gold_gain":0,"player_choice":"Purged","damage_taken":0,"max_hp_gain":0,"max_hp_loss":0,"event_name":"Purifier","floor":30,"gold_loss":0}],"is_beta":false,"boss_relics":[{"not_picked":["Runic Dome","Ectoplasm"],"picked":"Coffee Dripper"},{"not_picked":["Runic Pyramid","Fusion Hammer"],"picked":"Black Star"}],"items_purged_floors":[14,47],"is_endless":false,"potions_floor_spawned":[1,6,20,25,29,31,33,35,39,41],"killed_by":"Donu and Deca","ascension_level":0}}