{"host":"8rqsnaeml9gxb0kp","time":1612313874,"event":{"mods":["AchievementEnabler","BaseMod","Dark Map","Minty Spire (QoL Compilation)","Relic Stats","StSLib","slay the spire mod where everything is the same but ironclad has a cowboy hat"],"gold_per_floor":[117,130,140,155,165,197,197,217,217,232,232,245,260,289,289,394,394,408,422,441,454,379,379,379,379],"floor_reached":24,"language":"ENG","playtime":1428,"items_purged":[],"score":241,"play_id":"1b5f9ed6-69aa-4f6c-9526-8be82781d7fe","local_time":"20210202165754","is_ascension_mode":false,"campfire_choices":[{"floor":7,"key":"REST"},{"data":"Metallicize","floor":11,"key":"SMITH"},{"floor":15,"key":"REST"},{"floor":23,"key":"REST"}],"circlet_count":0,"master_deck":["Strike_R","Strike_R","Strike_R","Defend_R","Defend_R","Bash","Twin Strike+1","Bloodletting+1","Barricade+1","Cleave","Clothesline","Metallicize+1","Blood for Blood","Rupture","Entrench","Rage","Iron Wave","Rage","Berserk","Demon Form","Thunderclap+1"],"relics":["Astrolabe","MealTicket","CaptainsWheel","Omamori","Busted Crown"],"acts_visited":["Exordium","TheCity"],"potions_floor_usage":[6,12,13,16,16,20,20,24],"damage_taken":[{"damage":1,"enemies":"Cultist","floor":1,"turns":3},{"damage":12,"enemies":"Small Slimes","floor":2,"turns":3},{"damage":1,"enemies":"2 Louse","floor":3,"turns":2},{"damage":10,"enemies":"Red Slaver","floor":4,"turns":4},{"damage":14,"enemies":"Exordium Thugs","floor":5,"turns":5},{"damage":16,"enemies":"Gremlin Nob","floor":6,"turns":5},{"damage":13,"enemies":"Looter","floor":8,"turns":4},{"damage":6,"enemies":"Red Slaver","floor":10,"turns":4},{"damage":7,"enemies":"Lots of Slimes","floor":12,"turns":17},{"damage":12,"enemies":"Exordium Thugs","floor":13,"turns":7},{"damage":0,"enemies":"Lagavulin","floor":14,"turns":10},{"damage":27,"enemies":"The Guardian","floor":16,"turns":14},{"damage":0,"enemies":"Chosen","floor":18,"turns":6},{"damage":13,"enemies":"3 Byrds","floor":19,"turns":6},{"damage":16,"enemies":"Shelled Parasite and Fungi","floor":20,"turns":4},{"damage":47,"enemies":"3 Cultists","floor":21,"turns":7},{"damage":40,"enemies":"Slavers","floor":24,"turns":3}],"seed_played":"-2889708955525861030","potions_obtained":[{"floor":1,"key":"FearPotion"},{"floor":4,"key":"AttackPotion"},{"floor":8,"key":"Dexterity Potion"},{"floor":12,"key":"Weak Potion"},{"floor":13,"key":"Explosive Potion"},{"floor":18,"key":"DistilledChaos"},{"floor":19,"key":"Regen Potion"},{"floor":21,"key":"Fire Potion"}],"is_trial":false,"path_per_floor":["M","M","M","M","M","E","R","M","T","M","R","M","M","E","R","B",null,"M","M","M","M","?","R","E"],"character_chosen":"IRONCLAD","items_purchased":[],"campfire_rested":3,"item_purchase_floors":[],"current_hp_per_floor":[79,67,66,56,42,26,50,37,37,31,31,24,12,12,36,9,80,80,67,63,16,16,40,0,0],"gold":379,"neow_bonus":"BOSS_RELIC","is_daily":false,"chose_seed":false,"campfire_upgraded":1,"win_rate":0.0,"timestamp":1612313874,"path_taken":["M","M","M","M","M","E","R","M","T","?","R","M","M","E","R","BOSS","M","M","M","M","?","R","E"],"items_purchased_type":[],"build_version":"2020-12-22","purchased_purges":0,"victory":false,"max_hp_per_floor":[80,80,80,80,80,80,80,80,80,80,80,80,80,80,80,80,80,80,80,80,80,80,80,80,80],"relic_stats":{"Busted Crown":8,"counters":[17,104],"Astrolabe":["Twin Strike","Bloodletting","Barricade"],"MealTicket":0,"obtain_stats":[{"CaptainsWheel":9,"Busted Crown":17,"Astrolabe":0,"MealTicket":6,"Omamori":14,"Burning Blood":0},{"CaptainsWheel":7,"Busted Crown":12,"Astrolabe":0,"MealTicket":6,"Omamori":11,"Burning Blood":0},{"CaptainsWheel":26,"Busted Crown":78,"Astrolabe":0,"MealTicket":22,"Omamori":64,"Burning Blood":0}]},"card_choices":[{"not_picked":["Burning Pact","Searing Blow"],"picked":"Cleave","floor":1},{"not_picked":["True Grit","Armaments"],"picked":"Clothesline","floor":2},{"not_picked":["Clash","Twin Strike"],"picked":"Metallicize","floor":3},{"not_picked":["Searing Blow","True Grit"],"picked":"Blood for Blood","floor":4},{"not_picked":["Burning Pact","Pommel Strike"],"picked":"Rupture","floor":5},{"not_picked":["Sentinel","True Grit"],"picked":"Entrench","floor":6},{"not_picked":["Flex","Whirlwind","Wild Strike"],"picked":"SKIP","floor":8},{"not_picked":["Feed","Flex"],"picked":"Rage","floor":10},{"not_picked":["True Grit","Dark Embrace"],"picked":"Iron Wave","floor":12},{"not_picked":["Second Wind","Warcry"],"picked":"Rage","floor":13},{"not_picked":["Seeing Red","Dual Wield"],"picked":"Berserk","floor":14},{"not_picked":["Barricade","Brutality"],"picked":"Demon Form","floor":16},{"not_picked":[],"picked":"Thunderclap+1","floor":18},{"not_picked":["Havoc+1"],"picked":"SKIP","floor":19},{"not_picked":["Clothesline"],"picked":"SKIP","floor":20},{"not_picked":["Fire Breathing"],"picked":"SKIP","floor":21}],"player_experience":176808,"relics_obtained":[{"floor":6,"key":"MealTicket"},{"floor":9,"key":"CaptainsWheel"},{"floor":14,"key":"Omamori"}],"event_choices":[{"cards_removed":["Strike_R"],"damage_healed":0,"gold_gain":0,"player_choice":"Gave Gold","damage_taken":0,"max_hp_gain":0,"max_hp_loss":0,"event_name":"Beggar","floor":22,"gold_loss":75}],"is_beta":false,"boss_relics":[{"not_picked":["Runic Dome","Snecko Eye"],"picked":"Busted Crown"}],"items_purged_floors":[],"is_endless":false,"potions_floor_spawned":[1,4,8,12,13,18,19,21],"killed_by":"Slavers","ascension_level":0}}