{"host":"rolltorest","time":1612336815,"event":{"mods":["BaseMod","Minty Spire (QoL Compilation)","Relic Stats","Slay the Relics Exporter","StSLib"],"gold_per_floor":[118,136,136,136,153,173,173,173],"floor_reached":7,"language":"ENG","playtime":218,"items_purged":[],"score":86,"play_id":"69e727fb-80b7-4a74-bc14-da7748d8cb12","local_time":"20210202232015","is_ascension_mode":true,"campfire_choices":[],"circlet_count":0,"master_deck":["AscendersBane","Strike_B","Strike_B","Strike_B","Strike_B","Defend_B","Defend_B","Defend_B","Defend_B","Zap","Dualcast","Sweeping Beam","Biased Cognition","Coolheaded","Coolheaded"],"relics":["Black Star"],"acts_visited":["Exordium"],"potions_floor_usage":[7],"damage_taken":[{"damage":2,"enemies":"Cultist","floor":1,"turns":4},{"damage":1,"enemies":"2 Louse","floor":2,"turns":4},{"damage":7,"enemies":"Jaw Worm","floor":5,"turns":3},{"damage":17,"enemies":"Exordium Wildlife","floor":6,"turns":4},{"damage":8,"enemies":"Gremlin Nob","floor":7,"turns":3}],"seed_played":"-4431488944818281980","potions_obtained":[{"floor":1,"key":"LiquidBronze"},{"floor":2,"key":"EssenceOfSteel"},{"floor":5,"key":"PowerPotion"}],"is_trial":false,"path_per_floor":["M","M","?","?","M","M","E"],"character_chosen":"DEFECT","items_purchased":[],"campfire_rested":0,"item_purchase_floors":[],"current_hp_per_floor":[62,61,66,66,59,42,34,34],"gold":173,"neow_bonus":"BOSS_RELIC","is_daily":false,"chose_seed":false,"campfire_upgraded":0,"win_rate":0.0,"timestamp":1612336815,"path_taken":["M","M","?","?","M","M","E"],"items_purchased_type":[],"build_version":"2020-12-18","purchased_purges":0,"victory":false,"max_hp_per_floor":[71,71,76,76,76,76,76,76],"relic_stats":{"counters":[5,18],"Black Star":0,"obtain_stats":[{"Black Star":0,"Cracked Core":0},{"Black Star":0,"Cracked Core":0},{"Black Star":0,"Cracked Core":0}]},"card_choices":[{"not_picked":["Static Discharge","Storm","Chaos"],"picked":"SKIP","floor":1},{"not_picked":["Heatsinks","FTL"],"picked":"Sweeping Beam","floor":2},{"not_picked":["Stack","Turbo"],"picked":"Coolheaded","floor":5},{"not_picked":["Loop","Hologram"],"picked":"Coolheaded","floor":6}],"player_experience":1821466,"relics_obtained":[],"event_choices":[{"damage_healed":0,"gold_gain":0,"player_choice":"Donut","damage_taken":0,"max_hp_gain":5,"max_hp_loss":0,"event_name":"Big Fish","floor":3,"gold_loss":0},{"damage_healed":0,"gold_gain":0,"player_choice":"1 cards matched","damage_taken":0,"max_hp_gain":0,"max_hp_loss":0,"event_name":"Match and Keep!","floor":4,"gold_loss":0,"cards_obtained":["Biased Cognition"]}],"is_beta":true,"boss_relics":[],"items_purged_floors":[],"is_endless":false,"potions_floor_spawned":[1,2,5],"killed_by":"Gremlin Nob","ascension_level":20}}