{"host":"bf5upntvbdompq33","time":1612334329,"event":{"mods":["BaseMod","Colored Map","Colored Powertips","Curses Come First","Minty Spire (QoL Compilation)","StSLib","The Hierophant","The Mystic"],"gold_per_floor":[118,137,17,17,17,82,117,83,108,135,135,17,17,17,17,17,17],"floor_reached":16,"language":"ENG","playtime":749,"items_purged":[],"score":219,"play_id":"99bd958c-9305-4d38-8095-e09d3d894558","local_time":"20210202233849","is_ascension_mode":true,"campfire_choices":[{"data":"Uppercut","floor":11,"key":"SMITH"},{"data":"Whirlwind","floor":15,"key":"SMITH"}],"circlet_count":0,"master_deck":["AscendersBane","Strike_R","Strike_R","Strike_R+1","Strike_R","Strike_R","Defend_R","Defend_R","Defend_R","Defend_R","Bash+1","Whirlwind","Headbutt","Uppercut+1","Metallicize","Uppercut","Whirlwind+1","Clash+1","Flame Barrier","Dropkick+1","Regret"],"relics":["Burning Blood","NeowsBlessing","Centennial Puzzle","Tiny Chest","Whetstone","Bag of Preparation","Molten Egg 2","Regal Pillow","Mummified Hand"],"acts_visited":["Exordium"],"potions_floor_usage":[10,16],"damage_taken":[{"damage":0,"enemies":"Small Slimes","floor":1,"turns":1},{"damage":0,"enemies":"Jaw Worm","floor":2,"turns":1},{"damage":0,"enemies":"Gremlin Nob","floor":7,"turns":1},{"damage":30,"enemies":"3 Sentries","floor":10,"turns":5},{"damage":60,"enemies":"The Guardian","floor":16,"turns":11}],"seed_played":"8344783100952635532","potions_obtained":[{"floor":1,"key":"Explosive Potion"},{"floor":2,"key":"SpeedPotion"},{"floor":10,"key":"Fire Potion"}],"is_trial":false,"path_per_floor":["M","M","$","?","T","?","E","$","T","E","R","$","?","T","R","B"],"character_chosen":"IRONCLAD","items_purchased":["Uppercut","Metallicize","Whirlwind","Flame Barrier","Dropkick+1"],"campfire_rested":0,"item_purchase_floors":[3,3,8,12,12],"current_hp_per_floor":[74,75,75,72,72,72,75,75,75,51,51,51,51,51,51,0,0],"gold":17,"neow_bonus":"THREE_ENEMY_KILL","is_daily":false,"chose_seed":false,"campfire_upgraded":2,"win_rate":0.0,"timestamp":1612334329,"path_taken":["M","M","$","?","?","?","E","$","T","E","R","$","?","?","R","BOSS"],"items_purchased_type":["Card","Card","Card","Card","Card"],"build_version":"2020-12-22","purchased_purges":0,"victory":false,"max_hp_per_floor":[75,75,75,75,75,75,75,75,75,75,75,75,75,75,75,75,75],"card_choices":[{"not_picked":["Reckless Charge","Metallicize"],"picked":"Whirlwind","floor":1},{"not_picked":["Thunderclap","Blood for Blood"],"picked":"Headbutt","floor":2},{"not_picked":["Rampage","Thunderclap"],"picked":"Uppercut","floor":7},{"not_picked":["Twin Strike+1","Exhume"],"picked":"Clash+1","floor":10}],"player_experience":1357663,"relics_obtained":[{"floor":5,"key":"Tiny Chest"},{"floor":7,"key":"Whetstone"},{"floor":9,"key":"Bag of Preparation"},{"floor":10,"key":"Molten Egg 2"},{"floor":14,"key":"Mummified Hand"}],"event_choices":[{"damage_healed":0,"gold_gain":0,"player_choice":"Success","damage_taken":3,"relics_obtained":["Centennial Puzzle"],"max_hp_gain":0,"max_hp_loss":0,"event_name":"Scrap Ooze","floor":4,"gold_loss":0},{"damage_healed":0,"gold_gain":65,"player_choice":"Gained Gold","damage_taken":0,"max_hp_gain":0,"max_hp_loss":0,"event_name":"Golden Wing","floor":6,"gold_loss":0},{"damage_healed":0,"gold_gain":0,"player_choice":"Box","damage_taken":0,"relics_obtained":["Regal Pillow"],"max_hp_gain":0,"max_hp_loss":0,"event_name":"Big Fish","floor":13,"gold_loss":0,"cards_obtained":["Regret"]}],"is_beta":false,"boss_relics":[],"items_purged_floors":[],"is_endless":false,"potions_floor_spawned":[1,2,10],"killed_by":"The Guardian","ascension_level":14}}