{"host":"3asmp5aovk69ekg9","time":1612335114,"event":{"mods":["100% Spire Juice","BaseMod","BetterRewards","Colored Map","Colored Powertips","Dark Map","Hermit","Koishi","Magitek Elite","Minty Spire (QoL Compilation)","Permanent Neow","Remove Card Discount Mod","Shade Mod","StSLib","The Alterego","The Cursed","The Death Knight","The Fake Hero","The IronCluck","The Marked","The Senshi","The Wild Card"],"gold_per_floor":[110,110,124,135,29,62,76,109,109,186,184,215,215,245,245,343,343,358,378,77,91,91,124,138,138,138,170,170,198,277,195,195,297,297,310,310,360,237,237,268,127,154,154,186,186,186,200,216,216,216,216,216,79,113,113],"floor_reached":56,"language":"ENG","playtime":8061,"items_purged":["Strike_L","Strike_L","Strike_L","Defend_L","Strike_L","Aero","Defend_L","Defend_L","Defend_L","Defend_L","Balance"],"score":2009,"play_id":"7e69ac38-ed92-4302-bc16-0a8723eaf08d","local_time":"20210202225154","is_ascension_mode":true,"campfire_choices":[{"data":"Blizzard_P","floor":15,"key":"SMITH"},{"data":"Thunder_P","floor":25,"key":"SMITH"},{"data":"Bravery","floor":32,"key":"SMITH"},{"floor":49,"key":"RECALL"},{"data":"Shell","floor":52,"key":"SMITH"}],"circlet_count":0,"master_deck":["Fire2","Cure","Blizzard_P","Water","Bravery+1","Poisona","Magnus_Hat","Minerva_Bustier","Aero","Thunder_P","Minerva_Bustier","Ultima+1","Magnus_Hat","Protect_M+1","Panacea","Poisona+1","Haste+1","Bravery+1","Rasp+1","Magnus_Hat+1","Float2_Spell+1","Thousand_Needles","Mirage_Vest+1","Mystery_Veil+1","Blizzard_P","Circlet+1","Minerva_Bustier+1","Sadistic Nature","Madness+1","Madness+1","Bravery+1","Float2_Spell+1","Protect_M+1","Shell+1","Magnus_Hat+1","Float2_Spell","Sadistic Nature"],"relics":["Pendant","Membership Card","MealTicket","Letter Opener","Medical Kit","theSenshi:FeatherClipsRelic","White Beast Statue","Pear","Oddly Smooth Stone","HornCleat","Whetstone","Bottled Tornado","Matryoshka","Black Star","Lee\u0027s Waffle","Mythril_Glove","Art of War","Angel_Ring","Darkstone Periapt","Potion Belt","Toxic Egg 2","Toy Ornithopter","Bag of Preparation","Lantern","Pantograph","Orrery","Gem_Box","Ribbon","Question Card","Gambling Chip","Mummified Hand","Shovel","Juzu Bracelet","Meat on the Bone","Akabeko","Eternal Feather","Guard_Bracelet","Blood Vial"],"acts_visited":["Exordium","TheCity","TheBeyond","TheEnding"],"potions_floor_usage":[4,4,6,6,8,8,14,16,23,29,33,37,37,44,48,55,55,55],"damage_taken":[{"damage":2,"enemies":"Jaw Worm","floor":1,"turns":4},{"damage":0,"enemies":"Cultist","floor":3,"turns":5},{"damage":0,"enemies":"Small Slimes","floor":4,"turns":2},{"damage":20,"enemies":"3 Sentries","floor":6,"turns":5},{"damage":11,"enemies":"Looter","floor":7,"turns":3},{"damage":2,"enemies":"Gremlin Nob","floor":8,"turns":3},{"damage":5,"enemies":"Lagavulin","floor":12,"turns":10},{"damage":28,"enemies":"Gremlin Nob","floor":14,"turns":5},{"damage":0,"enemies":"Hexaghost","floor":16,"turns":7},{"damage":12,"enemies":"3 Byrds","floor":18,"turns":4},{"damage":17,"enemies":"Spheric Guardian","floor":19,"turns":6},{"damage":0,"enemies":"3 Cultists","floor":21,"turns":4},{"damage":0,"enemies":"Book of Stabbing","floor":23,"turns":5},{"damage":0,"enemies":"Snecko","floor":24,"turns":7},{"damage":5,"enemies":"Gremlin Leader","floor":27,"turns":7},{"damage":11,"enemies":"Book of Stabbing","floor":29,"turns":7},{"damage":36,"enemies":"Collector","floor":33,"turns":10},{"damage":0,"enemies":"Orb Walker","floor":35,"turns":3},{"damage":0,"enemies":"Mind Bloom Boss Battle","floor":37,"turns":5},{"damage":0,"enemies":"Nemesis","floor":40,"turns":3},{"damage":4,"enemies":"Reptomancer","floor":42,"turns":5},{"damage":0,"enemies":"Nemesis","floor":44,"turns":7},{"damage":0,"enemies":"3 Darklings","floor":47,"turns":1},{"damage":0,"enemies":"Transient","floor":48,"turns":5},{"damage":16,"enemies":"Awakened One","floor":50,"turns":13},{"damage":0,"enemies":"Shield and Spear","floor":54,"turns":5},{"damage":1,"enemies":"The Heart","floor":55,"turns":7}],"seed_played":"4431409102433868635","potions_obtained":[{"floor":1,"key":"SteroidPotion"},{"floor":3,"key":"DeathKnight:BottledBloodEchoes"},{"floor":4,"key":"Energy Potion"},{"floor":6,"key":"Energy Potion"},{"floor":7,"key":"Block Potion"},{"floor":8,"key":"Swift Potion"},{"floor":12,"key":"SteroidPotion"},{"floor":14,"key":"Energy Potion"},{"floor":16,"key":"Ancient Potion"},{"floor":18,"key":"Explosive Potion"},{"floor":19,"key":"DuplicationPotion"},{"floor":23,"key":"FairyPotion"},{"floor":24,"key":"Strength Potion"},{"floor":27,"key":"Block Potion"},{"floor":29,"key":"AttackPotion"},{"floor":33,"key":"Energy Potion"},{"floor":35,"key":"Weak Potion"},{"floor":37,"key":"LiquidBronze"},{"floor":42,"key":"Block Potion"},{"floor":44,"key":"Block Potion"},{"floor":47,"key":"DeathKnight:BottledBloodEchoes"},{"floor":48,"key":"DeathKnight:BottledBloodEchoes"}],"is_trial":false,"path_per_floor":["M","?","M","M","$","E","M","E","T","?","$","E","?","E","R","B",null,"M","M","$","M","?","E","M","R","T","E","?","E","T","$","R","B",null,"M","?","?","$","?","E","$","E","T","E","?","?","M","M","R","B",null,"R","$","E","B",null],"character_chosen":"MAGITEKELITE","items_purchased":["Membership Card","MealTicket","Letter Opener","Balance","Blizzard_P","Medical Kit","theSenshi:FeatherClipsRelic","Water","White Beast Statue","Pear","Bravery","Poisona","Aero","Magnus_Hat","Fire Potion","Circlet","Oddly Smooth Stone","Lee\u0027s Waffle","Protect_M","Panacea","Mythril_Glove","Art of War","Orrery","Minerva_Bustier+1","Sadistic Nature","Mummified Hand","Float2_Spell","Magnus_Hat+1","Float2_Spell","Sadistic Nature"],"campfire_rested":0,"item_purchase_floors":[0,0,0,0,0,0,0,0,0,0,0,0,0,0,0,5,5,20,20,20,20,20,31,38,38,41,41,53,53,53],"current_hp_per_floor":[40,40,52,58,73,65,66,70,70,70,73,73,83,61,61,73,81,75,70,90,90,90,90,90,90,90,90,63,64,64,79,79,71,85,90,90,90,90,79,85,90,90,90,90,63,63,69,86,90,80,88,90,90,90,90],"gold":113,"neow_bonus":"","is_daily":false,"chose_seed":false,"campfire_upgraded":4,"win_rate":0.0,"timestamp":1612335114,"path_taken":["M","?","M","M","$","E","M","E","T","?","$","E","?","E","R","BOSS","M","?","$","M","?","E","?","R","T","E","?","E","?","$","R","BOSS","M","?","?","$","?","E","$","E","T","E","?","?","M","M","R","BOSS","R","$","E","BOSS"],"items_purchased_type":["Relic","Relic","Relic","Card","Card","Relic","Relic","Card","Relic","Relic","Card","Card","Card","Card","Potion","Card","Relic","Relic","Card","Card","Relic","Relic","Relic","Card","Card","Relic","Card","Card","Card","Card"],"build_version":"2020-12-22","purchased_purges":11,"victory":true,"max_hp_per_floor":[73,73,73,73,73,73,73,73,73,73,73,73,83,83,83,83,83,83,83,90,90,90,90,90,90,90,90,90,90,90,90,90,90,90,90,90,90,90,90,90,90,90,90,90,90,90,90,90,90,90,90,90,90,90,90],"card_choices":[{"not_picked":["Heavy_Shield","Meltdown"],"picked":"Minerva_Bustier","floor":1},{"not_picked":["Circlet","Vox"],"picked":"Aero","floor":3},{"not_picked":["Icebrand","Mythril_Knife"],"picked":"Thunder_P","floor":4},{"not_picked":["Crystal_Sword","Throw","Transpose_P"],"picked":"SKIP","floor":6},{"not_picked":["Transfusion","Wall","Flare"],"picked":"SKIP","floor":7},{"not_picked":["Float2_Spell","Cursed_Shield"],"picked":"Minerva_Bustier","floor":8},{"not_picked":["Gladius","Lightbringer"],"picked":"Osmosis","floor":12},{"not_picked":["Blood_Hilt","Reflect","Protect_M"],"picked":"SKIP","floor":14},{"not_picked":["Remember","Diamond_Shield2"],"picked":"Ultima","floor":16},{"not_picked":["Mythril_Knife","Focus"],"picked":"Magnus_Hat","floor":18},{"not_picked":["Gaia_Gear","Barrier","Enhancer"],"picked":"SKIP","floor":19},{"not_picked":["Man_Eater","Circlet","Enhancer+1"],"picked":"SKIP","floor":21},{"not_picked":["Gravity","Faith"],"picked":"Poisona+1","floor":23},{"not_picked":["Flametongue","Meteor+1","Heavy_Shield"],"picked":"SKIP","floor":24},{"not_picked":["Falchion","Transpose2+1"],"picked":"Haste+1","floor":27},{"not_picked":["Falchion+1","Thunder_Blade"],"picked":"Bravery","floor":29},{"not_picked":["Man_Eater+1","Heavy_Shield+1"],"picked":"Rasp+1","floor":31},{"not_picked":["Thunder_Blade","Aero"],"picked":"Magnus_Hat+1","floor":31},{"not_picked":["Gladius","Falchion+1"],"picked":"Float2_Spell","floor":31},{"not_picked":["Aero","Gaia_Gear+1"],"picked":"Thousand_Needles","floor":31},{"not_picked":["Mythril_Knife","Icebrand"],"picked":"Mirage_Vest+1","floor":31},{"not_picked":["Quick+1","Valor+1"],"picked":"Mystery_Veil+1","floor":33},{"not_picked":["Magnus_Hat+1","Rasp+1"],"picked":"Blizzard_P","floor":35},{"not_picked":["Heavy_Shield+1","Blood_Hilt+1"],"picked":"Circlet+1","floor":37},{"not_picked":["Magnus_Hat+1","Holy"],"picked":"Bravery+1","floor":40},{"not_picked":["Flametongue","Crystal_Sword","Magnus_Hat+1","Gaia_Gear+1"],"picked":"SKIP","floor":42},{"not_picked":["Reflect","Slow+1","Magnus_Hat+1"],"picked":"Protect_M+1","floor":44},{"not_picked":["Heavy_Shield+1","Flametongue","Aero"],"picked":"Shell","floor":47},{"not_picked":["Force_Armor+1","Icebrand","Astra+1","Rune_Blade"],"picked":"SKIP","floor":48},{"not_picked":["Falchion","Quick+1","Blizzard_P","Gladius+1"],"picked":"SKIP","floor":54}],"player_experience":1273583,"relics_obtained":[{"floor":6,"key":"HornCleat"},{"floor":8,"key":"Whetstone"},{"floor":12,"key":"Bottled Tornado"},{"floor":14,"key":"Matryoshka"},{"floor":23,"key":"Angel_Ring"},{"floor":26,"key":"Darkstone Periapt"},{"floor":26,"key":"Potion Belt"},{"floor":27,"key":"Toxic Egg 2"},{"floor":29,"key":"Toy Ornithopter"},{"floor":29,"key":"Bag of Preparation"},{"floor":30,"key":"Lantern"},{"floor":30,"key":"Pantograph"},{"floor":37,"key":"Ribbon"},{"floor":40,"key":"Question Card"},{"floor":40,"key":"Gambling Chip"},{"floor":42,"key":"Shovel"},{"floor":42,"key":"Juzu Bracelet"},{"floor":43,"key":"Meat on the Bone"},{"floor":44,"key":"Akabeko"},{"floor":44,"key":"Eternal Feather"},{"floor":54,"key":"Guard_Bracelet"},{"floor":54,"key":"Blood Vial"}],"event_choices":[{"damage_healed":0,"gold_gain":0,"player_choice":"Leave","damage_taken":0,"max_hp_gain":0,"max_hp_loss":0,"event_name":"The Cleric","floor":2,"gold_loss":0},{"damage_healed":0,"gold_gain":77,"player_choice":"Gained Gold","damage_taken":0,"max_hp_gain":0,"max_hp_loss":0,"event_name":"Golden Wing","floor":10,"gold_loss":0},{"cards_removed":["Osmosis"],"damage_healed":0,"gold_gain":0,"player_choice":"Offered Rare","damage_taken":0,"max_hp_gain":10,"max_hp_loss":0,"event_name":"Bonfire Elementals","floor":13,"gold_loss":0},{"damage_healed":0,"gold_gain":0,"player_choice":"Ignored","damage_taken":0,"max_hp_gain":0,"max_hp_loss":0,"event_name":"Purifier","floor":22,"gold_loss":0},{"cards_removed":["Circlet"],"damage_healed":0,"gold_gain":0,"player_choice":"Removed Skill","damage_taken":0,"max_hp_gain":0,"max_hp_loss":0,"event_name":"Falling","floor":36,"gold_loss":0},{"damage_healed":0,"gold_gain":0,"player_choice":"Fight","damage_taken":0,"max_hp_gain":0,"max_hp_loss":0,"event_name":"MindBloom","floor":37,"gold_loss":0},{"damage_healed":0,"gold_gain":0,"player_choice":"Embrace Madness","damage_taken":11,"max_hp_gain":0,"max_hp_loss":0,"event_name":"Winding Halls","floor":39,"gold_loss":0,"cards_obtained":["Madness","Madness"]},{"damage_healed":0,"gold_gain":0,"player_choice":"Ignored","damage_taken":0,"max_hp_gain":0,"max_hp_loss":0,"event_name":"SecretPortal","floor":46,"gold_loss":0}],"is_beta":false,"boss_relics":[{"not_picked":["Runic Pyramid","Memories"],"picked":"Black Star"},{"not_picked":["theSenshi:MoonKaleidoScopeRelic","Empty Cage"],"picked":"Gem_Box"}],"items_purged_floors":[0,0,0,0,5,5,5,11,31,31,53],"is_endless":false,"potions_floor_spawned":[1,3,4,6,7,8,12,14,16,18,19,21,23,24,27,29,33,35,37,40,42,44,47,48,54],"ascension_level":8}}