{"host":"n8m0so6y44v0klfv","time":1612392637,"event":{"mods":["BaseMod","Colored Map","Downfall","Minty Spire (QoL Compilation)","StSLib"],"gold_per_floor":[99,113,133,186,204,243,266,56,89,83,83,96,96,109,128,235,235,35,56,73,73,73,182,208,108,150,94,118,118,155,174,200,314,314,314,338,347,347,357,400,426,48,48,73,73,217,238,261,278,278,278,322,33,33,33,33,33,33],"floor_reached":56,"language":"ENG","playtime":4432,"items_purged":["bronze:Strike","bronze:Defend","bronze:Defend","bronze:Strike"],"score":883,"play_id":"1b20e1ca-ed07-42be-9ba9-32eef2309e64","local_time":"20210203175037","is_ascension_mode":true,"campfire_choices":[{"data":"bronze:Flail","floor":1.0,"key":"SMITH"},{"floor":11.0,"key":"REST"},{"floor":13.0,"key":"REST"},{"floor":18.0,"key":"RECALL"},{"floor":25.0,"key":"REST"},{"data":"bronze:SpaghettiCode","floor":35.0,"key":"SMITH"},{"data":"Mayhem","floor":43.0,"key":"SMITH"},{"floor":54,"key":"REST"}],"circlet_count":0,"master_deck":["bronze:Defend+1","bronze:Defend+1","bronze:Replicate","bronze:Goto","bronze:Flail+1","bronze:ChosenStrike","bronze:GetLatest","bronze:Repulsor","bronze:BronzeOrb","bronze:InfiniteBeams","bronze:FindAndReplace","bronze:Boost","bronze:TinkerersToolbox","bronze:FollowUp","bronze:MaxOutput","bronze:Fortify","bronze:Repair","bronze:FineTuning","bronze:InfiniteBeams","bronze:Repulsor+1","bronze:SpaghettiCode+1","bronze:Format","bronze:ClassDefault","expansioncontent:AwakenDeath","bronze:FineTuning+1","Mayhem+1","Apotheosis","bronze:Constructor+1","bronze:ClassDefault+1","bronze:FineTuning+1"],"relics":["bronze:BronzeCore","CeramicFish","War Paint","Letter Opener","SlaversCollar","downfall:HeartBlessingGreen","downfall:HeartBlessingBlue","StoneCalendar","bronze:CableSpool","Potion Belt","downfall:HeartBlessingRed","Smiling Mask","Bronze Scales","Black Star","Sundial","HornCleat","MealTicket","Toy Ornithopter","Medical Kit","Lizard Tail","StrikeDummy","Orichalcum","TungstenRod","Thread and Needle"],"acts_visited":["Exordium","TheCity","TheBeyond","TheEnding"],"potions_floor_usage":[56,56,56,56],"damage_taken":[{"damage":0.0,"enemies":"Cultist","floor":2.0,"turns":3.0},{"damage":2.0,"enemies":"Jaw Worm","floor":3.0,"turns":2.0},{"damage":0.0,"enemies":"Small Slimes","floor":5.0,"turns":2.0},{"damage":39.0,"enemies":"Gremlin Nob","floor":6.0,"turns":5.0},{"damage":0.0,"enemies":"downfall:FleeingMerchant","floor":8.0,"turns":4.0},{"damage":20.0,"enemies":"Lagavulin","floor":9.0,"turns":6.0},{"damage":0.0,"enemies":"downfall:FleeingMerchant","floor":10.0,"turns":4.0},{"damage":3.0,"enemies":"Blue Slaver","floor":12.0,"turns":3.0},{"damage":2.0,"enemies":"Lots of Slimes","floor":14.0,"turns":2.0},{"damage":3.0,"enemies":"2 Fungi Beasts","floor":15.0,"turns":2.0},{"damage":41.0,"enemies":"IC_STATUS_ARCHETYPE","floor":16.0,"turns":7.0},{"damage":15.0,"enemies":"Chosen","floor":19.0,"turns":5.0},{"damage":28.0,"enemies":"Centurion and Healer","floor":20.0,"turns":5.0},{"damage":0.0,"enemies":"WA_ARCHETYPE_RETAIN","floor":23.0,"turns":5.0},{"damage":0.0,"enemies":"Slavers","floor":26.0,"turns":2.0},{"damage":2.0,"enemies":"downfall:FleeingMerchant","floor":27.0,"turns":4.0},{"damage":29.0,"enemies":"Snake Plant","floor":28.0,"turns":4.0},{"damage":2.0,"enemies":"Gremlin Leader","floor":30.0,"turns":5.0},{"damage":0.0,"enemies":"Cultist and Chosen","floor":31.0,"turns":3.0},{"damage":0.0,"enemies":"3 Cultists","floor":32.0,"turns":2.0},{"damage":29.0,"enemies":"DF_ARCHETYPE_CLAW","floor":33.0,"turns":7.0},{"damage":50.0,"enemies":"3 Darklings","floor":36.0,"turns":6.0},{"damage":16.0,"enemies":"3 Shapes","floor":39.0,"turns":1.0},{"damage":16.0,"enemies":"Giant Head","floor":40.0,"turns":8.0},{"damage":0.0,"enemies":"downfall:FleeingMerchant","floor":42.0,"turns":4.0},{"damage":48.0,"enemies":"Nemesis","floor":44.0,"turns":7.0},{"damage":0.0,"enemies":"downfall:FleeingMerchant","floor":46.0,"turns":1.0},{"damage":106.0,"enemies":"Transient","floor":47.0,"turns":5.0},{"damage":21.0,"enemies":"4 Shapes","floor":48.0,"turns":2.0},{"damage":55.0,"enemies":"Jaw Worm Horde","floor":49.0,"turns":5.0},{"damage":26.0,"enemies":"SI_POISON_ARCHETYPE","floor":50.0,"turns":9.0},{"damage":53,"enemies":"downfall:CharBossMerchant","floor":52,"turns":6},{"damage":6,"enemies":"downfall:NeowBoss","floor":55,"turns":11},{"damage":142,"enemies":"downfall:NeowBossFinal","floor":56,"turns":8}],"seed_played":"3217240174882239744","potions_obtained":[{"floor":2.0,"key":"SpeedPotion"},{"floor":3.0,"key":"FearPotion"},{"floor":9.0,"key":"ColorlessPotion"},{"floor":14.0,"key":"bronze:FreeFunctionsPotion"},{"floor":15.0,"key":"bronze:BuildAFunctionPotion"},{"floor":28.0,"key":"Strength Potion"},{"floor":30.0,"key":"LiquidBronze"},{"floor":32.0,"key":"bronze:FreeFunctionsPotion"},{"floor":40.0,"key":"Regen Potion"}],"is_trial":false,"path_per_floor":["R","M","M","T","M","E","T","$","E","$","R","M","R","M","M","B",null,"R","M","M","?","?","?","T","R","E","$","M","?","E","M","M","B",null,"R","M","?","T","M","E","T","$","R","E","?","$","M","M","M","B",null,"E","$","R","B","B"],"character_chosen":"THE_AUTOMATON","items_purchased":["bronze:TinkerersToolbox","Mayhem","Medical Kit","Apotheosis","Thread and Needle"],"campfire_rested":4,"item_purchase_floors":[8,42,42,46,53],"current_hp_per_floor":[70,70,68,68,68,29,29,29,9,9,30,27,48,46,43,2,70,80,65,37,37,37,37,37,61,61,59,37,90,88,90,90,68,90,90,47,47,47,31,22,22,45,45,34,34,49,45,24,24,8,90,37,52,79,83,0,0,0],"gold":33,"neow_bonus":"TRANSFORM_CARD","is_daily":false,"chose_seed":false,"campfire_upgraded":3,"win_rate":0.0,"timestamp":1612392637,"path_taken":["R","M","?","?","M","E","T","$","E","$","R","M","R","?","M","BOSS","R","M","M","?","?","?","T","R","E","?","?","?","E","M","M","BOSS","R","M","?","?","M","E","T","$","R","E","?","$","M","M","M","BOSS","E","$","R","BOSS","BOSS"],"items_purchased_type":["Card","Card","Relic","Card","Relic"],"build_version":"2020-12-22","purchased_purges":4,"victory":false,"max_hp_per_floor":[70,70,70,70,70,70,70,70,70,70,70,70,70,70,70,70,70,80,80,80,80,80,80,80,80,80,80,80,90,90,90,90,90,90,90,90,90,90,90,90,90,90,90,90,90,90,90,90,90,90,90,90,90,90,90,90,90,90],"card_choices":[{"not_picked":["bronze:WhirlingStrike","bronze:CloningBeam"],"picked":"bronze:ChosenStrike","floor":2.0},{"not_picked":["bronze:DelayedSlice","bronze:Turbo"],"picked":"bronze:GetLatest","floor":3.0},{"not_picked":["bronze:Deprecate","bronze:Turbo"],"picked":"bronze:Repulsor","floor":5.0},{"not_picked":["bronze:Repair","bronze:Optimize"],"picked":"bronze:BronzeOrb","floor":6.0},{"not_picked":["bronze:DarkDash","bronze:Overheat"],"picked":"bronze:InfiniteBeams","floor":8.0},{"not_picked":["bronze:Deprecate","bronze:BugBarrage","bronze:WildBeam"],"picked":"SKIP","floor":9.0},{"not_picked":["bronze:Optimize","bronze:Turbo"],"picked":"bronze:FindAndReplace","floor":10.0},{"not_picked":["bronze:DelayedGuard","bronze:ChosenStrike","bronze:BuggyMess"],"picked":"SKIP","floor":12.0},{"not_picked":["bronze:DelayedGuard","bronze:Invalidate","bronze:Backtrace"],"picked":"SKIP","floor":14.0},{"not_picked":["bronze:ForLoop","bronze:Deprecate"],"picked":"bronze:Boost","floor":15.0},{"not_picked":["bronze:ShipIt","bronze:HyperBeam"],"picked":"bronze:TinkerersToolbox","floor":16.0},{"not_picked":["bronze:Separator","bronze:Turbo"],"picked":"bronze:FollowUp","floor":19.0},{"not_picked":["bronze:DelayedSlice","bronze:WildBeam","bronze:Invalidate"],"picked":"SKIP","floor":20.0},{"not_picked":["bronze:BuggyMess","bronze:CutThrough+1"],"picked":"bronze:MaxOutput","floor":23.0},{"not_picked":["bronze:OilSpill+1","bronze:Turbo+1"],"picked":"bronze:Fortify","floor":26.0},{"not_picked":["bronze:Return","bronze:Backtrace"],"picked":"bronze:Repair","floor":27.0},{"not_picked":["bronze:DelayedSlice+1","bronze:Frontload+1"],"picked":"bronze:FineTuning","floor":28.0},{"not_picked":["bronze:OilSpill+1","bronze:MaxOutput"],"picked":"bronze:InfiniteBeams","floor":30.0},{"not_picked":["bronze:Separator","bronze:Branch"],"picked":"bronze:Repulsor+1","floor":31.0},{"not_picked":["bronze:DelayedGuard","bronze:Iterate"],"picked":"bronze:SpaghettiCode","floor":32.0},{"not_picked":["bronze:AlphaBuild","bronze:BurnOut"],"picked":"bronze:Format","floor":33.0},{"not_picked":["bronze:BronzeOrb","bronze:DelayedGuard"],"picked":"bronze:ClassDefault","floor":36.0},{"not_picked":["expansioncontent:Chronoboost","expansioncontent:LastStand"],"picked":"expansioncontent:AwakenDeath","floor":37.0},{"not_picked":["bronze:Turbo+1","bronze:WhirlingStrike","bronze:Overheat+1"],"picked":"SKIP","floor":39.0},{"not_picked":["bronze:BronzeOrb","bronze:BitShift"],"picked":"bronze:FineTuning+1","floor":40.0},{"not_picked":["bronze:ChosenStrike","bronze:ShipIt","bronze:Overheat"],"picked":"SKIP","floor":42.0},{"not_picked":["bronze:Refactor","bronze:Fortify+1","bronze:TinkerersToolbox"],"picked":"SKIP","floor":44.0},{"not_picked":["bronze:Shield","bronze:OilSpill","bronze:DelayedSlice"],"picked":"SKIP","floor":46.0},{"not_picked":["bronze:DelayedGuard","bronze:BitShift+1"],"picked":"bronze:Constructor+1","floor":47.0},{"not_picked":["bronze:Branch","bronze:Flail+1"],"picked":"bronze:ClassDefault+1","floor":48.0},{"not_picked":["bronze:Frontload+1","bronze:Refactor","bronze:WhirlingStrike+1"],"picked":"SKIP","floor":49.0},{"not_picked":["bronze:ItsAFeature+1","bronze:ChosenStrike"],"picked":"bronze:FineTuning+1","floor":52}],"player_experience":527453,"relics_obtained":[{"floor":6.0,"key":"CeramicFish"},{"floor":7.0,"key":"War Paint"},{"floor":9.0,"key":"Letter Opener"},{"floor":23.0,"key":"StoneCalendar"},{"floor":23.0,"key":"bronze:CableSpool"},{"floor":24.0,"key":"Potion Belt"},{"floor":26.0,"key":"Smiling Mask"},{"floor":30.0,"key":"Bronze Scales"},{"floor":38.0,"key":"Sundial"},{"floor":40.0,"key":"HornCleat"},{"floor":40.0,"key":"MealTicket"},{"floor":41.0,"key":"Toy Ornithopter"},{"floor":44.0,"key":"Lizard Tail"},{"floor":44.0,"key":"StrikeDummy"},{"floor":52,"key":"Orichalcum"},{"floor":52,"key":"TungstenRod"}],"event_choices":[{"cards_removed":["bronze:TinkerersToolbox"],"damage_healed":43.0,"max_hp_gain":10.0,"max_hp_loss":0.0,"gold_gain":0.0,"event_name":"Bonfire Elementals","player_choice":"Offered Rare","floor":29.0,"gold_loss":0.0,"damage_taken":0.0}],"is_beta":false,"boss_relics":[{"not_picked":["Philosopher\u0027s Stone","Sozu"],"picked":"SlaversCollar"},{"not_picked":["Runic Pyramid","Calling Bell"],"picked":"Black Star"}],"items_purged_floors":[8,27,42,46],"is_endless":false,"potions_floor_spawned":[2,3,9,14,15,19,28,30,32,40,47,48],"killed_by":"downfall:NeowBossFinal","ascension_level":2}}