{"host":"jlk2k69f9c6o7b3e","time":1612342627,"event":{"mods":["AchievementEnabler","BaseMod","Minty Spire (QoL Compilation)","StSLib"],"gold_per_floor":[111,122,14,27,45,45,76,104,116,163,197,209,221,259,271,388,400,424,454,476,488,354,384,384,414,414,431,448,463,476,502,502,601,601,614,614,614,614,631,657,479,479,479,512,522,551,601,636,636,636,636,636,18,53,53],"floor_reached":56,"language":"ZHS","playtime":5066,"items_purged":["Defend_B","Strike_B"],"score":1794,"play_id":"70386797-71f3-405d-9a1e-a72bbb42dff6","local_time":"20210203165707","is_ascension_mode":true,"campfire_choices":[{"data":"Apotheosis","floor":6.0,"key":"SMITH"},{"floor":13.0,"key":"RECALL"},{"floor":15.0,"key":"REST"},{"floor":24.0,"key":"REST"},{"floor":32,"key":"REST"},{"floor":42,"key":"REST"},{"floor":49,"key":"REST"},{"floor":52,"key":"REST"}],"circlet_count":0,"master_deck":["Strike_B","Defend_B","Zap","Dualcast","Apotheosis+1","Loop","Go for the Eyes","Hologram","Self Repair","Coolheaded","Conserve Battery","Creative AI","Chill","Loop","Turbo","Hologram","Skim","Biased Cognition","Defragment","Chill","Redo+1","Double Energy","Fusion","Undo+1","Cold Snap","Conserve Battery+1","Redo+1","Biased Cognition","Double Energy","Echo Form","Consume","Static Discharge+1","Coolheaded","Reboot","Capacitor","Impatience","Steam Power+1","Capacitor","Coolheaded","Skim","Consume","Force Field","All For One","Capacitor+1","Self Repair+1"],"relics":["Cracked Core","MawBank","Nunchaku","Smiling Mask","Odd Mushroom","Bottled Lightning","Fusion Hammer","Orrery","PreservedInsect","Mummified Hand","Torii","Philosopher\u0027s Stone","Regal Pillow","Sundial","Frozen Egg 2","Bag of Preparation","Pocketwatch","Ginger","DollysMirror","Lizard Tail","Letter Opener"],"acts_visited":["Exordium","TheCity","TheBeyond","TheEnding"],"potions_floor_usage":[30,33,39,40,44,55,55,55],"damage_taken":[{"damage":0.0,"enemies":"Cultist","floor":1.0,"turns":4.0},{"damage":4.0,"enemies":"2 Louse","floor":2.0,"turns":3.0},{"damage":0.0,"enemies":"Small Slimes","floor":4.0,"turns":4.0},{"damage":7.0,"enemies":"Blue Slaver","floor":5.0,"turns":3.0},{"damage":10.0,"enemies":"3 Sentries","floor":7.0,"turns":6.0},{"damage":12.0,"enemies":"2 Fungi Beasts","floor":8.0,"turns":4.0},{"damage":25.0,"enemies":"Lagavulin","floor":10.0,"turns":8.0},{"damage":6.0,"enemies":"The Mushroom Lair","floor":11.0,"turns":5.0},{"damage":22.0,"enemies":"3 Sentries","floor":14.0,"turns":4.0},{"damage":44.0,"enemies":"Hexaghost","floor":16.0,"turns":8.0},{"damage":49.0,"enemies":"3 Byrds","floor":18.0,"turns":5.0},{"damage":0.0,"enemies":"Shell Parasite","floor":19.0,"turns":5.0},{"damage":4.0,"enemies":"Snake Plant","floor":20.0,"turns":4.0},{"damage":0.0,"enemies":"Gremlin Leader","floor":23.0,"turns":8.0},{"damage":34.0,"enemies":"Slavers","floor":25.0,"turns":4.0},{"damage":1.0,"enemies":"Shelled Parasite and Fungi","floor":27.0,"turns":5.0},{"damage":16,"enemies":"Chosen and Byrds","floor":28,"turns":5},{"damage":0,"enemies":"Snecko","floor":29,"turns":5},{"damage":7,"enemies":"Sentry and Sphere","floor":30,"turns":6},{"damage":22,"enemies":"Gremlin Leader","floor":31,"turns":8},{"damage":1,"enemies":"Champ","floor":33,"turns":7},{"damage":0,"enemies":"3 Darklings","floor":35,"turns":5},{"damage":0,"enemies":"3 Shapes","floor":39,"turns":5},{"damage":0,"enemies":"Reptomancer","floor":40,"turns":5},{"damage":0,"enemies":"Nemesis","floor":44,"turns":5},{"damage":8,"enemies":"Sphere and 2 Shapes","floor":45,"turns":6},{"damage":0,"enemies":"Giant Head","floor":46,"turns":5},{"damage":1,"enemies":"2 Orb Walkers","floor":47,"turns":4},{"damage":0,"enemies":"Nemesis","floor":48,"turns":6},{"damage":0,"enemies":"Donu and Deca","floor":50,"turns":8},{"damage":0,"enemies":"Shield and Spear","floor":54,"turns":5},{"damage":48,"enemies":"The Heart","floor":55,"turns":7}],"seed_played":"-49345997912826755","potions_obtained":[{"floor":1.0,"key":"Block Potion"},{"floor":2.0,"key":"Explosive Potion"},{"floor":7.0,"key":"AttackPotion"},{"floor":14.0,"key":"GamblersBrew"},{"floor":18.0,"key":"DuplicationPotion"},{"floor":20.0,"key":"PowerPotion"},{"floor":27.0,"key":"SteroidPotion"},{"floor":28,"key":"Swift Potion"},{"floor":30,"key":"SteroidPotion"},{"floor":33,"key":"Weak Potion"},{"floor":39,"key":"PowerPotion"},{"floor":40,"key":"Block Potion"},{"floor":45,"key":"AttackPotion"},{"floor":46,"key":"Fire Potion"},{"floor":54,"key":"LiquidMemories"}],"is_trial":false,"path_per_floor":["M","M","$","M","M","R","E","M","T","E","?","?","R","E","R","B",null,"M","M","M","?","$","E","R","E","T","M","M","M","M","E","R","B",null,"M","?","?","?","M","E","$","R","T","E","M","E","?","E","R","B",null,"R","$","E","B",null],"character_chosen":"DEFECT","items_purchased":["Hologram","Self Repair","Orrery","Capacitor","Coolheaded","DollysMirror","Lizard Tail","Self Repair+1","FearPotion"],"campfire_rested":6,"item_purchase_floors":[3,3,22,41,41,53,53,53,53],"current_hp_per_floor":[68,64,64,68,68,68,68,66,66,51,55,55,55,40,60,26,68,29,39,45,45,45,55,68,44,44,53,47,57,60,58,68,68,68,68,68,63,68,68,68,68,68,68,68,68,68,68,68,68,68,68,68,68,68,40],"gold":53,"neow_bonus":"RANDOM_COLORLESS_2","is_daily":false,"chose_seed":false,"campfire_upgraded":1,"win_rate":0.0,"timestamp":1612342627,"path_taken":["M","M","?","M","M","R","E","M","T","E","?","?","R","E","R","BOSS","M","M","M","?","$","E","R","E","T","M","M","M","M","E","R","BOSS","M","?","?","?","M","E","$","R","T","E","?","E","?","E","R","BOSS","R","$","E","BOSS"],"items_purchased_type":["Card","Card","Relic","Card","Card","Relic","Relic","Card","Potion"],"build_version":"2020-12-22","purchased_purges":2,"victory":true,"max_hp_per_floor":[68,68,68,68,68,68,68,68,68,68,68,68,68,68,68,68,68,68,68,68,68,68,68,68,68,68,68,68,68,68,68,68,68,68,68,68,68,68,68,68,68,68,68,68,68,68,68,68,68,68,68,68,68,68,68],"card_choices":[{"not_picked":["Secret Technique","Mayhem"],"picked":"Apotheosis","floor":0.0},{"not_picked":["Double Energy","Redo"],"picked":"Loop","floor":1.0},{"not_picked":["Stack","Beam Cell"],"picked":"Go for the Eyes","floor":2.0},{"not_picked":["Redo","FTL"],"picked":"Coolheaded","floor":4.0},{"not_picked":["Streamline","Go for the Eyes"],"picked":"Conserve Battery","floor":5.0},{"not_picked":["Ball Lightning","Heatsinks"],"picked":"Creative AI","floor":7.0},{"not_picked":["Go for the Eyes","Ball Lightning"],"picked":"Chill","floor":8.0},{"not_picked":["Self Repair","Coolheaded"],"picked":"Loop","floor":10.0},{"not_picked":["Barrage","Stack"],"picked":"Turbo","floor":11.0},{"not_picked":["Gash","Undo"],"picked":"Skim","floor":14.0},{"not_picked":["Seek","Hyperbeam"],"picked":"Biased Cognition","floor":16.0},{"not_picked":["Redo+1","Skim"],"picked":"Defragment","floor":18.0},{"not_picked":["Conserve Battery+1","Reprogram"],"picked":"Chill","floor":19.0},{"not_picked":["Gash","Conserve Battery"],"picked":"Redo+1","floor":20.0},{"not_picked":["Leap","Go for the Eyes"],"picked":"Undo+1","floor":22.0},{"not_picked":["Streamline","Hologram"],"picked":"Cold Snap","floor":22.0},{"not_picked":["Steam","Hologram"],"picked":"Conserve Battery+1","floor":22.0},{"not_picked":["Cold Snap","Hologram"],"picked":"Redo+1","floor":22.0},{"not_picked":["Compile Driver","FTL+1"],"picked":"Biased Cognition","floor":22.0},{"not_picked":["Leap","Darkness"],"picked":"Double Energy","floor":23.0},{"not_picked":["Conserve Battery","Gash","Steam"],"picked":"SKIP","floor":25.0},{"not_picked":["Turbo","Hologram"],"picked":"Echo Form","floor":27.0},{"not_picked":["FTL","Stack+1"],"picked":"Consume","floor":28},{"not_picked":["Conserve Battery","Streamline"],"picked":"Static Discharge+1","floor":29},{"not_picked":["Gash","Hologram"],"picked":"Coolheaded","floor":30},{"not_picked":["Undo","BootSequence","Consume"],"picked":"SKIP","floor":31},{"not_picked":["Thunder Strike","Meteor Strike"],"picked":"Reboot","floor":33},{"not_picked":["Conserve Battery+1","Turbo"],"picked":"Capacitor","floor":35},{"not_picked":["Madness","Transmutation"],"picked":"Forethought","floor":37},{"not_picked":["Transmutation","Trip"],"picked":"Impatience","floor":37},{"not_picked":["Double Energy","Stack+1"],"picked":"Steam Power+1","floor":39},{"not_picked":["Fusion","Aggregate","BootSequence"],"picked":"SKIP","floor":40},{"not_picked":["Leap+1","Aggregate"],"picked":"Skim","floor":44},{"not_picked":["Redo","Streamline+1"],"picked":"Consume","floor":45},{"not_picked":["Stack","Go for the Eyes+1","Cold Snap"],"picked":"SKIP","floor":46},{"not_picked":["Compile Driver+1","Steam+1"],"picked":"Force Field","floor":47},{"not_picked":["Rip and Tear+1","Reprogram"],"picked":"All For One","floor":48},{"not_picked":["Glacier","Cold Snap","Stack"],"picked":"SKIP","floor":54}],"player_experience":335190,"relics_obtained":[{"floor":7.0,"key":"MawBank"},{"floor":9.0,"key":"Nunchaku"},{"floor":10.0,"key":"Smiling Mask"},{"floor":11.0,"key":"Odd Mushroom"},{"floor":14.0,"key":"Bottled Lightning"},{"floor":23.0,"key":"PreservedInsect"},{"floor":25.0,"key":"Mummified Hand"},{"floor":31,"key":"Torii"},{"floor":40,"key":"Regal Pillow"},{"floor":43,"key":"Sundial"},{"floor":44,"key":"Frozen Egg 2"},{"floor":46,"key":"Bag of Preparation"},{"floor":47,"key":"Pocketwatch"},{"floor":48,"key":"Ginger"},{"floor":54,"key":"Letter Opener"}],"event_choices":[{"damage_healed":0.0,"max_hp_gain":0.0,"max_hp_loss":0.0,"gold_gain":0.0,"event_name":"Mushrooms","player_choice":"Fought Mushrooms","floor":11.0,"gold_loss":0.0,"damage_taken":0.0},{"damage_healed":0.0,"max_hp_gain":0.0,"max_hp_loss":0.0,"gold_gain":0.0,"cards_transformed":["Defend_B"],"event_name":"Living Wall","player_choice":"Change","floor":12.0,"gold_loss":0.0,"damage_taken":0.0,"cards_obtained":["Hologram"]},{"damage_healed":0.0,"max_hp_gain":0.0,"max_hp_loss":0.0,"gold_gain":0.0,"cards_transformed":["Strike_B","Defend_B"],"event_name":"Drug Dealer","player_choice":"Became Test Subject","floor":21.0,"gold_loss":0.0,"damage_taken":0.0,"cards_obtained":["Double Energy","Fusion"]},{"cards_removed":["Strike_B"],"damage_healed":0,"gold_gain":0,"player_choice":"Removed Attack","damage_taken":0,"max_hp_gain":0,"max_hp_loss":0,"event_name":"Falling","floor":36,"gold_loss":0},{"damage_healed":0,"gold_gain":0,"player_choice":"Memory 2","damage_taken":5,"max_hp_gain":0,"max_hp_loss":0,"event_name":"SensoryStone","floor":37,"gold_loss":0},{"cards_removed":["Forethought"],"damage_healed":5,"gold_gain":0,"player_choice":"Offered Uncommon","damage_taken":0,"max_hp_gain":0,"max_hp_loss":0,"event_name":"Bonfire Elementals","floor":38,"gold_loss":0},{"damage_healed":0,"gold_gain":0,"player_choice":"Fight","damage_taken":0,"max_hp_gain":0,"max_hp_loss":0,"event_name":"Mysterious Sphere","floor":47,"gold_loss":0}],"is_beta":false,"boss_relics":[{"not_picked":["Nuclear Battery","Runic Pyramid"],"picked":"Fusion Hammer"},{"not_picked":["Coffee Dripper","Busted Crown"],"picked":"Philosopher\u0027s Stone"}],"items_purged_floors":[41,53],"is_endless":false,"potions_floor_spawned":[1,2,7,14,18,20,27,28,30,33,39,40,45,46,54],"ascension_level":4}}