{"host":"dvpvhz1t6etneyb3","time":1612373538,"event":{"mods":["AchievementEnabler","BaseMod","Colored Map","Highlight Path","Minty Spire (QoL Compilation)","Permanent Neow","Quick Restart"],"gold_per_floor":[366,379,391,6,6,35,35,35,61,88,53,53,53],"floor_reached":12,"language":"ENG","playtime":454,"items_purged":[],"score":172,"play_id":"2cc19a24-a1f6-4706-b870-7fb57496e348","local_time":"20210203123218","is_ascension_mode":true,"campfire_choices":[{"floor":7.0,"key":"REST"}],"circlet_count":0,"master_deck":["AscendersBane","Strike_G+1","Strike_G","Strike_G","Strike_G","Strike_G+1","Defend_G+1","Defend_G","Defend_G","Defend_G","Defend_G+1","Survivor","Neutralize","Blade Dance","Dagger Throw","Dagger Throw","Blade Dance","Footwork"],"relics":["Ring of the Snake","War Paint","ClockworkSouvenir","Whetstone","Question Card","Tiny Chest","Sundial"],"acts_visited":["Exordium"],"potions_floor_usage":[],"damage_taken":[{"damage":0.0,"enemies":"2 Louse","floor":1.0,"turns":5.0},{"damage":2.0,"enemies":"Jaw Worm","floor":2.0,"turns":4.0},{"damage":1.0,"enemies":"Small Slimes","floor":3.0,"turns":3.0},{"damage":23.0,"enemies":"3 Sentries","floor":6.0,"turns":11.0},{"damage":34,"enemies":"Lagavulin","floor":10,"turns":8},{"damage":41,"enemies":"Gremlin Nob","floor":12,"turns":4}],"seed_played":"5534757309489143182","potions_obtained":[{"floor":2.0,"key":"Dexterity Potion"}],"is_trial":false,"path_per_floor":["M","M","M","$","?","E","R","?","T","E","?","E"],"character_chosen":"THE_SILENT","items_purchased":["War Paint","ClockworkSouvenir","Dagger Throw"],"campfire_rested":1,"item_purchase_floors":[4,4,4],"current_hp_per_floor":[59,57,56,56,56,33,51,40,40,6,21,0,0],"gold":53,"neow_bonus":"TWO_FIFTY_GOLD","is_daily":false,"chose_seed":false,"campfire_upgraded":0,"win_rate":0.0,"timestamp":1612373538,"path_taken":["M","M","M","$","?","E","R","?","T","E","?","E"],"items_purchased_type":["Relic","Relic","Card"],"build_version":"2020-12-22","purchased_purges":0,"victory":false,"max_hp_per_floor":[60,60,60,60,60,60,60,60,60,60,60,60,60],"card_choices":[{"not_picked":["Deadly Poison","Cloak And Dagger"],"picked":"Blade Dance","floor":1.0},{"not_picked":["Caltrops","Quick Slash"],"picked":"Dagger Throw","floor":2.0},{"not_picked":["Bane","Cloak And Dagger","Reflex"],"picked":"SKIP","floor":3.0},{"not_picked":["Escape Plan","Catalyst"],"picked":"Blade Dance","floor":6.0},{"not_picked":["Choke","All Out Attack","Bane"],"picked":"Footwork","floor":10}],"player_experience":2133544,"relics_obtained":[{"floor":6.0,"key":"Whetstone"},{"floor":9.0,"key":"Tiny Chest"},{"floor":10,"key":"Sundial"}],"event_choices":[{"damage_healed":0.0,"max_hp_gain":0.0,"max_hp_loss":0.0,"gold_gain":0.0,"event_name":"Liars Game","player_choice":"Ignored","floor":5.0,"gold_loss":0.0,"damage_taken":0.0},{"damage_healed":0.0,"max_hp_gain":0.0,"max_hp_loss":0.0,"gold_gain":0.0,"event_name":"Scrap Ooze","player_choice":"Success","floor":8.0,"gold_loss":0.0,"damage_taken":11.0,"relics_obtained":["Question Card"]},{"damage_healed":15,"gold_gain":0,"player_choice":"Healed","damage_taken":0,"max_hp_gain":0,"max_hp_loss":0,"event_name":"The Cleric","floor":11,"gold_loss":35}],"is_beta":false,"boss_relics":[],"items_purged_floors":[],"is_endless":false,"potions_floor_spawned":[2],"killed_by":"Gremlin Nob","ascension_level":20}}