{"host":"benup6enu91i1qg3","time":1612364092,"event":{"mods":["Act Like it!","BaseMod","Challenge The Spire","Downfall","Minty Spire (QoL Compilation)","Reorder Act Four","Replay The Spire","StSLib","UnlockEverythingMod","¡¾ÒÅÎï¿¨ÅÆ¡¿REMEMod"],"gold_per_floor":[99,110,122,137,46,46,125,125,125,152,152,152,152,62,81,182,182,182,196,206,222,235,235,235,235],"floor_reached":23,"language":"ZHS","playtime":2895,"items_purged":["bronze:Defend"],"score":181,"play_id":"6fb86591-7353-4dfd-822e-b1eceaa2c825","local_time":"20210203225452","is_ascension_mode":false,"campfire_choices":[{"data":"bronze:Goto","floor":1.0,"key":"SMITH"},{"data":"bronze:MaxOutput","floor":6.0,"key":"SMITH"},{"data":"bronze:Turbo","floor":9.0,"key":"SMITH"},{"data":"bronze:Defend","floor":12.0,"key":"SMITH"},{"data":"bronze:Replicate","floor":18.0,"key":"SMITH"}],"circlet_count":0,"master_deck":["bronze:Defend+1","bronze:Defend+1","bronze:Replicate+1","bronze:Goto+1","bronze:Overheat","bronze:Turbo+1","bronze:Boost","bronze:Frontload","bronze:MaxOutput+1","bronze:OilSpill","bronze:Philosophize","bronze:Branch","bronze:FineTuning","bronze:Mutator","bronze:Overload+1","bronze:Safeguard+1","bronze:MaxOutput+1","bronze:Deprecate+1","bronze:Flail+1","bronze:Optimize","bronze:Repair+1"],"relics":["bronze:BronzeCore","REME_ComplimentaryCards","ReplayTheSpireMod:Shallot","Odd Mushroom","Astrolabe"],"acts_visited":["Exordium","TheCity"],"potions_floor_usage":[23,23,23],"damage_taken":[{"damage":1.0,"enemies":"Cultist","floor":2.0,"turns":4.0},{"damage":5.0,"enemies":"Small Slimes","floor":3.0,"turns":3.0},{"damage":2.0,"enemies":"2 Louse","floor":4.0,"turns":3.0},{"damage":0.0,"enemies":"downfall:FleeingMerchant","floor":5.0,"turns":4.0},{"damage":17.0,"enemies":"The Mushroom Lair","floor":10.0,"turns":5.0},{"damage":0.0,"enemies":"downfall:FleeingMerchant","floor":14.0,"turns":4.0},{"damage":1.0,"enemies":"Red Slaver","floor":15.0,"turns":2.0},{"damage":14.0,"enemies":"IC_STATUS_ARCHETYPE","floor":16.0,"turns":9.0},{"damage":10.0,"enemies":"Chosen","floor":19.0,"turns":5.0},{"damage":0.0,"enemies":"Spheric Guardian","floor":20.0,"turns":4.0},{"damage":14.0,"enemies":"Shelled Parasite and Fungi","floor":21.0,"turns":6.0},{"damage":3.0,"enemies":"3 Cultists","floor":22.0,"turns":6.0},{"damage":36,"enemies":"Book of Stabbing","floor":23,"turns":7}],"seed_played":"6468879070737159298","potions_obtained":[{"floor":3.0,"key":"champ:CounterPotion"},{"floor":4.0,"key":"Guardian:BlockOnCardUsePotion"},{"floor":15.0,"key":"Slimebound:ThreeZeroPotion"},{"floor":19.0,"key":"FearPotion"},{"floor":22.0,"key":"Doom Potion"}],"is_trial":false,"path_per_floor":["R","M","M","M","$","R","T","?","R","?","?","R","?","$","M","B",null,"R","M","M","M","M","E"],"character_chosen":"THE_AUTOMATON","items_purchased":["bronze:MaxOutput"],"campfire_rested":0,"item_purchase_floors":[5],"current_hp_per_floor":[77,76,71,69,69,69,69,69,69,52,52,52,52,52,51,37,77,77,67,67,53,50,24,24,24],"gold":235,"neow_bonus":"TEN_PERCENT_HP_BONUS","is_daily":false,"chose_seed":false,"campfire_upgraded":5,"win_rate":0.0,"timestamp":1612364092,"path_taken":["R","M","M","M","$","R","T","?","R","?","?","R","?","?","M","BOSS","R","M","M","M","M","E"],"items_purchased_type":["Card"],"build_version":"2020-12-22","purchased_purges":1,"victory":false,"max_hp_per_floor":[77,77,77,77,77,77,77,77,77,77,77,77,77,77,77,77,77,77,77,77,77,77,77,77,77],"card_choices":[{"not_picked":["bronze:Shield","bronze:CutThrough"],"picked":"bronze:Overheat","floor":2.0},{"not_picked":["bronze:Deprecate","bronze:Shell"],"picked":"bronze:Turbo","floor":3.0},{"not_picked":["bronze:Repair","bronze:ClassDefault"],"picked":"bronze:Boost","floor":4.0},{"not_picked":["bronze:OilSpill","bronze:Turbo"],"picked":"bronze:Frontload","floor":5.0},{"not_picked":["bronze:ChildClass","bronze:BitShift"],"picked":"bronze:Philosophize","floor":10.0},{"not_picked":["bronze:CloningBeam","bronze:Virus"],"picked":"bronze:Branch","floor":14.0},{"not_picked":["bronze:WhirlingStrike","bronze:ForceShield"],"picked":"bronze:FineTuning","floor":15.0},{"not_picked":["bronze:Format","bronze:Break"],"picked":"bronze:Mutator","floor":16.0},{"not_picked":["bronze:DelayedGuard+1","bronze:Backtrace"],"picked":"bronze:Deprecate+1","floor":19.0},{"not_picked":["bronze:Shield","bronze:Fortify+1"],"picked":"bronze:Flail+1","floor":20.0},{"not_picked":["bronze:BitShift","bronze:Turbo"],"picked":"bronze:Optimize","floor":21.0},{"not_picked":["bronze:Allocate","bronze:Overheat"],"picked":"bronze:Repair+1","floor":22.0}],"player_experience":40066,"relics_obtained":[{"floor":7.0,"key":"ReplayTheSpireMod:Shallot"},{"floor":10.0,"key":"Odd Mushroom"}],"event_choices":[{"damage_healed":0.0,"max_hp_gain":0.0,"max_hp_loss":0.0,"gold_gain":0.0,"event_name":"Mushrooms","player_choice":"Fought Mushrooms","floor":10.0,"gold_loss":0.0,"damage_taken":0.0}],"is_beta":false,"boss_relics":[{"not_picked":["Tiny House","Pandora\u0027s Box"],"picked":"Astrolabe"}],"items_purged_floors":[14],"is_endless":false,"potions_floor_spawned":[3,4,15,19,22],"killed_by":"Book of Stabbing","ascension_level":0}}