{"host":"z6c1sol8rulx2ubz","time":1612394478,"event":{"mods":["AchievementEnabler","Act Like it!","BaseMod","Better Note","Better Third Choice","Downfall","Elementarium","Gold Saver","Hallownest","Infinite Spire","Minty Spire (QoL Compilation)","Quick Restart","Rare Cards Sparkle","StSLib","The Bug Knight","Wandering Minibosses"],"gold_per_floor":[195,211,211,39,51,51,128,128,154,54,69,64,71,106,114,200,200,100,112,112,112,466,498,498,498,512,512,542,557,557,576,592,695,695,595,612,264,283,333,333,333,343,357,404,404,257,272,287,299,299,299,325,23,23,23,23,23,23],"floor_reached":56,"language":"ENG","playtime":5307,"items_purged":[],"score":726,"play_id":"d45aa176-c378-4e3d-bff3-a203b7313905","local_time":"20210203232118","is_ascension_mode":false,"campfire_choices":[{"data":"1","floor":1,"key":"LIFT"},{"data":"2","floor":10,"key":"LIFT"},{"data":"3","floor":18,"key":"LIFT"},{"floor":27,"key":"REST"},{"floor":30,"key":"RECALL"},{"data":"bronze:Verify","floor":35,"key":"SMITH"},{"data":"bronze:MaxOutput","floor":45,"key":"SMITH"},{"floor":54,"key":"REST"},{"data":"bronze:Return","floor":54,"key":"SMITH"}],"circlet_count":0,"master_deck":["bronze:Strike+1","bronze:Strike","bronze:Strike","bronze:Defend","bronze:Defend","bronze:Replicate","bronze:Goto","bronze:ChosenStrike","bronze:BuggyMess","bronze:ClassDefault","bronze:Boost","bronze:Boost","bronze:Overload","bronze:Fortify+1","bronze:Mutator","bronze:MaxOutput+1","bronze:BuggyMess+1","bronze:CutThrough","bronze:Optimize","bronze:FineTuning+1","bronze:ItsAFeature","bronze:Verify+1","bronze:Allocate+1","bronze:Return+1","bronze:BuggyMess+1","bronze:DelayedGuard+1","bronze:BronzeArmor+1"],"relics":["bronze:BronzeCore","Girya","Sling","infinitespire:Satchel","downfall:HeartBlessingGreen","Bag of Marbles","expansioncontent:StudyCardRelic","downfall:HeartBlessingBlue","downfall:KnowingSkull","wanderingMiniBosses:MasterThiefsPresence","Guardian:GemstoneGun","HollowMod:StagPassRelic","Omamori","Guardian:PocketSentry","bronze:MakeshiftBattery","downfall:HeartBlessingRed","HollowMod:JonisBlessing","infinitespire:Magic Flask","Vajra","Gremlin Horn","infinitespire:Joker Card","Whetstone","infinitespire:Golems Mask"],"acts_visited":["Exordium","TheCity","TheBeyond","TheEnding"],"potions_floor_usage":[9,12,14,16,23,23,26,33,37,42,44,50,50,52,56],"damage_taken":[{"damage":1,"enemies":"Small Slimes","floor":2,"turns":4},{"damage":9,"enemies":"downfall:FleeingMerchant","floor":4,"turns":4},{"damage":3,"enemies":"Cultist","floor":5,"turns":2},{"damage":15,"enemies":"Gremlin Nob","floor":9,"turns":5},{"damage":0,"enemies":"2 Louse","floor":11,"turns":2},{"damage":23,"enemies":"Large Slime","floor":12,"turns":7},{"damage":0,"enemies":"3 Louse","floor":13,"turns":4},{"damage":3,"enemies":"3 Sentries","floor":14,"turns":6},{"damage":18,"enemies":"2 Fungi Beasts","floor":15,"turns":4},{"damage":4,"enemies":"SI_SHIV_ARCHETYPE","floor":16,"turns":11},{"damage":0,"enemies":"Spheric Guardian","floor":19,"turns":3},{"damage":10,"enemies":"downfall:FleeingMerchant","floor":22,"turns":5},{"damage":13,"enemies":"Slavers","floor":23,"turns":3},{"damage":3,"enemies":"3 Cultists","floor":26,"turns":3},{"damage":8,"enemies":"Book of Stabbing","floor":28,"turns":4},{"damage":0,"enemies":"Centurion and Healer","floor":29,"turns":2},{"damage":11,"enemies":"Snecko","floor":31,"turns":3},{"damage":0,"enemies":"Snake Plant","floor":32,"turns":2},{"damage":31,"enemies":"DF_ARCHETYPE_CLAW","floor":33,"turns":4},{"damage":0,"enemies":"3 Shapes","floor":36,"turns":2},{"damage":7,"enemies":"downfall:FleeingMerchant","floor":37,"turns":4},{"damage":0,"enemies":"Orb Walker","floor":38,"turns":2},{"damage":0,"enemies":"Orb Walker","floor":39,"turns":3},{"damage":0,"enemies":"Transient","floor":42,"turns":5},{"damage":0,"enemies":"Spire Growth","floor":43,"turns":3},{"damage":0,"enemies":"2 Orb Walkers","floor":44,"turns":3},{"damage":10,"enemies":"HollowMod:SlobberingHusk","floor":47,"turns":5},{"damage":0,"enemies":"Jaw Worm Horde","floor":48,"turns":2},{"damage":1,"enemies":"Transient","floor":49,"turns":5},{"damage":30,"enemies":"WA_ARCHETYPE_DIVINITY","floor":50,"turns":7},{"damage":43,"enemies":"downfall:CharBossMerchant","floor":52,"turns":7},{"damage":19,"enemies":"downfall:NeowBoss","floor":55,"turns":13},{"damage":98,"enemies":"downfall:NeowBossFinal","floor":56,"turns":5}],"seed_played":"2701299595860885064","potions_obtained":[{"floor":3,"key":"FairyPotion"},{"floor":3,"key":"bronze:BuildAFunctionPotion"},{"floor":3,"key":"bronze:BurnAndBuffPotion"},{"floor":9,"key":"BlessingOfTheForge"},{"floor":14,"key":"LiquidMemories"},{"floor":15,"key":"Dexterity Potion"},{"floor":19,"key":"Fire Potion"},{"floor":28,"key":"SteroidPotion"},{"floor":29,"key":"bronze:CleanCodePotion"},{"floor":38,"key":"bronze:BuildAFunctionPotion"},{"floor":42,"key":"SkillPotion"},{"floor":48,"key":"Dexterity Potion"}],"is_trial":false,"path_per_floor":["R","M","?","$","M","?","T","?","E","R","M","M","M","E","M","B",null,"R","M","?","?","$","E","T","?","M","R","E","M","R","M","M","B",null,"R","M","$","M","?","?","T","M","M","?","R","$","M","M","M","B",null,"E","$","R","B","B"],"character_chosen":"THE_AUTOMATON","items_purchased":["Sling","Guardian:GemstoneGun","bronze:MaxOutput","HollowMod:JonisBlessing","bronze:Allocate","infinitespire:Magic Flask","Vajra","Whetstone","infinitespire:Golems Mask"],"campfire_rested":2,"item_purchase_floors":[4,22,22,37,37,37,37,46,53],"current_hp_per_floor":[70,69,69,60,57,57,57,57,42,42,42,19,19,16,21,17,70,80,80,73,73,63,50,50,50,47,71,63,63,63,52,52,21,80,80,80,73,73,73,73,73,73,73,73,73,73,63,63,62,32,80,37,37,62,43,0,0,0],"gold":23,"neow_bonus":"ONE_RARE_RELIC","is_daily":false,"chose_seed":false,"campfire_upgraded":3,"win_rate":0.0,"timestamp":1612394478,"path_taken":["R","M","?","$","?","?","T","?","E","R","M","M","M","E","M","BOSS","R","M","?","?","?","E","T","?","M","R","E","M","R","M","M","BOSS","R","M","$","?","?","?","T","?","?","?","R","$","M","M","M","BOSS","E","$","R","BOSS","BOSS"],"items_purchased_type":["Relic","Relic","Card","Relic","Card","Relic","Relic","Relic","Relic"],"build_version":"2020-12-22","purchased_purges":0,"victory":false,"max_hp_per_floor":[70,70,70,70,70,70,70,70,70,70,70,70,70,70,70,70,70,80,80,80,80,80,80,80,80,80,80,80,80,80,80,80,80,80,80,80,80,80,80,80,80,80,80,80,80,80,80,80,80,80,80,85,85,85,85,85,85,85],"card_choices":[{"not_picked":["bronze:WhirlingStrike","bronze:Return"],"picked":"bronze:ChosenStrike","floor":2},{"not_picked":["bronze:Allocate","bronze:Invalidate"],"picked":"bronze:BuggyMess","floor":4},{"not_picked":["bronze:WhirlingStrike","bronze:BugBarrage"],"picked":"bronze:ClassDefault","floor":5},{"not_picked":["bronze:FineTuning","bronze:Backtrace","bronze:DelayedSlice"],"picked":"SKIP","floor":9},{"not_picked":["bronze:WhirlingStrike","bronze:Iterate","bronze:Invalidate"],"picked":"SKIP","floor":11},{"not_picked":["bronze:DelayedSlice","bronze:BronzeArmor","bronze:Separator"],"picked":"SKIP","floor":12},{"not_picked":["bronze:Separator","bronze:Branch"],"picked":"bronze:Boost","floor":13},{"not_picked":["bronze:Fortify","bronze:Branch"],"picked":"bronze:Overload","floor":14},{"not_picked":["bronze:GetLatest","bronze:Shield"],"picked":"bronze:Fortify","floor":15},{"not_picked":["bronze:FindAndReplace","bronze:RecursiveStrike"],"picked":"bronze:Mutator","floor":16},{"not_picked":["bronze:Shell","bronze:Shield","bronze:DigitalCarnage"],"picked":"SKIP","floor":19},{"not_picked":["bronze:Terminator","bronze:Deprecate","bronze:Invalidate+1"],"picked":"SKIP","floor":22},{"not_picked":["bronze:DelayedSlice","bronze:BronzeOrb"],"picked":"bronze:BuggyMess+1","floor":23},{"not_picked":["bronze:Iterate","bronze:BronzeArmor","bronze:Backtrace+1"],"picked":"SKIP","floor":26},{"not_picked":["bronze:BurnOut","bronze:Separator+1"],"picked":"bronze:FineTuning+1","floor":28},{"not_picked":["bronze:BuggyMess","bronze:Overheat"],"picked":"bronze:ItsAFeature","floor":29},{"not_picked":["bronze:OilSpill","bronze:Turbo","bronze:Separator"],"picked":"SKIP","floor":31},{"not_picked":["bronze:BitShift","bronze:Turbo","bronze:Fortify"],"picked":"SKIP","floor":32},{"not_picked":["bronze:CleanCode","bronze:Assembly"],"picked":"bronze:Verify","floor":33},{"not_picked":["bronze:Constructor","bronze:Invalidate","bronze:BugBarrage"],"picked":"SKIP","floor":36},{"not_picked":["bronze:Backtrace","bronze:DelayedSlice","bronze:BitShift+1"],"picked":"SKIP","floor":37},{"not_picked":["bronze:Fortify","bronze:ClassDefault"],"picked":"bronze:Return","floor":38},{"not_picked":["bronze:Mutator","bronze:OilSpill+1"],"picked":"bronze:BuggyMess+1","floor":39},{"not_picked":["bronze:Philosophize+1","bronze:Frontload+1"],"picked":"bronze:DelayedGuard+1","floor":42},{"not_picked":["bronze:MaxOutput+1","bronze:CutThrough"],"picked":"bronze:BronzeArmor+1","floor":43},{"not_picked":["bronze:Backtrace+1","bronze:ForceShield+1","bronze:Mutator"],"picked":"SKIP","floor":47},{"not_picked":["bronze:Repulsor","bronze:Shell+1","bronze:OilSpill"],"picked":"SKIP","floor":48},{"not_picked":["bronze:Deprecate","bronze:BuggyMess","bronze:ForceShield+1"],"picked":"SKIP","floor":49},{"not_picked":["bronze:Constructor","bronze:Overload+1","bronze:ForceShield"],"picked":"SKIP","floor":52}],"player_experience":245756,"relics_obtained":[{"floor":9,"key":"infinitespire:Satchel"},{"floor":14,"key":"Bag of Marbles"},{"floor":22,"key":"wanderingMiniBosses:MasterThiefsPresence"},{"floor":23,"key":"HollowMod:StagPassRelic"},{"floor":24,"key":"Omamori"},{"floor":28,"key":"Guardian:PocketSentry"},{"floor":41,"key":"Gremlin Horn"},{"floor":44,"key":"infinitespire:Joker Card"}],"event_choices":[{"damage_healed":0,"gold_gain":0,"player_choice":"Got Potions","damage_taken":0,"max_hp_gain":0,"max_hp_loss":0,"event_name":"Lab","floor":3,"gold_loss":0},{"cards_removed":["Regret"],"damage_healed":0,"gold_gain":0,"player_choice":"Card Removal","damage_taken":0,"max_hp_gain":0,"max_hp_loss":0,"event_name":"The Cleric","floor":6,"gold_loss":0},{"cards_removed":["bronze:Strike"],"damage_healed":0,"gold_gain":0,"player_choice":"Give","damage_taken":0,"max_hp_gain":0,"max_hp_loss":0,"event_name":"betterNote:BetterNote","floor":21,"gold_loss":0,"cards_obtained":["None"]},{"damage_healed":0,"gold_gain":0,"player_choice":"Fight","damage_taken":0,"max_hp_gain":0,"max_hp_loss":0,"event_name":"Mysterious Sphere","floor":44,"gold_loss":0}],"is_beta":false,"boss_relics":[{"not_picked":["Empty Cage","Pandora\u0027s Box"],"picked":"expansioncontent:StudyCardRelic"},{"not_picked":["SlaversCollar","Fusion Hammer"],"picked":"bronze:MakeshiftBattery"}],"items_purged_floors":[],"is_endless":false,"potions_floor_spawned":[5,9,14,15,19,28,29,31,38,42,43,48,49],"killed_by":"downfall:NeowBossFinal","ascension_level":0}}