{"host":"hmnld5ubpss6owfq","time":1612336596,"event":{"mods":["BaseMod","Colored Powertips","Downfall","Hermit","Minty Spire (QoL Compilation)","Replay The Spire","StSLib","The Cursed","The Disciple","The Runesmith","The Servant 0.9.4"],"gold_per_floor":[99,119,119,129,140,125,152,152,163,163,189,189,222,240,251,347,347,147,158,171,191,204,204,204,224,224,234,253,271,305,114,127,226,226,226,226,237,253,253,263,263,276,289,289,289,624,624,653,665,665,665,665],"floor_reached":50,"language":"ENG","playtime":4983,"items_purged":[],"score":567,"play_id":"a3fab932-e142-471c-94cc-83fda22807da","local_time":"20210202231636","is_ascension_mode":false,"campfire_choices":[{"floor":8.0,"key":"RECALL"},{"floor":12.0,"key":"REST"},{"data":"Slimebound:OneTwoCombo","floor":18.0,"key":"SMITH"},{"floor":26.0,"key":"REST"},{"data":"Slimebound:SelfFormingGoo","floor":35.0,"key":"SMITH"},{"floor":44,"key":"REST"},{"floor":47,"key":"REST"}],"circlet_count":0,"master_deck":["Slimebound:Strike_Slimebound+1","Slimebound:Strike_Slimebound","Slimebound:Strike_Slimebound","Slimebound:Tackle","Slimebound:Defend_Slimebound","Slimebound:Defend_Slimebound","Slimebound:Defend_Slimebound","Slimebound:Defend_Slimebound","Slimebound:Split+1","Slimebound:CorrosiveSpit","Slimebound:SplitAcid","Slimebound:DisruptingSlam","Slimebound:GoopTackle","Slimebound:GrowthPunch","Slimebound:SplitLeeching+1","Slimebound:ComboTackle","Slimebound:Teamwork","Slimebound:RollThrough","Slimebound:GoopSpray","Slimebound:OneTwoCombo+1","CurseOfTheBell","Slimebound:SplitLeeching+1","Slimebound:LeechEnergy+1","Slimebound:LeechingTouch+1","Slimebound:LeadByExample","Slimebound:LivingWall","Slimebound:FlameTackle","Slimebound:SlimeBarrage","Slimebound:PressTheAttack+1","Slimebound:MassFeed","Slimebound:Chomp","Slimebound:SplitMire+1","Slimebound:Equalize","Slimebound:SelfFormingGoo+1","Replay:SS_forest_2","Replay:SS_hec_1","expansioncontent:PolyBeam","Slimebound:Nibble","Slimebound:HauntingLick+1","Slimebound:ItLooksTasty+1","Slimebound:LivingWall+1","Slimebound:GoopTackle+1","Slimebound:Split","Slimebound:PressTheAttack+1","Slimebound:MegaLick+1","Parasite","Slimebound:Schlurp+1"],"relics":["Slimebound:AbsorbEndCombat","Art of War","ReplayTheSpireMod:Ninjato","Shuriken","Calling Bell","Blood Vial","Replay:Bottled Snecko","Replay:Towering Pillar of Hats","downfall:HeartBlessingRed","downfall:HeartBlessingGreen","FossilizedHelix","Bag of Preparation","Anchor","SlaversCollar","Quantum Egg","Bottled Flame","Old Coin","Onion Ring"],"acts_visited":["Exordium","TheCity","TheBeyond"],"potions_floor_usage":[38,42,50,50],"damage_taken":[{"damage":5.0,"enemies":"Cultist","floor":2.0,"turns":4.0},{"damage":0.0,"enemies":"Small Slimes","floor":4.0,"turns":3.0},{"damage":4.0,"enemies":"Jaw Worm","floor":5.0,"turns":3.0},{"damage":1.0,"enemies":"downfall:FleeingMerchant","floor":6.0,"turns":4.0},{"damage":10.0,"enemies":"Lots of Slimes","floor":9.0,"turns":3.0},{"damage":30.0,"enemies":"Gremlin Nob","floor":11.0,"turns":4.0},{"damage":2.0,"enemies":"3 Sentries","floor":13.0,"turns":3.0},{"damage":2.0,"enemies":"Exordium Wildlife","floor":14.0,"turns":3.0},{"damage":5.0,"enemies":"Red Slaver","floor":15.0,"turns":4.0},{"damage":53.0,"enemies":"IC_STATUS_ARCHETYPE","floor":16.0,"turns":9.0},{"damage":4.0,"enemies":"Shell Parasite","floor":19.0,"turns":5.0},{"damage":0.0,"enemies":"Chosen","floor":20.0,"turns":5.0},{"damage":4.0,"enemies":"3 Cultists","floor":21.0,"turns":4.0},{"damage":13.0,"enemies":"Snake Plant","floor":22.0,"turns":5.0},{"damage":11.0,"enemies":"Chosen and Byrds","floor":25.0,"turns":5.0},{"damage":0.0,"enemies":"Cultist and Chosen","floor":27.0,"turns":6.0},{"damage":7.0,"enemies":"Snake Plant","floor":28.0,"turns":5.0},{"damage":0.0,"enemies":"Centurion and Healer","floor":29.0,"turns":6.0},{"damage":27.0,"enemies":"Replay:Snechameleon","floor":30.0,"turns":6.0},{"damage":0.0,"enemies":"downfall:FleeingMerchant","floor":31.0,"turns":4.0},{"damage":0.0,"enemies":"Cultist and Chosen","floor":32.0,"turns":4.0},{"damage":23.0,"enemies":"SI_MIRROR_ARCHETYPE","floor":33.0,"turns":7.0},{"damage":7.0,"enemies":"3 Shapes","floor":37.0,"turns":4.0},{"damage":47,"enemies":"3 Darklings","floor":38,"turns":6},{"damage":24,"enemies":"Sphere and 2 Shapes","floor":40,"turns":5},{"damage":18,"enemies":"Maw","floor":42,"turns":6},{"damage":0,"enemies":"Spire Growth","floor":43,"turns":4},{"damage":9,"enemies":"Reptomancer","floor":46,"turns":5},{"damage":25,"enemies":"Giant Head","floor":48,"turns":6},{"damage":5,"enemies":"Writhing Mass","floor":49,"turns":6},{"damage":77,"enemies":"WA_ARCHETYPE_DIVINITY","floor":50,"turns":5}],"seed_played":"-126947654905668639","potions_obtained":[{"floor":1.0,"key":"Explosive Potion"},{"floor":1.0,"key":"Fruit Juice"},{"floor":4.0,"key":"Energy Potion"},{"floor":11.0,"key":"LifebloodPotion"},{"floor":13.0,"key":"DuplicationPotion"},{"floor":16.0,"key":"Elixir"},{"floor":20.0,"key":"Milkshake"},{"floor":27.0,"key":"hexamod:SoulburnPotion"},{"floor":28.0,"key":"champ:CounterPotion"},{"floor":33.0,"key":"LiquidBronze"},{"floor":40,"key":"AttackPotion"},{"floor":43,"key":"LiquidBronze"},{"floor":46,"key":"Elixir"},{"floor":49,"key":"DistilledChaos"}],"is_trial":false,"path_per_floor":["R","M","?","M","M","$","T","R","M","?","E","R","E","M","M","B",null,"R","M","M","M","M","?","T","M","R","M","M","M","E","$","M","B",null,"R","?","M","M","T","M","T","M","M","R","?","E","R","E","M","B"],"character_chosen":"SLIMEBOUND","items_purchased":["Anchor","Slimebound:SplitMire+1"],"campfire_rested":4,"item_purchase_floors":[31,31],"current_hp_per_floor":[76,72,72,72,70,73,73,73,63,63,39,61,59,57,56,11,76,76,76,76,76,65,57,57,54,76,76,71,76,55,63,73,59,76,76,66,65,36,36,22,22,14,24,46,46,47,69,51,56,0,0,0],"gold":665,"neow_bonus":"TEN_PERCENT_HP_BONUS","is_daily":false,"chose_seed":false,"campfire_upgraded":2,"win_rate":0.0,"timestamp":1612336596,"path_taken":["R","M","?","M","?","$","T","R","M","?","E","R","E","M","M","BOSS","R","M","M","M","M","?","T","?","R","M","M","M","E","$","M","BOSS","R","?","M","M","?","M","T","?","M","R","?","E","R","E","M","BOSS"],"items_purchased_type":["Relic","Card"],"build_version":"2020-12-22","purchased_purges":0,"victory":false,"max_hp_per_floor":[76,76,76,76,76,76,76,76,76,76,76,76,76,76,76,76,76,76,76,76,76,76,76,76,76,76,76,76,76,76,76,76,76,76,76,76,76,76,76,76,76,76,76,76,76,76,76,76,76,76,76,76],"card_choices":[{"not_picked":["Slimebound:SamplingLick","Slimebound:ForwardTackle"],"picked":"Slimebound:SplitAcid","floor":2.0},{"not_picked":["Slimebound:PressTheAttack","Slimebound:SplitMire"],"picked":"Slimebound:DisruptingSlam","floor":4.0},{"not_picked":["Slimebound:LevelUp","Slimebound:FinishingTackle"],"picked":"Slimebound:GoopTackle","floor":5.0},{"not_picked":["Slimebound:Prepare","Slimebound:DisruptingSlam"],"picked":"Slimebound:GrowthPunch","floor":6.0},{"not_picked":["Slimebound:HauntingLick","Slimebound:DisruptingSlam"],"picked":"Slimebound:SplitLeeching","floor":9.0},{"not_picked":["Slimebound:SplitMire","Slimebound:Chomp"],"picked":"Slimebound:ComboTackle","floor":11.0},{"not_picked":["Slimebound:SlimeTap","Slimebound:SplitMire"],"picked":"Slimebound:Teamwork","floor":13.0},{"not_picked":["Slimebound:FormOfPuddle","Slimebound:GoopTackle"],"picked":"Slimebound:RollThrough","floor":14.0},{"not_picked":["Slimebound:RollThrough","Slimebound:Prepare"],"picked":"Slimebound:GoopSpray","floor":15.0},{"not_picked":["Slimebound:DuplicatedForm","Slimebound:WasteNot"],"picked":"Slimebound:OneTwoCombo","floor":16.0},{"not_picked":["Slimebound:GoopSpray","Slimebound:HauntingLick"],"picked":"Slimebound:SplitLeeching+1","floor":19.0},{"not_picked":["Slimebound:PressTheAttack","Slimebound:Schlurp"],"picked":"Slimebound:LeechEnergy+1","floor":20.0},{"not_picked":["Slimebound:LeechEnergy","Slimebound:ItLooksTasty+1"],"picked":"Slimebound:LeechingTouch+1","floor":21.0},{"not_picked":["Slimebound:FlameTackle+1","Slimebound:RollThrough"],"picked":"Slimebound:LeadByExample","floor":22.0},{"not_picked":["Slimebound:FormOfPuddle","Slimebound:SlimeBrawl"],"picked":"Slimebound:LivingWall","floor":25.0},{"not_picked":["Slimebound:LivingWall","Slimebound:Grow"],"picked":"Slimebound:FlameTackle","floor":27.0},{"not_picked":["Slimebound:AcidTongue","Slimebound:FlameTackle+1"],"picked":"Slimebound:SlimeBarrage","floor":28.0},{"not_picked":["Slimebound:LeechingTouch","Slimebound:SplitMire+1"],"picked":"Slimebound:PressTheAttack+1","floor":29.0},{"not_picked":["Slimebound:Schlurp+1","Slimebound:FlameTackle+1"],"picked":"Slimebound:MassFeed","floor":30.0},{"not_picked":["Slimebound:ItLooksTasty","Slimebound:SplitAcid"],"picked":"Slimebound:Chomp","floor":31.0},{"not_picked":["Slimebound:PressTheAttack+1","Slimebound:FinishingTackle+1"],"picked":"Slimebound:Equalize","floor":32.0},{"not_picked":["Slimebound:MassFeed","Slimebound:FirmFortitude"],"picked":"Slimebound:SelfFormingGoo","floor":33.0},{"not_picked":["Replay:SS_hec_1","expansioncontent:Chronoboost"],"picked":"Replay:SS_forest_2","floor":36.0},{"not_picked":["expansioncontent:LastStand","expansioncontent:HyperBeam"],"picked":"Replay:SS_hec_1","floor":36.0},{"not_picked":["Replay:SS_forest_2","expansioncontent:AwakenDeath"],"picked":"expansioncontent:PolyBeam","floor":36.0},{"not_picked":["Slimebound:DouseInSlime","Slimebound:MegaLick"],"picked":"Slimebound:Nibble","floor":37.0},{"not_picked":["Slimebound:FinishingTackle+1","Slimebound:TongueLash"],"picked":"Slimebound:HauntingLick+1","floor":38},{"not_picked":["Slimebound:SlimeBarrage+1","Slimebound:SplitBruiser+1"],"picked":"Slimebound:ItLooksTasty+1","floor":40},{"not_picked":["Slimebound:ViciousTackle+1","Slimebound:GoopTackle"],"picked":"Slimebound:LivingWall+1","floor":42},{"not_picked":["Slimebound:RollThrough","Slimebound:FinishingTackle+1"],"picked":"Slimebound:GoopTackle+1","floor":43},{"not_picked":["Slimebound:LivingWall+1","Slimebound:Grow"],"picked":"Slimebound:PressTheAttack+1","floor":46},{"not_picked":["Slimebound:SlimeBarrage+1","Slimebound:ForwardTackle+1"],"picked":"Slimebound:MegaLick+1","floor":48},{"not_picked":["Slimebound:DisruptingSlam","Slimebound:Teamwork"],"picked":"Slimebound:Schlurp+1","floor":49}],"player_experience":77015,"relics_obtained":[{"floor":7.0,"key":"Art of War"},{"floor":11.0,"key":"ReplayTheSpireMod:Ninjato"},{"floor":13.0,"key":"Shuriken"},{"floor":17.0,"key":"Blood Vial"},{"floor":17.0,"key":"Replay:Bottled Snecko"},{"floor":17.0,"key":"Replay:Towering Pillar of Hats"},{"floor":24.0,"key":"FossilizedHelix"},{"floor":30.0,"key":"Bag of Preparation"},{"floor":39,"key":"Quantum Egg"},{"floor":41,"key":"Bottled Flame"},{"floor":46,"key":"Old Coin"},{"floor":48,"key":"Onion Ring"}],"event_choices":[],"is_beta":false,"boss_relics":[{"not_picked":["Painkiller Herb","Black Star"],"picked":"Calling Bell"},{"not_picked":["bronze:MakeshiftBattery","Kintsugi"],"picked":"SlaversCollar"}],"items_purged_floors":[],"is_endless":false,"potions_floor_spawned":[4,11,13,16,20,21,27,28,29,33,40,43,46,49],"killed_by":"WA_ARCHETYPE_DIVINITY","ascension_level":0}}