{"host":"928gv66myv2vlnsd","time":1612372064,"event":{"mods":["BaseMod","Highlight Path","Minty Spire (QoL Compilation)","StSLib"],"gold_per_floor":[367,442,442,453,463,463,463,463,463,463,479,513,527,18,18,142,142,176,176,212,212,212],"floor_reached":21,"language":"ENG","playtime":696,"items_purged":["Strike_B"],"score":269,"play_id":"a2b9724e-c0c5-44ce-91a3-b3d7e042e34e","local_time":"20210203120744","is_ascension_mode":true,"campfire_choices":[{"data":"Zap","floor":6,"key":"SMITH"},{"data":"Dualcast","floor":8,"key":"SMITH"},{"floor":10,"key":"REST"},{"floor":15,"key":"REST"}],"circlet_count":0,"master_deck":["AscendersBane","Strike_B","Strike_B","Defend_B","Defend_B","Defend_B","Defend_B","Zap+1","Dualcast+1","Cold Snap","Capacitor+1","Conserve Battery","Defragment+1","Conserve Battery","Self Repair+1","HandOfGreed","Multi-Cast","CurseOfTheBell","Defragment+1","Genetic Algorithm","Loop+1"],"relics":["Cracked Core","Frozen Egg 2","Blue Candle","Smiling Mask","Incense Burner","Calling Bell","Centennial Puzzle","Darkstone Periapt","Prayer Wheel"],"acts_visited":["Exordium","TheCity"],"potions_floor_usage":[16,20,20,21,21,21],"damage_taken":[{"damage":7,"enemies":"Jaw Worm","floor":1,"turns":4},{"damage":0,"enemies":"2 Louse","floor":4,"turns":3},{"damage":0,"enemies":"Cultist","floor":5,"turns":3},{"damage":11,"enemies":"Blue Slaver","floor":11,"turns":2},{"damage":7,"enemies":"Lagavulin","floor":12,"turns":8},{"damage":10,"enemies":"Exordium Thugs","floor":13,"turns":5},{"damage":29,"enemies":"Slime Boss","floor":16,"turns":10},{"damage":15,"enemies":"Spheric Guardian","floor":18,"turns":5},{"damage":28,"enemies":"2 Thieves","floor":20,"turns":4},{"damage":48,"enemies":"Cultist and Chosen","floor":21,"turns":6}],"seed_played":"1019531341666185443","potions_obtained":[{"floor":4,"key":"Ancient Potion"},{"floor":5,"key":"DistilledChaos"},{"floor":13,"key":"DistilledChaos"},{"floor":16,"key":"SneckoOil"},{"floor":20,"key":"EntropicBrew"}],"is_trial":false,"path_per_floor":["M","?","?","M","M","R","?","R","T","R","M","E","M","$","R","B",null,"M","?","M","M"],"character_chosen":"DEFECT","items_purchased":["Incense Burner","HandOfGreed"],"campfire_rested":2,"item_purchase_floors":[14,14],"current_hp_per_floor":[61,50,38,38,38,38,31,31,31,51,40,33,23,23,43,24,57,52,52,34,0,0],"gold":212,"neow_bonus":"TWO_FIFTY_GOLD","is_daily":false,"chose_seed":false,"campfire_upgraded":2,"win_rate":0.0,"timestamp":1612372064,"path_taken":["M","?","?","M","M","R","?","R","T","R","?","E","M","$","R","BOSS","M","?","M","M"],"items_purchased_type":["Relic","Card"],"build_version":"2020-12-22","purchased_purges":1,"victory":false,"max_hp_per_floor":[68,68,68,68,68,68,68,68,68,68,68,68,68,68,68,68,68,68,68,68,68,68],"card_choices":[{"not_picked":["Gash","Leap"],"picked":"Cold Snap","floor":1},{"not_picked":["Hello World+1","Darkness"],"picked":"Capacitor+1","floor":4},{"not_picked":["Turbo","Aggregate"],"picked":"Conserve Battery","floor":5},{"not_picked":["Leap","Rip and Tear"],"picked":"Defragment+1","floor":11},{"not_picked":["Chaos","Streamline"],"picked":"Conserve Battery","floor":12},{"not_picked":["Skim","Rebound"],"picked":"Self Repair+1","floor":13},{"not_picked":["All For One","Fission"],"picked":"Multi-Cast","floor":16},{"not_picked":["Coolheaded+1","Steam"],"picked":"Defragment+1","floor":18},{"not_picked":["Conserve Battery","Rebound"],"picked":"Genetic Algorithm","floor":18},{"not_picked":["Machine Learning+1","FTL+1"],"picked":"Loop+1","floor":20},{"not_picked":["Streamline","Go for the Eyes","Sweeping Beam"],"picked":"SKIP","floor":20}],"player_experience":1426043,"relics_obtained":[{"floor":9,"key":"Blue Candle"},{"floor":12,"key":"Smiling Mask"},{"floor":17,"key":"Centennial Puzzle"},{"floor":17,"key":"Darkstone Periapt"},{"floor":17,"key":"Prayer Wheel"}],"event_choices":[{"damage_healed":0,"gold_gain":75,"player_choice":"Gather Gold","damage_taken":11,"max_hp_gain":0,"max_hp_loss":0,"event_name":"World of Goop","floor":2,"gold_loss":0},{"damage_healed":0,"gold_gain":0,"player_choice":"Success","damage_taken":12,"relics_obtained":["Frozen Egg 2"],"max_hp_gain":0,"max_hp_loss":0,"event_name":"Scrap Ooze","floor":3,"gold_loss":0},{"cards_removed":["Strike_B"],"damage_healed":0,"gold_gain":0,"player_choice":"Card Removal","damage_taken":7,"max_hp_gain":0,"max_hp_loss":0,"event_name":"Golden Wing","floor":7,"gold_loss":0},{"damage_healed":0,"gold_gain":0,"player_choice":"Ignored","damage_taken":0,"max_hp_gain":0,"max_hp_loss":0,"event_name":"Beggar","floor":19,"gold_loss":0}],"is_beta":false,"boss_relics":[{"not_picked":["Philosopher\u0027s Stone","Runic Dome"],"picked":"Calling Bell"}],"items_purged_floors":[14],"is_endless":false,"potions_floor_spawned":[4,5,13,16,20],"killed_by":"Cultist and Chosen","ascension_level":10}}