{"host":"37ccm3d17clopct7","time":1612375544,"event":{"mods":["BaseMod","Lobotomy","Minty Spire (QoL Compilation)","StSLib","The Bug Knight","The Cursed","The Hierophant","The Jungle","The Runesmith"],"gold_per_floor":[109,34,34,34,47,47,62,95,182,94,114,137,174,174,174,174,174],"floor_reached":16,"language":"KOR","playtime":510,"items_purged":["hierophant:Defend_Hierophant","hierophant:Strike_Hierophant"],"score":110,"play_id":"d9ba3e01-07b7-46ad-abe1-d931928e8b1e","local_time":"20210204030544","is_ascension_mode":false,"campfire_choices":[{"data":"hierophant:Punish","floor":6,"key":"SMITH"},{"floor":15,"key":"REST"}],"circlet_count":0,"master_deck":["hierophant:Strike_Hierophant","hierophant:Strike_Hierophant","hierophant:Strike_Hierophant","hierophant:Punish+1","hierophant:Defend_Hierophant","hierophant:Defend_Hierophant","hierophant:Defend_Hierophant","hierophant:ChurchCoffers+1","hierophant:Doomsaying+1","hierophant:Smite","hierophant:Patience","hierophant:FlamingChariot","hierophant:Doubloon","hierophant:ConvertCurrency","hierophant:TollTheBells","hierophant:FaithHealing"],"relics":["hierophant:PropheticMaskRelic","MawBank","InkBottle","Lantern"],"acts_visited":["Exordium"],"potions_floor_usage":[13],"damage_taken":[{"damage":0,"enemies":"Small Slimes","floor":1,"turns":2},{"damage":0,"enemies":"Cultist","floor":5,"turns":3},{"damage":1,"enemies":"Jaw Worm","floor":7,"turns":2},{"damage":7,"enemies":"3 Sentries","floor":8,"turns":6},{"damage":11,"enemies":"Large Slime","floor":11,"turns":4},{"damage":0,"enemies":"Gremlin Gang","floor":12,"turns":1},{"damage":30,"enemies":"Gremlin Nob","floor":13,"turns":4},{"damage":56,"enemies":"Slime Boss","floor":16,"turns":6}],"seed_played":"-4249463373239560987","potions_obtained":[{"floor":1,"key":"Strength Potion"}],"is_trial":false,"path_per_floor":["M","$","?","?","M","R","M","E","T","$","M","M","E","?","R","B"],"character_chosen":"HIEROPHANT","items_purchased":[],"campfire_rested":1,"item_purchase_floors":[],"current_hp_per_floor":[75,75,75,75,75,75,74,67,67,67,56,56,26,26,48,0,0],"gold":174,"neow_bonus":"UPGRADE_CARD","is_daily":false,"chose_seed":false,"campfire_upgraded":1,"win_rate":0.0,"timestamp":1612375544,"path_taken":["M","$","?","?","M","R","M","E","T","$","M","?","E","?","R","BOSS"],"items_purchased_type":[],"build_version":"2020-12-22","purchased_purges":2,"victory":false,"max_hp_per_floor":[75,75,75,75,75,75,75,75,75,75,75,75,75,75,75,75,75],"card_choices":[{"not_picked":["hierophant:ConvertCurrency","hierophant:RustyCrate"],"picked":"hierophant:Doomsaying","floor":1},{"not_picked":["hierophant:FieryStrike","hierophant:Racketeering"],"picked":"hierophant:Smite","floor":5},{"not_picked":["hierophant:Bribe","hierophant:RustyCrate"],"picked":"hierophant:Patience","floor":7},{"not_picked":["hierophant:Zeal","hierophant:Repentance"],"picked":"hierophant:FlamingChariot","floor":8},{"not_picked":["hierophant:ThreeLashes","hierophant:Kindle"],"picked":"hierophant:ConvertCurrency","floor":11},{"not_picked":["hierophant:Blessing","hierophant:Empathy"],"picked":"hierophant:TollTheBells","floor":12},{"not_picked":["hierophant:FieryStrike","hierophant:EyeForCoin"],"picked":"hierophant:FaithHealing","floor":13}],"player_experience":111999,"relics_obtained":[{"floor":8,"key":"MawBank"},{"floor":9,"key":"InkBottle"},{"floor":13,"key":"Lantern"}],"event_choices":[{"damage_healed":0,"gold_gain":0,"player_choice":"Ignored","damage_taken":0,"max_hp_gain":0,"max_hp_loss":0,"event_name":"Golden Idol","floor":3,"gold_loss":0},{"damage_healed":0,"gold_gain":0,"player_choice":"Upgraded","damage_taken":0,"max_hp_gain":0,"max_hp_loss":0,"event_name":"Upgrade Shrine","floor":4,"gold_loss":0,"cards_upgraded":["hierophant:Doomsaying"]},{"damage_healed":0,"gold_gain":0,"player_choice":"Ignored","damage_taken":0,"max_hp_gain":0,"max_hp_loss":0,"event_name":"Liars Game","floor":14,"gold_loss":0}],"is_beta":false,"boss_relics":[],"items_purged_floors":[2,10],"is_endless":false,"potions_floor_spawned":[1],"killed_by":"Slime Boss","ascension_level":0}}