{"host":"FirstDane","time":1612328701,"event":{"mods":["BaseMod","Bestiary","Highlight Path","Minty Spire (QoL Compilation)","Relic Stats","Slay the Relics Exporter","StSLib"],"gold_per_floor":[112,129,146,71,91,116,116,143,155,182,194,236,248,271,283,369,381,413,435,466,490,514,526,551,563,575,597,640,652,690,233,233,311,311,323,323,119,131,131,131,164,178,178,206,206,206,232,246,246,246,246,246,246,14,45,45],"floor_reached":57,"language":"ENG","playtime":6518,"items_purged":["Strike_G","Strike_G","Strike_G","Strike_G"],"score":3458,"play_id":"8049ceae-2b9d-4ba5-89f0-979ca70b695c","local_time":"20210202230501","is_ascension_mode":true,"campfire_choices":[{"data":"Predator","floor":7,"key":"SMITH"},{"data":"Terror","floor":11,"key":"SMITH"},{"floor":13,"key":"REST"},{"data":"Bouncing Flask","floor":15,"key":"SMITH"},{"data":"Wraith Form v2","floor":23,"key":"SMITH"},{"data":"Crippling Poison","floor":25,"key":"SMITH"},{"data":"Deadly Poison","floor":29,"key":"SMITH"},{"data":"Footwork","floor":32,"key":"SMITH"},{"data":"Malaise","floor":40,"key":"SMITH"},{"data":"Catalyst","floor":46,"key":"SMITH"},{"floor":49,"key":"RECALL"},{"data":"Footwork","floor":53,"key":"SMITH"}],"circlet_count":0,"master_deck":["AscendersBane","Defend_G","Defend_G","Defend_G","Defend_G","Defend_G","Survivor","Neutralize","Predator+1","Leg Sweep","Dagger Throw","Footwork+1","Terror+1","Dagger Spray","Deadly Poison+1","Wraith Form v2+1","Bouncing Flask+1","Malaise+1","Dodge and Roll+1","Outmaneuver+1","Crippling Poison+1","Corpse Explosion","Footwork+1","Dodge and Roll","Outmaneuver+1","Catalyst+1","Dark Shackles","Dodge and Roll+1","Backflip","Dash+1"],"relics":["Ring of the Snake","FossilizedHelix","Happy Flower","MawBank","Pear","White Beast Statue","Snecko Eye","Pen Nib","Regal Pillow","Calipers","SlaversCollar","Omamori","HornCleat","Ancient Tea Set","Paper Crane","Blue Candle"],"acts_visited":["Exordium","TheCity","TheBeyond","TheEnding"],"potions_floor_usage":[6,6,16,28,30,30,33,33,42,44,47,50,55,56,56],"damage_taken":[{"damage":0,"enemies":"Cultist","floor":1,"turns":4},{"damage":0,"enemies":"Small Slimes","floor":2,"turns":3},{"damage":0,"enemies":"2 Louse","floor":3,"turns":2},{"damage":0,"enemies":"Red Slaver","floor":5,"turns":3},{"damage":0,"enemies":"Gremlin Nob","floor":6,"turns":4},{"damage":20,"enemies":"3 Sentries","floor":8,"turns":10},{"damage":10,"enemies":"Exordium Thugs","floor":10,"turns":3},{"damage":21,"enemies":"Gremlin Nob","floor":12,"turns":5},{"damage":0,"enemies":"Large Slime","floor":14,"turns":5},{"damage":29,"enemies":"Hexaghost","floor":16,"turns":9},{"damage":0,"enemies":"3 Byrds","floor":18,"turns":6},{"damage":0,"enemies":"Shell Parasite","floor":19,"turns":6},{"damage":0,"enemies":"Centurion and Healer","floor":20,"turns":10},{"damage":0,"enemies":"Snecko","floor":21,"turns":7},{"damage":0,"enemies":"Sentry and Sphere","floor":22,"turns":5},{"damage":0,"enemies":"Centurion and Healer","floor":24,"turns":5},{"damage":10,"enemies":"Snake Plant","floor":27,"turns":6},{"damage":0,"enemies":"Slavers","floor":28,"turns":5},{"damage":5,"enemies":"Gremlin Leader","floor":30,"turns":7},{"damage":0,"enemies":"Champ","floor":33,"turns":14},{"damage":17,"enemies":"3 Darklings","floor":35,"turns":4},{"damage":1,"enemies":"3 Shapes","floor":38,"turns":6},{"damage":0,"enemies":"Nemesis","floor":41,"turns":9},{"damage":0,"enemies":"Transient","floor":42,"turns":6},{"damage":0,"enemies":"Reptomancer","floor":44,"turns":8},{"damage":0,"enemies":"Giant Head","floor":47,"turns":8},{"damage":0,"enemies":"3 Darklings","floor":48,"turns":5},{"damage":0,"enemies":"Donu and Deca","floor":50,"turns":8},{"damage":0,"enemies":"Time Eater","floor":51,"turns":15},{"damage":0,"enemies":"Shield and Spear","floor":55,"turns":5},{"damage":42,"enemies":"The Heart","floor":56,"turns":9}],"seed_played":"-8474121290763452755","potions_obtained":[{"floor":2,"key":"SkillPotion"},{"floor":3,"key":"CunningPotion"},{"floor":14,"key":"Fruit Juice"},{"floor":16,"key":"GamblersBrew"},{"floor":18,"key":"Poison Potion"},{"floor":24,"key":"DuplicationPotion"},{"floor":28,"key":"Fire Potion"},{"floor":30,"key":"ColorlessPotion"},{"floor":33,"key":"CultistPotion"},{"floor":35,"key":"DistilledChaos"},{"floor":42,"key":"LiquidMemories"},{"floor":44,"key":"Strength Potion"},{"floor":47,"key":"SkillPotion"},{"floor":48,"key":"BlessingOfTheForge"},{"floor":55,"key":"Block Potion"}],"is_trial":false,"path_per_floor":["M","M","M","$","M","E","R","E","T","M","R","E","R","M","R","B",null,"M","M","M","M","M","R","M","R","T","M","E","R","E","$","R","B",null,"M","?","$","M","?","R","E","M","T","E","?","R","E","M","R","B","B",null,"R","$","E","B",null],"character_chosen":"THE_SILENT","items_purchased":["PowerPotion","Calipers","Footwork","PowerPotion","Backflip"],"campfire_rested":1,"item_purchase_floors":[31,31,37,54,54],"current_hp_per_floor":[44,44,44,44,44,44,44,24,34,24,24,3,25,25,25,1,61,61,61,61,61,61,61,61,61,61,51,51,51,46,46,46,46,72,55,55,55,54,54,54,54,54,54,54,54,54,54,54,54,54,54,74,74,74,74,32],"gold":45,"neow_bonus":"ONE_RARE_RELIC","is_daily":false,"chose_seed":false,"campfire_upgraded":10,"win_rate":0.0,"timestamp":1612328701,"path_taken":["M","M","?","$","M","E","R","E","T","M","R","E","R","M","R","BOSS","M","M","M","M","?","R","M","R","T","M","E","R","E","$","R","BOSS","M","?","$","M","?","R","E","M","T","E","?","R","E","M","R","BOSS","BOSS","R","$","E","BOSS"],"items_purchased_type":["Potion","Relic","Card","Potion","Card"],"build_version":"2020-12-18","purchased_purges":4,"victory":true,"max_hp_per_floor":[66,66,66,66,66,66,66,66,76,76,76,76,76,76,76,81,81,81,81,81,81,81,81,81,81,81,81,81,81,81,81,81,81,81,81,81,81,81,81,81,81,81,81,81,81,81,81,81,81,81,81,81,81,81,81,81],"relic_stats":{"Regal Pillow":0,"Happy Flower":[62],"counters":[31,202],"Blue Candle":[0],"Snecko Eye":[281,279,263,304],"Pen Nib":[8],"MawBank":276,"obtain_stats":[{"Regal Pillow":30,"Pear":9,"Calipers":31,"Happy Flower":6,"Blue Candle":55,"Pen Nib":28,"Omamori":41,"Paper Crane":47,"MawBank":8,"Ancient Tea Set":44,"White Beast Statue":12,"SlaversCollar":34,"HornCleat":43,"Snecko Eye":17,"FossilizedHelix":0,"Ring of the Snake":0},{"Regal Pillow":19,"Pear":6,"Calipers":19,"Happy Flower":5,"Blue Candle":30,"Pen Nib":18,"Omamori":23,"Paper Crane":26,"MawBank":6,"Ancient Tea Set":25,"White Beast Statue":8,"SlaversCollar":20,"HornCleat":24,"Snecko Eye":10,"FossilizedHelix":0,"Ring of the Snake":0},{"Regal Pillow":105,"Pear":26,"Calipers":105,"Happy Flower":16,"Blue Candle":193,"Pen Nib":98,"Omamori":138,"Paper Crane":160,"MawBank":26,"Ancient Tea Set":152,"White Beast Statue":34,"SlaversCollar":119,"HornCleat":144,"Snecko Eye":48,"FossilizedHelix":0,"Ring of the Snake":0}],"Ring of the Snake":[62]},"card_choices":[{"not_picked":["Dagger Throw","Escape Plan"],"picked":"Predator","floor":1},{"not_picked":["Skewer","Outmaneuver"],"picked":"Leg Sweep","floor":2},{"not_picked":["Prepared","Catalyst"],"picked":"Dagger Throw","floor":3},{"not_picked":["Prepared","Underhanded Strike"],"picked":"Footwork","floor":5},{"not_picked":["Bane","Backstab"],"picked":"Terror","floor":6},{"not_picked":["Bouncing Flask","Eviscerate"],"picked":"Dagger Spray","floor":8},{"not_picked":["Outmaneuver","Footwork"],"picked":"Deadly Poison","floor":10},{"not_picked":["Predator","Flechettes"],"picked":"Wraith Form v2","floor":12},{"not_picked":["Deflect","Slice"],"picked":"Bouncing Flask","floor":14},{"not_picked":["Doppelganger","Phantasmal Killer"],"picked":"Malaise","floor":16},{"not_picked":["Heel Hook+1","Blade Dance"],"picked":"Dodge and Roll+1","floor":18},{"not_picked":["Flying Knee","Deflect","Calculated Gamble"],"picked":"SKIP","floor":19},{"not_picked":["Poisoned Stab","Quick Slash","Footwork"],"picked":"SKIP","floor":20},{"not_picked":["Flechettes","Skewer"],"picked":"Outmaneuver+1","floor":21},{"not_picked":["Slice","Quick Slash+1","Prepared"],"picked":"SKIP","floor":22},{"not_picked":["Slice","Quick Slash+1","Prepared"],"picked":"SKIP","floor":22},{"not_picked":["Slice","Quick Slash+1","Prepared"],"picked":"SKIP","floor":22},{"not_picked":["Heel Hook","Bane"],"picked":"Crippling Poison","floor":24},{"not_picked":["A Thousand Cuts","Caltrops","Blade Dance"],"picked":"SKIP","floor":27},{"not_picked":["Sucker Punch+1","Storm of Steel","Escape Plan"],"picked":"SKIP","floor":28},{"not_picked":["Deflect+1","Concentrate","Slice"],"picked":"SKIP","floor":30},{"not_picked":["Unload","Wraith Form v2"],"picked":"Corpse Explosion","floor":33},{"not_picked":["Bane","Blur","Dagger Throw"],"picked":"SKIP","floor":35},{"not_picked":["Flying Knee+1","Prepared","Eviscerate"],"picked":"SKIP","floor":38},{"not_picked":["Acrobatics","Finisher"],"picked":"Dodge and Roll","floor":41},{"not_picked":["Infinite Blades","Underhanded Strike"],"picked":"Outmaneuver+1","floor":42},{"not_picked":["Sucker Punch","Storm of Steel"],"picked":"Catalyst","floor":44},{"not_picked":["Enlightenment","Dramatic Entrance"],"picked":"Dark Shackles","floor":45},{"not_picked":["Backflip","Blade Dance"],"picked":"Dodge and Roll+1","floor":47},{"not_picked":["Endless Agony","Poisoned Stab","Dodge and Roll"],"picked":"SKIP","floor":48},{"not_picked":["Blade Dance","Infinite Blades"],"picked":"Dash+1","floor":55}],"player_experience":4029667,"relics_obtained":[{"floor":6,"key":"Happy Flower"},{"floor":8,"key":"MawBank"},{"floor":9,"key":"Pear"},{"floor":12,"key":"White Beast Statue"},{"floor":28,"key":"Pen Nib"},{"floor":30,"key":"Regal Pillow"},{"floor":41,"key":"Omamori"},{"floor":43,"key":"HornCleat"},{"floor":44,"key":"Ancient Tea Set"},{"floor":47,"key":"Paper Crane"},{"floor":55,"key":"Blue Candle"}],"event_choices":[{"damage_healed":0,"gold_gain":0,"player_choice":"Ignored","damage_taken":0,"max_hp_gain":0,"max_hp_loss":0,"event_name":"Tomb of Lord Red Mask","floor":36,"gold_loss":0},{"cards_removed":["Strike_G"],"damage_healed":0,"gold_gain":0,"player_choice":"Removed Attack","damage_taken":0,"max_hp_gain":0,"max_hp_loss":0,"event_name":"Falling","floor":39,"gold_loss":0},{"damage_healed":0,"gold_gain":0,"player_choice":"Memory 1","damage_taken":0,"max_hp_gain":0,"max_hp_loss":0,"event_name":"SensoryStone","floor":45,"gold_loss":0}],"is_beta":true,"boss_relics":[{"not_picked":["Velvet Choker","Cursed Key"],"picked":"Snecko Eye"},{"not_picked":["Astrolabe","Philosopher\u0027s Stone"],"picked":"SlaversCollar"}],"items_purged_floors":[4,31,37,54],"is_endless":false,"potions_floor_spawned":[2,3,14,16,18,19,20,21,22,24,27,28,30,33,35,38,41,42,44,47,48,55],"ascension_level":20}}