{"host":"nia1zwr35jsu5y7h","time":1612316749,"event":{"mods":["2.2 Compatiblity","Abigail Mod","Bard","BaseMod","Colored Map","Conspire","Downfall","Friendly Minions","Hermit","Highlight Path","Hubris","Infinite Spire","Kiyohime????","Koishi","Marisa????????","Minty Spire (QoL Compilation)","Quick Restart","Replay The Spire","Shade Mod","Shop Mod","StSLib","The Administrix","The Animator","The Construct","The Cursed","The Disciple","The Mystic","The Necromancer","The Servant 0.9.4"],"gold_per_floor":[111,128,11,11,41,71,82,82,82,28,28,28],"floor_reached":11,"language":"ENG","playtime":296,"items_purged":["Overencumbered"],"score":142,"play_id":"c5c26d53-9fb2-4eec-b1ca-2a9597221a9b","local_time":"20210202174549","is_ascension_mode":true,"campfire_choices":[{"floor":8,"key":"REST"}],"circlet_count":0,"master_deck":["AscendersBane","Strike_S","Strike_S","Strike_S","Strike_S","Defend_S","Defend_S","Defend_S","Defend_S","KidneyShot","Exchange","Potential","Luminosity","SilverBlades","Contraction","Moondial","PendulumOfEternity","Hightail","Luminosity","Reset"],"relics":["Uniform","NeowsBlessing","infinitespire:WardingShard","ReplayTheSpireMod:Lightbulb","hubris:Reverence","ReplayTheSpireMod:CursedCoin"],"acts_visited":["Exordium"],"potions_floor_usage":[6,11],"damage_taken":[{"damage":0,"enemies":"Cultist","floor":1,"turns":1},{"damage":0,"enemies":"Small Slimes","floor":2,"turns":1},{"damage":0,"enemies":"conspire:MimicChest","floor":5,"turns":2},{"damage":33,"enemies":"3 Sentries","floor":6,"turns":10},{"damage":9,"enemies":"Jaw Worm","floor":7,"turns":5},{"damage":39,"enemies":"Gremlin Nob","floor":11,"turns":5}],"seed_played":"1353820961936219215","potions_obtained":[{"floor":1,"key":"Adrenaline Potion"},{"floor":7,"key":"Block Potion"}],"is_trial":false,"path_per_floor":["M","M","$","?","?","E","M","R","T","$","E"],"character_chosen":"THE_SERVANT","items_purchased":["SilverBlades","Contraction","ReplayTheSpireMod:CursedCoin","Luminosity","Reset"],"campfire_rested":1,"item_purchase_floors":[3,3,10,10,10],"current_hp_per_floor":[54,54,54,51,51,18,9,27,27,27,0,0],"gold":28,"neow_bonus":"THREE_ENEMY_KILL","is_daily":false,"chose_seed":false,"campfire_upgraded":0,"win_rate":0.0,"timestamp":1612316749,"path_taken":["M","M","$","?","?","E","M","R","T","?","E"],"items_purchased_type":["Card","Card","Relic","Card","Card"],"build_version":"2020-12-22","purchased_purges":1,"victory":false,"max_hp_per_floor":[60,60,60,60,60,60,60,60,60,60,60,60],"card_choices":[{"not_picked":["Rearm","Rewind"],"picked":"Potential","floor":1},{"not_picked":["TimeTheft","BottledTime"],"picked":"Luminosity","floor":2},{"not_picked":["Starlight","Rearm"],"picked":"Moondial","floor":5},{"not_picked":["Desolation","Starlight"],"picked":"PendulumOfEternity","floor":6},{"not_picked":["DualDimension","Manipulate"],"picked":"Hightail","floor":7}],"player_experience":2310848,"relics_obtained":[{"floor":5,"key":"infinitespire:WardingShard"},{"floor":6,"key":"ReplayTheSpireMod:Lightbulb"},{"floor":9,"key":"hubris:Reverence"}],"event_choices":[{"damage_healed":0,"gold_gain":0,"player_choice":"Leave","damage_taken":0,"max_hp_gain":0,"max_hp_loss":0,"event_name":"conspire:Investor","floor":4,"gold_loss":0}],"is_beta":false,"boss_relics":[],"items_purged_floors":[10],"is_endless":false,"potions_floor_spawned":[1,7],"killed_by":"Gremlin Nob","ascension_level":20}}