{"host":"y76clbnovzmw9ubx","time":1612316571,"event":{"mods":["AchievementEnabler","BaseMod","Minty Spire (QoL Compilation)","Permanent Neow","Relic Stats"],"gold_per_floor":[110,125,41,51,13,13,13,40,65,90,14,14,14,47,47,124,124,139,39,51,51,51],"floor_reached":21,"language":"ENG","playtime":1210,"items_purged":[],"score":394,"play_id":"c3304094-0cb8-4bb0-9849-5acc6f4c903f","local_time":"20210202204251","is_ascension_mode":true,"campfire_choices":[{"floor":6,"key":"REST"},{"floor":13,"key":"REST"},{"floor":15,"key":"REST"}],"circlet_count":0,"master_deck":["AscendersBane","Strike_G","Strike_G","Strike_G","Strike_G","Defend_G","Defend_G","Defend_G","Defend_G","Defend_G","Survivor","Neutralize","Envenom","Deflect","Infinite Blades","Finisher","Cloak And Dagger","Dagger Throw","Dagger Spray","Cloak And Dagger","Noxious Fumes","Envenom","Wraith Form v2","Concentrate","Deflect","Cloak And Dagger+1"],"relics":["Ring of the Snake","Nunchaku","Potion Belt","PreservedInsect","InkBottle","Runic Pyramid"],"acts_visited":["Exordium","TheCity"],"potions_floor_usage":[5,14,14,19],"damage_taken":[{"damage":20,"enemies":"Jaw Worm","floor":1,"turns":6},{"damage":1,"enemies":"2 Louse","floor":2,"turns":3},{"damage":6,"enemies":"Cultist","floor":4,"turns":4},{"damage":3,"enemies":"Exordium Thugs","floor":5,"turns":5},{"damage":26,"enemies":"Gremlin Nob","floor":8,"turns":4},{"damage":17,"enemies":"Lagavulin","floor":10,"turns":7},{"damage":17,"enemies":"3 Sentries","floor":14,"turns":3},{"damage":45,"enemies":"Slime Boss","floor":16,"turns":8},{"damage":3,"enemies":"3 Byrds","floor":18,"turns":8},{"damage":1,"enemies":"2 Thieves","floor":19,"turns":5},{"damage":12,"enemies":"Centurion and Healer","floor":20,"turns":5},{"damage":5,"enemies":"Shelled Parasite and Fungi","floor":21,"turns":2}],"seed_played":"-7119869365316393563","potions_obtained":[{"floor":4,"key":"SpeedPotion"},{"floor":5,"key":"Fire Potion"},{"floor":8,"key":"FairyPotion"},{"floor":10,"key":"SkillPotion"},{"floor":16,"key":"EssenceOfSteel"},{"floor":18,"key":"ColorlessPotion"},{"floor":20,"key":"SpeedPotion"}],"is_trial":false,"path_per_floor":["M","M","$","M","M","R","?","E","T","E","$","?","R","E","R","B",null,"M","M","M","M"],"character_chosen":"THE_SILENT","items_purchased":["Finisher","Noxious Fumes"],"campfire_rested":3,"item_purchase_floors":[3,11],"current_hp_per_floor":[39,38,38,32,29,48,48,22,22,5,5,5,24,7,26,2,50,47,46,34,29,29],"gold":51,"neow_bonus":"ONE_RANDOM_RARE_CARD","is_daily":false,"chose_seed":false,"campfire_upgraded":0,"win_rate":0.0,"timestamp":1612316571,"path_taken":["M","M","$","M","M","R","?","E","T","E","$","?","R","E","R","BOSS","M","M","M","?"],"items_purchased_type":["Card","Card"],"build_version":"2020-12-22","purchased_purges":0,"victory":false,"max_hp_per_floor":[66,66,66,66,66,66,66,66,66,66,66,66,66,66,66,66,66,66,66,66,66,66],"relic_stats":{"Nunchaku":[9],"counters":[12,60],"PreservedInsect":33,"obtain_stats":[{"Potion Belt":9,"Nunchaku":8,"PreservedInsect":10,"InkBottle":14,"Ring of the Snake":0,"Runic Pyramid":17},{"Potion Belt":5,"Nunchaku":5,"PreservedInsect":6,"InkBottle":7,"Ring of the Snake":0,"Runic Pyramid":8},{"Potion Belt":22,"Nunchaku":22,"PreservedInsect":29,"InkBottle":32,"Ring of the Snake":0,"Runic Pyramid":40}],"InkBottle":[11],"Ring of the Snake":[24]},"card_choices":[{"not_picked":["Tactician","Backflip"],"picked":"Deflect","floor":1},{"not_picked":["Poisoned Stab","Heel Hook"],"picked":"Infinite Blades","floor":2},{"not_picked":["Expertise","Poisoned Stab"],"picked":"Cloak And Dagger","floor":4},{"not_picked":["Expertise","Distraction"],"picked":"Dagger Throw","floor":5},{"not_picked":["Dash","PiercingWail"],"picked":"Dagger Spray","floor":8},{"not_picked":["Unload","Infinite Blades"],"picked":"Cloak And Dagger","floor":10},{"not_picked":["Tactician","Concentrate"],"picked":"Envenom","floor":14},{"not_picked":["Tools of the Trade","A Thousand Cuts"],"picked":"Wraith Form v2","floor":16},{"not_picked":["Deadly Poison","Expertise"],"picked":"Concentrate","floor":18},{"not_picked":["Blur","Deadly Poison+1"],"picked":"Deflect","floor":19},{"not_picked":["Heel Hook","Reflex"],"picked":"Cloak And Dagger+1","floor":20}],"player_experience":3180820,"relics_obtained":[{"floor":8,"key":"Nunchaku"},{"floor":9,"key":"Potion Belt"},{"floor":10,"key":"PreservedInsect"},{"floor":14,"key":"InkBottle"}],"event_choices":[{"damage_healed":0,"gold_gain":0,"player_choice":"Fled","damage_taken":0,"max_hp_gain":0,"max_hp_loss":0,"event_name":"Scrap Ooze","floor":7,"gold_loss":0},{"cards_removed":["Strike_G"],"damage_healed":0,"gold_gain":0,"player_choice":"Purged","damage_taken":0,"max_hp_gain":0,"max_hp_loss":0,"event_name":"Purifier","floor":12,"gold_loss":0}],"is_beta":false,"boss_relics":[{"not_picked":["Busted Crown","Fusion Hammer"],"picked":"Runic Pyramid"}],"items_purged_floors":[],"is_endless":false,"potions_floor_spawned":[4,5,8,10,16,18,20],"killed_by":"Shelled Parasite and Fungi","ascension_level":20}}