{"host":"5w7hw1ne5h7avrl9","time":1612377369,"event":{"mods":["AchievementEnabler","BaseMod","Colored Map","Colored Powertips","Displayed Cursed Tome","Googly Eyes","Minty Spire (QoL Compilation)","SuperFastMode"],"gold_per_floor":[109,83,83,8,8,38,53,83,83,83,102,121,131,157,157,259,259,270,287,59,59,59,59,94,94,174,187,187,187,187],"floor_reached":29,"language":"ENG","playtime":1155,"items_purged":["Regret"],"score":370,"play_id":"4e84f622-8aa8-48a2-a3f1-9e24eebf8f7a","local_time":"20210203103609","is_ascension_mode":true,"campfire_choices":[{"data":"Aggregate","floor":10,"key":"SMITH"},{"data":"Darkness","floor":15,"key":"SMITH"},{"floor":23,"key":"REST"},{"data":"Static Discharge","floor":25,"key":"SMITH"}],"circlet_count":0,"master_deck":["Strike_B","Strike_B","Strike_B","Strike_B","Defend_B","Defend_B","Defend_B","Defend_B","Zap","Dualcast","Aggregate+1","Redo","Pain","Melter","Tempest","Darkness+1","Rainbow","Ball Lightning","Multi-Cast","Static Discharge+1","Writhe","RitualDagger","Melter+1"],"relics":["Cracked Core","NeowsBlessing","Kunai","WarpedTongs","Tiny Chest","Nunchaku","Bag of Marbles","Ornamental Fan","Busted Crown","TheAbacus","Frozen Egg 2","Shuriken","Bottled Lightning","Smiling Mask"],"acts_visited":["Exordium","TheCity"],"potions_floor_usage":[14,19,27,29,29],"damage_taken":[{"damage":0,"enemies":"Cultist","floor":1,"turns":1},{"damage":2,"enemies":"3 Sentries","floor":6,"turns":1},{"damage":0,"enemies":"Small Slimes","floor":7,"turns":1},{"damage":17,"enemies":"Gremlin Nob","floor":8,"turns":3},{"damage":1,"enemies":"2 Louse","floor":11,"turns":2},{"damage":3,"enemies":"Blue Slaver","floor":12,"turns":3},{"damage":1,"enemies":"Looter","floor":13,"turns":2},{"damage":16,"enemies":"Lagavulin","floor":14,"turns":5},{"damage":31,"enemies":"Hexaghost","floor":16,"turns":9},{"damage":35,"enemies":"3 Byrds","floor":18,"turns":4},{"damage":13,"enemies":"Shell Parasite","floor":19,"turns":3},{"damage":26,"enemies":"Gremlin Leader","floor":24,"turns":7},{"damage":8,"enemies":"Snake Plant","floor":27,"turns":1},{"damage":20,"enemies":"Snecko","floor":29,"turns":3}],"seed_played":"-4108981990339427063","potions_obtained":[{"floor":1,"key":"SteroidPotion"},{"floor":7,"key":"SpeedPotion"},{"floor":11,"key":"Energy Potion"},{"floor":13,"key":"EssenceOfSteel"},{"floor":16,"key":"GamblersBrew"},{"floor":27,"key":"Swift Potion"}],"is_trial":false,"path_per_floor":["M","$","?","$","?","E","M","E","T","R","M","M","M","E","R","B",null,"M","M","$","?","?","R","E","R","T","M","T","M"],"character_chosen":"DEFECT","items_purchased":["Redo","Static Discharge","TheAbacus"],"campfire_rested":1,"item_purchase_floors":[2,20,20],"current_hp_per_floor":[75,75,75,75,75,73,73,56,56,56,55,52,51,35,35,4,75,40,27,27,27,21,43,17,17,17,9,9,0,0],"gold":187,"neow_bonus":"THREE_ENEMY_KILL","is_daily":false,"chose_seed":false,"campfire_upgraded":3,"win_rate":0.0,"timestamp":1612377369,"path_taken":["M","?","?","$","?","E","?","E","T","R","M","M","M","E","R","BOSS","M","M","$","?","?","R","E","R","T","M","?","M"],"items_purchased_type":["Card","Card","Relic"],"build_version":"2020-12-22","purchased_purges":1,"victory":false,"max_hp_per_floor":[75,75,75,75,75,75,75,75,75,75,75,75,75,75,75,75,75,75,75,75,75,75,75,75,75,75,75,75,75,75],"card_choices":[{"not_picked":["Coolheaded","Rip and Tear"],"picked":"Aggregate","floor":1},{"not_picked":["Force Field","Gash"],"picked":"Melter","floor":6},{"not_picked":["Rebound","Barrage"],"picked":"Tempest","floor":7},{"not_picked":["Compile Driver","Heatsinks","Biased Cognition"],"picked":"SKIP","floor":8},{"not_picked":["Tempest","Gash"],"picked":"Darkness","floor":11},{"not_picked":["Gash","Coolheaded","Cold Snap"],"picked":"SKIP","floor":12},{"not_picked":["Loop","Streamline"],"picked":"Rainbow","floor":13},{"not_picked":["Steam Power","Compile Driver"],"picked":"Ball Lightning","floor":14},{"not_picked":["Fission","Hyperbeam"],"picked":"Multi-Cast","floor":16},{"not_picked":["Glacier"],"picked":"SKIP","floor":18},{"not_picked":["Barrage"],"picked":"SKIP","floor":19},{"not_picked":[],"picked":"Melter+1","floor":24},{"not_picked":["Coolheaded"],"picked":"SKIP","floor":27}],"player_experience":173225,"relics_obtained":[{"floor":6,"key":"Tiny Chest"},{"floor":8,"key":"Nunchaku"},{"floor":9,"key":"Bag of Marbles"},{"floor":14,"key":"Ornamental Fan"},{"floor":24,"key":"Shuriken"},{"floor":26,"key":"Bottled Lightning"},{"floor":28,"key":"Smiling Mask"}],"event_choices":[{"damage_healed":0,"gold_gain":0,"player_choice":"Box","damage_taken":0,"relics_obtained":["Kunai"],"max_hp_gain":0,"max_hp_loss":0,"event_name":"Big Fish","floor":3,"gold_loss":0,"cards_obtained":["Regret"]},{"damage_healed":0,"gold_gain":0,"player_choice":"Rummage","damage_taken":0,"relics_obtained":["WarpedTongs"],"max_hp_gain":0,"max_hp_loss":0,"event_name":"Accursed Blacksmith","floor":5,"gold_loss":0,"cards_obtained":["Pain"]},{"damage_healed":0,"gold_gain":0,"player_choice":"Opened","damage_taken":0,"relics_obtained":["Frozen Egg 2"],"max_hp_gain":0,"max_hp_loss":0,"event_name":"The Mausoleum","floor":21,"gold_loss":0,"cards_obtained":["Writhe"]},{"damage_healed":0,"gold_gain":0,"player_choice":"Joined the Cult","damage_taken":6,"max_hp_gain":0,"max_hp_loss":0,"event_name":"Nest","floor":22,"gold_loss":0,"cards_obtained":["RitualDagger"]}],"is_beta":false,"boss_relics":[{"not_picked":["Inserter","SacredBark"],"picked":"Busted Crown"}],"items_purged_floors":[4],"is_endless":false,"potions_floor_spawned":[1,7,11,13,16,27],"killed_by":"Snecko","ascension_level":2}}