{"host":"w6ebodudjlk2jwu4","time":1612321822,"event":{"mods":["Act Like it!","Bard","BaseMod","Beaked The Cultist","Colored Map","Glutton Mod","Hermit","Highlight Path","Infinite Spire","Jorbs\u0027s Wanderer Trilogy","Koishi","Mad Scientist","Marisa????????","Minty Spire (QoL Compilation)","Relic Stats","Replay The Spire","Robot Space Explorer","StSLib","The Administrix","The Blue Laboratory","The Bug Knight","The Construct","The Cursed","The Marked","The Mystic","The Servant 0.9.4","The Witch","Wandering Minibosses"],"gold_per_floor":[118,130,150,167,178,207,207,221,247,247,267,281,281,307,307,410,410,424,437,437,437,437,437],"floor_reached":22,"language":"ENG","playtime":2742,"items_purged":[],"score":200,"play_id":"8f2b93f7-b010-4af0-a8d1-7a0b8acc7b55","local_time":"20210202191022","is_ascension_mode":false,"campfire_choices":[{"data":"beaked:CrazyRituals","floor":7,"key":"SMITH"},{"data":"ReplayTheSpireMod:Wings of Steel","floor":10,"key":"SMITH"},{"data":"beaked:DigDeep","floor":13,"key":"SMITH"},{"data":"beaked:Roost","floor":15,"key":"SMITH"}],"circlet_count":0,"master_deck":["beaked:Strike_Y","beaked:Strike_Y","beaked:Strike_Y","beaked:Strike_Y","beaked:Strike_Y","beaked:Strike_Y","beaked:Defend_Y","beaked:Defend_Y","beaked:Defend_Y","beaked:Defend_Y","beaked:Ceremony","beaked:Ceremony","beaked:Ceremony","beaked:WarriorEssence","beaked:CrazyRituals+1","beaked:DigDeep+1","beaked:DarkTribute","beaked:MimicHuntress","ReplayTheSpireMod:Wings of Steel+1","beaked:MimicMachine","beaked:Roost+1","beaked:Cower","beaked:AwakenedForm","beaked:Foresight+1","beaked:AwakenedForm","beaked:CursingBlood","ReplayTheSpireMod:Wings of Steel","RitualDagger"],"relics":["beaked:MendingPlumage","PreservedInsect","Question Card","infinitespire:Satchel","Prayer Wheel","Omamori"],"acts_visited":["Exordium","TheCity"],"potions_floor_usage":[6,22],"damage_taken":[{"damage":7,"enemies":"Cultist","floor":1,"turns":5},{"damage":18,"enemies":"2 Louse","floor":2,"turns":4},{"damage":9,"enemies":"Jaw Worm","floor":3,"turns":5},{"damage":33,"enemies":"Lots of Slimes","floor":4,"turns":7},{"damage":25,"enemies":"2 Fungi Beasts","floor":5,"turns":6},{"damage":57,"enemies":"3 Sentries","floor":6,"turns":8},{"damage":28,"enemies":"Blue Slaver","floor":8,"turns":7},{"damage":6,"enemies":"Large Slime","floor":11,"turns":9},{"damage":12,"enemies":"3 Louse","floor":12,"turns":6},{"damage":9,"enemies":"HollowMod:MossKnight","floor":14,"turns":7},{"damage":65,"enemies":"Fading Forest","floor":16,"turns":11},{"damage":37,"enemies":"3 Byrds","floor":18,"turns":9},{"damage":92,"enemies":"Chosen","floor":19,"turns":10},{"damage":21,"enemies":"Snake Plant","floor":22,"turns":2}],"seed_played":"7769567463733813238","potions_obtained":[{"floor":1,"key":"Milkshake"},{"floor":3,"key":"Block Potion"},{"floor":8,"key":"blueLaboratory:Moonshine"},{"floor":11,"key":"blueLaboratory:FruitPreserves"},{"floor":12,"key":"Cursed Concoction"}],"is_trial":false,"path_per_floor":["M","M","M","M","M","E","R","M","T","R","M","M","R","E","R","B",null,"M","M","?","?","M"],"character_chosen":"BEAKED_THE_CULTIST","items_purchased":[],"campfire_rested":0,"item_purchase_floors":[],"current_hp_per_floor":[49,38,42,29,24,39,39,50,50,50,50,50,50,50,50,46,50,45,29,23,23,5,5],"gold":437,"neow_bonus":"RANDOM_COMMON_RELIC","is_daily":false,"chose_seed":false,"campfire_upgraded":4,"win_rate":0.0,"timestamp":1612321822,"path_taken":["M","M","M","M","M","E","R","M","T","R","M","M","R","E","R","BOSS","M","M","?","?","M"],"items_purchased_type":[],"build_version":"2020-12-22","purchased_purges":0,"victory":false,"max_hp_per_floor":[50,50,50,50,50,50,50,50,50,50,50,50,50,50,50,50,50,50,50,50,50,50,50],"relic_stats":{"counters":[14,96],"Prayer Wheel":2,"PreservedInsect":54,"Question Card":10,"obtain_stats":[{"infinitespire:Satchel":9,"Prayer Wheel":14,"PreservedInsect":0,"Omamori":14,"beaked:MendingPlumage":0,"Question Card":6},{"infinitespire:Satchel":7,"Prayer Wheel":10,"PreservedInsect":0,"Omamori":10,"beaked:MendingPlumage":0,"Question Card":6},{"infinitespire:Satchel":42,"Prayer Wheel":63,"PreservedInsect":0,"Omamori":64,"beaked:MendingPlumage":0,"Question Card":35}]},"card_choices":[{"not_picked":["beaked:SurvivalInstinct","beaked:TuckingFeathers","beaked:Poke"],"picked":"SKIP","floor":1},{"not_picked":["beaked:Negation","beaked:MachineEssence"],"picked":"beaked:WarriorEssence","floor":2},{"not_picked":["beaked:Redirect","beaked:SacrificialDive"],"picked":"beaked:CrazyRituals","floor":3},{"not_picked":["beaked:CursingBlood","beaked:Foresight"],"picked":"beaked:DigDeep","floor":4},{"not_picked":["beaked:Windmill","beaked:Poke"],"picked":"beaked:DarkTribute","floor":5},{"not_picked":["beaked:Foresight","beaked:SacrificialAttack"],"picked":"beaked:MimicHuntress","floor":6},{"not_picked":["beaked:BounceBack","beaked:Daydream","beaked:WindBringer"],"picked":"ReplayTheSpireMod:Wings of Steel","floor":8},{"not_picked":["beaked:CrazyRituals","beaked:WarriorEssence","ReplayTheSpireMod:Prepare the Ceremony"],"picked":"beaked:MimicMachine","floor":11},{"not_picked":["beaked:WarriorSpirit","beaked:Struggle","beaked:FeelMyPain"],"picked":"beaked:Roost","floor":12},{"not_picked":["beaked:DesperateSwing","beaked:Brainwash","beaked:Tweet"],"picked":"beaked:Cower","floor":14},{"not_picked":["beaked:ScreechingChant","beaked:ShadowFade","beaked:VolatileMisfortune"],"picked":"beaked:AwakenedForm","floor":16},{"not_picked":["beaked:Evade","beaked:Molting","beaked:TuckingFeathers"],"picked":"beaked:Foresight+1","floor":18},{"not_picked":["beaked:SurvivalInstinct+1","beaked:Tweet","beaked:DigDeep"],"picked":"beaked:AwakenedForm","floor":18},{"not_picked":["beaked:Overexert+1","beaked:Recite","beaked:BounceBack"],"picked":"beaked:CursingBlood","floor":19},{"not_picked":["beaked:Struggle","beaked:TuckingFeathers","beaked:SacrificialDive"],"picked":"ReplayTheSpireMod:Wings of Steel","floor":19}],"player_experience":144476,"relics_obtained":[{"floor":6,"key":"Question Card"},{"floor":9,"key":"infinitespire:Satchel"},{"floor":14,"key":"Omamori"}],"event_choices":[{"damage_healed":0,"gold_gain":0,"player_choice":"Joined the Cult","damage_taken":6,"max_hp_gain":0,"max_hp_loss":0,"event_name":"Nest","floor":20,"gold_loss":0,"cards_obtained":["RitualDagger"]},{"damage_healed":0,"gold_gain":0,"player_choice":"Ignored","damage_taken":0,"max_hp_gain":0,"max_hp_loss":0,"event_name":"Vampires","floor":21,"gold_loss":0}],"is_beta":false,"boss_relics":[{"not_picked":["Pandora\u0027s Box","Replay:Drink Me","beaked:FlawlessSticks"]}],"items_purged_floors":[],"is_endless":false,"potions_floor_spawned":[1,3,8,11,12],"killed_by":"Snake Plant","ascension_level":0}}