{"host":"4gr5irrdjh39ysed","time":1612375834,"event":{"mods":["AchievementEnabler","BaseMod","Colored Map","Downfall","Hermit","Minty Spire (QoL Compilation)","Random Character Button","StSLib","The Construct","The Cursed","The Disciple","The Hierophant","The Mystic","The Necromancer","The Runesmith"],"gold_per_floor":[119,45,45,45,61,92,102,127,127,127,127,127,142,154,154,257,257,273,38,38,50,50,50,84,100,125,163,185,227,239,270,282,392,404,428,80,92,105,35,66,82,82,82,82,82,102,102,130,130,130,130,130,95,126,126],"floor_reached":56,"language":"ENG","playtime":3522,"items_purged":["Defend_P","Defend_P"],"score":1575,"play_id":"29f5c66d-48ae-45e2-9834-a193bff12745","local_time":"20210203111034","is_ascension_mode":true,"campfire_choices":[{"floor":10,"key":"RECALL"},{"data":"CarveReality","floor":12,"key":"SMITH"},{"data":"Brilliance","floor":15,"key":"SMITH"},{"data":"Judgement","floor":23,"key":"SMITH"},{"data":"RitualDagger","floor":32,"key":"SMITH"},{"data":"Worship","floor":42,"key":"SMITH"},{"data":"Judgement","floor":45,"key":"SMITH"},{"data":"Scrawl","floor":47,"key":"SMITH"},{"data":"Omniscience","floor":49,"key":"SMITH"},{"data":"SandsOfTime","floor":52,"key":"SMITH"}],"circlet_count":0,"master_deck":["Strike_P","Strike_P","Strike_P","Strike_P","Defend_P","Eruption","Vigilance","Prostrate","SandsOfTime+1","Eruption","FollowUp","WheelKick","CarveReality+1","FlyingSleeves","Brilliance+1","CutThroughFate","Judgement+1","CurseOfTheBell","BowlingBash+1","FearNoEvil","Swift Strike","Collect","Scrawl+1","Wallop","Indignation","RitualDagger+1","Consecrate","Judgement+1","ReachHeaven+1","CrushJoints+1","EmptyFist+1","Worship+1","FlurryOfBlows+1","Doubt","Dramatic Entrance","FearNoEvil+1","Omniscience+1","Worship","ReachHeaven"],"relics":["PureWater","NeowsBlessing","Nunchaku","Darkstone Periapt","Damaru","Calling Bell","MealTicket","Blue Candle","Pocketwatch","Bag of Preparation","Lizard Tail","MawBank","Lantern","Red Mask","construct:ClawGrip","Mummified Hand","Torii","Letter Opener","Bird Faced Urn","Oddly Smooth Stone"],"acts_visited":["Exordium","TheCity","TheBeyond","TheEnding"],"potions_floor_usage":[16,27,29,38,40,55,55],"damage_taken":[{"damage":0,"enemies":"2 Louse","floor":1,"turns":1},{"damage":0,"enemies":"Jaw Worm","floor":5,"turns":1},{"damage":0,"enemies":"3 Sentries","floor":6,"turns":1},{"damage":0,"enemies":"Cultist","floor":7,"turns":3},{"damage":61,"enemies":"Gremlin Nob","floor":8,"turns":5},{"damage":11,"enemies":"Blue Slaver","floor":13,"turns":2},{"damage":27,"enemies":"Gremlin Gang","floor":14,"turns":4},{"damage":999,"enemies":"Hexaghost","floor":16,"turns":6},{"damage":0,"enemies":"Spheric Guardian","floor":18,"turns":2},{"damage":34,"enemies":"2 Thieves","floor":21,"turns":3},{"damage":45,"enemies":"Gremlin Leader","floor":24,"turns":5},{"damage":25,"enemies":"Cultist and Chosen","floor":25,"turns":4},{"damage":75,"enemies":"Book of Stabbing","floor":27,"turns":5},{"damage":19,"enemies":"Centurion and Healer","floor":28,"turns":3},{"damage":30,"enemies":"Masked Bandits","floor":29,"turns":3},{"damage":20,"enemies":"Snecko","floor":31,"turns":4},{"damage":59,"enemies":"Automaton","floor":33,"turns":6},{"damage":63,"enemies":"3 Darklings","floor":35,"turns":4},{"damage":30,"enemies":"3 Shapes","floor":37,"turns":2},{"damage":11,"enemies":"Sphere and 2 Shapes","floor":38,"turns":3},{"damage":275,"enemies":"Giant Head","floor":40,"turns":10},{"damage":38,"enemies":"Spire Growth","floor":41,"turns":4},{"damage":29,"enemies":"Jaw Worm Horde","floor":46,"turns":3},{"damage":69,"enemies":"Nemesis","floor":48,"turns":5},{"damage":363,"enemies":"Time Eater","floor":50,"turns":10},{"damage":90,"enemies":"Shield and Spear","floor":54,"turns":4},{"damage":366,"enemies":"The Heart","floor":55,"turns":11}],"seed_played":"7066337558933140972","potions_obtained":[{"floor":5,"key":"SneckoOil"},{"floor":8,"key":"Guardian:BlockOnCardUsePotion"},{"floor":14,"key":"AttackPotion"},{"floor":21,"key":"BlessingOfTheForge"},{"floor":24,"key":"SneckoOil"},{"floor":29,"key":"StancePotion"},{"floor":33,"key":"construct:ShiftPotion"},{"floor":41,"key":"PowerPotion"},{"floor":54,"key":"Block Potion"}],"is_trial":false,"path_per_floor":["M","$","?","?","M","E","M","E","T","R","?","R","M","M","R","B",null,"M","$","?","M","?","R","E","M","T","E","M","?","?","M","R","B",null,"M","$","M","M","$","E","M","R","T","?","R","M","R","E","R","B",null,"R","$","E","B",null],"character_chosen":"WATCHER","items_purchased":["SandsOfTime","FearNoEvil","Swift Strike","Mummified Hand","Worship","Worship"],"campfire_rested":0,"item_purchase_floors":[2,19,19,36,39,53],"current_hp_per_floor":[2072,2072,2065,2065,2065,2065,2065,2004,2004,2004,2004,2004,1993,1966,1966,967,1802,1802,1817,1823,1789,1789,1789,1744,1719,1719,1644,1625,1595,1589,1569,1569,1510,1941,1878,1893,1863,1852,1867,1592,1554,1554,1554,1560,1560,1531,1531,1462,1462,1099,1842,1842,1857,1767,1403],"gold":126,"neow_bonus":"THREE_ENEMY_KILL","is_daily":false,"chose_seed":false,"campfire_upgraded":9,"win_rate":0.0,"timestamp":1612375834,"path_taken":["M","$","?","?","?","E","M","E","T","R","?","R","M","?","R","BOSS","M","$","?","M","?","R","E","M","T","E","?","?","?","M","R","BOSS","M","$","M","M","$","E","M","R","T","?","R","?","R","E","R","BOSS","R","$","E","BOSS"],"items_purchased_type":["Card","Card","Card","Relic","Card","Card"],"build_version":"2020-12-22","purchased_purges":2,"victory":true,"max_hp_per_floor":[2072,2072,2072,2072,2072,2072,2072,2072,2072,2072,2072,2072,2072,2072,2072,2072,2078,2078,2078,2084,2084,2084,2084,2084,2084,2084,2084,2084,2084,2084,2084,2084,2084,2084,2084,2084,2084,2084,2084,2084,2084,2084,2084,2090,2090,2090,2090,2090,2090,2090,2090,2090,2090,2090,2090],"card_choices":[{"not_picked":["FlurryOfBlows","Protect"],"picked":"Prostrate","floor":1},{"not_picked":["CutThroughFate","FlyingSleeves"],"picked":"FollowUp","floor":5},{"not_picked":["Protect","ThirdEye"],"picked":"WheelKick","floor":6},{"not_picked":["FlurryOfBlows","LikeWater"],"picked":"CarveReality","floor":7},{"not_picked":["BattleHymn","Protect"],"picked":"FlyingSleeves","floor":8},{"not_picked":["FlyingSleeves","CarveReality"],"picked":"Brilliance","floor":13},{"not_picked":["ClearTheMind","CrushJoints"],"picked":"CutThroughFate","floor":14},{"not_picked":["Blasphemy","LessonLearned"],"picked":"Judgement","floor":16},{"not_picked":["EmptyBody","PathToVictory"],"picked":"BowlingBash+1","floor":18},{"not_picked":["ClearTheMind","FlyingSleeves+1"],"picked":"Collect","floor":21},{"not_picked":["FollowUp","Consecrate"],"picked":"Scrawl","floor":24},{"not_picked":["Nirvana","Perseverance"],"picked":"Wallop","floor":25},{"not_picked":["Wireheading","SignatureMove","CrushJoints"],"picked":"SKIP","floor":27},{"not_picked":["CrushJoints","ClearTheMind"],"picked":"Indignation","floor":28},{"not_picked":["FlyingSleeves","CrushJoints"],"picked":"Consecrate","floor":31},{"not_picked":["DeusExMachina","Establishment"],"picked":"Judgement","floor":33},{"not_picked":["ClearTheMind+1","Halt+1"],"picked":"ReachHeaven+1","floor":35},{"not_picked":["ThirdEye+1","Crescendo+1"],"picked":"CrushJoints+1","floor":37},{"not_picked":["Vengeance+1","LikeWater"],"picked":"EmptyFist+1","floor":38},{"not_picked":["ThirdEye","ClearTheMind+1","DeceiveReality"],"picked":"SKIP","floor":40},{"not_picked":["TalkToTheHand+1","BattleHymn+1"],"picked":"FlurryOfBlows+1","floor":41},{"not_picked":["SashWhip","Crescendo+1"],"picked":"FearNoEvil+1","floor":46},{"not_picked":["Consecrate+1","Nirvana"],"picked":"Omniscience","floor":48},{"not_picked":["PathToVictory+1","ThirdEye"],"picked":"ReachHeaven","floor":54}],"player_experience":298019,"relics_obtained":[{"floor":6,"key":"Nunchaku"},{"floor":8,"key":"Darkstone Periapt"},{"floor":17,"key":"MealTicket"},{"floor":17,"key":"Blue Candle"},{"floor":17,"key":"Pocketwatch"},{"floor":24,"key":"Lizard Tail"},{"floor":26,"key":"MawBank"},{"floor":27,"key":"Lantern"},{"floor":29,"key":"Red Mask"},{"floor":40,"key":"Torii"},{"floor":43,"key":"Letter Opener"},{"floor":48,"key":"Bird Faced Urn"},{"floor":54,"key":"Oddly Smooth Stone"}],"event_choices":[{"cards_removed":["Defend_P"],"damage_healed":0,"gold_gain":0,"player_choice":"Card Removal","damage_taken":7,"max_hp_gain":0,"max_hp_loss":0,"event_name":"Golden Wing","floor":3,"gold_loss":0},{"damage_healed":0,"gold_gain":0,"player_choice":"1 cards matched","damage_taken":0,"max_hp_gain":0,"max_hp_loss":0,"event_name":"Match and Keep!","floor":4,"gold_loss":0,"cards_obtained":["Eruption"]},{"damage_healed":0,"gold_gain":0,"player_choice":"Gave Potion","damage_taken":0,"relics_obtained":["Damaru"],"max_hp_gain":0,"max_hp_loss":0,"event_name":"WeMeetAgain","floor":11,"gold_loss":0},{"damage_healed":0,"gold_gain":0,"player_choice":"Opened","damage_taken":0,"relics_obtained":["Bag of Preparation"],"max_hp_gain":0,"max_hp_loss":0,"event_name":"The Mausoleum","floor":20,"gold_loss":0,"cards_obtained":["Writhe"]},{"cards_removed":["Writhe"],"damage_healed":0,"gold_gain":0,"player_choice":"Removed Curses","damage_taken":0,"max_hp_gain":0,"max_hp_loss":0,"event_name":"Fountain of Cleansing","floor":22,"gold_loss":0},{"damage_healed":0,"gold_gain":0,"player_choice":"Fought Bandits","damage_taken":0,"max_hp_gain":0,"max_hp_loss":0,"event_name":"Masked Bandits","floor":29,"gold_loss":0},{"damage_healed":0,"gold_gain":0,"player_choice":"Joined the Cult","damage_taken":6,"max_hp_gain":0,"max_hp_loss":0,"event_name":"Nest","floor":30,"gold_loss":0,"cards_obtained":["RitualDagger"]},{"damage_healed":0,"gold_gain":0,"player_choice":"2 cards matched","damage_taken":0,"max_hp_gain":0,"max_hp_loss":0,"event_name":"Match and Keep!","floor":44,"gold_loss":0,"cards_obtained":["Doubt","Dramatic Entrance"]}],"is_beta":false,"boss_relics":[{"not_picked":["Philosopher\u0027s Stone","Busted Crown"],"picked":"Calling Bell"},{"not_picked":["SlaversCollar","Snecko Eye"],"picked":"construct:ClawGrip"}],"items_purged_floors":[19,36],"is_endless":false,"potions_floor_spawned":[5,8,14,21,24,25,29,33,41,54],"ascension_level":5}}