{"host":"2bgm6qx4v5n7yply","time":1612390153,"event":{"mods":["A Magickal Journey","AchievementEnabler","BaseMod","Better Third Choice","BetterRewards","Bossed Relics","ChefMod","Colored Map","HornydragonMod","Hubris","Minty Spire (QoL Compilation)","Rare Cards Sparkle","Reliquary","Shade Mod","Shop Mod","Spicy Shops","StSLib","The Alterego","The Dragon Tamer","The Hayseed"],"gold_per_floor":[88,102,9999,9999,9969,9969,9980,9980,10030,8322,8322,6661,6661,6661,6661,6766,6766,6786,6800,6812,5649,5649,5649,5663,5693,5718,5733,4586,4586,4614,4627,4627,4725,4725,4745,3910,3910,3925,3942,3116,3141,3157,3157,3173,3173,3188,3213,3225,3225,3225,3225,3225,2769,2801,2801],"floor_reached":56,"language":"ENG","playtime":6740,"items_purged":["Strike_HD","Defend_HD","Defend_HD","Strike_HD","Defend_HD","Defend_HD","Strike_HD"],"score":1364,"play_id":"a3ee707e-6555-4b3d-92c6-6fedf8dc9af2","local_time":"20210203160913","is_ascension_mode":false,"campfire_choices":[{"data":"HeadDefend","floor":6,"key":"SMITH"},{"floor":8,"key":"RECALL"},{"floor":11,"key":"REST"},{"data":"Caffeine","floor":13,"key":"SMITH"},{"data":"Vodka","floor":15,"key":"SMITH"},{"data":"Trip","floor":23,"key":"SMITH"},{"data":"Fury","floor":32,"key":"SMITH"},{"data":"FearFace","floor":45,"key":"SMITH"},{"data":"Apotheosis","floor":49,"key":"SMITH"},{"data":"GetWldd","floor":52,"key":"SMITH"}],"circlet_count":0,"master_deck":["Strike_HD","DrunkenFist+1","AlcoholBarrier","BreakDrink","Vodka+1","DrunkardWalk","HeadDefend+1","BloodyMary","Enlightenment+1","BloodyMary","Trumpet+1","Caffeine","Sadistic Nature","BloodyMary+1","Heart6","Caffeine+1","Mind Blast+1","PointCard0","Beer+1","DrumStick+1","RainbowAttack","Blue","Sadistic Nature","Trip+1","ShrimpCocktail","Vodka","Ahahah","Ahahah+1","Fbi","Beer","Yeast+1","BloodyMary+1","KingRound","Circle+1","Fury+1","FearFace+1","Alcoholic+1","Sadistic Nature","Dramatic Entrance+1","ThrowBottle+1","Apotheosis+1","GetWldd+1","CrazyDrinking","Circle","Wtf+1","RainbowAttack+1","Timmie+1","ShrimpCocktail","RainbowAttack","BraveAlcohol+1"],"relics":["WineBottle","MerchantsRug","Happy Flower","TheAbacus","MealTicket","White Beast Statue","Bottled Lightning","DollysMirror","ClockworkSouvenir","hubris:ToyBattleship","Bag of Marbles","Lee\u0027s Waffle","hubris:Metronome","hubris:CrystalStatue","Tiny Chest","Tiny House","Regal Pillow","hubris:FunFungus","Meat on the Bone","Orrery","reliquary:QuartzCube","reliquary:Boomerang","hubris:TenFootPole","Medical Kit","reliquary:TuningFork","Whetstone","Thread and Needle","Membership Card","hubris:MysteriousPyramids","Anchor","SlaversCollar","hubris:EmptyBottle","Kunai","War Paint","Ornamental Fan","Shuriken","Juzu Bracelet","reliquary:TridentHead","Lantern","PreservedInsect","Chemical X","Ems","reliquary:Buckler","hubris:SphereOfDissonance","Blood Vial","Nunchaku","Sundial","Bag of Preparation","Boot","HandDrill","reliquary:RosewoodLute"],"acts_visited":["Exordium","TheCity","TheBeyond","TheEnding"],"potions_floor_usage":[25,31,33,33,41,41,42,42,55,55,55,55],"damage_taken":[{"damage":19,"enemies":"Cultist","floor":1,"turns":6},{"damage":5,"enemies":"2 Louse","floor":2,"turns":3},{"damage":7,"enemies":"Jaw Worm","floor":3,"turns":6},{"damage":6,"enemies":"Looter","floor":5,"turns":4},{"damage":2,"enemies":"Blue Slaver","floor":7,"turns":7},{"damage":9,"enemies":"The Guardian","floor":16,"turns":10},{"damage":5,"enemies":"3 Byrds","floor":18,"turns":7},{"damage":8,"enemies":"Shell Parasite","floor":19,"turns":7},{"damage":23,"enemies":"Chosen and Byrds","floor":20,"turns":7},{"damage":12,"enemies":"Centurion and Healer","floor":24,"turns":5},{"damage":18,"enemies":"Slavers","floor":25,"turns":3},{"damage":0,"enemies":"Snake Plant","floor":27,"turns":2},{"damage":45,"enemies":"Gremlin Leader","floor":30,"turns":7},{"damage":20,"enemies":"Snecko","floor":31,"turns":4},{"damage":28,"enemies":"Automaton","floor":33,"turns":7},{"damage":8,"enemies":"3 Darklings","floor":35,"turns":6},{"damage":0,"enemies":"3 Shapes","floor":38,"turns":3},{"damage":29,"enemies":"Transient","floor":39,"turns":5},{"damage":35,"enemies":"Giant Head","floor":41,"turns":7},{"damage":0,"enemies":"Writhing Mass","floor":42,"turns":3},{"damage":8,"enemies":"3 Darklings","floor":44,"turns":4},{"damage":0,"enemies":"4 Shapes","floor":46,"turns":3},{"damage":0,"enemies":"Reptomancer","floor":47,"turns":1},{"damage":5,"enemies":"Sphere and 2 Shapes","floor":48,"turns":4},{"damage":23,"enemies":"Awakened One","floor":50,"turns":10},{"damage":0,"enemies":"Shield and Spear","floor":54,"turns":1},{"damage":55,"enemies":"The Heart","floor":55,"turns":8}],"seed_played":"8432518622848231762","potions_obtained":[{"floor":1,"key":"FearPotion"},{"floor":16,"key":"LiquidBronze"},{"floor":18,"key":"Fire Potion"},{"floor":24,"key":"FairyPotion"},{"floor":25,"key":"AttackPotion"},{"floor":31,"key":"DistilledChaos"},{"floor":33,"key":"Ancient Potion"},{"floor":35,"key":"CultistPotion"},{"floor":39,"key":"SkillPotion"},{"floor":41,"key":"SkillPotion"},{"floor":42,"key":"Fruit Juice"},{"floor":44,"key":"Regen Potion"},{"floor":54,"key":"PowerPotion"}],"is_trial":false,"path_per_floor":["M","M","M","?","M","R","M","R","T","$","R","$","R","?","R","B",null,"M","M","M","$","?","R","M","E","T","M","$","?","E","M","R","B",null,"M","$","T","M","M","$","E","M","T","M","R","M","E","M","R","B",null,"R","$","E","B",null],"character_chosen":"HORNYDRAGON","items_purchased":["MerchantsRug","Happy Flower","TheAbacus","MealTicket","White Beast Statue","AttackPotion","Caffeine","Sadistic Nature","Bottled Lightning","DollysMirror","Heart6","ClockworkSouvenir","hubris:ToyBattleship","Bag of Marbles","Lee\u0027s Waffle","hubris:Metronome","hubris:CrystalStatue","Caffeine","Mind Blast","Regal Pillow","hubris:FunFungus","Meat on the Bone","Blue","Sadistic Nature","Trip","Orrery","Medical Kit","reliquary:TuningFork","Whetstone","Thread and Needle","Membership Card","hubris:MysteriousPyramids","KingRound","Sadistic Nature","Dramatic Entrance","hubris:EmptyBottle","Kunai","War Paint","Ornamental Fan","Shuriken","Apotheosis","GetWldd","reliquary:TridentHead","Lantern","PreservedInsect","Chemical X","CrazyDrinking","Nunchaku","Sundial","Bag of Preparation","Boot","HandDrill","RainbowAttack"],"campfire_rested":1,"item_purchase_floors":[10,10,10,10,10,10,10,10,10,10,10,12,12,12,12,12,12,12,12,21,21,21,21,21,21,21,28,28,28,28,28,28,28,36,36,36,36,36,36,36,40,40,40,40,40,40,40,53,53,53,53,53,53],"current_hp_per_floor":[68,63,56,62,60,60,66,66,66,66,93,100,100,100,100,100,100,100,100,83,98,98,98,88,78,78,89,100,100,76,71,71,71,100,99,100,100,100,71,86,69,93,93,98,98,108,108,105,105,110,110,110,110,110,74],"gold":2801,"neow_bonus":"ONE_RANDOM_RARE_CARD","is_daily":false,"chose_seed":false,"campfire_upgraded":8,"win_rate":0.0,"timestamp":1612390153,"path_taken":["M","M","M","?","M","R","M","R","T","$","R","$","R","?","R","BOSS","M","M","?","$","?","R","M","E","T","M","$","?","E","M","R","BOSS","M","$","?","M","M","$","E","M","T","M","R","M","E","M","R","BOSS","R","$","E","BOSS"],"items_purchased_type":["Relic","Relic","Relic","Relic","Relic","Potion","Card","Card","Relic","Relic","Card","Relic","Relic","Relic","Relic","Relic","Relic","Card","Card","Relic","Relic","Relic","Card","Card","Card","Relic","Relic","Relic","Relic","Relic","Relic","Relic","Card","Card","Card","Relic","Relic","Relic","Relic","Relic","Card","Card","Relic","Relic","Relic","Relic","Card","Relic","Relic","Relic","Relic","Relic","Card"],"build_version":"2020-12-22","purchased_purges":7,"victory":true,"max_hp_per_floor":[87,87,87,93,93,93,93,93,93,93,93,100,100,100,100,100,100,100,100,100,100,100,100,100,100,100,100,100,100,100,100,100,100,100,100,100,100,100,100,100,100,110,110,110,110,110,110,110,110,110,110,110,110,110,110],"card_choices":[{"not_picked":["Bike","DrunkenFist"],"picked":"DrunkardWalk","floor":1},{"not_picked":["BunnyJump","ChickenAttack"],"picked":"HeadDefend","floor":2},{"not_picked":["BraveAlcohol","Ahahah"],"picked":"BloodyMary","floor":3},{"not_picked":["Conch","AlcoholFlame"],"picked":"BloodyMary","floor":5},{"not_picked":["Fury","Ahahah"],"picked":"Trumpet","floor":7},{"not_picked":["GetAlcoholism","Ie6"],"picked":"PointCard0","floor":16},{"not_picked":["BreakDrink+1","ChickenAttack"],"picked":"Beer+1","floor":18},{"not_picked":["SexyLeg","HeadDefend"],"picked":"DrumStick+1","floor":19},{"not_picked":["PowerGlove","Ahahah"],"picked":"RainbowAttack","floor":20},{"not_picked":["Scp261","DrunkenFist"],"picked":"ShrimpCocktail","floor":21},{"not_picked":["Guppy","Caffeine+1"],"picked":"Vodka","floor":21},{"not_picked":["MemeAttack","CardDestruct+1"],"picked":"Ahahah","floor":21},{"not_picked":["Bike","Metabolism"],"picked":"Ahahah+1","floor":21},{"not_picked":["Scp261","AlcoholHeal+1"],"picked":"Fbi","floor":21},{"not_picked":["Fbi","DrumStick"],"picked":"Beer","floor":24},{"not_picked":["FearFace","LuckyCoin"],"picked":"Yeast+1","floor":25},{"not_picked":["AlcoholHeal","DrumStick"],"picked":"BloodyMary+1","floor":27},{"not_picked":["BottleAttack","DrunkenFist"],"picked":"Circle","floor":30},{"not_picked":["RainbowAttack+1","Scp261"],"picked":"Fury","floor":31},{"not_picked":["Vodka","Hammer"],"picked":"FearFace","floor":33},{"not_picked":["Fury","Yeast"],"picked":"Alcoholic+1","floor":35},{"not_picked":["BunnyJump","Distracted","Fly"],"picked":"SKIP","floor":38},{"not_picked":["Margarita+1","Guppy+1"],"picked":"ThrowBottle+1","floor":39},{"not_picked":["Blue+1","Yeast"],"picked":"Circle","floor":41},{"not_picked":["DrunkardWalk","AlcoholHeal+1"],"picked":"Wtf+1","floor":42},{"not_picked":["DrunkenFist","Nihilism+1"],"picked":"RainbowAttack+1","floor":44},{"not_picked":["Fbi+1","Ahahah"],"picked":"Timmie+1","floor":46},{"not_picked":["Vodka","Yeast"],"picked":"ShrimpCocktail","floor":47},{"not_picked":["Fury","BottleAttack","Bike+1"],"picked":"SKIP","floor":48},{"not_picked":["PowerGlove+1","Oolong"],"picked":"BraveAlcohol+1","floor":54}],"player_experience":160703,"relics_obtained":[{"floor":25,"key":"reliquary:Boomerang"},{"floor":26,"key":"hubris:TenFootPole"},{"floor":30,"key":"Anchor"},{"floor":37,"key":"Juzu Bracelet"},{"floor":41,"key":"reliquary:Buckler"},{"floor":43,"key":"hubris:SphereOfDissonance"},{"floor":47,"key":"Blood Vial"},{"floor":54,"key":"reliquary:RosewoodLute"}],"event_choices":[{"damage_healed":0,"gold_gain":0,"player_choice":"RENOUNCE","damage_taken":9999,"max_hp_gain":0,"max_hp_loss":0,"event_name":"betterThird:BetterSerpent","floor":4,"gold_loss":9999,"cards_obtained":["Enlightenment"]},{"damage_healed":0,"gold_gain":0,"player_choice":"Gave Potion","damage_taken":0,"relics_obtained":["Tiny Chest"],"max_hp_gain":0,"max_hp_loss":0,"event_name":"WeMeetAgain","floor":14,"gold_loss":0},{"damage_healed":0,"gold_gain":0,"player_choice":"Ignored","damage_taken":0,"max_hp_gain":0,"max_hp_loss":0,"event_name":"Ghosts","floor":22,"gold_loss":0},{"damage_healed":0,"gold_gain":0,"player_choice":"Serpent","damage_taken":0,"max_hp_gain":0,"max_hp_loss":0,"event_name":"BanditSerpent","floor":29,"gold_loss":0}],"is_beta":false,"boss_relics":[{"not_picked":["Pandora\u0027s Box","hubris:VirtuousBlindfold"],"picked":"Tiny House"},{"not_picked":["reliquary:RedPaperclip","hubris:CrackedHourglass"],"picked":"SlaversCollar"}],"items_purged_floors":[10,12,12,28,28,36,40],"is_endless":false,"potions_floor_spawned":[1,16,18,19,20,24,25,27,30,31,33,35,38,39,41,42,44,46,47,48,54],"ascension_level":0}}