{"host":"e1pm3b7xpcm97e5w","time":1612380302,"event":{"mods":["BaseMod","Better Skull","Googly Eyes","Minty Spire (QoL Compilation)","Relic Stats","Shop Mod","Spicy Shops","StSLib"],"gold_per_floor":[117,42,59,79,79,79,96,96,96,124,124,124,124,124],"floor_reached":13,"language":"ENG","playtime":398,"items_purged":["Strike_G"],"score":162,"play_id":"e15829c7-931a-47e4-93d0-b68a803c3940","local_time":"20210203142502","is_ascension_mode":true,"campfire_choices":[{"data":"Footwork","floor":6,"key":"SMITH"},{"data":"Blade Dance","floor":8,"key":"SMITH"},{"data":"Neutralize","floor":11,"key":"SMITH"}],"circlet_count":0,"master_deck":["AscendersBane","Strike_G","Strike_G","Defend_G","Defend_G","Defend_G","Defend_G","Defend_G","Survivor","Neutralize+1","Footwork+1","Blade Dance+1","Dodge and Roll","PiercingWail"],"relics":["Ring of the Snake","NeowsBlessing","White Beast Statue","Shuriken"],"acts_visited":["Exordium"],"potions_floor_usage":[7,10,13],"damage_taken":[{"damage":0,"enemies":"Cultist","floor":1,"turns":1},{"damage":0,"enemies":"Jaw Worm","floor":3,"turns":1},{"damage":0,"enemies":"Small Slimes","floor":4,"turns":1},{"damage":10,"enemies":"Gremlin Gang","floor":7,"turns":8},{"damage":8,"enemies":"3 Sentries","floor":10,"turns":15},{"damage":38,"enemies":"Gremlin Nob","floor":13,"turns":6}],"seed_played":"3777206615466563542","potions_obtained":[{"floor":1,"key":"LiquidBronze"},{"floor":4,"key":"Poison Potion"},{"floor":10,"key":"SkillPotion"}],"is_trial":false,"path_per_floor":["M","$","M","M","?","R","M","R","T","E","R","?","E"],"character_chosen":"THE_SILENT","items_purchased":[],"campfire_rested":0,"item_purchase_floors":[],"current_hp_per_floor":[59,59,59,59,52,52,42,42,42,34,34,34,0,0],"gold":124,"neow_bonus":"THREE_ENEMY_KILL","is_daily":false,"chose_seed":false,"campfire_upgraded":3,"win_rate":0.0,"timestamp":1612380302,"path_taken":["M","?","?","?","?","R","M","R","T","E","R","?","E"],"items_purchased_type":[],"build_version":"2020-12-22","purchased_purges":1,"victory":false,"max_hp_per_floor":[66,66,66,66,66,66,66,66,66,66,66,66,66,66],"relic_stats":{"counters":[6,32],"Shuriken":[2],"obtain_stats":[{"NeowsBlessing":0,"Shuriken":10,"White Beast Statue":9,"Ring of the Snake":0},{"NeowsBlessing":0,"Shuriken":5,"White Beast Statue":4,"Ring of the Snake":0},{"NeowsBlessing":0,"Shuriken":26,"White Beast Statue":11,"Ring of the Snake":0}],"Ring of the Snake":[12]},"card_choices":[{"not_picked":["Poisoned Stab","Well Laid Plans"],"picked":"Footwork","floor":1},{"not_picked":["Dagger Throw","Poisoned Stab"],"picked":"Blade Dance","floor":3},{"not_picked":["Endless Agony","Riddle With Holes"],"picked":"Dodge and Roll","floor":4},{"not_picked":["Underhanded Strike","Dagger Throw","Setup"],"picked":"SKIP","floor":7},{"not_picked":["Quick Slash","Bane"],"picked":"PiercingWail","floor":10}],"player_experience":695194,"relics_obtained":[{"floor":9,"key":"White Beast Statue"},{"floor":10,"key":"Shuriken"}],"event_choices":[{"cards_removed":["Strike_G"],"damage_healed":0,"gold_gain":0,"player_choice":"Card Removal","damage_taken":7,"max_hp_gain":0,"max_hp_loss":0,"event_name":"Golden Wing","floor":5,"gold_loss":0},{"cards_removed":["Strike_G"],"damage_healed":0,"gold_gain":0,"player_choice":"Purged","damage_taken":0,"max_hp_gain":0,"max_hp_loss":0,"event_name":"Purifier","floor":12,"gold_loss":0}],"is_beta":false,"boss_relics":[],"items_purged_floors":[2],"is_endless":false,"potions_floor_spawned":[1,4,10],"killed_by":"Gremlin Nob","ascension_level":19}}