{"host":"aj7el8l5kufbk20z","time":1612323286,"event":{"mods":["AchievementEnabler","BaseMod","Colored Map","Colored Powertips","Curses Come First","Highlight Path","Minty Spire (QoL Compilation)","Permanent Neow","Poor People Problems","Quick Restart","Rare Cards Sparkle","Relic Stats","StSLib","SuperFastMode","Waifu the Spire"],"gold_per_floor":[112,591,591,450,462,462,494,494,494,504,504,504,532,651,651,751,751,765,765,209,999,1010,1036,1036,1067,1067,1084,1112,1312,1325,1185,1185,1289,1289,1322,1345,1395,1395,926,926,959,959,986,1018,1018,1032,585,596,596,596,596,596,500,527,527],"floor_reached":56,"language":"ZHS","playtime":4545,"items_purged":["Strike_B","Strike_B","Strike_B","Defend_B","Writhe","Defend_B","Panache+1"],"score":2124,"play_id":"5779b36c-8caa-4558-ab13-855a0d3312c2","local_time":"20210203113446","is_ascension_mode":true,"campfire_choices":[{"data":"Stack","floor":6.0,"key":"SMITH"},{"data":"Stack","floor":8.0,"key":"SMITH"},{"data":"Dualcast","floor":12.0,"key":"SMITH"},{"data":"Loop","floor":15.0,"key":"SMITH"},{"data":"Amplify","floor":32.0,"key":"SMITH"},{"data":"Seek","floor":40,"key":"SMITH"},{"floor":45,"key":"RECALL"},{"data":"Defend_B+1","floor":49,"key":"PURGE"},{"data":"Defend_B+1","floor":52,"key":"PURGE"}],"circlet_count":0,"master_deck":["Zap+1","Dualcast+1","Coolheaded+1","Stack+1","Stack+1","Seek+1","Conserve Battery","Loop+1","Core Surge+1","FTL+1","Amplify+1","Force Field+1","Double Energy+1","Defragment+1","Loop+1","Finesse+1","Self Repair+1","Loop+1","Defragment+1","Skim+1","Machine Learning+1"],"relics":["Cracked Core","Calipers","HornCleat","Kunai","Incense Burner","TheAbacus","Anchor","PreservedInsect","Potion Belt","Emotion Chip","ClockworkSouvenir","Coffee Dripper","Nilry\u0027s Codex","Bronze Scales","Letter Opener","Strawberry","Pear","Ancient Tea Set","The Courier","Question Card","Nunchaku","Shovel","Vajra","Ice Cream","DataDisk","Orichalcum","Boot","White Beast Statue","Cables","Bird Faced Urn","Bottled Lightning","Toy Ornithopter","Mercury Hourglass","Turnip","Meat on the Bone","Pocketwatch","Juzu Bracelet","Toxic Egg 2","Matryoshka","Pen Nib","Akabeko","Blue Candle","Oddly Smooth Stone","Regal Pillow","Cauldron","Shuriken","Sundial","TungstenRod","Art of War","Whetstone","Omamori","MealTicket","Singing Bowl","Frozen Egg 2","Lantern","Peace Pipe","War Paint","CeramicFish","Happy Flower","StoneCalendar","Prayer Wheel","Tiny Chest","Eternal Feather","Unceasing Top","Thread and Needle","StrikeDummy","Centennial Puzzle","Blood Vial","Darkstone Periapt","InkBottle","Mango","Ginger","CaptainsWheel","Torii","Bag of Marbles","Bag of Preparation","Dream Catcher","Bottled Tornado","Du-Vu Doll","Molten Egg 2","Ornamental Fan","Gremlin Horn","Pantograph","FossilizedHelix","Gambling Chip","Mummified Hand","Bottled Flame","Nuclear Battery","Strange Spoon","Chemical X","Orrery"],"acts_visited":["Exordium","TheCity","TheBeyond","TheEnding"],"potions_floor_usage":[54,55],"damage_taken":[{"damage":2.0,"enemies":"Small Slimes","floor":1.0,"turns":4.0},{"damage":2.0,"enemies":"2 Louse","floor":5.0,"turns":3.0},{"damage":57.0,"enemies":"Gremlin Nob","floor":7.0,"turns":7.0},{"damage":0.0,"enemies":"Jaw Worm","floor":10.0,"turns":3.0},{"damage":0.0,"enemies":"Lagavulin","floor":13.0,"turns":7.0},{"damage":0.0,"enemies":"The Guardian","floor":16.0,"turns":19.0},{"damage":0.0,"enemies":"Shell Parasite","floor":18.0,"turns":14.0},{"damage":0.0,"enemies":"Chosen","floor":22.0,"turns":5.0},{"damage":7.0,"enemies":"Slavers","floor":23.0,"turns":4.0},{"damage":0.0,"enemies":"Gremlin Leader","floor":25.0,"turns":14.0},{"damage":4.0,"enemies":"Centurion and Healer","floor":27.0,"turns":6.0},{"damage":9.0,"enemies":"Slavers","floor":28.0,"turns":3.0},{"damage":7.0,"enemies":"Snake Plant","floor":30.0,"turns":4.0},{"damage":0,"enemies":"Champ","floor":33,"turns":7},{"damage":0,"enemies":"Orb Walker","floor":35,"turns":2},{"damage":0,"enemies":"3 Shapes","floor":36,"turns":2},{"damage":0,"enemies":"Mind Bloom Boss Battle","floor":37,"turns":6},{"damage":0,"enemies":"Giant Head","floor":41,"turns":5},{"damage":0,"enemies":"Nemesis","floor":44,"turns":4},{"damage":0,"enemies":"Sphere and 2 Shapes","floor":46,"turns":4},{"damage":0,"enemies":"Maw","floor":48,"turns":5},{"damage":0,"enemies":"Time Eater","floor":50,"turns":8},{"damage":0,"enemies":"Shield and Spear","floor":54,"turns":3},{"damage":0,"enemies":"The Heart","floor":55,"turns":7}],"seed_played":"6011839709077782654","potions_obtained":[{"floor":5.0,"key":"SpeedPotion"},{"floor":28.0,"key":"Fruit Juice"},{"floor":30.0,"key":"SneckoOil"},{"floor":31.0,"key":"Dexterity Potion"},{"floor":31.0,"key":"PowerPotion"},{"floor":31.0,"key":"DuplicationPotion"},{"floor":31.0,"key":"Energy Potion"},{"floor":31.0,"key":"FearPotion"},{"floor":35,"key":"Dexterity Potion"},{"floor":36,"key":"PowerPotion"},{"floor":37,"key":"SkillPotion"},{"floor":41,"key":"EssenceOfDarkness"},{"floor":44,"key":"Weak Potion"},{"floor":54,"key":"Weak Potion"}],"is_trial":false,"path_per_floor":["M","$","?","$","M","R","E","R","T","M","?","R","E","$","R","B",null,"M","?","$","?","M","E","?","E","T","M","E","?","M","$","R","B",null,"M","M","?","?","$","R","E","?","T","E","R","M","$","M","R","B",null,"R","$","E","B",null],"character_chosen":"DEFECT","items_purchased":["Stack","HornCleat","Kunai","Incense Burner","TheAbacus","Emotion Chip","ClockworkSouvenir","Loop","Bronze Scales","Letter Opener","Nunchaku","Shovel","Vajra","Ice Cream","DataDisk","Orichalcum","Boot","White Beast Statue","Cables","Bird Faced Urn","Bottled Lightning","Toy Ornithopter","Mercury Hourglass","Turnip","Meat on the Bone","Pocketwatch","Juzu Bracelet","Toxic Egg 2","Matryoshka","Pen Nib","Akabeko","Blue Candle","Oddly Smooth Stone","Regal Pillow","Cauldron","Shuriken","Sundial","TungstenRod","Art of War","Whetstone","Omamori","MealTicket","Singing Bowl","Frozen Egg 2","Lantern","Peace Pipe","War Paint","CeramicFish","Happy Flower","StoneCalendar","Prayer Wheel","Tiny Chest","Eternal Feather","Unceasing Top","Thread and Needle","StrikeDummy","Centennial Puzzle","Blood Vial","Darkstone Periapt","InkBottle","Mango","Ginger","CaptainsWheel","Torii","Bag of Marbles","Bag of Preparation","Dream Catcher","Bottled Tornado","Du-Vu Doll","Molten Egg 2","Ornamental Fan","Gremlin Horn","Pantograph","FossilizedHelix","Gambling Chip","Mummified Hand","Bottled Flame","Strange Spoon","Panache+1","Finesse+1","Chemical X","Self Repair+1","Loop+1","Defragment+1","Orrery"],"campfire_rested":0,"item_purchase_floors":[2,2,2,4,4,14,14,14,20,20,31,31,31,31,31,31,31,31,31,31,31,31,31,31,31,31,31,31,31,31,31,31,31,31,31,31,31,31,31,31,31,31,31,31,31,31,31,31,31,31,31,31,31,31,31,31,31,31,31,31,31,31,31,31,31,31,31,31,31,31,31,31,31,31,31,31,31,39,39,39,47,47,47,47,53],"current_hp_per_floor":[48,48,33,33,31,31,69,69,69,69,69,69,69,69,69,69,74,74,73,73,80,80,83,83,83,83,79,75,75,68,82,91,113,113,113,115,117,117,117,117,119,119,119,121,121,125,125,129,129,129,129,129,135,137,137],"gold":527,"neow_bonus":"ONE_RARE_RELIC","is_daily":false,"chose_seed":false,"campfire_upgraded":6,"win_rate":0.0,"timestamp":1612323286,"path_taken":["M","$","?","$","M","R","E","R","T","M","?","R","E","$","R","BOSS","M","?","$","?","?","E","?","E","T","M","E","?","?","$","R","BOSS","M","M","?","?","$","R","E","?","T","E","R","M","$","M","R","BOSS","R","$","E","BOSS"],"items_purchased_type":["Card","Relic","Relic","Relic","Relic","Relic","Relic","Card","Relic","Relic","Relic","Relic","Relic","Relic","Relic","Relic","Relic","Relic","Relic","Relic","Relic","Relic","Relic","Relic","Relic","Relic","Relic","Relic","Relic","Relic","Relic","Relic","Relic","Relic","Relic","Relic","Relic","Relic","Relic","Relic","Relic","Relic","Relic","Relic","Relic","Relic","Relic","Relic","Relic","Relic","Relic","Relic","Relic","Relic","Relic","Relic","Relic","Relic","Relic","Relic","Relic","Relic","Relic","Relic","Relic","Relic","Relic","Relic","Relic","Relic","Relic","Relic","Relic","Relic","Relic","Relic","Relic","Relic","Card","Card","Relic","Card","Card","Card","Relic"],"build_version":"2020-12-22","purchased_purges":7,"victory":true,"max_hp_per_floor":[75,75,75,75,75,75,75,75,75,75,75,75,75,75,75,75,75,75,75,75,82,82,92,92,92,92,92,97,97,97,111,111,113,113,113,115,117,117,117,117,119,119,119,121,121,125,125,129,129,129,129,129,135,137,137],"relic_stats":{"Gremlin Horn":[4,4],"CeramicFish":90,"Whetstone":["Core Surge","FTL"],"Ginger":[12],"Boot":[8],"Blood Vial":0,"Centennial Puzzle":[0],"Sundial":[18],"MealTicket":0,"Prayer Wheel":4,"Kunai":[6],"Happy Flower":[17],"counters":[24,145],"Blue Candle":[0],"Eternal Feather":9,"Pen Nib":[4],"Letter Opener":[596],"War Paint":["Coolheaded","Defend_B"],"Question Card":20,"Cables":[45,21,12,0,12],"Shuriken":[4],"Bronze Scales":[370],"Bird Faced Urn":[0],"obtain_stats":[{"Ice Cream":31,"Calipers":0,"Gremlin Horn":31,"Nilry\u0027s Codex":19,"CeramicFish":31,"Vajra":31,"Whetstone":31,"Ginger":31,"Bottled Tornado":31,"Boot":31,"Blood Vial":31,"Centennial Puzzle":31,"HornCleat":2,"Sundial":31,"Strawberry":21,"MealTicket":31,"Prayer Wheel":31,"Kunai":2,"Toxic Egg 2":31,"Pear":23,"Happy Flower":31,"Blue Candle":31,"Oddly Smooth Stone":31,"Eternal Feather":31,"Pen Nib":31,"Letter Opener":20,"War Paint":31,"Question Card":28,"Akabeko":31,"Cables":31,"Du-Vu Doll":31,"Bottled Flame":31,"Shuriken":31,"Bronze Scales":20,"Bird Faced Urn":31,"Molten Egg 2":31,"StrikeDummy":31,"Unceasing Top":31,"Meat on the Bone":31,"Pocketwatch":31,"Darkstone Periapt":31,"Regal Pillow":31,"Lantern":31,"Singing Bowl":31,"Torii":31,"StoneCalendar":31,"Mango":31,"Incense Burner":4,"Juzu Bracelet":31,"Bag of Preparation":31,"Ancient Tea Set":24,"ClockworkSouvenir":14,"Emotion Chip":14,"Nunchaku":31,"Dream Catcher":31,"TheAbacus":4,"Shovel":31,"Matryoshka":31,"Mummified Hand":31,"Pantograph":31,"Gambling Chip":31,"Tiny Chest":31,"Chemical X":47,"Cracked Core":0,"InkBottle":31,"Potion Belt":13,"Thread and Needle":31,"PreservedInsect":9,"The Courier":25,"Omamori":31,"Orichalcum":31,"Frozen Egg 2":31,"White Beast Statue":31,"Mercury Hourglass":31,"Nuclear Battery":34,"Peace Pipe":31,"Cauldron":31,"Strange Spoon":39,"Anchor":7,"DataDisk":31,"CaptainsWheel":31,"Ornamental Fan":31,"Orrery":53,"Turnip":31,"Coffee Dripper":17,"Art of War":31,"Bag of Marbles":31,"Bottled Lightning":31,"Toy Ornithopter":31,"TungstenRod":31,"FossilizedHelix":31},{"Ice Cream":13,"Calipers":0,"Gremlin Horn":13,"Nilry\u0027s Codex":7,"CeramicFish":13,"Vajra":13,"Whetstone":13,"Ginger":13,"Bottled Tornado":13,"Boot":13,"Blood Vial":13,"Centennial Puzzle":13,"HornCleat":1,"Sundial":13,"Strawberry":7,"MealTicket":13,"Prayer Wheel":13,"Kunai":1,"Toxic Egg 2":13,"Pear":9,"Happy Flower":13,"Blue Candle":13,"Oddly Smooth Stone":13,"Eternal Feather":13,"Pen Nib":13,"Letter Opener":7,"War Paint":13,"Question Card":12,"Akabeko":13,"Cables":13,"Du-Vu Doll":13,"Bottled Flame":13,"Shuriken":13,"Bronze Scales":7,"Bird Faced Urn":13,"Molten Egg 2":13,"StrikeDummy":13,"Unceasing Top":13,"Meat on the Bone":13,"Pocketwatch":13,"Darkstone Periapt":13,"Regal Pillow":13,"Lantern":13,"Singing Bowl":13,"Torii":13,"StoneCalendar":13,"Mango":13,"Incense Burner":1,"Juzu Bracelet":13,"Bag of Preparation":13,"Ancient Tea Set":9,"ClockworkSouvenir":5,"Emotion Chip":5,"Nunchaku":13,"Dream Catcher":13,"TheAbacus":1,"Shovel":13,"Matryoshka":13,"Mummified Hand":13,"Pantograph":13,"Gambling Chip":13,"Tiny Chest":13,"Chemical X":20,"Cracked Core":0,"InkBottle":13,"Potion Belt":5,"Thread and Needle":13,"PreservedInsect":3,"The Courier":10,"Omamori":13,"Orichalcum":13,"Frozen Egg 2":13,"White Beast Statue":13,"Mercury Hourglass":13,"Nuclear Battery":14,"Peace Pipe":13,"Cauldron":13,"Strange Spoon":17,"Anchor":3,"DataDisk":13,"CaptainsWheel":13,"Ornamental Fan":13,"Orrery":22,"Turnip":13,"Coffee Dripper":6,"Art of War":13,"Bag of Marbles":13,"Bottled Lightning":13,"Toy Ornithopter":13,"TungstenRod":13,"FossilizedHelix":13},{"Ice Cream":93,"Calipers":0,"Gremlin Horn":93,"Nilry\u0027s Codex":57,"CeramicFish":93,"Vajra":93,"Whetstone":93,"Ginger":93,"Bottled Tornado":93,"Boot":93,"Blood Vial":93,"Centennial Puzzle":93,"HornCleat":4,"Sundial":93,"Strawberry":57,"MealTicket":93,"Prayer Wheel":93,"Kunai":4,"Toxic Egg 2":93,"Pear":66,"Happy Flower":93,"Blue Candle":93,"Oddly Smooth Stone":93,"Eternal Feather":93,"Pen Nib":93,"Letter Opener":57,"War Paint":93,"Question Card":89,"Akabeko":93,"Cables":93,"Du-Vu Doll":93,"Bottled Flame":93,"Shuriken":93,"Bronze Scales":57,"Bird Faced Urn":93,"Molten Egg 2":93,"StrikeDummy":93,"Unceasing Top":93,"Meat on the Bone":93,"Pocketwatch":93,"Darkstone Periapt":93,"Regal Pillow":93,"Lantern":93,"Singing Bowl":93,"Torii":93,"StoneCalendar":93,"Mango":93,"Incense Burner":4,"Juzu Bracelet":93,"Bag of Preparation":93,"Ancient Tea Set":66,"ClockworkSouvenir":24,"Emotion Chip":24,"Nunchaku":93,"Dream Catcher":93,"TheAbacus":4,"Shovel":93,"Matryoshka":93,"Mummified Hand":93,"Pantograph":93,"Gambling Chip":93,"Tiny Chest":93,"Chemical X":123,"Cracked Core":0,"InkBottle":93,"Potion Belt":24,"Thread and Needle":93,"PreservedInsect":14,"The Courier":80,"Omamori":93,"Orichalcum":93,"Frozen Egg 2":93,"White Beast Statue":93,"Mercury Hourglass":93,"Nuclear Battery":100,"Peace Pipe":93,"Cauldron":93,"Strange Spoon":110,"Anchor":14,"DataDisk":93,"CaptainsWheel":93,"Ornamental Fan":93,"Orrery":135,"Turnip":93,"Coffee Dripper":43,"Art of War":93,"Bag of Marbles":93,"Bottled Lightning":93,"Toy Ornithopter":93,"TungstenRod":93,"FossilizedHelix":93}],"Unceasing Top":[27],"Meat on the Bone":0,"Pocketwatch":[15],"Darkstone Periapt":0,"Regal Pillow":0,"Singing Bowl":26,"Torii":0,"StoneCalendar":[104],"Juzu Bracelet":1,"Bag of Preparation":[22],"Emotion Chip":[9,6,2,1,0],"Nunchaku":[4],"Dream Catcher":0,"TheAbacus":[372],"Shovel":0,"Mummified Hand":[79],"Pantograph":20,"Gambling Chip":[33],"Tiny Chest":0,"Chemical X":[1],"InkBottle":[42],"PreservedInsect":415,"Orichalcum":[6],"Mercury Hourglass":[158],"Peace Pipe":2,"Strange Spoon":[17],"Ornamental Fan":[16],"Turnip":[12],"Art of War":[12],"Toy Ornithopter":0,"TungstenRod":0},"card_choices":[{"not_picked":["Go for the Eyes","Cold Snap"],"picked":"Coolheaded","floor":1.0},{"not_picked":["Compile Driver","Turbo"],"picked":"Stack","floor":5.0},{"not_picked":["Stack","Tempest","Redo"],"picked":"SKIP","floor":7.0},{"not_picked":["Coolheaded","Tempest"],"picked":"Seek","floor":10.0},{"not_picked":["Streamline","Cold Snap"],"picked":"Conserve Battery","floor":13.0},{"not_picked":["Machine Learning","Thunder Strike"],"picked":"Core Surge","floor":16.0},{"not_picked":["Melter","Skim+1"],"picked":"FTL","floor":18.0},{"not_picked":["Coolheaded","Barrage","Cold Snap"],"picked":"SKIP","floor":22.0},{"not_picked":["Hologram+1","Reprogram","Stack+1"],"picked":"SKIP","floor":23.0},{"not_picked":["Hologram+1","Rebound","Stack"],"picked":"SKIP","floor":25.0},{"not_picked":["Darkness","Stack"],"picked":"Amplify","floor":27.0},{"not_picked":["Reprogram","Gash","Beam Cell"],"picked":"SKIP","floor":28.0},{"not_picked":["Scrape+1","Chill","Recycle"],"picked":"Force Field+1","floor":30.0},{"not_picked":["Rainbow+1","Reboot+1","Fission+1","Meteor Strike+1"],"picked":"Singing Bowl","floor":33},{"not_picked":["Sweeping Beam+1","Turbo+1","Coolheaded+1"],"picked":"Double Energy+1","floor":35},{"not_picked":["Ball Lightning+1","Chaos+1","Compile Driver+1"],"picked":"Defragment+1","floor":35},{"not_picked":["Steam+1","Rebound+1","Gash+1"],"picked":"Loop+1","floor":36},{"not_picked":["Hologram+1","Tempest+1","Rip and Tear+1","Barrage+1"],"picked":"Singing Bowl","floor":36},{"not_picked":["Melter+1","Redo+1","Thunder Strike+1","Leap+1"],"picked":"Singing Bowl","floor":37},{"not_picked":["Doom and Gloom+1","Steam+1","Chill+1","Leap+1"],"picked":"Singing Bowl","floor":41},{"not_picked":["Melter+1","Conserve Battery+1","Static Discharge+1","Rebound+1"],"picked":"Singing Bowl","floor":44},{"not_picked":["Conserve Battery+1","Hologram+1","Leap+1","Beam Cell+1"],"picked":"Singing Bowl","floor":46},{"not_picked":["Go for the Eyes+1","Recycle+1","Hologram+1","Seek+1"],"picked":"Singing Bowl","floor":46},{"not_picked":["Ball Lightning+1","Sweeping Beam+1","Cold Snap+1","Darkness+1"],"picked":"Singing Bowl","floor":48},{"not_picked":["Leap+1","Rebound+1","Go for the Eyes+1","Reprogram+1"],"picked":"Singing Bowl","floor":48},{"not_picked":["Redo+1","Ball Lightning+1","Tempest+1","Gash+1"],"picked":"Singing Bowl","floor":53},{"not_picked":["Hologram+1","Scrape+1","Rip and Tear+1"],"picked":"Skim+1","floor":53},{"not_picked":["Barrage+1","Beam Cell+1","Go for the Eyes+1","Steam+1"],"picked":"Singing Bowl","floor":53},{"not_picked":["Aggregate+1","Melter+1","Leap+1","Storm+1"],"picked":"Singing Bowl","floor":53},{"not_picked":["Coolheaded+1","Scrape+1","Static Discharge+1"],"picked":"Machine Learning+1","floor":53},{"not_picked":["Go for the Eyes+1","BootSequence+1","Leap+1","Turbo+1"],"picked":"Singing Bowl","floor":54}],"player_experience":354729,"relics_obtained":[{"floor":7.0,"key":"Anchor"},{"floor":9.0,"key":"PreservedInsect"},{"floor":13.0,"key":"Potion Belt"},{"floor":19.0,"key":"Nilry\u0027s Codex"},{"floor":23.0,"key":"Pear"},{"floor":25.0,"key":"The Courier"},{"floor":28.0,"key":"Question Card"}],"event_choices":[{"damage_healed":0.0,"max_hp_gain":0.0,"max_hp_loss":0.0,"gold_gain":0.0,"event_name":"Shining Light","player_choice":"Entered Light","floor":3.0,"gold_loss":0.0,"damage_taken":15.0,"cards_upgraded":["Zap","Defend_B"]},{"damage_healed":0.0,"max_hp_gain":0.0,"max_hp_loss":0.0,"gold_gain":0.0,"event_name":"Liars Game","player_choice":"Ignored","floor":11.0,"gold_loss":0.0,"damage_taken":0.0},{"damage_healed":0.0,"max_hp_gain":0.0,"max_hp_loss":0.0,"gold_gain":0.0,"event_name":"Cursed Tome","player_choice":"Obtained Book","floor":19.0,"gold_loss":0.0,"damage_taken":16.0},{"damage_healed":0.0,"max_hp_gain":0.0,"max_hp_loss":0.0,"gold_gain":0.0,"event_name":"Addict","player_choice":"Obtained Relic","floor":21.0,"gold_loss":85.0,"damage_taken":0.0,"relics_obtained":["Strawberry"]},{"damage_healed":0.0,"max_hp_gain":0.0,"max_hp_loss":0.0,"gold_gain":0.0,"event_name":"The Mausoleum","player_choice":"Opened","floor":24.0,"gold_loss":0.0,"damage_taken":0.0,"relics_obtained":["Ancient Tea Set"],"cards_obtained":["Writhe"]},{"damage_healed":0.0,"max_hp_gain":0.0,"max_hp_loss":0.0,"gold_gain":200.0,"event_name":"Wheel of Change","player_choice":"Gold","floor":29.0,"gold_loss":0.0,"damage_taken":0.0},{"damage_healed":0,"gold_gain":0,"player_choice":"Fight","damage_taken":0,"max_hp_gain":0,"max_hp_loss":0,"event_name":"MindBloom","floor":37,"gold_loss":0},{"cards_removed":["Strike_B"],"damage_healed":0,"gold_gain":0,"player_choice":"Removed Attack","damage_taken":0,"max_hp_gain":0,"max_hp_loss":0,"event_name":"Falling","floor":38,"gold_loss":0},{"damage_healed":0,"gold_gain":0,"player_choice":"Ignored","damage_taken":0,"max_hp_gain":0,"max_hp_loss":0,"event_name":"Tomb of Lord Red Mask","floor":42,"gold_loss":0}],"is_beta":false,"boss_relics":[{"not_picked":["Empty Cage","Snecko Eye"],"picked":"Coffee Dripper"},{"not_picked":["Fusion Hammer","Runic Pyramid"],"picked":"Nuclear Battery"}],"items_purged_floors":[2,4,14,20,31,39,47],"is_endless":false,"potions_floor_spawned":[5,28,30,33,35,36,37,41,44,46,48,54],"ascension_level":8}}