{"host":"815dqs41i1y8uxms","time":1612350071,"event":{"mods":["A Penny For Your Troubles","Act Like it!","BaseMod","Elementarium","Fox Events","Jorbs\u0027s Wanderer Trilogy","Marked Mod","Minty Spire (QoL Compilation)","Rare Cards Sparkle","Shop Mod","Spire Arcade","StSLib","The Marked"],"gold_per_floor":[110,90,90,107,107,142,142,177,177,194,226,301,301,319,319,418,468,485,24,74,90,190,190,222,259,259,60,60,93,93,143,143,261,261,278,603,669,719,736,736,769,819,819,158,208,44,44,78,78,78,78],"floor_reached":50,"language":"ENG","playtime":3679,"items_purged":["Normality"],"score":579,"play_id":"57199f36-7dea-476a-81b7-9ac564cb4601","local_time":"20210203120111","is_ascension_mode":false,"campfire_choices":[{"data":"theMarked:Seal","floor":7.0,"key":"SMITH"},{"floor":15.0,"key":"REST"},{"floor":23.0,"key":"RECALL"},{"floor":28.0,"key":"REST"},{"floor":30.0,"key":"REST"},{"data":"theMarked:Generate","floor":32.0,"key":"SMITH"},{"floor":40.0,"key":"REST"},{"data":"theMarked:BindingBlade","floor":49,"key":"SMITH"}],"circlet_count":0,"master_deck":["theMarked:Strike","theMarked:Strike","theMarked:Strike+1","theMarked:Strike","theMarked:Strike","theMarked:Defend","theMarked:Defend","theMarked:Defend","theMarked:Defend","theMarked:SoldierOfQuellstein","theMarked:Seal+1","theMarked:WardOff","theMarked:Panic","theMarked:HeightenedSenses","theMarked:Friction","theMarked:Frustration","theMarked:Generate+1","theMarked:BindingBlade+1","theMarked:WardOff+1","Sadistic Nature","theMarked:BanishingStrike","Elementarium:GildedForm","theMarked:ResourceFulStrike+1","theMarked:Opportunist","theMarked:Aftermath","theMarked:StartUp","theMarked:MysticalArsenal","theMarked:Determination","theMarked:Abjuration","theMarked:WardOff+1","theMarked:Aftermath","Good Instincts","Discovery","theMarked:HeightenedSenses+1","theMarked:SelfDefenseTraining+1","Chrysalis","theMarked:GodGivenPower","Purity","theMarked:TakeCover+1"],"relics":["theMarked:ArtifactOfAir","NeowsBlessing","Ornamental Fan","theMarked:DemonDagger","Regal Pillow","InkBottle","SsserpentHead","MerchantsRug","Elementarium:GoldenMirage","Pantograph","TheAbacus","theMarked:SecretDocuments","Elementarium:ElementariumTrophy","Cursed Key","Sundial","Potion Belt","Anchor","Toolbox"],"acts_visited":["Exordium","Elementarium:Elementarium","TheBeyond"],"potions_floor_usage":[48],"damage_taken":[{"damage":0.0,"enemies":"Small Slimes","floor":1.0,"turns":1.0},{"damage":0.0,"enemies":"Cultist","floor":4.0,"turns":1.0},{"damage":0.0,"enemies":"Gremlin Nob","floor":6.0,"turns":1.0},{"damage":8.0,"enemies":"Lagavulin","floor":8.0,"turns":7.0},{"damage":0.0,"enemies":"2 Louse","floor":10.0,"turns":3.0},{"damage":8.0,"enemies":"3 Sentries","floor":11.0,"turns":10.0},{"damage":0.0,"enemies":"2 Fungi Beasts","floor":14.0,"turns":5.0},{"damage":28.0,"enemies":"Hexaghost","floor":16.0,"turns":6.0},{"damage":20.0,"enemies":"Elementarium:Cyclone","floor":18.0,"turns":5.0},{"damage":4.0,"enemies":"Elementarium:MUD_AND_TAR_GOLEMS","floor":21.0,"turns":3.0},{"damage":0.0,"enemies":"Elementarium:GOLDEN_STATUES","floor":22.0,"turns":5.0},{"damage":1.0,"enemies":"Elementarium:CYCLONE_AND_LIVING_STORMCLOUD","floor":24.0,"turns":6.0},{"damage":21.0,"enemies":"Elementarium:CYCLONE_AND_ORB_OF_FIRE","floor":25.0,"turns":6.0},{"damage":48.0,"enemies":"Elementarium:ElementalPortal","floor":29.0,"turns":11.0},{"damage":41.0,"enemies":"Elementarium:GoldenDragon","floor":33.0,"turns":10.0},{"damage":18.0,"enemies":"Orb Walker","floor":35.0,"turns":3.0},{"damage":7.0,"enemies":"3 Shapes","floor":37.0,"turns":5.0},{"damage":18.0,"enemies":"3 Darklings","floor":39.0,"turns":6.0},{"damage":35,"enemies":"Nemesis","floor":41,"turns":5},{"damage":0,"enemies":"Sphere and 2 Shapes","floor":48,"turns":10},{"damage":59,"enemies":"Donu and Deca","floor":50,"turns":9}],"seed_played":"-505674936068642207","potions_obtained":[{"floor":1.0,"key":"ColorlessPotion"},{"floor":2.0,"key":"EssenceOfSteel"},{"floor":10.0,"key":"Energy Potion"},{"floor":11.0,"key":"ColorlessPotion"},{"floor":17.0,"key":"Weak Potion"},{"floor":18.0,"key":"SkillPotion"},{"floor":21.0,"key":"PowerPotion"},{"floor":25.0,"key":"BlessingOfTheForge"},{"floor":41,"key":"Explosive Potion"},{"floor":48,"key":"LiquidBronze"}],"is_trial":false,"path_per_floor":["M","?","$","M","$","E","R","E","T","M","E","?","?","M","R","B",null,"M","$","?","M","?","R","M","M","T","$","R","E","R","?","R","B",null,"M","?","M","?","M","R","E","?","T","$","?","$","$","M","R","B"],"character_chosen":"THE_DEFAULT","items_purchased":["MerchantsRug","Omamori","Sadistic Nature","theMarked:BanishingStrike","theMarked:MysticalArsenal","TheAbacus","Potion Belt","Anchor","Toolbox","Chrysalis","theMarked:GodGivenPower","LiquidBronze","Purity"],"campfire_rested":4,"item_purchase_floors":[19,19,19,19,27,27,44,44,44,44,46,46,46],"current_hp_per_floor":[70,70,70,70,70,70,70,62,62,62,54,43,43,43,70,42,75,55,55,55,51,51,51,50,29,29,29,63,15,49,49,49,25,66,48,48,41,36,18,52,17,58,58,58,58,58,58,58,58,0,0],"gold":78,"neow_bonus":"THREE_ENEMY_KILL","is_daily":false,"chose_seed":false,"campfire_upgraded":3,"win_rate":0.0,"timestamp":1612350071,"path_taken":["M","?","$","?","$","E","R","E","T","M","E","?","?","M","R","BOSS","M","$","?","M","?","R","M","M","T","$","R","E","R","?","R","BOSS","M","?","?","?","M","R","E","?","T","$","?","?","$","M","R","BOSS"],"items_purchased_type":["Relic","Relic","Card","Card","Card","Relic","Relic","Relic","Relic","Card","Card","Potion","Card"],"build_version":"2020-12-22","purchased_purges":1,"victory":false,"max_hp_per_floor":[70,70,70,70,70,70,70,70,70,70,70,70,70,70,70,70,75,75,75,66,66,66,66,66,66,66,66,66,66,66,66,66,66,66,66,66,66,66,66,66,66,58,58,58,58,58,58,58,58,58,58],"card_choices":[{"not_picked":["theMarked:TwofoldDefense","theMarked:Frustration"],"picked":"theMarked:Seal","floor":1.0},{"not_picked":["theMarked:SwordAndMagic","theMarked:Aftermath"],"picked":"theMarked:WardOff","floor":4.0},{"not_picked":["theMarked:Convert","theMarked:Levitate"],"picked":"theMarked:Panic","floor":6.0},{"not_picked":["theMarked:ResourceFulStrike","theMarked:ChannelForce"],"picked":"theMarked:HeightenedSenses","floor":8.0},{"not_picked":["theMarked:SwordAndMagic","theMarked:RepellingDischarge"],"picked":"theMarked:Friction","floor":10.0},{"not_picked":["theMarked:ChainLightning","theMarked:Snap"],"picked":"theMarked:Frustration","floor":11.0},{"not_picked":["theMarked:ComboAttacks","theMarked:ElectricStrings"],"picked":"theMarked:Generate","floor":14.0},{"not_picked":["theMarked:TakeOffHeels","theMarked:UnarmedFury"],"picked":"theMarked:BindingBlade","floor":16.0},{"not_picked":["theMarked:Electrify","theMarked:Improvise"],"picked":"theMarked:SwordAndMagic","floor":17.0},{"not_picked":["theMarked:BanishingStrike","theMarked:OneWithTheBlade"],"picked":"theMarked:WardOff+1","floor":18.0},{"not_picked":["theMarked:ShockingTouch+1","theMarked:WastefulAttack"],"picked":"theMarked:ResourceFulStrike+1","floor":21.0},{"not_picked":["theMarked:Reabsorb","theMarked:EmpowerWeapon"],"picked":"theMarked:Opportunist","floor":22.0},{"not_picked":["theMarked:Convert","theMarked:TwofoldDefense"],"picked":"theMarked:Aftermath","floor":24.0},{"not_picked":["theMarked:EternalStudent","theMarked:SelfDefenseTraining"],"picked":"theMarked:StartUp","floor":25.0},{"not_picked":["theMarked:WardOff+1","theMarked:SelfDefenseTraining"],"picked":"theMarked:Determination","floor":29.0},{"not_picked":["theMarked:DispelDoubt","theMarked:TurnInvisible"],"picked":"theMarked:Abjuration","floor":33.0},{"not_picked":["theMarked:SwordAndMagic","theMarked:ElectricStrings+1"],"picked":"theMarked:WardOff+1","floor":35.0},{"not_picked":["theMarked:TakeCover","theMarked:ElectricStrings"],"picked":"theMarked:Aftermath","floor":37.0},{"not_picked":["Secret Weapon","Forethought"],"picked":"Good Instincts","floor":38.0},{"not_picked":["Chrysalis","Finesse"],"picked":"Discovery","floor":38.0},{"not_picked":["theMarked:Standoff","theMarked:WardOff"],"picked":"theMarked:HeightenedSenses+1","floor":39.0},{"not_picked":["theMarked:CreepingChasm+1","theMarked:BanishingStrike+1"],"picked":"theMarked:SelfDefenseTraining+1","floor":41},{"not_picked":["theMarked:BanishingStrike","theMarked:Parry"],"picked":"theMarked:TakeCover+1","floor":48}],"player_experience":3866897,"relics_obtained":[{"floor":6.0,"key":"Ornamental Fan"},{"floor":8.0,"key":"theMarked:DemonDagger"},{"floor":9.0,"key":"Regal Pillow"},{"floor":11.0,"key":"InkBottle"},{"floor":22.0,"key":"Elementarium:GoldenMirage"},{"floor":26.0,"key":"Pantograph"},{"floor":29.0,"key":"theMarked:SecretDocuments"},{"floor":41,"key":"Sundial"}],"event_choices":[{"damage_healed":0.0,"max_hp_gain":0.0,"max_hp_loss":0.0,"gold_gain":0.0,"event_name":"The Woman in Blue","player_choice":"Bought 1 Potion","floor":2.0,"gold_loss":0.0,"damage_taken":0.0},{"damage_healed":0.0,"max_hp_gain":0.0,"max_hp_loss":0.0,"gold_gain":75.0,"event_name":"World of Goop","player_choice":"Gather Gold","floor":12.0,"gold_loss":0.0,"damage_taken":11.0},{"damage_healed":0.0,"max_hp_gain":0.0,"max_hp_loss":0.0,"gold_gain":0.0,"event_name":"FaceTrader","player_choice":"Trade","floor":13.0,"gold_loss":0.0,"damage_taken":0.0,"relics_obtained":["SsserpentHead"]},{"damage_healed":0.0,"max_hp_gain":0.0,"max_hp_loss":9.0,"gold_gain":0.0,"event_name":"Elementarium:FountainOfGold","player_choice":"Dive in","floor":20.0,"gold_loss":0.0,"damage_taken":0.0,"cards_obtained":["Elementarium:GildedForm"]},{"damage_healed":0.0,"max_hp_gain":0.0,"max_hp_loss":0.0,"gold_gain":0.0,"event_name":"Elementarium:GoldenStatues","player_choice":"Fight","floor":22.0,"gold_loss":0.0,"damage_taken":0.0},{"damage_healed":0.0,"max_hp_gain":0.0,"max_hp_loss":0.0,"gold_gain":0.0,"event_name":"Elementarium:GreatTreasure","player_choice":"Ignored","floor":31.0,"gold_loss":0.0,"damage_taken":0.0},{"damage_healed":0.0,"max_hp_gain":0.0,"max_hp_loss":0.0,"gold_gain":275.0,"event_name":"Golden Shrine","player_choice":"Desecrate","floor":36.0,"gold_loss":0.0,"damage_taken":0.0,"cards_obtained":["Regret"]},{"damage_healed":0.0,"max_hp_gain":0.0,"max_hp_loss":0.0,"gold_gain":0.0,"event_name":"SensoryStone","player_choice":"Memory 2","floor":38.0,"gold_loss":0.0,"damage_taken":5.0},{"damage_healed":58,"gold_gain":0,"player_choice":"Heal","damage_taken":0,"max_hp_gain":0,"max_hp_loss":8,"event_name":"The Moai Head","floor":42,"gold_loss":0},{"cards_removed":["theMarked:SwordAndMagic"],"damage_healed":0,"gold_gain":0,"player_choice":"Removed Attack","damage_taken":0,"max_hp_gain":0,"max_hp_loss":0,"event_name":"Falling","floor":45,"gold_loss":0}],"is_beta":false,"boss_relics":[{"not_picked":["SacredBark","SlaversCollar"],"picked":"Tiny House"},{"not_picked":["Coffee Dripper","Runic Dome"],"picked":"Cursed Key"}],"items_purged_floors":[44],"is_endless":false,"potions_floor_spawned":[1,10,11,14,18,21,25,41,48],"killed_by":"Donu and Deca","ascension_level":0}}