{"host":"v9oq5ccz01n9mezq","time":1612312559,"event":{"mods":["BaseMod","Colored Map","Minty Spire (QoL Compilation)","Relic Stats"],"gold_per_floor":[117,135,151,151,169,169,188,214,214,214,214,214,214],"floor_reached":12,"language":"ENG","playtime":482,"items_purged":[],"score":96,"play_id":"142ec71e-19be-4260-a859-d4ccb8b313d2","local_time":"20210202193559","is_ascension_mode":true,"campfire_choices":[{"data":"Neutralize","floor":6,"key":"SMITH"},{"data":"Flechettes","floor":10,"key":"SMITH"}],"circlet_count":0,"master_deck":["Strike_G","Strike_G","Strike_G","Defend_G","Defend_G","Defend_G","Defend_G","Defend_G","Survivor","Neutralize+1","Flechettes+1","Backstab","Dagger Spray","Deflect","Acrobatics","Choke","PiercingWail"],"relics":["Ring of the Snake","Strawberry","Mummified Hand","Vajra"],"acts_visited":["Exordium"],"potions_floor_usage":[8,12],"damage_taken":[{"damage":0,"enemies":"Cultist","floor":1,"turns":3},{"damage":1,"enemies":"Jaw Worm","floor":2,"turns":5},{"damage":0,"enemies":"2 Louse","floor":3,"turns":1},{"damage":1,"enemies":"Large Slime","floor":5,"turns":6},{"damage":0,"enemies":"Exordium Wildlife","floor":7,"turns":3},{"damage":25,"enemies":"Gremlin Nob","floor":8,"turns":4},{"damage":19,"enemies":"Lagavulin","floor":12,"turns":6}],"seed_played":"-3951938910082133955","potions_obtained":[{"floor":2,"key":"AttackPotion"},{"floor":3,"key":"SmokeBomb"},{"floor":8,"key":"BlessingOfTheForge"}],"is_trial":false,"path_per_floor":["M","M","M","?","M","R","M","E","T","R","?","E"],"character_chosen":"THE_SILENT","items_purchased":[],"campfire_rested":0,"item_purchase_floors":[],"current_hp_per_floor":[70,69,69,69,68,68,68,50,50,50,17,0,0],"gold":214,"neow_bonus":"TRANSFORM_CARD","is_daily":false,"chose_seed":false,"campfire_upgraded":2,"win_rate":0.0,"timestamp":1612312559,"path_taken":["M","M","M","?","M","R","?","E","T","R","?","E"],"items_purchased_type":[],"build_version":"2020-12-22","purchased_purges":0,"victory":false,"max_hp_per_floor":[70,70,70,70,70,70,70,77,77,77,77,77,77],"relic_stats":{"counters":[7,28],"Mummified Hand":[0],"obtain_stats":[{"Mummified Hand":9,"Strawberry":8,"Vajra":11,"Ring of the Snake":0},{"Mummified Hand":6,"Strawberry":6,"Vajra":6,"Ring of the Snake":0},{"Mummified Hand":22,"Strawberry":22,"Vajra":22,"Ring of the Snake":0}],"Ring of the Snake":[14]},"card_choices":[{"not_picked":["Dodge and Roll","Finisher"],"picked":"Backstab","floor":1},{"not_picked":["Infinite Blades","Bouncing Flask"],"picked":"Dagger Spray","floor":2},{"not_picked":["Expertise","Backstab"],"picked":"Deflect","floor":3},{"not_picked":["Tactician","Flying Knee"],"picked":"Acrobatics","floor":5},{"not_picked":["Blade Dance","Prepared"],"picked":"Choke","floor":7},{"not_picked":["Blade Dance","Unload"],"picked":"PiercingWail","floor":8}],"player_experience":129381,"relics_obtained":[{"floor":8,"key":"Strawberry"},{"floor":9,"key":"Mummified Hand"}],"event_choices":[{"cards_removed":["Strike_G"],"damage_healed":0,"gold_gain":0,"player_choice":"Purged","damage_taken":0,"max_hp_gain":0,"max_hp_loss":0,"event_name":"Purifier","floor":4,"gold_loss":0},{"damage_healed":0,"gold_gain":0,"player_choice":"Success","damage_taken":33,"relics_obtained":["Vajra"],"max_hp_gain":0,"max_hp_loss":0,"event_name":"Scrap Ooze","floor":11,"gold_loss":0}],"is_beta":false,"boss_relics":[],"items_purged_floors":[],"is_endless":false,"potions_floor_spawned":[2,3,8],"killed_by":"Lagavulin","ascension_level":4}}