{"host":"Tuck","time":1612392824,"event":{"mods":["BaseMod","Minty Spire (QoL Compilation)","StSLib"],"gold_per_floor":[117,292,367,378,404,430,430,441,441,476,476,510,510,570,570,674,674,699,305,355,365,514,514,556,556,556,596,426,441,478,443,443,554,554,591,616,67,91,241,241,277,277,277,316,316,350,384,497,497,497,497,497,67,101,101],"floor_reached":56,"language":"ENG","playtime":2484,"items_purged":["Strike_G","Strike_G"],"score":1995,"play_id":"e6c619e6-abb3-4a6c-815c-d781c92e62e4","local_time":"20210203155344","is_ascension_mode":true,"campfire_choices":[{"data":"Dash","floor":11,"key":"SMITH"},{"data":"Skewer","floor":13,"key":"SMITH"},{"data":"Reflex","floor":15,"key":"SMITH"},{"data":"Panache","floor":23,"key":"SMITH"},{"data":"Caltrops","floor":25,"key":"SMITH"},{"floor":32,"key":"DIG"},{"data":"Envenom","floor":40,"key":"SMITH"},{"floor":42,"key":"DIG"},{"floor":45,"key":"RECALL"},{"floor":49,"key":"DIG"},{"floor":52,"key":"DIG"}],"circlet_count":0,"master_deck":["Strike_G+1","Strike_G","Defend_G","Defend_G","Defend_G","Defend_G+1","Defend_G","Survivor+1","Neutralize","Dash+1","Backstab","Cloak And Dagger","Skewer+1","Reflex+1","Corpse Explosion","Catalyst+1","Poisoned Stab+1","Noxious Fumes+1","After Image","Deadly Poison+1","Crippling Poison+1","Prepared+1","Flash of Steel+1","Panache+1","Caltrops+1","After Image","Footwork","Acrobatics+1","Outmaneuver+1","Discovery+1","Blade Dance+1","Night Terror+1","Caltrops+1","Bouncing Flask+1","Noxious Fumes+1","Adrenaline+1","After Image","Envenom+1","Dash+1","Terror+1","Calculated Gamble+1","Footwork+1","Crippling Poison+1","Acrobatics+1","Adrenaline+1","Adrenaline+1","Well Laid Plans+1","Burst+1","Leg Sweep+1","Leg Sweep+1","Backflip+1"],"relics":["Ring of the Snake","Mercury Hourglass","SsserpentHead","Vajra","CeramicFish","PreservedInsect","WingedGreaves","Toxic Egg 2","Cursed Key","Enchiridion","White Beast Statue","Pantograph","Shovel","Nunchaku","Prayer Wheel","Whetstone","Calling Bell","Centennial Puzzle","Eternal Feather","Tough Bandages","Omamori","Ornamental Fan","Anchor","Bottled Tornado","Toy Ornithopter","Bag of Marbles","Potion Belt","Ancient Tea Set","Bag of Preparation","Blood Vial","Gremlin Horn","Oddly Smooth Stone","War Paint","Kunai","CaptainsWheel"],"acts_visited":["Exordium","TheCity","TheBeyond","TheEnding"],"potions_floor_usage":[29,55,55,55],"damage_taken":[{"damage":0,"enemies":"2 Louse","floor":1,"turns":2},{"damage":0,"enemies":"Jaw Worm","floor":4,"turns":3},{"damage":21,"enemies":"Gremlin Nob","floor":6,"turns":6},{"damage":0,"enemies":"Small Slimes","floor":8,"turns":2},{"damage":0,"enemies":"3 Sentries","floor":10,"turns":6},{"damage":3,"enemies":"Lagavulin","floor":12,"turns":4},{"damage":0,"enemies":"3 Sentries","floor":14,"turns":3},{"damage":0,"enemies":"Hexaghost","floor":16,"turns":5},{"damage":0,"enemies":"Chosen","floor":18,"turns":2},{"damage":0,"enemies":"3 Byrds","floor":21,"turns":2},{"damage":0,"enemies":"Book of Stabbing","floor":24,"turns":3},{"damage":0,"enemies":"Slavers","floor":27,"turns":3},{"damage":0,"enemies":"Centurion and Healer","floor":29,"turns":4},{"damage":0,"enemies":"Gremlin Leader","floor":30,"turns":3},{"damage":0,"enemies":"Champ","floor":33,"turns":7},{"damage":0,"enemies":"3 Shapes","floor":35,"turns":2},{"damage":0,"enemies":"Orb Walker","floor":36,"turns":3},{"damage":0,"enemies":"Maw","floor":38,"turns":6},{"damage":0,"enemies":"Reptomancer","floor":41,"turns":4},{"damage":0,"enemies":"Giant Head","floor":44,"turns":6},{"damage":0,"enemies":"Reptomancer","floor":46,"turns":2},{"damage":0,"enemies":"Nemesis","floor":47,"turns":5},{"damage":0,"enemies":"Spire Growth","floor":48,"turns":4},{"damage":27,"enemies":"Time Eater","floor":50,"turns":6},{"damage":0,"enemies":"Shield and Spear","floor":54,"turns":2},{"damage":0,"enemies":"The Heart","floor":55,"turns":6}],"seed_played":"-7996393228766471394","potions_obtained":[{"floor":6,"key":"Swift Potion"},{"floor":10,"key":"Fruit Juice"},{"floor":12,"key":"Explosive Potion"},{"floor":29,"key":"LiquidMemories"},{"floor":46,"key":"Weak Potion"},{"floor":47,"key":"Ancient Potion"},{"floor":54,"key":"Dexterity Potion"}],"is_trial":false,"path_per_floor":["M","?","?","M","T","E","?","M","T","E","R","E","R","E","R","B",null,"M","$","?","M","?","R","E","R","T","E","$","M","E","?","R","B",null,"M","M","$","M","?","R","E","R","T","E","R","E","E","M","R","B",null,"R","$","E","B",null],"character_chosen":"THE_SILENT","items_purchased":["Crippling Poison+1","Prepared+1","Flash of Steel","Panache","Footwork","Acrobatics+1","Outmaneuver+1","Discovery+1","Adrenaline+1","After Image","Ornamental Fan","Burst+1","Oddly Smooth Stone","War Paint"],"campfire_rested":0,"item_purchase_floors":[19,19,19,19,28,28,28,28,37,37,37,53,53,53],"current_hp_per_floor":[70,70,59,59,59,38,38,38,38,38,38,35,35,35,35,35,70,70,70,54,54,54,54,54,54,54,54,54,59,59,59,59,75,75,75,75,75,75,75,75,75,75,75,75,75,75,75,75,75,48,75,75,75,75,75],"gold":101,"neow_bonus":"THREE_CARDS","is_daily":false,"chose_seed":false,"campfire_upgraded":6,"win_rate":0.0,"timestamp":1612392824,"path_taken":["M","?","?","?","?","E","?","M","T","E","R","E","R","E","R","BOSS","M","$","?","M","?","R","E","R","T","E","?","M","E","?","R","BOSS","M","M","$","M","?","R","E","R","T","E","R","E","E","?","R","BOSS","R","$","E","BOSS"],"items_purchased_type":["Card","Card","Card","Card","Card","Card","Card","Card","Card","Card","Relic","Card","Relic","Relic"],"build_version":"2020-12-18","purchased_purges":2,"victory":true,"max_hp_per_floor":[70,70,70,70,70,70,70,70,70,70,70,70,70,70,70,70,70,70,70,70,70,70,70,70,70,70,70,70,75,75,75,75,75,75,75,75,75,75,75,75,75,75,75,75,75,75,75,75,75,75,75,75,75,75,75],"card_choices":[{"not_picked":["Backstab","Underhanded Strike"],"picked":"Dash","floor":0},{"not_picked":["Deflect","Sucker Punch"],"picked":"Backstab","floor":1},{"not_picked":["Bane","Sucker Punch","Setup"],"picked":"SKIP","floor":4},{"not_picked":["Tactician","Sucker Punch"],"picked":"Cloak And Dagger","floor":6},{"not_picked":["Outmaneuver","Riddle With Holes"],"picked":"Skewer","floor":8},{"not_picked":["Endless Agony","Dagger Spray"],"picked":"Reflex","floor":10},{"not_picked":["Masterful Stab","Dagger Throw"],"picked":"Corpse Explosion","floor":12},{"not_picked":["Bane","Acrobatics+1"],"picked":"Catalyst+1","floor":14},{"not_picked":["Venomology+1","Phantasmal Killer+1"],"picked":"After Image","floor":16},{"not_picked":["Endless Agony","Dash"],"picked":"Deadly Poison+1","floor":18},{"not_picked":["Deadly Poison+1","Endless Agony","Distraction+1"],"picked":"SKIP","floor":21},{"not_picked":["Outmaneuver+1","Dagger Throw+1"],"picked":"Caltrops","floor":24},{"not_picked":["Backstab","Setup+1"],"picked":"After Image","floor":27},{"not_picked":["Sucker Punch+1","Accuracy+1","Bane"],"picked":"SKIP","floor":29},{"not_picked":["Deflect+1","Underhanded Strike"],"picked":"Blade Dance+1","floor":30},{"not_picked":["Glass Knife","Envenom"],"picked":"Night Terror+1","floor":33},{"not_picked":["Acrobatics+1","Poisoned Stab"],"picked":"Caltrops+1","floor":35},{"not_picked":["Cloak And Dagger+1","Skewer+1"],"picked":"Bouncing Flask+1","floor":35},{"not_picked":["Prepared+1","Acrobatics+1"],"picked":"Noxious Fumes+1","floor":36},{"not_picked":["Underhanded Strike","Outmaneuver+1","Sucker Punch+1"],"picked":"SKIP","floor":36},{"not_picked":["Quick Slash+1","Dagger Throw"],"picked":"Envenom","floor":38},{"not_picked":["Sucker Punch+1","Deadly Poison+1","Dodge and Roll+1"],"picked":"SKIP","floor":38},{"not_picked":["Underhanded Strike","Reflex+1"],"picked":"Dash+1","floor":41},{"not_picked":["Choke","Sucker Punch"],"picked":"Terror+1","floor":44},{"not_picked":["Sucker Punch","Leg Sweep+1"],"picked":"Calculated Gamble+1","floor":46},{"not_picked":["Deadly Poison+1","Terror+1"],"picked":"Footwork+1","floor":47},{"not_picked":["Bane+1","Poisoned Stab+1"],"picked":"Crippling Poison+1","floor":48},{"not_picked":["Outmaneuver+1","Bane"],"picked":"Acrobatics+1","floor":48},{"not_picked":["Underhanded Strike","Escape Plan+1"],"picked":"Backflip+1","floor":54}],"player_experience":2346909,"relics_obtained":[{"floor":6,"key":"Mercury Hourglass"},{"floor":9,"key":"Vajra"},{"floor":10,"key":"CeramicFish"},{"floor":12,"key":"PreservedInsect"},{"floor":14,"key":"Toxic Egg 2"},{"floor":20,"key":"Enchiridion"},{"floor":24,"key":"White Beast Statue"},{"floor":26,"key":"Pantograph"},{"floor":27,"key":"Shovel"},{"floor":30,"key":"Nunchaku"},{"floor":32,"key":"Whetstone"},{"floor":34,"key":"Centennial Puzzle"},{"floor":34,"key":"Eternal Feather"},{"floor":34,"key":"Tough Bandages"},{"floor":41,"key":"Anchor"},{"floor":42,"key":"Bottled Tornado"},{"floor":43,"key":"Toy Ornithopter"},{"floor":44,"key":"Bag of Marbles"},{"floor":46,"key":"Potion Belt"},{"floor":47,"key":"Ancient Tea Set"},{"floor":49,"key":"Blood Vial"},{"floor":52,"key":"Gremlin Horn"},{"floor":54,"key":"CaptainsWheel"}],"event_choices":[{"damage_healed":0,"gold_gain":175,"player_choice":"AGREE","damage_taken":0,"max_hp_gain":0,"max_hp_loss":0,"event_name":"Liars Game","floor":2,"gold_loss":0,"cards_obtained":["Doubt"]},{"damage_healed":0,"gold_gain":75,"player_choice":"Gather Gold","damage_taken":11,"max_hp_gain":0,"max_hp_loss":0,"event_name":"World of Goop","floor":3,"gold_loss":0},{"damage_healed":0,"gold_gain":0,"player_choice":"Trade","damage_taken":0,"relics_obtained":["SsserpentHead"],"max_hp_gain":0,"max_hp_loss":0,"event_name":"FaceTrader","floor":7,"gold_loss":0},{"damage_healed":0,"gold_gain":0,"player_choice":"Obtained Book","damage_taken":16,"max_hp_gain":0,"max_hp_loss":0,"event_name":"Cursed Tome","floor":20,"gold_loss":0},{"damage_healed":0,"gold_gain":99,"player_choice":"Stole From Cult","damage_taken":0,"max_hp_gain":0,"max_hp_loss":0,"event_name":"Nest","floor":22,"gold_loss":0},{"damage_healed":0,"gold_gain":0,"player_choice":"Obtained Relic","damage_taken":0,"relics_obtained":["Prayer Wheel"],"max_hp_gain":0,"max_hp_loss":0,"event_name":"Addict","floor":31,"gold_loss":85},{"damage_healed":0,"gold_gain":100,"player_choice":"Pray","damage_taken":0,"max_hp_gain":0,"max_hp_loss":0,"event_name":"Golden Shrine","floor":39,"gold_loss":0}],"is_beta":true,"boss_relics":[{"not_picked":["Sozu","Busted Crown"],"picked":"Cursed Key"},{"not_picked":["Astrolabe","SacredBark"],"picked":"Calling Bell"}],"items_purged_floors":[19,37],"is_endless":false,"potions_floor_spawned":[6,10,12,18,21,27,29,30,33,35,36,38,41,44,46,47,48,54],"ascension_level":1}}