{"host":"c6u7e77myxvw4d0m","time":1612341242,"event":{"mods":["AchievementEnabler","BaseMod","Bestiary","Colored Map","Colored Powertips","Minty Spire (QoL Compilation)","Rare Cards Sparkle","Relic Stats","everything is the same but u backflip on backflip"],"gold_per_floor":[159,159,175,191,208,208,208,225,252,46,46,46,46,77,77,77,77],"floor_reached":16,"language":"ENG","playtime":998,"items_purged":[],"score":200,"play_id":"a1101d8e-d419-49d2-873a-56842ab538d8","local_time":"20210203103402","is_ascension_mode":true,"campfire_choices":[{"data":"Noxious Fumes","floor":6,"key":"SMITH"},{"floor":11,"key":"REST"},{"data":"Neutralize","floor":13,"key":"SMITH"},{"data":"A Thousand Cuts","floor":15,"key":"SMITH"}],"circlet_count":0,"master_deck":["AscendersBane","Strike_G","Strike_G","Strike_G","Strike_G","Defend_G","Defend_G","Defend_G","Defend_G","Defend_G+1","Survivor","Neutralize+1","Noxious Fumes+1","Flying Knee","Infinite Blades","Quick Slash","Dagger Throw","Poisoned Stab","Finisher","Blur","A Thousand Cuts+1"],"relics":["Tiny House","Dream Catcher","Vajra","Tiny Chest"],"acts_visited":["Exordium"],"potions_floor_usage":[5,8,14,14],"damage_taken":[{"damage":0,"enemies":"2 Louse","floor":1,"turns":4},{"damage":6,"enemies":"Small Slimes","floor":3,"turns":4},{"damage":6,"enemies":"Jaw Worm","floor":4,"turns":5},{"damage":23,"enemies":"Exordium Wildlife","floor":5,"turns":5},{"damage":0,"enemies":"3 Louse","floor":8,"turns":2},{"damage":24,"enemies":"Gremlin Nob","floor":14,"turns":4},{"damage":28,"enemies":"Hexaghost","floor":16,"turns":7}],"seed_played":"3202317596400211046","potions_obtained":[{"floor":0,"key":"Explosive Potion"},{"floor":1,"key":"Explosive Potion"},{"floor":5,"key":"PowerPotion"},{"floor":8,"key":"PowerPotion"}],"is_trial":false,"path_per_floor":["M","?","M","M","M","R","?","M","T","$","R","$","R","E","R","B"],"character_chosen":"THE_SILENT","items_purchased":["Finisher","Vajra"],"campfire_rested":1,"item_purchase_floors":[10,10],"current_hp_per_floor":[64,69,63,57,34,34,27,27,27,27,49,49,49,25,25,0,0],"gold":77,"neow_bonus":"BOSS_RELIC","is_daily":false,"chose_seed":false,"campfire_upgraded":3,"win_rate":0.0,"timestamp":1612341242,"path_taken":["M","?","M","M","M","R","?","M","T","?","R","$","R","E","R","BOSS"],"items_purchased_type":["Card","Relic"],"build_version":"2020-12-22","purchased_purges":0,"victory":false,"max_hp_per_floor":[71,76,76,76,76,76,76,76,76,76,76,76,76,76,76,76,76],"relic_stats":{"Dream Catcher":1,"counters":[7,31],"Tiny Chest":0,"obtain_stats":[{"Dream Catcher":9,"Tiny House":0,"Vajra":10,"Tiny Chest":14,"Ring of the Snake":0},{"Dream Catcher":5,"Tiny House":0,"Vajra":5,"Tiny Chest":6,"Ring of the Snake":0},{"Dream Catcher":20,"Tiny House":0,"Vajra":20,"Tiny Chest":24,"Ring of the Snake":0}]},"card_choices":[{"not_picked":["Caltrops","Cloak And Dagger"],"picked":"Noxious Fumes","floor":0},{"not_picked":["Concentrate","Backflip"],"picked":"Flying Knee","floor":1},{"not_picked":["Backflip","Flechettes"],"picked":"Infinite Blades","floor":3},{"not_picked":["Backflip","Prepared"],"picked":"Quick Slash","floor":4},{"not_picked":["Quick Slash","Setup"],"picked":"Dagger Throw","floor":5},{"not_picked":["Reflex","Cloak And Dagger"],"picked":"Poisoned Stab","floor":8},{"not_picked":["Quick Slash","Sucker Punch"],"picked":"Blur","floor":11},{"not_picked":["Backflip","Deflect"],"picked":"A Thousand Cuts","floor":14}],"player_experience":631978,"relics_obtained":[{"floor":9,"key":"Dream Catcher"},{"floor":14,"key":"Tiny Chest"}],"event_choices":[{"damage_healed":0,"gold_gain":0,"player_choice":"Donut","damage_taken":0,"max_hp_gain":5,"max_hp_loss":0,"event_name":"Big Fish","floor":2,"gold_loss":0},{"cards_removed":["Strike_G"],"damage_healed":0,"gold_gain":0,"player_choice":"Card Removal","damage_taken":7,"max_hp_gain":0,"max_hp_loss":0,"event_name":"Golden Wing","floor":7,"gold_loss":0}],"is_beta":false,"boss_relics":[],"items_purged_floors":[],"is_endless":false,"potions_floor_spawned":[1,5,8],"killed_by":"Hexaghost","ascension_level":20}}