{"host":"1q02rw1wpi0nrsss","time":1612388451,"event":{"mods":["AchievementEnabler","BaseMod","Better Note","Custom Start","Dark Map","DeckTracker","Disable Question Mark Monsters","Hermit","Minty Spire (QoL Compilation)","Permanent Neow","Quick Restart","Rare Cards Sparkle","Relic Stats","StSLib","??????REMEMod"],"gold_per_floor":[109,123,123,223,35,35,35,35],"floor_reached":7,"language":"ENG","playtime":249,"items_purged":[],"score":39,"play_id":"b3ec3fb1-3bfd-4b7b-980a-2cec1bfd4871","local_time":"20210203134051","is_ascension_mode":false,"campfire_choices":[{"data":"REME_WheelOfFate","floor":6,"key":"SMITH"}],"circlet_count":0,"master_deck":["Strike_R","Strike_R","Strike_R","Strike_R","Strike_R","Defend_R","Defend_R","Defend_R","Defend_R","Bash","REME_HeartOfCthun","Barricade","Headbutt","Battle Trance","REME_WheelOfFate+1"],"relics":["Burning Blood","REME_ComplimentaryCards","Golden Idol","Boot"],"acts_visited":["Exordium"],"potions_floor_usage":[],"damage_taken":[{"damage":0,"enemies":"2 Louse","floor":1,"turns":1},{"damage":7,"enemies":"Small Slimes","floor":2,"turns":3},{"damage":64,"enemies":"Gremlin Nob","floor":7,"turns":5}],"seed_played":"242559484855299783","potions_obtained":[],"is_trial":false,"path_per_floor":["M","M","?","?","$","R","E"],"character_chosen":"IRONCLAD","items_purchased":["REME_WheelOfFate"],"campfire_rested":0,"item_purchase_floors":[5],"current_hp_per_floor":[80,79,59,59,59,59,0,0],"gold":35,"neow_bonus":"ONE_RANDOM_RARE_CARD","is_daily":false,"chose_seed":false,"campfire_upgraded":1,"win_rate":0.0,"timestamp":1612388451,"path_taken":["M","M","?","?","$","R","E"],"items_purchased_type":["Card"],"build_version":"2020-12-22","purchased_purges":0,"victory":false,"max_hp_per_floor":[80,80,80,80,80,80,80,80],"relic_stats":{"counters":[3,9],"Golden Idol":0,"Boot":[4],"obtain_stats":[{"Golden Idol":3,"Boot":7,"Burning Blood":0,"REME_ComplimentaryCards":0},{"Golden Idol":2,"Boot":3,"Burning Blood":0,"REME_ComplimentaryCards":0},{"Golden Idol":4,"Boot":6,"Burning Blood":0,"REME_ComplimentaryCards":0}],"Burning Blood":6},"card_choices":[{"not_picked":["Wild Strike","Second Wind"],"picked":"Headbutt","floor":1},{"not_picked":["Flex","Armaments"],"picked":"Battle Trance","floor":2}],"player_experience":73024,"relics_obtained":[],"event_choices":[{"damage_healed":0,"gold_gain":0,"player_choice":"Take Damage","damage_taken":20,"relics_obtained":["Golden Idol"],"max_hp_gain":0,"max_hp_loss":0,"event_name":"Golden Idol","floor":3,"gold_loss":0},{"damage_healed":0,"gold_gain":100,"player_choice":"Pray","damage_taken":0,"max_hp_gain":0,"max_hp_loss":0,"event_name":"Golden Shrine","floor":4,"gold_loss":0}],"is_beta":false,"boss_relics":[],"items_purged_floors":[],"is_endless":false,"potions_floor_spawned":[],"killed_by":"Gremlin Nob","ascension_level":0}}