{"host":"rm0ctv8qd8mnbkg1","time":1612350442,"event":{"mods":["BaseMod","BetterRewards","Colored Map","DNKmod","Dark Map","Defuse TimeMaze Blight","Downfall","Friendly Minions","Hubris","Infinite Spire","Minty Spire (QoL Compilation)","MostiFishMod","Permanent Neow","Quarter Circle Forward PUNCH!","RRrroohrrRGHHhhh!!","Rare Cards Sparkle","Relic Sorter","Reliquary","Replay The Spire","RumiaBox-????????","Shop Mod","Spicy Shops","Spire Arcade","StS++","StSLib","Wandering Minibosses","[IsaacMod]????","??????REMEMod"],"gold_per_floor":[10011,10021,10034,10034,10046,8739,8762,8780,8800,8800,8800,8814,8849,8864,8764,8859,8859,8877,8893,8893,8238,8238,8330,8354,8354,8366,8377,8411,8411,7400,5832,5832,5937,5937,5937,5937],"floor_reached":34,"language":"ENG","playtime":1653,"items_purged":[],"score":699,"play_id":"7f48b71f-8785-4d60-91cf-13080a97eff0","local_time":"20210203110722","is_ascension_mode":false,"campfire_choices":[{"data":"Slimebound:Overexert","floor":11,"key":"SMITH"},{"data":"Slimebound:Split","floor":15,"key":"SMITH"},{"data":"Slimebound:SplitSpecialist","floor":29,"key":"SMITH"},{"data":"Slimebound:Teamwork","floor":32,"key":"SMITH"}],"circlet_count":0,"master_deck":["Slimebound:Tackle","Slimebound:Split+1","Slimebound:CorrosiveSpit","EpicFetus","Slimebound:MassRepurpose+1","Slimebound:Equalize","Slimebound:Nibble","Slimebound:Overexert+1","Slimebound:RejuvenatingLick","Slimebound:GrowthPunch","Slimebound:OozeBath","Slimebound:AcidTongue+1","Slimebound:AcidTongue+1","Slimebound:SplitBruiser","Slimebound:BestDefense+1","Slimebound:Teamwork+1","Slimebound:SplitMire","Slimebound:AcidTongue+1","Slimebound:GoopSpray","Slimebound:WasteNot","Slimebound:Schlurp+1","Slimebound:FirmFortitude","Slimebound:LeadByExample+1","Slimebound:Gluttony+1","Slimebound:Repurpose","Slimebound:SamplingLick","Slimebound:SplitSpecialist+1","Slimebound:RainOfGoop","Slimebound:SplitAcid+1","Slimebound:AcidTongue+1","Slimebound:AcidTongue+1","CurseOfTheBell","Slimebound:Darklings","Slimebound:RejuvenatingLick","Slimebound:Schlurp","Slimebound:Repurpose","Slimebound:MassFeed","Slimebound:Overexert+1","Slimebound:SlimeBarrage","Slimebound:Overexert+1"],"relics":["Slimebound:AbsorbEndCombat","ThornShield","REME_ComplimentaryCards","HushsDoor","DaveBox","Brimstone","SharpPlug","qcfpunch:Wrestler\u0027s_Cloak","Frozen Egg 2","Ginger","Chaos","ClockworkSouvenir","War Paint","EdensBlessing","hubris:Towel","Garlic","downfall:HeartBlessingGreen","FossilizedHelix","Replay:Bottled Eggs","MyShadow","REME_LimitBreaker","NineVolt","Void","Pondfish Scales","reliquary:SharkskinSheath","Calling Bell","Replay:WaspNest","infinitespire:Bottled Soul","Pandora\u0027s Box"],"acts_visited":["Exordium","TheCity"],"potions_floor_usage":[6,16],"damage_taken":[{"damage":0,"enemies":"Jaw Worm","floor":1,"turns":2},{"damage":0,"enemies":"Small Slimes","floor":2,"turns":2},{"damage":0,"enemies":"Cultist","floor":3,"turns":3},{"damage":0,"enemies":"3 Louse","floor":5,"turns":2},{"damage":7,"enemies":"downfall:FleeingMerchant","floor":6,"turns":7},{"damage":0,"enemies":"Red Slaver","floor":8,"turns":2},{"damage":0,"enemies":"2 Fungi Beasts","floor":9,"turns":2},{"damage":3,"enemies":"Exordium Thugs","floor":12,"turns":2},{"damage":0,"enemies":"Lagavulin","floor":13,"turns":3},{"damage":3,"enemies":"Blue Slaver","floor":14,"turns":2},{"damage":0,"enemies":"IC_STATUS_ARCHETYPE","floor":16,"turns":5},{"damage":0,"enemies":"Spheric Guardian","floor":18,"turns":3},{"damage":0,"enemies":"Snecko","floor":19,"turns":4},{"damage":0,"enemies":"downfall:FleeingMerchant","floor":21,"turns":4},{"damage":0,"enemies":"downfall:FleeingMerchant","floor":23,"turns":2},{"damage":0,"enemies":"3 Cultists","floor":26,"turns":3},{"damage":0,"enemies":"Cultist and Chosen","floor":27,"turns":3},{"damage":0,"enemies":"Gremlin Leader","floor":28,"turns":3},{"damage":0,"enemies":"WA_ARCHETYPE_CALM","floor":33,"turns":7}],"seed_played":"-5113161720786969275","potions_obtained":[{"floor":0,"key":"SpeedPotion"},{"floor":0,"key":"Doom Potion"},{"floor":0,"key":"SpeedPotion"},{"floor":2,"key":"Explosive Potion"},{"floor":3,"key":"StSpp:SecondWindPotion"},{"floor":8,"key":"Explosive Potion"},{"floor":9,"key":"Slimebound:SpawnSlimePotion"},{"floor":14,"key":"EssenceOfSteel"},{"floor":25,"key":"CultistPotion"}],"is_trial":false,"path_per_floor":["M","M","M","?","M","$","T","M","M","?","R","M","E","M","R","B",null,"M","M","?","$","?","$","T","?","M","M","E","R","$","$","R","B",null],"character_chosen":"SLIMEBOUND","items_purchased":["Slimebound:AcidTongue","Slimebound:SplitBruiser","qcfpunch:Wrestler\u0027s_Cloak","Frozen Egg 2","Ginger","Chaos","ClockworkSouvenir","War Paint","Slimebound:Gluttony+1","Slimebound:Repurpose","SatanicBible","Replay:Bottled Eggs","REME_LimitBreaker","NineVolt","Slimebound:AcidTongue+1","DoctorsRemote","Void","Slimebound:AcidTongue+1","Pondfish Scales","reliquary:SharkskinSheath","Calling Bell"],"campfire_rested":0,"item_purchase_floors":[6,6,6,6,6,6,6,6,21,21,21,23,30,30,30,30,30,31,31,31,31],"current_hp_per_floor":[1000,1000,1000,1000,1000,993,993,999,1000,1000,1000,997,1000,999,999,1000,1000,1000,1000,1000,1000,1000,946,946,946,962,978,984,984,984,984,984,1000,1000,1000,1000],"gold":5937,"neow_bonus":"THREE_SMALL_POTIONS","is_daily":false,"chose_seed":false,"campfire_upgraded":4,"win_rate":0.0,"timestamp":1612350442,"path_taken":["M","M","M","?","M","$","T","M","?","?","R","M","E","M","R","BOSS","M","M","?","?","?","$","T","?","M","M","E","R","?","$","R","BOSS"],"items_purchased_type":["Card","Card","Relic","Relic","Relic","Card","Relic","Relic","Card","Card","Relic","Relic","Relic","Relic","Card","Relic","Card","Card","Relic","Relic","Relic"],"build_version":"2020-12-22","purchased_purges":0,"victory":false,"max_hp_per_floor":[1000,1000,1000,1000,1000,1000,1000,1000,1000,1000,1000,1000,1000,1000,1000,1000,1000,1000,1000,1000,1000,1000,1000,1000,1000,1000,1000,1000,1000,1000,1000,1000,1000,1000,1000,1000],"card_choices":[{"not_picked":[],"picked":"EpicFetus","floor":0},{"not_picked":["Slimebound:Prepare","Slimebound:ComboTackle"],"picked":"Slimebound:Equalize","floor":0},{"not_picked":["Slimebound:DivideAndConquer","Slimebound:ItLooksTasty"],"picked":"Slimebound:Nibble","floor":1},{"not_picked":["Slimebound:RollThrough","Slimebound:MegaLick"],"picked":"Slimebound:Overexert","floor":2},{"not_picked":["Slimebound:DivideAndConquer","Slimebound:GoopTackle"],"picked":"Slimebound:RejuvenatingLick","floor":3},{"not_picked":["Slimebound:SamplingLick","Slimebound:SlimeSpikes"],"picked":"Slimebound:GrowthPunch","floor":5},{"not_picked":["Slimebound:FlameTackle","Slimebound:PressTheAttack"],"picked":"Slimebound:OozeBath","floor":6},{"not_picked":["Slimebound:ViciousTackle","Slimebound:ItLooksTasty"],"picked":"Slimebound:BestDefense+1","floor":8},{"not_picked":["Slimebound:ForwardTackle","Slimebound:Schlurp"],"picked":"Slimebound:Teamwork","floor":9},{"not_picked":["Slimebound:ComboTackle","Bomb"],"picked":"Slimebound:SplitMire","floor":12},{"not_picked":["Slimebound:FinishingTackle","Slimebound:SplitMire"],"picked":"Slimebound:AcidTongue+1","floor":13},{"not_picked":["Slimebound:Schlurp","Slimebound:ItLooksTasty"],"picked":"Slimebound:GoopSpray","floor":14},{"not_picked":["Slimebound:OozeBath","Slimebound:OneTwoCombo"],"picked":"Slimebound:WasteNot","floor":16},{"not_picked":["Slimebound:MegaLick+1","Slimebound:GrowthPunch"],"picked":"Slimebound:Schlurp+1","floor":18},{"not_picked":["Slimebound:FlameTackle","Slimebound:ItLooksTasty+1"],"picked":"Slimebound:FirmFortitude","floor":19},{"not_picked":["Slimebound:Grow+1","Slimebound:DivideAndConquer"],"picked":"Slimebound:LeadByExample+1","floor":21},{"not_picked":["Slimebound:RejuvenatingLick+1","Slimebound:SlimeSpikes"],"picked":"Slimebound:SplitSpecialist","floor":23},{"not_picked":["Slimebound:SlimeBarrage","Slimebound:SplitBruiser","Slimebound:SplitLeeching+1"],"picked":"SKIP","floor":26},{"not_picked":["Slimebound:GoopTackle","Slimebound:LivingWall"],"picked":"Slimebound:RainOfGoop","floor":27},{"not_picked":["Slimebound:Overexert+1","Slimebound:HauntingLick"],"picked":"Slimebound:SplitAcid+1","floor":28},{"not_picked":["Slimebound:FirmFortitude","Slimebound:RallyTheTroops"],"picked":"Slimebound:Darklings","floor":33}],"player_experience":241261,"relics_obtained":[{"floor":7,"key":"EdensBlessing"},{"floor":13,"key":"Garlic"},{"floor":24,"key":"MyShadow"},{"floor":31,"key":"Replay:WaspNest"},{"floor":31,"key":"ThornShield"},{"floor":31,"key":"infinitespire:Bottled Soul"}],"event_choices":[{"damage_healed":0,"gold_gain":0,"player_choice":"Read","damage_taken":0,"max_hp_gain":0,"max_hp_loss":0,"event_name":"The Library","floor":22,"gold_loss":0,"cards_obtained":["Slimebound:SamplingLick"]}],"is_beta":false,"boss_relics":[{"not_picked":["Nunchaku","White Beast Statue"],"picked":"FossilizedHelix"},{"not_picked":[]},{"not_picked":["rorgmod:Empty Cage","HornCleat"],"picked":"Pandora\u0027s Box"}],"items_purged_floors":[],"is_endless":false,"potions_floor_spawned":[2,3,8,9,14,26,27,28],"ascension_level":0}}