{"host":"xpzu3ao9bvbn9hmu","time":1612348882,"event":{"mods":["ATMod(∞¢Ë™Mod)","Alarm Clock","Arknights","BaseMod","Colored Powertips","Dota2Spire","GifTheSpireLib","KinomotoSakuraMod(ƒæ÷Æ±æ”£)","LagranYue(¿≠∏Ò¿ °§‘¬)","Luminous","Marisa£®ÏF”Í°°ƒß¿Ì…≥£©","Minty Spire (QoL Compilation)","Reimu£®≤©¿ˆ¡È√Œ£©","Relic Stats","Remilia£®¿Ÿ√◊¿Ú—«£©","Replay The Spire","SIMod","Spicy Shops","StSLib","The Gatherer","The Runesmith","The Servant 0.9.4","Waifu the Spire","WarShipGirlsR/’ΩΩ¢…Ÿ≈ÆR mod","Yakumo Yukari mod","Youmu£®ªÍ∆«—˝√Œ£©","Yuyuko","[IsaacMod]“‘»ˆº‚À˛","≤–¡Ù÷ÆŒÔ"],"gold_per_floor":[110,110,120,120,130,163,163,182,182,36,55,81,3,19,19,114,114,129,129,142,142,20,20,32,32,59,77,2,2,2],"floor_reached":29,"language":"ZHS","playtime":1401,"items_purged":[],"score":235,"play_id":"1456b792-e4b7-4e60-93fd-4e4fea2e1d7f","local_time":"20210203184122","is_ascension_mode":false,"campfire_choices":[{"data":"LadiesDemeanor","floor":7.0,"key":"SMITH"},{"floor":15.0,"key":"REST"},{"data":"PartyCana","floor":23,"key":"SMITH"},{"floor":25,"key":"RECALL"}],"circlet_count":0,"master_deck":["Strike_RR","Strike_RD+1","Defend_PP+1","Defend_FS","Defend_AJ+1","ConcertedEfforts","HarmonyShield","Return_To_Past","HideCarefully","CheerUp+1","LadiesDemeanor+1","Generousity","MirrorLake","RunningOfTheLeaves","BatchProduction","TasteRainbow","ServeMeal","Winterwrapup","BeautySensation","PartyCana+1","Charge","Laughter","Batlization","BeautySensation","Lasso+1"],"relics":["The_element_of_harmony","AT_ATBox","HushsDoor","LagranYue:RandomDrawCardRelic","D6","Replay:Accelerometer","Mercury Hourglass","SteamSale","AT_RedTearstoneRing","Dota2Spire:ShivaGuard","Replay:Ancient Bell","Dota2Spire:LinkenSphere","Simple Rune"],"acts_visited":["Exordium","TheCity"],"potions_floor_usage":[27],"damage_taken":[{"damage":2.0,"enemies":"Jaw Worm","floor":1.0,"turns":5.0},{"damage":0.0,"enemies":"2 Louse","floor":3.0,"turns":6.0},{"damage":4.0,"enemies":"Cultist","floor":5.0,"turns":4.0},{"damage":25.0,"enemies":"Gremlin Nob","floor":6.0,"turns":4.0},{"damage":13.0,"enemies":"2 Fungi Beasts","floor":8.0,"turns":3.0},{"damage":8.0,"enemies":"Red Slaver","floor":11.0,"turns":2.0},{"damage":12.0,"enemies":"Lagavulin","floor":12.0,"turns":9.0},{"damage":0.0,"enemies":"Blue Slaver","floor":14.0,"turns":3.0},{"damage":31.0,"enemies":"Hexaghost","floor":16.0,"turns":11.0},{"damage":0.0,"enemies":"Spheric Guardian","floor":18.0,"turns":7.0},{"damage":39.0,"enemies":"2 Thieves","floor":20.0,"turns":4.0},{"damage":19,"enemies":"Snecko","floor":24,"turns":5},{"damage":0,"enemies":"Snake Plant","floor":27,"turns":4},{"damage":59,"enemies":"Shelled Parasite and Fungi","floor":29,"turns":5}],"seed_played":"6665526897361438170","potions_obtained":[{"floor":3.0,"key":"Energy Potion"},{"floor":5.0,"key":"ZuzhouPotion:ReiMu"},{"floor":6.0,"key":"SteroidPotion"},{"floor":16.0,"key":"Fire Potion"},{"floor":20,"key":"EssenceOfSteel"}],"is_trial":false,"path_per_floor":["M","?","M","?","M","E","R","M","T","$","M","E","$","M","R","B",null,"M","?","M","?","$","R","M","R","T","M","?","M"],"character_chosen":"TWI_CLASS","items_purchased":["SteamSale","Dota2Spire:ShivaGuard","LifebloodPotion","Dota2Spire:LinkenSphere"],"campfire_rested":1,"item_purchase_floors":[10,13,13,22],"current_hp_per_floor":[88,81,81,63,59,34,34,21,21,21,13,7,7,7,34,18,90,90,90,51,51,51,51,53,53,53,53,53,0,0],"gold":2,"neow_bonus":"TEN_PERCENT_HP_BONUS","is_daily":false,"chose_seed":false,"campfire_upgraded":2,"win_rate":0.0,"timestamp":1612348882,"path_taken":["M","?","M","?","M","E","R","M","T","$","M","E","?","?","R","BOSS","M","?","M","?","$","R","?","R","T","M","?","M"],"items_purchased_type":["Relic","Relic","Potion","Relic"],"build_version":"2020-12-22","purchased_purges":0,"victory":false,"max_hp_per_floor":[90,90,90,90,90,90,90,90,90,90,90,90,90,90,90,90,90,90,90,90,90,90,90,90,90,90,90,90,90,90],"relic_stats":{"counters":[14,71],"obtain_stats":[{"KeepersGift":0,"Replay:Accelerometer":6,"AT_RedTearstoneRing":12,"AT_ATBox":0,"LagranYue:RandomDrawCardRelic":0,"The_element_of_harmony":0,"Dota2Spire:ShivaGuard":13,"Replay:Ancient Bell":17,"SteamSale":10,"Mercury Hourglass":9,"D6":0,"Simple Rune":26,"Dota2Spire:LinkenSphere":22,"HushsDoor":0},{"KeepersGift":0,"Replay:Accelerometer":4,"AT_RedTearstoneRing":7,"AT_ATBox":0,"LagranYue:RandomDrawCardRelic":0,"The_element_of_harmony":0,"Dota2Spire:ShivaGuard":7,"Replay:Ancient Bell":9,"SteamSale":5,"Mercury Hourglass":5,"D6":0,"Simple Rune":12,"Dota2Spire:LinkenSphere":11,"HushsDoor":0},{"KeepersGift":0,"Replay:Accelerometer":19,"AT_RedTearstoneRing":32,"AT_ATBox":0,"LagranYue:RandomDrawCardRelic":0,"The_element_of_harmony":0,"Dota2Spire:ShivaGuard":32,"Replay:Ancient Bell":46,"SteamSale":22,"Mercury Hourglass":22,"D6":0,"Simple Rune":62,"Dota2Spire:LinkenSphere":57,"HushsDoor":0}],"Mercury Hourglass":[118]},"card_choices":[{"not_picked":["Celebrities"],"picked":"Return_To_Past","floor":1.0},{"not_picked":["Whining"],"picked":"HideCarefully","floor":1.0},{"not_picked":["DynamicVision"],"picked":"Bomb","floor":3.0},{"not_picked":["Charge"],"picked":"CheerUp","floor":3.0},{"not_picked":["BatchProduction"],"picked":"LadiesDemeanor","floor":5.0},{"not_picked":["Return_To_Past"],"picked":"Generousity","floor":5.0},{"not_picked":["Generousity"],"picked":"MirrorLake","floor":6.0},{"not_picked":["BehindTheScene","Mischief"],"picked":"SKIP","floor":6.0},{"not_picked":["Boundary"],"picked":"RunningOfTheLeaves","floor":8.0},{"not_picked":["ISayNo","Louder"],"picked":"SKIP","floor":8.0},{"not_picked":["Dear_Princess"],"picked":"BatchProduction","floor":11.0},{"not_picked":["GemstoneDetection"],"picked":"TasteRainbow","floor":11.0},{"not_picked":["Boundary"],"picked":"ServeMeal","floor":12.0},{"not_picked":["Lasso"],"picked":"Bomb","floor":12.0},{"not_picked":["Bomb"],"picked":"Winterwrapup","floor":14.0},{"not_picked":["PinkiePromise","Whining"],"picked":"SKIP","floor":14.0},{"not_picked":["MessyAndOrderly"],"picked":"BeautySensation","floor":16.0},{"not_picked":["Harmanyblast"],"picked":"PartyCana","floor":16.0},{"not_picked":["ServeMeal"],"picked":"Charge","floor":18.0},{"not_picked":["Anxiousness"],"picked":"Laughter","floor":18.0},{"not_picked":["RashStunts"],"picked":"Boundary","floor":20},{"not_picked":["CleanLibrary"],"picked":"Lasso+1","floor":24},{"not_picked":["TasteRainbow","Dear_Princess"],"picked":"SKIP","floor":24},{"not_picked":["Winterwrapup","HideCarefully+1"],"picked":"SKIP","floor":27},{"not_picked":["Charge","GemstoneDetection"],"picked":"SKIP","floor":27}],"player_experience":79459,"relics_obtained":[{"floor":6.0,"key":"Replay:Accelerometer"},{"floor":9.0,"key":"Mercury Hourglass"},{"floor":12.0,"key":"AT_RedTearstoneRing"},{"floor":26,"key":"Simple Rune"}],"event_choices":[{"cards_removed":["Strike_TS"],"damage_healed":0.0,"max_hp_gain":0.0,"max_hp_loss":0.0,"gold_gain":0.0,"event_name":"Golden Wing","player_choice":"Card Removal","floor":2.0,"gold_loss":0.0,"damage_taken":7.0},{"damage_healed":0.0,"max_hp_gain":0.0,"max_hp_loss":0.0,"gold_gain":0.0,"event_name":"Shining Light","player_choice":"Entered Light","floor":4.0,"gold_loss":0.0,"damage_taken":18.0,"cards_upgraded":["Strike_RD","CheerUp"]},{"damage_healed":0,"gold_gain":0,"cards_transformed":["Boundary","Strike_AJ"],"player_choice":"Became Test Subject","damage_taken":0,"max_hp_gain":0,"max_hp_loss":0,"event_name":"Drug Dealer","floor":21,"gold_loss":0,"cards_obtained":["Batlization","BeautySensation"]},{"cards_removed":["Defend_TS"],"damage_healed":0,"gold_gain":0,"player_choice":"Gave Gold","damage_taken":0,"max_hp_gain":0,"max_hp_loss":0,"event_name":"Beggar","floor":28,"gold_loss":75}],"is_beta":false,"boss_relics":[{"not_picked":["Ring of Chaos","ChampionBelt"],"picked":"Replay:Ancient Bell"},{"not_picked":[]}],"items_purged_floors":[],"is_endless":false,"potions_floor_spawned":[3,5,6,16,20,24],"killed_by":"Shelled Parasite and Fungi","ascension_level":0}}