{"host":"czyddnh1ekzxzhp2","time":1612377914,"event":{"mods":["BaseMod","Better Third Choice","BetterRewards","Hermit","Minty Spire (QoL Compilation)","StSLib"],"gold_per_floor":[112,187,199,45,45,45,78,78,78,78,92,92,92,108,108,210,210,228,239,164,91,106,131,131,131],"floor_reached":24,"language":"ENG","playtime":1382,"items_purged":[],"score":235,"play_id":"4ee63fdb-984e-4134-bc68-ba648772944d","local_time":"20210203134514","is_ascension_mode":true,"campfire_choices":[{"floor":6.0,"key":"REST"},{"data":"hermit:Maintenance","floor":8,"key":"SMITH"},{"data":"hermit:BlackWind","floor":10,"key":"SMITH"},{"data":"hermit:FlashPowder","floor":12,"key":"SMITH"},{"floor":15,"key":"REST"}],"circlet_count":0,"master_deck":["hermit:Strike_Hermit","hermit:Strike_Hermit","hermit:Strike_Hermit","hermit:Defend_Hermit","hermit:Defend_Hermit","hermit:Defend_Hermit","hermit:Snapshot","hermit:Covet","hermit:BlackWind+1","hermit:Maintenance+1","Flash of Steel","hermit:FlashPowder+1","hermit:Magnum+1","hermit:HighNoon","hermit:BlackWind+1"],"relics":["hermit:Momento","MealTicket","Tiny Chest","Membership Card","Blood Vial","Medical Kit","Molten Egg 2","Question Card","White Beast Statue","Empty Cage","Happy Flower","Letter Opener"],"acts_visited":["Exordium","TheCity"],"potions_floor_usage":[7,16,18,22,22,23,23,24],"damage_taken":[{"damage":7.0,"enemies":"Jaw Worm","floor":1.0,"turns":2.0},{"damage":0.0,"enemies":"Small Slimes","floor":3.0,"turns":1.0},{"damage":15,"enemies":"Lagavulin","floor":7,"turns":6},{"damage":0,"enemies":"Cultist","floor":11,"turns":2},{"damage":3,"enemies":"3 Louse","floor":14,"turns":3},{"damage":6,"enemies":"Hexaghost","floor":16,"turns":10},{"damage":17,"enemies":"Chosen","floor":18,"turns":7},{"damage":15,"enemies":"3 Byrds","floor":19,"turns":7},{"damage":17,"enemies":"Sentry and Sphere","floor":22,"turns":5},{"damage":50,"enemies":"Gremlin Leader","floor":23,"turns":6},{"damage":9,"enemies":"Centurion and Healer","floor":24,"turns":1}],"seed_played":"-5023997306217574868","potions_obtained":[{"floor":3.0,"key":"Weak Potion"},{"floor":11,"key":"Weak Potion"},{"floor":14,"key":"Energy Potion"},{"floor":16,"key":"Fruit Juice"},{"floor":18,"key":"LiquidMemories"},{"floor":19,"key":"BlessingOfTheForge"},{"floor":22,"key":"Regen Potion"},{"floor":23,"key":"SkillPotion"}],"is_trial":false,"path_per_floor":["M","?","M","$","?","R","E","R","T","R","M","R","T","M","R","B",null,"M","M","?","$","M","E","M"],"character_chosen":"HERMIT","items_purchased":["MealTicket","Tiny Chest","hermit:BlackWind","Membership Card","Medical Kit","hermit:Maintenance","Flash of Steel","Happy Flower"],"campfire_rested":2,"item_purchase_floors":[0,0,0,0,4,4,4,21],"current_hp_per_floor":[35,24,26,41,34,55,42,42,42,42,44,44,44,43,64,60,70,58,45,45,60,45,6,0,0],"gold":131,"neow_bonus":"","is_daily":false,"chose_seed":false,"campfire_upgraded":3,"win_rate":0.0,"timestamp":1612377914,"path_taken":["M","?","M","$","?","R","E","R","T","R","?","R","?","M","R","BOSS","M","M","?","$","M","E","M"],"items_purchased_type":["Relic","Relic","Card","Relic","Relic","Card","Card","Relic"],"build_version":"2020-12-22","purchased_purges":0,"victory":false,"max_hp_per_floor":[70,70,70,70,70,70,70,70,70,70,70,70,70,70,70,70,70,75,75,75,75,75,75,75,75],"card_choices":[{"not_picked":["hermit:HoleUp","hermit:Glare"],"picked":"hermit:Enervate","floor":1.0},{"not_picked":["hermit:GoldenBullet","hermit:LuckOfTheDraw","hermit:Grudge"],"picked":"SKIP","floor":3.0},{"not_picked":["hermit:Manifest","hermit:Snipe"],"picked":"hermit:FlashPowder","floor":7},{"not_picked":["hermit:LowProfile","hermit:HoleUp","hermit:Deadeye+1","hermit:Ricochet+1"],"picked":"SKIP","floor":11},{"not_picked":["hermit:Coalescence","hermit:Cheat","hermit:Desperado+1"],"picked":"hermit:Magnum+1","floor":14},{"not_picked":["hermit:RoundhouseKick+1","hermit:Reprieve","hermit:FromBeyond"],"picked":"hermit:HighNoon","floor":16},{"not_picked":["hermit:DeadMansHand","hermit:Coalescence","hermit:Dive","hermit:Scavenge"],"picked":"SKIP","floor":18},{"not_picked":["hermit:SprayPray+1","hermit:Quickdraw+1","hermit:Misfire+1","hermit:Feint"],"picked":"SKIP","floor":19},{"not_picked":["hermit:Cheat+1","hermit:Roulette+1","hermit:NoHoldsBarred+1"],"picked":"hermit:BlackWind+1","floor":22},{"not_picked":["hermit:Determination+1","hermit:Manifest","hermit:Desperado+1","hermit:Quickdraw+1"],"picked":"SKIP","floor":23}],"player_experience":905082,"relics_obtained":[{"floor":7,"key":"Molten Egg 2"},{"floor":9,"key":"Question Card"},{"floor":13,"key":"White Beast Statue"},{"floor":23,"key":"Letter Opener"}],"event_choices":[{"damage_healed":0.0,"max_hp_gain":0.0,"max_hp_loss":0.0,"gold_gain":75.0,"event_name":"betterThird:BetterGoop","player_choice":"Gold","floor":2.0,"gold_loss":0.0,"damage_taken":11.0},{"damage_healed":0.0,"max_hp_gain":0.0,"max_hp_loss":0.0,"gold_gain":0.0,"event_name":"Wheel of Change","player_choice":"Damaged","floor":5.0,"gold_loss":0.0,"damage_taken":7.0},{"cards_removed":["hermit:Defend_Hermit"],"damage_healed":0,"gold_gain":0,"player_choice":"Gave Gold","damage_taken":0,"max_hp_gain":0,"max_hp_loss":0,"event_name":"Beggar","floor":20,"gold_loss":75}],"is_beta":false,"boss_relics":[{"not_picked":["Pandora\u0027s Box","Runic Dome"],"picked":"Empty Cage"}],"items_purged_floors":[],"is_endless":false,"potions_floor_spawned":[3,11,14,16,18,19,22,23],"killed_by":"Centurion and Healer","ascension_level":2}}