{"host":"iejw1f7ltal95128","time":1612321408,"event":{"mods":["2.2 Compatiblity","AchievementEnabler","Act Like it!","BaseMod","Bestiary","Better Note","Better Sensory Stone","Better Third Choice","BetterRewards","Booster Modes","Card Forge","Colored Powertips","Downfall","Energized Spire","Gremlin Skip","Minty Spire (QoL Compilation)","Pale of the Ancients","Permanent Neow","Relic Sorter","Replay The Spire","Shop Mod","StSLib","Unknown Chances","UnlockEverythingMod"],"gold_per_floor":[99,117,131,149,149,163,163,193,243,104,104,131,131,153,189,316,316,316,344,344,344,28,28,28,66,66,88,147,147,192,192,237,382,382,382,410,448,448,230,315,315,315,315,359,259,159,232,317,365,409],"floor_reached":51,"language":"ENG","playtime":5724,"items_purged":["Guardian:Strike_Guardian","downfall:Bewildered","Guardian:Defend_Guardian"],"score":852,"play_id":"4c054cea-8935-4a80-8d63-1449068cb37a","local_time":"20210202230328","is_ascension_mode":false,"campfire_choices":[{"floor":1,"key":"DIG"},{"data":"Guardian:TemporalShield","floor":11,"key":"SMITH"},{"floor":13,"key":"REST"},{"floor":18,"key":"DIG"},{"data":"Pot Of Greed","floor":26,"key":"SMITH"},{"data":"Metamorphosis","floor":29,"key":"SMITH"},{"floor":35,"key":"DIG"},{"floor":45,"key":"RECALL"},{"data":"Guardian:Emergency","floor":46,"key":"SMITH"}],"circlet_count":0,"master_deck":["Guardian:Strike_Guardian","Guardian:Defend_Guardian","Guardian:Defend_Guardian","Guardian:CurlUp","Guardian:TwinSlam","Metamorphosis+1","Guardian:Planning","Guardian:TemporalShield+1","Guardian:BronzeOrb","Guardian:TimeSifter+1","Guardian:RevengeProtocol+1","Guardian:Preprogram","Guardian:Incinerate","Guardian:Recover","Guardian:ExploitGems+1","Cloak And Dagger+1","Pot Of Greed+1","Pot Of Greed+1","Guardian:FastForward+1","Pot Of Greed+1","Guardian:ExploitGems+1","Guardian:Emergency+1","Guardian:Planning+1","Guardian:Suspension+1","Guardian:BodySlam+1","Guardian:TimeCapacitor+1","Guardian:Reroute","Guardian:Gem_Cyan","Pot Of Greed"],"relics":["Guardian:ModeShifter","Hammer of Thor","Seething Fire","Anvil of the Gods","Golden Egg","Replay:Bandana","Turnip","Busted Crown","sneckomod:BabySnecko","Grinning Jar","Lizard Tail","downfall:RedIOU","Runic Pyramid","WingedGreaves","Blood Vial","Darkstone Periapt","Sundial","downfall:HeartBlessingBlue","downfall:HeartBlessingRed","HornCleat","Replay:Multitool"],"acts_visited":["Exordium","TheCity","TheBeyond"],"potions_floor_usage":[9,15,19,33,39],"damage_taken":[{"damage":4,"enemies":"2 Louse","floor":2,"turns":4},{"damage":1,"enemies":"Cultist","floor":3,"turns":4},{"damage":8,"enemies":"Jaw Worm","floor":4,"turns":3},{"damage":16,"enemies":"Lots of Slimes","floor":6,"turns":3},{"damage":0,"enemies":"Large Slime","floor":8,"turns":5},{"damage":17,"enemies":"3 Sentries","floor":9,"turns":9},{"damage":0,"enemies":"downfall:FleeingMerchant","floor":10,"turns":4},{"damage":0,"enemies":"2 Fungi Beasts","floor":12,"turns":4},{"damage":7,"enemies":"Blue Slaver","floor":14,"turns":3},{"damage":0,"enemies":"Large Slime","floor":15,"turns":5},{"damage":18,"enemies":"WA_ARCHETYPE_RETAIN","floor":16,"turns":6},{"damage":7,"enemies":"Shell Parasite","floor":19,"turns":5},{"damage":0,"enemies":"downfall:FleeingMerchant","floor":22,"turns":4},{"damage":0,"enemies":"Spheric Guardian","floor":25,"turns":3},{"damage":0,"enemies":"Shelled Parasite and Fungi","floor":27,"turns":6},{"damage":13,"enemies":"Gremlin Leader","floor":28,"turns":3},{"damage":12,"enemies":"Chosen and Byrds","floor":30,"turns":5},{"damage":11,"enemies":"Snake Plant","floor":32,"turns":4},{"damage":17,"enemies":"DF_ARCHETYPE_CLAW","floor":33,"turns":6},{"damage":0,"enemies":"Orb Walker","floor":36,"turns":2},{"damage":0,"enemies":"3 Darklings","floor":37,"turns":4},{"damage":0,"enemies":"downfall:FleeingMerchant","floor":39,"turns":4},{"damage":9,"enemies":"Reptomancer","floor":40,"turns":5},{"damage":0,"enemies":"downfall:FleeingMerchant","floor":44,"turns":3},{"damage":0,"enemies":"Giant Head","floor":47,"turns":5},{"damage":11,"enemies":"2 Orb Walkers","floor":48,"turns":3},{"damage":0,"enemies":"Maw","floor":49,"turns":4},{"damage":64,"enemies":"SI_POISON_ARCHETYPE","floor":50,"turns":5}],"seed_played":"-3115735887245589815","potions_obtained":[{"floor":2,"key":"Ancient Potion"},{"floor":6,"key":"Ancient Potion"},{"floor":8,"key":"sneckomod:MuddlingPotion"},{"floor":14,"key":"hexamod:SoulburnPotion"},{"floor":15,"key":"PowerPotion"},{"floor":16,"key":"PowerPotion"},{"floor":25,"key":"Milkshake"},{"floor":28,"key":"BlessingOfTheForge"},{"floor":37,"key":"Reflective Coating"},{"floor":47,"key":"Guardian:AcceleratePotion"}],"is_trial":false,"path_per_floor":["R","M","M","M","?","M","T","M","E","$","R","M","R","M","M","B",null,"R","M","?","?","$","?","T","M","R","M","E","R","M","?","M","B",null,"R","M","M","?","$","E","T","?","?","$","R","R","E","?","M","B",null],"character_chosen":"GUARDIAN","items_purchased":["Guardian:Gem_Yellow","Grinning Jar","Guardian:Gem_White","Guardian:Suspension","Guardian:BodySlam","Sundial","Guardian:TimeCapacitor"],"campfire_rested":1,"item_purchase_floors":[10,22,22,39,39,44,44],"current_hp_per_floor":[56,52,51,43,43,27,27,27,10,10,10,10,34,27,27,9,80,80,73,73,73,73,73,73,73,73,73,60,60,48,48,37,20,80,80,80,80,80,80,71,71,71,71,73,83,83,85,76,78,16],"gold":409,"neow_bonus":"RANDOM_COLORLESS_2","is_daily":false,"chose_seed":false,"campfire_upgraded":4,"win_rate":0.0,"timestamp":1612321408,"path_taken":["R","M","M","M","?","M","T","M","E","$","R","M","R","?","M","BOSS","R","M","?","?","$","?","T","M","R","M","E","R","?","?","M","BOSS","R","M","M","?","$","E","T","?","?","$","R","R","E","?","M","BOSS"],"items_purchased_type":["Card","Relic","Card","Card","Card","Relic","Card"],"build_version":"2020-12-22","purchased_purges":3,"victory":true,"max_hp_per_floor":[80,80,80,80,80,80,80,80,80,80,80,80,80,80,80,80,80,80,80,80,80,80,80,80,80,80,80,80,80,80,80,80,80,80,80,80,80,80,80,80,80,80,80,80,90,90,90,90,90,90],"card_choices":[{"not_picked":["Poisoned Strike","Sadistic Nature"],"picked":"Metamorphosis","floor":0},{"not_picked":["Guardian:Gem_Green","Guardian:DecasProtection"],"picked":"Guardian:Gem_Blue","floor":2},{"not_picked":["Guardian:Repulse","Guardian:Recover"],"picked":"Guardian:Planning","floor":3},{"not_picked":["Guardian:WalkerClaw","Guardian:ArmoredProtocol"],"picked":"Guardian:ChargeCore","floor":4},{"not_picked":["Guardian:EvasiveProtocol","Guardian:PrimingBeam"],"picked":"Guardian:TemporalShield","floor":6},{"not_picked":["Guardian:FloatingOrbs","Guardian:Gem_Blue"],"picked":"Guardian:BronzeOrb","floor":8},{"not_picked":["Guardian:SpikerProtocol","Guardian:ShieldSpikes"],"picked":"Guardian:TimeSifter","floor":9},{"not_picked":["Guardian:WalkerClaw","Guardian:Clone"],"picked":"Guardian:RevengeProtocol","floor":10},{"not_picked":["Guardian:PiercingHide","Guardian:Clone"],"picked":"Guardian:Preprogram","floor":12},{"not_picked":["Guardian:ShieldCharger","Guardian:Gem_Fragmented"],"picked":"Guardian:Incinerate","floor":14},{"not_picked":["Guardian:RefractedBeam","Guardian:CrystalBeam"],"picked":"Guardian:Recover","floor":15},{"not_picked":["Guardian:Gem_Synthetic","Guardian:AncientConstruct"],"picked":"Guardian:ExploitGems","floor":16},{"not_picked":[],"picked":"Guardian:Gem_Lightblue","floor":19},{"not_picked":["Guardian:ShieldCharger"],"picked":"SKIP","floor":22},{"not_picked":[],"picked":"Guardian:Gem_Green","floor":25},{"not_picked":["Guardian:WalkerClaw"],"picked":"SKIP","floor":27},{"not_picked":["Guardian:Gem_Purple"],"picked":"SKIP","floor":28},{"not_picked":[],"picked":"Guardian:Gem_Purple","floor":28},{"not_picked":["Guardian:Recover"],"picked":"SKIP","floor":30},{"not_picked":[],"picked":"Guardian:Gem_Fragmented","floor":32},{"not_picked":[],"picked":"Guardian:ExploitGems","floor":33},{"not_picked":[],"picked":"Guardian:Emergency","floor":36},{"not_picked":[],"picked":"Guardian:Planning+1","floor":37},{"not_picked":["Guardian:PrismaticBeam"],"picked":"SKIP","floor":39},{"not_picked":["Guardian:PolyBeam+1"],"picked":"SKIP","floor":40},{"not_picked":["Guardian:Gem_Lightblue"],"picked":"SKIP","floor":44},{"not_picked":["Guardian:SentryBeam+1"],"picked":"SKIP","floor":47},{"not_picked":[],"picked":"Guardian:Reroute","floor":48},{"not_picked":[],"picked":"Guardian:Gem_Cyan","floor":49}],"player_experience":441609,"relics_obtained":[{"floor":1,"key":"Golden Egg"},{"floor":7,"key":"Replay:Bandana"},{"floor":9,"key":"Turnip"},{"floor":18,"key":"PreservedInsect"},{"floor":28,"key":"Lizard Tail"},{"floor":35,"key":"WingedGreaves"},{"floor":40,"key":"Blood Vial"},{"floor":41,"key":"Darkstone Periapt"},{"floor":47,"key":"HornCleat"},{"floor":48,"key":"Replay:Multitool"}],"event_choices":[{"cards_removed":["Guardian:Strike_Guardian"],"damage_healed":0,"gold_gain":0,"player_choice":"Offered Basic","damage_taken":0,"max_hp_gain":0,"max_hp_loss":0,"event_name":"Bonfire Elementals","floor":5,"gold_loss":0},{"cards_removed":["Metamorphosis"],"damage_healed":0,"gold_gain":0,"player_choice":"Take \u0026 Give","damage_taken":0,"max_hp_gain":0,"max_hp_loss":0,"event_name":"betterNote:BetterNote","floor":20,"gold_loss":0,"cards_obtained":["Cloak And Dagger"]},{"damage_healed":0,"gold_gain":0,"cards_transformed":["Guardian:Strike_Guardian","Guardian:Defend_Guardian"],"player_choice":"Became Test Subject","damage_taken":0,"max_hp_gain":0,"max_hp_loss":0,"event_name":"Drug Dealer","floor":23,"gold_loss":0,"cards_obtained":["Guardian:FastForward","Guardian:Gem_Fragmented"]},{"cards_removed":["Guardian:ChargeCore"],"damage_healed":0,"gold_gain":0,"player_choice":"Removed Attack","damage_taken":0,"max_hp_gain":0,"max_hp_loss":0,"event_name":"Falling","floor":43,"gold_loss":0},{"damage_healed":0,"gold_gain":0,"player_choice":"Fight","damage_taken":0,"max_hp_gain":0,"max_hp_loss":0,"event_name":"Mysterious Sphere","floor":48,"gold_loss":0}],"is_beta":false,"boss_relics":[{"not_picked":["SacredBark","ReplayTheSpireMod:DimensionalGlitch"],"picked":"Busted Crown"},{"not_picked":["Honey Jar","SlaversCollar"],"picked":"Runic Pyramid"}],"items_purged_floors":[10,22,39],"is_endless":false,"potions_floor_spawned":[2,6,8,14,15,16,25,28,30,32,37,47,49],"ascension_level":0}}