{"host":"p0hktren06injwdf","time":1612396340,"event":{"mods":["AchievementEnabler","BaseMod","Colored Map","DeckTracker","Minty Spire (QoL Compilation)","Permanent Neow","StSLib","SuperFastMode"],"gold_per_floor":[118,137,154,170,19,19,47,47,47,47,76,88,88,101,101,174,174,190,204,214,214,233,233,260,87,110,125,125,25,0,20,20,96,96,112,112,112,112],"floor_reached":37,"language":"KOR","playtime":645,"items_purged":["Strike_P","Strike_P"],"score":852,"play_id":"a063d3fc-ae05-4f43-a7a6-8f19fff7242e","local_time":"20210204085220","is_ascension_mode":true,"campfire_choices":[{"data":"Eruption","floor":6,"key":"SMITH"},{"data":"SignatureMove","floor":8,"key":"SMITH"},{"data":"Conclude","floor":10,"key":"SMITH"},{"data":"EmptyFist","floor":15,"key":"SMITH"},{"floor":23,"key":"REST"},{"data":"Halt","floor":28,"key":"SMITH"},{"data":"Judgement","floor":32,"key":"SMITH"}],"circlet_count":0,"master_deck":["AscendersBane","Strike_P","Strike_P","Defend_P","Defend_P","Defend_P","Eruption+1","Vigilance","Halt+1","Conclude+1","BowlingBash","SignatureMove+1","EmptyFist+1","Judgement+1","FlurryOfBlows","Consecrate","Vault"],"relics":["PureWater","Incense Burner","Eternal Feather","Letter Opener","Ornamental Fan","VioletLotus","Pantograph","Meat on the Bone","Bag of Preparation","Potion Belt","Philosopher\u0027s Stone"],"acts_visited":["Exordium","TheCity","TheBeyond"],"potions_floor_usage":[16,33,33,33],"damage_taken":[{"damage":4,"enemies":"Small Slimes","floor":1,"turns":3},{"damage":1,"enemies":"Cultist","floor":2,"turns":4},{"damage":2,"enemies":"2 Louse","floor":3,"turns":3},{"damage":4,"enemies":"2 Fungi Beasts","floor":4,"turns":3},{"damage":0,"enemies":"Gremlin Nob","floor":7,"turns":2},{"damage":12,"enemies":"3 Sentries","floor":11,"turns":3},{"damage":0,"enemies":"Exordium Thugs","floor":12,"turns":2},{"damage":0,"enemies":"Large Slime","floor":14,"turns":6},{"damage":26,"enemies":"Hexaghost","floor":16,"turns":9},{"damage":0,"enemies":"2 Thieves","floor":18,"turns":2},{"damage":7,"enemies":"Chosen","floor":19,"turns":3},{"damage":18,"enemies":"Shelled Parasite and Fungi","floor":20,"turns":4},{"damage":20,"enemies":"Snecko","floor":22,"turns":5},{"damage":20,"enemies":"Gremlin Leader","floor":24,"turns":4},{"damage":3,"enemies":"Centurion and Healer","floor":27,"turns":4},{"damage":0,"enemies":"3 Cultists","floor":31,"turns":4},{"damage":61,"enemies":"Automaton","floor":33,"turns":10},{"damage":0,"enemies":"3 Shapes","floor":35,"turns":1},{"damage":58,"enemies":"3 Darklings","floor":37,"turns":4}],"seed_played":"8608640331935164413","potions_obtained":[{"floor":2,"key":"SpeedPotion"},{"floor":11,"key":"Weak Potion"},{"floor":16,"key":"LiquidBronze"},{"floor":24,"key":"Block Potion"},{"floor":27,"key":"GamblersBrew"},{"floor":33,"key":"BlessingOfTheForge"}],"is_trial":false,"path_per_floor":["M","M","M","M","$","R","E","R","T","R","E","M","?","M","R","B",null,"M","M","M","T","M","R","E","$","T","M","R","$","?","M","R","B",null,"M","?","M"],"character_chosen":"WATCHER","items_purchased":["SignatureMove","Bag of Preparation"],"campfire_rested":1,"item_purchase_floors":[5,25],"current_hp_per_floor":[39,38,36,32,32,32,32,38,38,44,32,32,32,32,38,12,54,54,47,29,29,9,38,18,18,18,27,36,36,36,36,45,19,56,56,56,0,0],"gold":112,"neow_bonus":"ONE_RARE_RELIC","is_daily":false,"chose_seed":false,"campfire_upgraded":6,"win_rate":0.0,"timestamp":1612396340,"path_taken":["M","M","M","M","$","R","E","R","T","R","E","M","?","M","R","BOSS","M","M","M","?","M","R","E","$","T","M","R","$","?","M","R","BOSS","M","?","M"],"items_purchased_type":["Card","Relic"],"build_version":"2020-12-22","purchased_purges":2,"victory":false,"max_hp_per_floor":[68,68,68,68,68,68,68,68,68,68,68,68,68,68,68,68,68,68,68,68,68,68,68,68,68,68,68,68,68,68,68,68,68,68,68,68,68,68],"card_choices":[{"not_picked":["ThirdEye","LikeWater","ClearTheMind"],"picked":"SKIP","floor":1},{"not_picked":["ThirdEye","SashWhip"],"picked":"Halt","floor":2},{"not_picked":["Fasting2","ReachHeaven"],"picked":"Conclude","floor":3},{"not_picked":["ClearTheMind","FlyingSleeves"],"picked":"BowlingBash","floor":4},{"not_picked":["Devotion","PathToVictory","FollowUp"],"picked":"SKIP","floor":7},{"not_picked":["Nirvana","Perseverance"],"picked":"EmptyFist","floor":11},{"not_picked":["FlyingSleeves","Crescendo","SashWhip"],"picked":"SKIP","floor":12},{"not_picked":["BowlingBash","Protect","CutThroughFate"],"picked":"SKIP","floor":14},{"not_picked":["Devotion","Wish"],"picked":"Judgement","floor":16},{"not_picked":["ClearTheMind","FollowUp","Swivel"],"picked":"SKIP","floor":18},{"not_picked":["Protect","Collect"],"picked":"FlurryOfBlows","floor":19},{"not_picked":["Evaluate","Protect","BattleHymn"],"picked":"SKIP","floor":20},{"not_picked":["Weave","CrushJoints"],"picked":"Consecrate","floor":22},{"not_picked":["FlurryOfBlows","DeceiveReality","ReachHeaven"],"picked":"SKIP","floor":24},{"not_picked":["ClearTheMind+1","LikeWater","EmptyBody"],"picked":"SKIP","floor":27},{"not_picked":["Weave","Establishment","ThirdEye"],"picked":"SKIP","floor":31},{"not_picked":["DeusExMachina","Blasphemy"],"picked":"Vault","floor":33},{"not_picked":["Worship","PathToVictory","Swivel"],"picked":"SKIP","floor":35}],"player_experience":1005809,"relics_obtained":[{"floor":7,"key":"Eternal Feather"},{"floor":9,"key":"Letter Opener"},{"floor":11,"key":"Ornamental Fan"},{"floor":21,"key":"Pantograph"},{"floor":24,"key":"Meat on the Bone"},{"floor":26,"key":"Potion Belt"}],"event_choices":[{"cards_removed":["Defend_P"],"damage_healed":0,"gold_gain":0,"player_choice":"Offered Basic","damage_taken":0,"max_hp_gain":0,"max_hp_loss":0,"event_name":"Bonfire Elementals","floor":13,"gold_loss":0},{"damage_healed":0,"gold_gain":0,"player_choice":"Paid Fearfully","damage_taken":0,"max_hp_gain":0,"max_hp_loss":0,"event_name":"Masked Bandits","floor":30,"gold_loss":25},{"damage_healed":0,"gold_gain":0,"player_choice":"Memory 1","damage_taken":0,"max_hp_gain":0,"max_hp_loss":0,"event_name":"SensoryStone","floor":36,"gold_loss":0}],"is_beta":false,"boss_relics":[{"not_picked":["Fusion Hammer","Pandora\u0027s Box"],"picked":"VioletLotus"},{"not_picked":["SacredBark","Coffee Dripper"],"picked":"Philosopher\u0027s Stone"}],"items_purged_floors":[5,29],"is_endless":false,"potions_floor_spawned":[2,11,12,16,24,27,33],"killed_by":"3 Darklings","ascension_level":20}}