{"host":"c6u7e77myxvw4d0m","time":1612334547,"event":{"mods":["AchievementEnabler","BaseMod","Bestiary","Colored Map","Colored Powertips","Minty Spire (QoL Compilation)","Rare Cards Sparkle","Relic Stats","everything is the same but u backflip on backflip"],"gold_per_floor":[119,132,143,143,154,154,205,233,259,259,259],"floor_reached":10,"language":"ENG","playtime":449,"items_purged":[],"score":136,"play_id":"5c887947-fa82-4885-93d2-fed51d533a47","local_time":"20210203084227","is_ascension_mode":true,"campfire_choices":[{"data":"Predator","floor":6,"key":"SMITH"}],"circlet_count":0,"master_deck":["AscendersBane","Strike_G","Strike_G","Strike_G","Strike_G","Strike_G","Defend_G","Defend_G","Defend_G","Defend_G","Defend_G","Survivor","Neutralize","Predator+1","Acrobatics","Dagger Spray","Endless Agony","PiercingWail","Doubt"],"relics":["Cursed Key","Smiling Mask","Omamori"],"acts_visited":["Exordium"],"potions_floor_usage":[8,10],"damage_taken":[{"damage":0,"enemies":"Small Slimes","floor":1,"turns":4},{"damage":7,"enemies":"2 Louse","floor":2,"turns":3},{"damage":0,"enemies":"Jaw Worm","floor":3,"turns":3},{"damage":0,"enemies":"2 Fungi Beasts","floor":5,"turns":3},{"damage":10,"enemies":"Lagavulin","floor":8,"turns":5},{"damage":46,"enemies":"Gremlin Nob","floor":10,"turns":4}],"seed_played":"7307074021134895175","potions_obtained":[{"floor":1,"key":"SkillPotion"},{"floor":8,"key":"PowerPotion"}],"is_trial":false,"path_per_floor":["M","M","M","?","M","R","?","E","T","E"],"character_chosen":"THE_SILENT","items_purchased":[],"campfire_rested":0,"item_purchase_floors":[],"current_hp_per_floor":[59,52,52,52,52,52,52,42,42,0,0],"gold":259,"neow_bonus":"BOSS_RELIC","is_daily":false,"chose_seed":false,"campfire_upgraded":1,"win_rate":0.0,"timestamp":1612334547,"path_taken":["M","M","M","?","M","R","?","E","T","E"],"items_purchased_type":[],"build_version":"2020-12-22","purchased_purges":0,"victory":false,"max_hp_per_floor":[66,66,66,66,66,66,66,66,66,66,66],"relic_stats":{"counters":[6,22],"Cursed Key":1,"Smiling Mask":0,"obtain_stats":[{"Omamori":9,"Cursed Key":0,"Smiling Mask":8,"Ring of the Snake":0},{"Omamori":5,"Cursed Key":0,"Smiling Mask":5,"Ring of the Snake":0},{"Omamori":18,"Cursed Key":0,"Smiling Mask":18,"Ring of the Snake":0}]},"card_choices":[{"not_picked":["Tactician","Poisoned Stab"],"picked":"Predator","floor":1},{"not_picked":["Masterful Stab","Underhanded Strike"],"picked":"Acrobatics","floor":2},{"not_picked":["All Out Attack","Masterful Stab"],"picked":"Dagger Spray","floor":3},{"not_picked":["Dodge and Roll","Sucker Punch"],"picked":"Endless Agony","floor":5},{"not_picked":["Grand Finale","Expertise"],"picked":"PiercingWail","floor":8}],"player_experience":629198,"relics_obtained":[{"floor":8,"key":"Smiling Mask"},{"floor":9,"key":"Omamori"}],"event_choices":[{"damage_healed":0,"gold_gain":0,"player_choice":"Ignored","damage_taken":0,"max_hp_gain":0,"max_hp_loss":0,"event_name":"Liars Game","floor":4,"gold_loss":0},{"damage_healed":0,"gold_gain":51,"player_choice":"Gained Gold","damage_taken":0,"max_hp_gain":0,"max_hp_loss":0,"event_name":"Golden Wing","floor":7,"gold_loss":0}],"is_beta":false,"boss_relics":[],"items_purged_floors":[],"is_endless":false,"potions_floor_spawned":[1,8],"killed_by":"Gremlin Nob","ascension_level":20}}