{"host":"gk336il5jfnqajsw","time":1612351325,"event":{"mods":["2.2 Compatiblity","AchievementEnabler","BaseMod","Colored Powertips","Minty Spire (QoL Compilation)","Relic Stats","StSLib"],"gold_per_floor":[110,120,139,139,139,174,174,174,174,199,223,244,244,260,260,386,386,404,427,266,266,266],"floor_reached":21,"language":"ENG","playtime":1172,"items_purged":["Meditate"],"score":181,"play_id":"45597c1d-c5ca-4b05-b033-19e3ef660e53","local_time":"20210203042205","is_ascension_mode":false,"campfire_choices":[{"floor":8,"key":"REST"},{"floor":15,"key":"REST"}],"circlet_count":0,"master_deck":["Eruption","Vigilance","DevaForm+1","Weave","Injury","Brilliance","WreathOfFlame","Meditate","WaveOfTheHand","CarveReality","Conclude","ClearTheMind","InnerPeace","Wireheading","SandsOfTime","SashWhip"],"relics":["PureWater","Golden Idol","Letter Opener","TeardropLocket","Akabeko","Juzu Bracelet","CultistMask","Pandora\u0027s Box"],"acts_visited":["Exordium","TheCity"],"potions_floor_usage":[12,16],"damage_taken":[{"damage":0,"enemies":"2 Louse","floor":1,"turns":4},{"damage":6,"enemies":"Jaw Worm","floor":2,"turns":3},{"damage":5,"enemies":"Small Slimes","floor":3,"turns":3},{"damage":28,"enemies":"Lagavulin","floor":6,"turns":6},{"damage":0,"enemies":"Red Slaver","floor":10,"turns":2},{"damage":5,"enemies":"Exordium Thugs","floor":12,"turns":4},{"damage":13,"enemies":"2 Fungi Beasts","floor":14,"turns":4},{"damage":28,"enemies":"Slime Boss","floor":16,"turns":9},{"damage":10,"enemies":"Chosen","floor":18,"turns":3},{"damage":36,"enemies":"2 Thieves","floor":19,"turns":4},{"damage":0,"enemies":"Centurion and Healer","floor":21,"turns":1}],"seed_played":"-3523056745014083276","potions_obtained":[{"floor":1,"key":"Energy Potion"},{"floor":6,"key":"Fire Potion"},{"floor":14,"key":"DistilledChaos"}],"is_trial":false,"path_per_floor":["M","M","M","?","?","E","?","R","T","M","T","M","?","M","R","B",null,"M","M","$","M"],"character_chosen":"WATCHER","items_purchased":["SandsOfTime","SashWhip"],"campfire_rested":2,"item_purchase_floors":[20,20],"current_hp_per_floor":[72,66,61,61,47,19,12,33,33,33,33,28,28,15,36,8,72,62,26,26,26,26],"gold":266,"neow_bonus":"ONE_RANDOM_RARE_CARD","is_daily":false,"chose_seed":false,"campfire_upgraded":0,"win_rate":0.0,"timestamp":1612351325,"path_taken":["M","M","M","?","?","E","?","R","T","M","?","M","?","M","R","BOSS","M","M","$","M"],"items_purchased_type":["Card","Card"],"build_version":"2020-12-22","purchased_purges":1,"victory":false,"max_hp_per_floor":[72,72,72,72,72,72,72,72,72,72,72,72,72,72,72,72,72,72,72,72,72,72],"relic_stats":{"counters":[11,43],"Golden Idol":53,"Pandora\u0027s Box":["WreathOfFlame","Meditate","WaveOfTheHand","CarveReality","Conclude","ClearTheMind","Meditate","InnerPeace"],"Juzu Bracelet":0,"Letter Opener":[20],"obtain_stats":[{"Golden Idol":4,"Pandora\u0027s Box":17,"CultistMask":13,"Juzu Bracelet":11,"Letter Opener":6,"TeardropLocket":7,"PureWater":0,"Akabeko":9},{"Golden Idol":3,"Pandora\u0027s Box":8,"CultistMask":6,"Juzu Bracelet":5,"Letter Opener":4,"TeardropLocket":4,"PureWater":0,"Akabeko":4},{"Golden Idol":10,"Pandora\u0027s Box":35,"CultistMask":22,"Juzu Bracelet":18,"Letter Opener":16,"TeardropLocket":16,"PureWater":0,"Akabeko":16}]},"card_choices":[{"not_picked":["Swivel","ThirdEye","Tantrum"],"picked":"SKIP","floor":1},{"not_picked":["PathToVictory","FlyingSleeves"],"picked":"Weave","floor":2},{"not_picked":["Protect","Halt","CrushJoints"],"picked":"SKIP","floor":3},{"not_picked":["BowlingBash","ThirdEye","EmptyBody"],"picked":"SKIP","floor":6},{"not_picked":["FearNoEvil","Study","ClearTheMind"],"picked":"SKIP","floor":10},{"not_picked":["EmptyFist","FlyingSleeves","Pray"],"picked":"SKIP","floor":12},{"not_picked":["Study","Prostrate","WreathOfFlame"],"picked":"SKIP","floor":14},{"not_picked":["Vault","Devotion"],"picked":"Brilliance","floor":16},{"not_picked":["Protect+1","SashWhip"],"picked":"Wireheading","floor":18},{"not_picked":["SignatureMove","Halt","Prostrate"],"picked":"SKIP","floor":19}],"player_experience":569076,"relics_obtained":[{"floor":6,"key":"Letter Opener"},{"floor":9,"key":"Akabeko"},{"floor":11,"key":"Juzu Bracelet"}],"event_choices":[{"damage_healed":0,"gold_gain":0,"player_choice":"Take Wound","damage_taken":0,"relics_obtained":["Golden Idol"],"max_hp_gain":0,"max_hp_loss":0,"event_name":"Golden Idol","floor":4,"gold_loss":0,"cards_obtained":["Injury"]},{"damage_healed":0,"gold_gain":0,"player_choice":"Entered Light","damage_taken":14,"max_hp_gain":0,"max_hp_loss":0,"event_name":"Shining Light","floor":5,"gold_loss":0,"cards_upgraded":["Defend_P","DevaForm"]},{"damage_healed":0,"gold_gain":0,"player_choice":"Success","damage_taken":7,"relics_obtained":["TeardropLocket"],"max_hp_gain":0,"max_hp_loss":0,"event_name":"Scrap Ooze","floor":7,"gold_loss":0},{"damage_healed":0,"gold_gain":0,"player_choice":"Trade","damage_taken":0,"relics_obtained":["CultistMask"],"max_hp_gain":0,"max_hp_loss":0,"event_name":"FaceTrader","floor":13,"gold_loss":0}],"is_beta":false,"boss_relics":[{"not_picked":["Philosopher\u0027s Stone","Tiny House"],"picked":"Pandora\u0027s Box"}],"items_purged_floors":[20],"is_endless":false,"potions_floor_spawned":[1,6,14],"killed_by":"Centurion and Healer","ascension_level":0}}