{"host":"c5nmr31n6e3biqyd","time":1612364272,"event":{"mods":["AchievementEnabler","BaseMod","Minty Spire (QoL Compilation)"],"gold_per_floor":[113,132,41,55,65,65,76,76,76,76,91,104,122,87,87,185,185,171,171,184,37,0,0,0,0,0,0,11,24,37,37,37,132,132,142,67,0,0,10,10,23,23,23,23,43,59,59,59,59,59],"floor_reached":51,"language":"KOR","playtime":2868,"items_purged":["Zap"],"score":791,"play_id":"afd95a63-ac68-494b-a32e-048ca4653393","local_time":"20210203235752","is_ascension_mode":true,"campfire_choices":[{"data":"Defragment","floor":6,"key":"SMITH"},{"floor":8,"key":"REST"},{"floor":15,"key":"REST"},{"data":"Dualcast","floor":23,"key":"SMITH"},{"data":"Redo","floor":27,"key":"SMITH"},{"data":"Loop","floor":32,"key":"SMITH"},{"data":"Buffer","floor":40,"key":"SMITH"},{"floor":42,"key":"REST"},{"data":"Blizzard","floor":44,"key":"SMITH"},{"data":"Metamorphosis","floor":49,"key":"SMITH"}],"circlet_count":0,"master_deck":["Defend_B","Defend_B","Defend_B","Defend_B","Dualcast+1","Capacitor","Cold Snap","Defragment+1","Doom and Gloom","Self Repair","Redo+1","Coolheaded","Blizzard+1","Multi-Cast","Glacier","Bite","Bite","Bite","Bite","Bite","Loop+1","Buffer+1","Blizzard","BootSequence+1","Parasite","Metamorphosis+1"],"relics":["Cracked Core","Oddly Smooth Stone","Mercury Hourglass","Inserter","Strange Spoon","Pear","Black Star","Red Mask","MealTicket","Anchor"],"acts_visited":["Exordium","TheCity","TheBeyond"],"potions_floor_usage":[4,13,16,16,16,18,33,47,50,50],"damage_taken":[{"damage":0,"enemies":"Cultist","floor":1,"turns":4},{"damage":4,"enemies":"Small Slimes","floor":2,"turns":3},{"damage":0,"enemies":"Jaw Worm","floor":4,"turns":4},{"damage":33,"enemies":"3 Louse","floor":5,"turns":4},{"damage":14,"enemies":"Large Slime","floor":7,"turns":5},{"damage":41,"enemies":"Exordium Thugs","floor":11,"turns":4},{"damage":5,"enemies":"Blue Slaver","floor":12,"turns":3},{"damage":5,"enemies":"Large Slime","floor":13,"turns":4},{"damage":52,"enemies":"Hexaghost","floor":16,"turns":11},{"damage":28,"enemies":"2 Thieves","floor":18,"turns":4},{"damage":7,"enemies":"Spheric Guardian","floor":20,"turns":8},{"damage":18,"enemies":"Centurion and Healer","floor":28,"turns":16},{"damage":42,"enemies":"Snake Plant","floor":29,"turns":7},{"damage":32,"enemies":"Snecko","floor":30,"turns":9},{"damage":60,"enemies":"Champ","floor":33,"turns":21},{"damage":29,"enemies":"3 Shapes","floor":35,"turns":5},{"damage":33,"enemies":"3 Darklings","floor":39,"turns":31},{"damage":42,"enemies":"4 Shapes","floor":41,"turns":4},{"damage":61,"enemies":"Spire Growth","floor":45,"turns":13},{"damage":20,"enemies":"Writhing Mass","floor":46,"turns":24},{"damage":0,"enemies":"Sphere and 2 Shapes","floor":47,"turns":1},{"damage":57,"enemies":"Time Eater","floor":50,"turns":26}],"seed_played":"-8249566183217664354","potions_obtained":[{"floor":1,"key":"ColorlessPotion"},{"floor":2,"key":"SteroidPotion"},{"floor":7,"key":"EssenceOfSteel"},{"floor":13,"key":"SneckoOil"},{"floor":16,"key":"Block Potion"},{"floor":20,"key":"SteroidPotion"},{"floor":30,"key":"Dexterity Potion"},{"floor":33,"key":"FocusPotion"},{"floor":41,"key":"FearPotion"},{"floor":45,"key":"SmokeBomb"}],"is_trial":false,"path_per_floor":["M","M","$","M","M","R","M","R","T","?","M","M","M","?","R","B",null,"M","?","M","$","?","R","?","?","T","R","M","M","M","$","R","B",null,"M","$","?","?","M","R","M","R","T","R","M","M","M","?","R","B",null],"character_chosen":"DEFECT","items_purchased":["Defragment","Fire Potion","Strange Spoon"],"campfire_rested":3,"item_purchase_floors":[3,3,21],"current_hp_per_floor":[75,71,71,71,38,38,24,46,46,71,37,39,41,59,75,30,64,43,43,52,52,52,52,44,44,54,54,67,44,31,31,31,12,53,37,37,37,37,67,67,29,49,49,49,23,58,58,58,58,24],"gold":59,"neow_bonus":"RANDOM_COMMON_RELIC","is_daily":false,"chose_seed":false,"campfire_upgraded":7,"win_rate":0.0,"timestamp":1612364272,"path_taken":["M","?","$","M","M","R","M","R","T","?","M","M","M","?","R","BOSS","M","?","M","$","?","R","?","?","T","R","?","M","M","$","R","BOSS","M","$","?","?","M","R","?","R","T","R","M","M","M","?","R","BOSS"],"items_purchased_type":["Card","Potion","Relic"],"build_version":"2020-12-22","purchased_purges":1,"victory":true,"max_hp_per_floor":[75,75,75,75,75,75,75,75,75,75,75,75,75,75,75,75,75,75,52,52,52,52,52,57,57,67,67,67,67,67,67,67,67,67,67,67,67,67,67,67,67,67,67,67,67,67,67,67,67,67],"card_choices":[{"not_picked":["Beam Cell","Barrage"],"picked":"Capacitor","floor":1},{"not_picked":["Undo","Go for the Eyes"],"picked":"Cold Snap","floor":2},{"not_picked":["Rebound","Hologram","Redo"],"picked":"SKIP","floor":4},{"not_picked":["Streamline","Storm"],"picked":"Doom and Gloom","floor":5},{"not_picked":["Steam","Sweeping Beam"],"picked":"Self Repair","floor":7},{"not_picked":["Static Discharge","Turbo"],"picked":"Redo","floor":11},{"not_picked":["Compile Driver","Hologram"],"picked":"Coolheaded","floor":12},{"not_picked":["Core Surge","Genetic Algorithm"],"picked":"Blizzard","floor":13},{"not_picked":["Hyperbeam","Fission"],"picked":"Multi-Cast","floor":16},{"not_picked":["Storm","Streamline"],"picked":"Glacier","floor":18},{"not_picked":["Melter+1","Turbo","Storm+1"],"picked":"SKIP","floor":20},{"not_picked":["Double Energy+1","Leap+1","Hyperbeam"],"picked":"SKIP","floor":28},{"not_picked":["Static Discharge","Beam Cell","Leap"],"picked":"SKIP","floor":29},{"not_picked":["Chill","Beam Cell"],"picked":"Loop","floor":30},{"not_picked":["Fission","Rainbow"],"picked":"Buffer","floor":33},{"not_picked":["Scrape+1","Steam+1","Compile Driver+1"],"picked":"SKIP","floor":35},{"not_picked":["Conserve Battery+1","Leap","Sweeping Beam+1"],"picked":"SKIP","floor":39},{"not_picked":["Fusion","Reprogram+1"],"picked":"Blizzard","floor":41},{"not_picked":["Rebound+1","Turbo+1"],"picked":"BootSequence+1","floor":45},{"not_picked":["Fusion","Chaos+1","Conserve Battery"],"picked":"SKIP","floor":46},{"not_picked":["Finesse","Deep Breath"],"picked":"Metamorphosis","floor":48}],"player_experience":185766,"relics_obtained":[{"floor":9,"key":"Mercury Hourglass"},{"floor":26,"key":"Pear"},{"floor":38,"key":"MealTicket"},{"floor":43,"key":"Anchor"}],"event_choices":[{"damage_healed":25,"gold_gain":0,"player_choice":"Banana","damage_taken":0,"max_hp_gain":0,"max_hp_loss":0,"event_name":"Big Fish","floor":10,"gold_loss":0},{"damage_healed":18,"gold_gain":0,"player_choice":"Healed","damage_taken":0,"max_hp_gain":0,"max_hp_loss":0,"event_name":"The Cleric","floor":14,"gold_loss":35},{"damage_healed":0,"gold_gain":0,"player_choice":"Became a vampire","damage_taken":0,"max_hp_gain":0,"max_hp_loss":23,"event_name":"Vampires","floor":19,"gold_loss":0,"cards_obtained":["Bite","Bite","Bite","Bite","Bite"]},{"damage_healed":0,"gold_gain":0,"player_choice":"Paid Fearfully","damage_taken":0,"max_hp_gain":0,"max_hp_loss":0,"event_name":"Masked Bandits","floor":22,"gold_loss":37},{"damage_healed":0,"gold_gain":0,"player_choice":"Shed Blood","damage_taken":13,"max_hp_gain":5,"max_hp_loss":0,"event_name":"Forgotten Altar","floor":24,"gold_loss":0},{"damage_healed":0,"gold_gain":0,"player_choice":"Ignored","damage_taken":0,"max_hp_gain":0,"max_hp_loss":0,"event_name":"Ghosts","floor":25,"gold_loss":0},{"damage_healed":0,"gold_gain":0,"player_choice":"Paid","damage_taken":0,"relics_obtained":["Red Mask"],"max_hp_gain":0,"max_hp_loss":0,"event_name":"Tomb of Lord Red Mask","floor":37,"gold_loss":67},{"damage_healed":0,"gold_gain":0,"player_choice":"Relic","damage_taken":0,"max_hp_gain":0,"max_hp_loss":0,"event_name":"Wheel of Change","floor":38,"gold_loss":0},{"damage_healed":0,"gold_gain":0,"player_choice":"Memory 1","damage_taken":0,"max_hp_gain":0,"max_hp_loss":0,"event_name":"SensoryStone","floor":48,"gold_loss":0}],"is_beta":false,"boss_relics":[{"not_picked":["Nuclear Battery","Pandora\u0027s Box"],"picked":"Inserter"},{"not_picked":["Velvet Choker","Runic Dome"],"picked":"Black Star"}],"items_purged_floors":[36],"is_endless":false,"potions_floor_spawned":[1,2,7,12,13,16,20,30,33,41,45,47],"ascension_level":5}}