{"host":"vumwfieg2b2mnrfl","time":1612390539,"event":{"mods":["AchievementEnabler","BaseMod","Minty Spire (QoL Compilation)","Rare Cards Sparkle","Relic Stats"],"gold_per_floor":[113,131,131,131,143,143,177,142,142,176,191,204,238,256,256,353,353,368,386,311,311,326,360,360,387,387,398,398,429,429,1,1,105,105,123,137,149,149,149,149],"floor_reached":39,"language":"ENG","playtime":1393,"items_purged":["Defend_P","Defend_P"],"score":680,"play_id":"c451e829-87d2-42ca-8dc2-38a40f880b4c","local_time":"20210203161539","is_ascension_mode":true,"campfire_choices":[{"data":"Eruption","floor":6.0,"key":"SMITH"},{"data":"Evaluate","floor":15,"key":"SMITH"},{"floor":24,"key":"REST"},{"floor":28,"key":"REST"},{"floor":30,"key":"REST"},{"floor":32,"key":"REST"}],"circlet_count":0,"master_deck":["Strike_P","Strike_P","Strike_P","Defend_P+1","Defend_P+1","Eruption+1","Vigilance","Vengeance+1","EmptyFist","JustLucky","Evaluate+1","FlurryOfBlows","Judgement","MentalFortress","FlyingSleeves","Halt","Ragnarok","Tantrum+1","Necronomicurse","MentalFortress+1","Consecrate+1","Meditate","LikeWater","LessonLearned","ReachHeaven+1"],"relics":["PureWater","NeowsBlessing","Gremlin Horn","Pen Nib","Ornamental Fan","InkBottle","Fusion Hammer","Necronomicon","Darkstone Periapt","Blood Vial","Blue Candle","Art of War","TeardropLocket","Sozu"],"acts_visited":["Exordium","TheCity","TheBeyond"],"potions_floor_usage":[14,16,16,29,39,39],"damage_taken":[{"damage":0.0,"enemies":"Cultist","floor":1.0,"turns":1.0},{"damage":0.0,"enemies":"Jaw Worm","floor":2.0,"turns":1.0},{"damage":0.0,"enemies":"Small Slimes","floor":5.0,"turns":1.0},{"damage":13.0,"enemies":"3 Sentries","floor":7.0,"turns":7.0},{"damage":6.0,"enemies":"Gremlin Nob","floor":10.0,"turns":3.0},{"damage":9.0,"enemies":"2 Fungi Beasts","floor":11.0,"turns":3.0},{"damage":0.0,"enemies":"3 Louse","floor":12.0,"turns":3.0},{"damage":12,"enemies":"3 Sentries","floor":13,"turns":4},{"damage":0,"enemies":"Exordium Thugs","floor":14,"turns":2},{"damage":26,"enemies":"The Guardian","floor":16,"turns":12},{"damage":1,"enemies":"Spheric Guardian","floor":18,"turns":3},{"damage":11,"enemies":"Shell Parasite","floor":19,"turns":3},{"damage":0,"enemies":"Sentry and Sphere","floor":22,"turns":2},{"damage":12,"enemies":"Book of Stabbing","floor":23,"turns":3},{"damage":0,"enemies":"Gremlin Leader","floor":25,"turns":2},{"damage":6,"enemies":"Chosen and Byrds","floor":27,"turns":3},{"damage":7,"enemies":"Book of Stabbing","floor":29,"turns":3},{"damage":55,"enemies":"Automaton","floor":33,"turns":8},{"damage":44,"enemies":"Orb Walker","floor":35,"turns":7},{"damage":0,"enemies":"3 Darklings","floor":36,"turns":3},{"damage":0,"enemies":"Sphere and 2 Shapes","floor":37,"turns":3},{"damage":38,"enemies":"Transient","floor":39,"turns":2}],"seed_played":"7591065726831609666","potions_obtained":[{"floor":2.0,"key":"Dexterity Potion"},{"floor":11.0,"key":"Energy Potion"},{"floor":12,"key":"Explosive Potion"},{"floor":16,"key":"PowerPotion"},{"floor":22,"key":"BlessingOfTheForge"},{"floor":23,"key":"FearPotion"},{"floor":33,"key":"Explosive Potion"}],"is_trial":false,"path_per_floor":["M","M","?","?","M","R","E","?","T","E","M","M","E","M","R","B",null,"M","M","$","?","M","E","R","E","T","M","R","E","R","$","R","B",null,"M","M","M","?","M"],"character_chosen":"WATCHER","items_purchased":["LikeWater","TeardropLocket"],"campfire_rested":4,"item_purchase_floors":[31,31],"current_hp_per_floor":[65,65,51,51,51,51,38,56,56,50,41,41,29,29,29,3,55,54,43,43,27,27,15,36,36,36,32,53,48,69,69,72,17,58,16,18,20,20,0,0],"gold":149,"neow_bonus":"THREE_ENEMY_KILL","is_daily":false,"chose_seed":false,"campfire_upgraded":2,"win_rate":0.0,"timestamp":1612390539,"path_taken":["M","?","?","?","M","R","E","?","T","E","M","M","E","M","R","BOSS","M","M","$","?","M","E","R","E","T","M","R","E","R","$","R","BOSS","M","M","M","?","M"],"items_purchased_type":["Card","Relic"],"build_version":"2020-12-22","purchased_purges":2,"victory":false,"max_hp_per_floor":[72,72,72,72,72,72,72,72,72,72,72,72,72,72,72,72,72,72,72,72,72,72,72,72,72,72,72,72,72,72,72,72,72,72,72,72,72,72,72,72],"relic_stats":{"Darkstone Periapt":0,"Blood Vial":12,"Sozu":1,"Gremlin Horn":[17,17],"counters":[22,79],"Ornamental Fan":[104],"Blue Candle":[0],"Pen Nib":[14],"Necronomicon":[14],"Art of War":[2],"obtain_stats":[{"Darkstone Periapt":23,"NeowsBlessing":0,"Gremlin Horn":7,"Blue Candle":26,"Pen Nib":9,"TeardropLocket":31,"Blood Vial":25,"Sozu":34,"Ornamental Fan":10,"Fusion Hammer":17,"Necronomicon":21,"Art of War":29,"PureWater":0,"InkBottle":13},{"Darkstone Periapt":14,"NeowsBlessing":0,"Gremlin Horn":4,"Blue Candle":15,"Pen Nib":4,"TeardropLocket":17,"Blood Vial":15,"Sozu":18,"Ornamental Fan":5,"Fusion Hammer":10,"Necronomicon":12,"Art of War":17,"PureWater":0,"InkBottle":8},{"Darkstone Periapt":48,"NeowsBlessing":0,"Gremlin Horn":10,"Blue Candle":50,"Pen Nib":10,"TeardropLocket":56,"Blood Vial":50,"Sozu":64,"Ornamental Fan":13,"Fusion Hammer":37,"Necronomicon":43,"Art of War":56,"PureWater":0,"InkBottle":23}],"InkBottle":[23]},"card_choices":[{"not_picked":["ThirdEye","SignatureMove"],"picked":"Vengeance","floor":1.0},{"not_picked":["SandsOfTime","Worship"],"picked":"EmptyFist","floor":2.0},{"not_picked":["CutThroughFate","FlyingSleeves"],"picked":"Evaluate","floor":5.0},{"not_picked":["ClearTheMind","PathToVictory"],"picked":"FlurryOfBlows","floor":7.0},{"not_picked":["WindmillStrike","Crescendo"],"picked":"Judgement","floor":10.0},{"not_picked":["CrushJoints","FollowUp"],"picked":"MentalFortress","floor":11.0},{"not_picked":["Study","Swivel"],"picked":"FlyingSleeves","floor":12},{"not_picked":["Prostrate","Blasphemy","Nirvana"],"picked":"SKIP","floor":13},{"not_picked":["ThirdEye","Protect"],"picked":"Halt","floor":14},{"not_picked":["Omniscience","Alpha"],"picked":"Ragnarok","floor":16},{"not_picked":["Evaluate","BowlingBash","Prostrate+1"],"picked":"SKIP","floor":18},{"not_picked":["EmptyFist","Study"],"picked":"Tantrum","floor":19},{"not_picked":["Prostrate","CrushJoints"],"picked":"MentalFortress","floor":22},{"not_picked":["CutThroughFate","Fasting2"],"picked":"Consecrate+1","floor":23},{"not_picked":["BowlingBash","Weave","PathToVictory+1"],"picked":"SKIP","floor":25},{"not_picked":["Halt","Crescendo","Worship+1"],"picked":"SKIP","floor":27},{"not_picked":["Conclude+1","Devotion"],"picked":"Meditate","floor":29},{"not_picked":["Establishment","Devotion"],"picked":"LessonLearned","floor":33},{"not_picked":["Consecrate+1","Sanctity+1"],"picked":"ReachHeaven+1","floor":35},{"not_picked":["Consecrate","FlurryOfBlows","Evaluate"],"picked":"SKIP","floor":36},{"not_picked":["SashWhip","Wireheading","Protect"],"picked":"SKIP","floor":37}],"player_experience":518072,"relics_obtained":[{"floor":7.0,"key":"Gremlin Horn"},{"floor":9.0,"key":"Pen Nib"},{"floor":10.0,"key":"Ornamental Fan"},{"floor":13,"key":"InkBottle"},{"floor":21,"key":"Necronomicon"},{"floor":23,"key":"Darkstone Periapt"},{"floor":25,"key":"Blood Vial"},{"floor":26,"key":"Blue Candle"},{"floor":29,"key":"Art of War"}],"event_choices":[{"damage_healed":0.0,"max_hp_gain":0.0,"max_hp_loss":0.0,"gold_gain":0.0,"event_name":"Shining Light","player_choice":"Entered Light","floor":3.0,"gold_loss":0.0,"damage_taken":14.0,"cards_upgraded":["Defend_P","Defend_P"]},{"damage_healed":0.0,"max_hp_gain":0.0,"max_hp_loss":0.0,"gold_gain":0.0,"cards_transformed":["Strike_P"],"event_name":"Living Wall","player_choice":"Change","floor":4.0,"gold_loss":0.0,"damage_taken":0.0,"cards_obtained":["JustLucky"]},{"damage_healed":18.0,"max_hp_gain":0.0,"max_hp_loss":0.0,"gold_gain":0.0,"event_name":"The Cleric","player_choice":"Healed","floor":8.0,"gold_loss":35.0,"damage_taken":0.0},{"damage_healed":0,"gold_gain":0,"player_choice":"Obtained Book","damage_taken":16,"max_hp_gain":0,"max_hp_loss":0,"event_name":"Cursed Tome","floor":21,"gold_loss":0},{"damage_healed":0,"gold_gain":0,"player_choice":"Ignored","damage_taken":0,"max_hp_gain":0,"max_hp_loss":0,"event_name":"Tomb of Lord Red Mask","floor":38,"gold_loss":0}],"is_beta":false,"boss_relics":[{"not_picked":["Calling Bell","Ectoplasm"],"picked":"Fusion Hammer"},{"not_picked":["Busted Crown","Coffee Dripper"],"picked":"Sozu"}],"items_purged_floors":[20,31],"is_endless":false,"potions_floor_spawned":[2,11,12,13,16,22,23,25,33,37],"killed_by":"Transient","ascension_level":8}}