{"host":"eebsr5bfap1y39p2","time":1612324115,"event":{"mods":["AchievementEnabler","BaseMod","Colored Map","Minty Spire (QoL Compilation)","StSLib","SuperFastMode"],"gold_per_floor":[116,41,41,51,61,61,94,110,178,196,96,96,116,136,136,136,136],"floor_reached":16,"language":"KOR","playtime":280,"items_purged":["Defend_P","Strike_P"],"score":146,"play_id":"064b8f51-8fc0-463d-bad3-191f390c2b6c","local_time":"20210202224835","is_ascension_mode":true,"campfire_choices":[{"data":"Eruption","floor":6.0,"key":"SMITH"},{"floor":15,"key":"REST"}],"circlet_count":0,"master_deck":["Strike_P","Strike_P","Strike_P","Defend_P","Defend_P","Defend_P","Eruption+1","Vigilance","ClearTheMind","Adaptation"],"relics":["PureWater","NeowsBlessing","Lizard Tail","Matryoshka","Boot"],"acts_visited":["Exordium"],"potions_floor_usage":[14],"damage_taken":[{"damage":0.0,"enemies":"Small Slimes","floor":1.0,"turns":1.0},{"damage":0.0,"enemies":"Cultist","floor":4.0,"turns":1.0},{"damage":0.0,"enemies":"2 Louse","floor":5.0,"turns":1.0},{"damage":38.0,"enemies":"Lagavulin","floor":7.0,"turns":7.0},{"damage":8.0,"enemies":"Exordium Wildlife","floor":8.0,"turns":3.0},{"damage":0.0,"enemies":"Large Slime","floor":10.0,"turns":4.0},{"damage":10.0,"enemies":"Gremlin Gang","floor":13.0,"turns":5.0},{"damage":0,"enemies":"Looter","floor":14,"turns":1},{"damage":76,"enemies":"Hexaghost","floor":16,"turns":7}],"seed_played":"4955732169915351052","potions_obtained":[{"floor":1.0,"key":"FearPotion"},{"floor":4.0,"key":"Energy Potion"},{"floor":10.0,"key":"Explosive Potion"}],"is_trial":false,"path_per_floor":["M","$","?","M","M","R","E","M","T","M","$","?","M","M","R","B"],"character_chosen":"WATCHER","items_purchased":[],"campfire_rested":1,"item_purchase_floors":[],"current_hp_per_floor":[65,65,65,65,65,65,27,19,19,19,19,16,6,6,27,0,0],"gold":136,"neow_bonus":"THREE_ENEMY_KILL","is_daily":false,"chose_seed":false,"campfire_upgraded":1,"win_rate":0.0,"timestamp":1612324115,"path_taken":["M","$","?","M","?","R","E","M","T","M","?","?","M","M","R","BOSS"],"items_purchased_type":[],"build_version":"2020-12-22","purchased_purges":2,"victory":false,"max_hp_per_floor":[72,72,72,72,72,72,72,72,72,72,72,72,72,72,72,72,72],"card_choices":[{"not_picked":["ReachHeaven","Evaluate"],"picked":"ClearTheMind","floor":1.0},{"not_picked":["WaveOfTheHand","ClearTheMind","FollowUp"],"picked":"SKIP","floor":4.0},{"not_picked":["Evaluate","Swivel","EmptyFist"],"picked":"SKIP","floor":5.0},{"not_picked":["Vault","Study"],"picked":"Adaptation","floor":7.0},{"not_picked":["Consecrate","Protect","Worship"],"picked":"SKIP","floor":8.0},{"not_picked":["PathToVictory","CarveReality","Evaluate"],"picked":"SKIP","floor":10.0},{"not_picked":["CutThroughFate","SignatureMove","Wallop"],"picked":"SKIP","floor":13.0},{"not_picked":["Swivel","Study","Protect"],"picked":"SKIP","floor":14}],"player_experience":395493,"relics_obtained":[{"floor":7.0,"key":"Lizard Tail"},{"floor":9.0,"key":"Matryoshka"}],"event_choices":[{"damage_healed":0.0,"max_hp_gain":0.0,"max_hp_loss":0.0,"gold_gain":0.0,"event_name":"Match and Keep!","player_choice":"0 cards matched","floor":3.0,"gold_loss":0.0,"damage_taken":0.0,"cards_obtained":[]},{"damage_healed":0.0,"max_hp_gain":0.0,"max_hp_loss":0.0,"gold_gain":0.0,"event_name":"Scrap Ooze","player_choice":"Success","floor":12.0,"gold_loss":0.0,"damage_taken":3.0,"relics_obtained":["Boot"]}],"is_beta":false,"boss_relics":[],"items_purged_floors":[2,11],"is_endless":false,"potions_floor_spawned":[1,4,10,13],"killed_by":"Hexaghost","ascension_level":8}}