{"host":"gfmw02tnhhvp9jba","time":1612374816,"event":{"mods":["AchievementEnabler","BaseMod","Colored Map","Conspire","Downfall","Highlight Path","Minty Spire (QoL Compilation)","Replay The Spire","StSLib"],"gold_per_floor":[99,99,99,109,43,54,54,64,91,111,121,139,166,205,217,264,302,417,429,441,478,516,528,528,528],"floor_reached":23,"language":"ENG","playtime":1460,"items_purged":[],"score":195,"play_id":"f16993f5-505a-412f-a685-83a56feac61f","local_time":"20210203185336","is_ascension_mode":false,"campfire_choices":[{"data":"hexamod:Sear","floor":3.0,"key":"SMITH"},{"floor":15.0,"key":"REST"},{"floor":20,"key":"RECALL"}],"circlet_count":0,"master_deck":["hexamod:Strike","hexamod:Strike","hexamod:Strike+1","hexamod:Strike+1","hexamod:Defend","hexamod:Defend+1","hexamod:Defend+1","hexamod:Defend+1","hexamod:Sear+1","hexamod:Float+1","hexamod:HauntingEcho+1","hexamod:SixthSeal","hexamod:BurningTouch","hexamod:HeatCrush+1","hexamod:BurningTouch","hexamod:Firestarter+1","hexamod:ThermalTransfer","hexamod:Firestarter","hexamod:SecondSeal","hexamod:GhostflameBarrier","hexamod:EtherealExpedition+1","hexamod:HexaLevel","hexamod:GhostShield+1","hexamod:PhantomCloak"],"relics":["hexamod:SpiritBrand","Akabeko","MawBank","Lantern","Cursed Key"],"acts_visited":["Exordium","TheCity"],"potions_floor_usage":[18],"damage_taken":[{"damage":0.0,"enemies":"conspire:RoseBush","floor":4.0,"turns":3.0},{"damage":0.0,"enemies":"downfall:FleeingMerchant","floor":5.0,"turns":4.0},{"damage":0.0,"enemies":"Cultist","floor":6.0,"turns":4.0},{"damage":0.0,"enemies":"Small Slimes","floor":8.0,"turns":4.0},{"damage":0.0,"enemies":"Large Slime","floor":10.0,"turns":2.0},{"damage":13.0,"enemies":"Exordium Thugs","floor":11.0,"turns":6.0},{"damage":8.0,"enemies":"Gremlin Gang","floor":12.0,"turns":5.0},{"damage":25.0,"enemies":"conspire:MimicChest","floor":13.0,"turns":5.0},{"damage":13.0,"enemies":"Red Slaver","floor":14.0,"turns":3.0},{"damage":23.0,"enemies":"3 Sentries","floor":16.0,"turns":8.0},{"damage":2.0,"enemies":"Exordium Thugs","floor":17.0,"turns":4.0},{"damage":46,"enemies":"WA_ARCHETYPE_RETAIN","floor":18,"turns":7},{"damage":11,"enemies":"Spheric Guardian","floor":21,"turns":4},{"damage":55,"enemies":"Centurion and Healer","floor":22,"turns":10},{"damage":14,"enemies":"Cultist and Chosen","floor":23,"turns":5}],"seed_played":"-4907242795183745377","potions_obtained":[{"floor":6.0,"key":"Fire Potion"},{"floor":10.0,"key":"Fire Potion"},{"floor":11.0,"key":"PowerPotion"},{"floor":12.0,"key":"Venom Potion"},{"floor":16.0,"key":"Milkshake"},{"floor":21,"key":"sneckomod:MuddlingPotion"}],"is_trial":false,"path_per_floor":["R_BF","PTL","R","M","$","M","?","M","T","M","M","M","?","M","R","E","M","B",null,"R_BF","M","M","M"],"character_chosen":"THE_SPIRIT","items_purchased":["hexamod:BurningTouch"],"campfire_rested":1,"item_purchase_floors":[5],"current_hp_per_floor":[77,77,77,77,77,77,77,77,77,77,64,56,31,18,41,18,16,14,77,77,66,11,0,0,0],"gold":528,"neow_bonus":"TEN_PERCENT_HP_BONUS","is_daily":false,"chose_seed":false,"campfire_upgraded":1,"win_rate":0.0,"timestamp":1612374816,"path_taken":["R_BF","PTL","R","M","$","M","?","M","T","?","M","M","?","M","R","E","M","BOSS","R_BF","M","M","M"],"items_purchased_type":["Card"],"build_version":"2020-12-22","purchased_purges":0,"victory":false,"max_hp_per_floor":[77,77,77,77,77,77,77,77,77,77,77,77,77,77,77,77,77,77,77,77,77,77,77,77,77],"card_choices":[{"not_picked":["hexamod:GhostLash","hexamod:NecessarySacrifice"],"picked":"hexamod:HauntingEcho","floor":4.0},{"not_picked":["hexamod:BurningTouch","hexamod:NightmareStrike"],"picked":"hexamod:SixthSeal","floor":5.0},{"not_picked":["hexamod:SpectersWail","hexamod:Hexaguard"],"picked":"hexamod:HeatCrush","floor":6.0},{"not_picked":["hexamod:InspiringFlames","hexamod:RecurringNightmare"],"picked":"hexamod:Firestarter","floor":8.0},{"not_picked":["hexamod:Firestarter","hexamod:HexaLevel"],"picked":"hexamod:ThermalTransfer","floor":10.0},{"not_picked":["hexamod:GhostShield","hexamod:AdvancingGuard","hexamod:HauntingEcho"],"picked":"SKIP","floor":11.0},{"not_picked":["hexamod:ChargedBarrage","hexamod:GhostShield"],"picked":"hexamod:Firestarter","floor":12.0},{"not_picked":["hexamod:Incineration","hexamod:NightmareGuise"],"picked":"hexamod:SecondSeal","floor":13.0},{"not_picked":["hexamod:NightmareGuise","hexamod:NightmareStrike","hexamod:GhostShield"],"picked":"SKIP","floor":14.0},{"not_picked":["hexamod:ForkedFlame","hexamod:GhostOfSpirePast"],"picked":"hexamod:GhostflameBarrier","floor":16.0},{"not_picked":["hexamod:InspiringFlames","hexamod:GhostShield"],"picked":"hexamod:EtherealExpedition","floor":17.0},{"not_picked":["hexamod:UnleashSpirits","hexamod:TimeWarp"],"picked":"hexamod:HexaLevel","floor":18},{"not_picked":["hexamod:NightmareStrike","hexamod:GhostLash"],"picked":"hexamod:GhostShield+1","floor":21},{"not_picked":["hexamod:GhostOfSpirePast","hexamod:GhostShield+1"],"picked":"hexamod:PhantomCloak","floor":22}],"player_experience":114848,"relics_obtained":[{"floor":9.0,"key":"Akabeko"},{"floor":13.0,"key":"MawBank"},{"floor":16.0,"key":"Lantern"}],"event_choices":[],"is_beta":false,"boss_relics":[{"not_picked":["SacredBark","Black Star"],"picked":"Cursed Key"}],"items_purged_floors":[],"is_endless":false,"potions_floor_spawned":[6,10,11,12,16,21],"killed_by":"Cultist and Chosen","ascension_level":0}}