{"host":"ttx8tv95o5vka1nm","time":1612337677,"event":{"mods":["AchievementEnabler","BaseMod","Colored Map","Downfall","Infinite Spire","Minty Spire (QoL Compilation)","Relic Filter Mod","Replay The Spire","Shop Mod","StSLib","The Jungle"],"gold_per_floor":[99,115,133,150,176,193,219,238,238,267,60,76,102,113,132,132,132,132],"floor_reached":16,"language":"ENG","playtime":1352,"items_purged":["bronze:Strike"],"score":116,"play_id":"cf1bf1e0-773b-4ef0-af89-f16ed1a4e65f","local_time":"20210203173437","is_ascension_mode":false,"campfire_choices":[{"data":"bronze:Goto","floor":1,"key":"SMITH"},{"data":"bronze:MaxOutput","floor":9,"key":"SMITH"}],"circlet_count":0,"master_deck":["bronze:Strike","bronze:Strike","bronze:Defend","bronze:Defend","bronze:Defend","bronze:Defend","bronze:Replicate","bronze:Goto+1","bronze:Boost","bronze:BugBarrage","bronze:WildBeam","bronze:MaxOutput+1","bronze:WildBeam","bronze:Fortify","bronze:BugBarrage","bronze:BuggyMess","bronze:BuggyMess","bronze:FineTuning","bronze:CutThrough","bronze:Iterate","bronze:ItsAFeature","bronze:Frontload","bronze:Repulsor"],"relics":["bronze:BronzeCore","Boot","Replay:Mystery Machine","infinitespire:Eraser","BargainBundle","Gremlin Horn"],"acts_visited":["Exordium"],"potions_floor_usage":[6,14,14,16,16],"damage_taken":[{"damage":1,"enemies":"Cultist","floor":2,"turns":4},{"damage":0,"enemies":"Small Slimes","floor":3,"turns":4},{"damage":0,"enemies":"Jaw Worm","floor":4,"turns":3},{"damage":0,"enemies":"Large Slime","floor":6,"turns":4},{"damage":18,"enemies":"Exordium Wildlife","floor":8,"turns":4},{"damage":6,"enemies":"3 Sentries","floor":10,"turns":5},{"damage":0,"enemies":"downfall:FleeingMerchant","floor":11,"turns":4},{"damage":0,"enemies":"Lots of Slimes","floor":12,"turns":2},{"damage":9,"enemies":"Lagavulin","floor":13,"turns":4},{"damage":0,"enemies":"Gremlin Gang","floor":14,"turns":4},{"damage":13,"enemies":"3 Louse","floor":15,"turns":2},{"damage":27,"enemies":"IC_STATUS_ARCHETYPE","floor":16,"turns":4}],"seed_played":"4720712632000041193","potions_obtained":[{"floor":2,"key":"Weak Potion"},{"floor":3,"key":"Swift Potion"},{"floor":6,"key":"BlessingOfTheForge"},{"floor":15,"key":"champ:CounterPotion"}],"is_trial":false,"path_per_floor":["R","M","M","M","T","M","T","M","R","E","$","M","E","M","M","B"],"character_chosen":"THE_AUTOMATON","items_purchased":["BargainBundle","bronze:BuggyMess","bronze:FineTuning","bronze:CutThrough","bronze:Iterate","Energy Potion","EssenceOfSteel"],"campfire_rested":0,"item_purchase_floors":[11,11,11,11,11,11,11],"current_hp_per_floor":[70,69,69,69,69,69,69,51,51,45,45,45,36,36,23,0,0,0],"gold":132,"neow_bonus":"REMOVE_CARD","is_daily":false,"chose_seed":false,"campfire_upgraded":2,"win_rate":0.0,"timestamp":1612337677,"path_taken":["R","M","M","M","?","M","T","M","R","E","$","M","E","M","M","BOSS"],"items_purchased_type":["Relic","Card","Card","Card","Card","Potion","Potion"],"build_version":"2020-12-22","purchased_purges":1,"victory":false,"max_hp_per_floor":[70,70,70,70,70,70,70,70,70,70,70,70,70,70,70,70,70,70],"card_choices":[{"not_picked":["bronze:Flail","bronze:FollowUp"],"picked":"bronze:Boost","floor":2},{"not_picked":["bronze:Repair","bronze:OilSpill"],"picked":"bronze:BugBarrage","floor":3},{"not_picked":["bronze:Invalidate","bronze:WhirlingStrike"],"picked":"bronze:WildBeam","floor":4},{"not_picked":["bronze:ShipIt","bronze:InfiniteBeams"],"picked":"bronze:MaxOutput","floor":6},{"not_picked":["bronze:Separator","bronze:CutThrough"],"picked":"bronze:WildBeam","floor":8},{"not_picked":["bronze:WhirlingStrike","bronze:ClassDefault"],"picked":"bronze:Fortify","floor":10},{"not_picked":["bronze:WildBeam","bronze:BronzeArmor"],"picked":"bronze:BugBarrage","floor":11},{"not_picked":["bronze:InfiniteBeams","bronze:Shield"],"picked":"bronze:ItsAFeature","floor":12},{"not_picked":["bronze:CloningBeam","bronze:Invalidate"],"picked":"bronze:Frontload","floor":13},{"not_picked":["bronze:Overheat","bronze:WildBeam","bronze:Overload"],"picked":"SKIP","floor":14},{"not_picked":["bronze:Repair","bronze:Deprecate"],"picked":"bronze:Repulsor","floor":15}],"player_experience":980730,"relics_obtained":[{"floor":5,"key":"Boot"},{"floor":7,"key":"Replay:Mystery Machine"},{"floor":10,"key":"infinitespire:Eraser"},{"floor":13,"key":"Gremlin Horn"}],"event_choices":[],"is_beta":false,"boss_relics":[],"items_purged_floors":[11],"is_endless":false,"potions_floor_spawned":[2,3,6,12,15],"killed_by":"IC_STATUS_ARCHETYPE","ascension_level":0}}