{"host":"d61fcf2p3sjwe6yo","time":1612385780,"event":{"mods":["Act Like it!","BaseMod","Colored Map","Gensokyo","Marisa????????","Minty Spire (QoL Compilation)","StSLib","SuperFastMode"],"gold_per_floor":[117,117,117,127,82,109,119,279,279,279,294,2,34,34,34,437,437,654,654,671,671,691,721,721,736,736,748,535,535,93,118,118,215,215,525,525,1099,1099,1109,1109,574,574,574,585,140,50,84,96,96,96],"floor_reached":51,"language":"ENG","playtime":3137,"items_purged":["Normality"],"score":861,"play_id":"3c654514-421e-468e-b63a-3cb86b33edc4","local_time":"20210203235620","is_ascension_mode":true,"campfire_choices":[{"floor":10.0,"key":"REST"},{"floor":15.0,"key":"REST"},{"data":"EscapeVelocity","floor":24.0,"key":"SMITH"},{"data":"SuperNova","floor":27.0,"key":"SMITH"},{"data":"OortCloud","floor":29.0,"key":"SMITH"},{"floor":32.0,"key":"REST"},{"floor":40,"key":"REST"},{"floor":42,"key":"REST"},{"floor":49,"key":"REST"}],"circlet_count":0,"master_deck":["Strike_MRS","Defend_MRS","Defend_MRS","Defend_MRS","MasterSpark","UpSweep","EscapeVelocity+1","AlicesGift","GalacticHalo","AsteroidBelt","EarthLightRay","AsteroidBelt","GalacticHalo","MilkyWay","SporeBomb+1","SuperNova+1","GravityBeat+1","OortCloud+1","DarkMatter","GasGiant","EnergyFlow","Gensokyo:TurboGranny","UnstableBomb","TreasureHunter","SuperPerseids+1","AsteroidBelt+1","OortCloud","UltimateShortwave","Gensokyo:CustomPotion"],"relics":["BewitchedHakkero","Gensokyo:OccultBall","Bag of Preparation","Gremlin Horn","Strawberry","Gensokyo:CelestialsFlawlessClothing","Cursed Key","Torii","Pen Nib","Pear","MawBank","Boot","CaptainsWheel","Lantern","Gambling Chip","Centennial Puzzle","SimpleLauncher","Kunai","AmplifyWand"],"acts_visited":["Gensokyo:Gensokyo","Gensokyo:Gensokyoer","Gensokyo:Gensokyoest"],"potions_floor_usage":[33,39],"damage_taken":[{"damage":4.0,"enemies":"Gensokyo:Python","floor":1.0,"turns":3.0},{"damage":0.0,"enemies":"Gensokyo:2_Kodama","floor":4.0,"turns":1.0},{"damage":11.0,"enemies":"Gensokyo:Aya","floor":6.0,"turns":6.0},{"damage":8.0,"enemies":"Gensokyo:Gryphon","floor":7.0,"turns":3.0},{"damage":16.0,"enemies":"Gensokyo:2_Rabbits","floor":8.0,"turns":4.0},{"damage":3.0,"enemies":"Gensokyo:Gryphon_and_Rabbit","floor":11.0,"turns":6.0},{"damage":16.0,"enemies":"Gensokyo:Cirno","floor":13.0,"turns":7.0},{"damage":28.0,"enemies":"Gensokyo:Kokoro","floor":16.0,"turns":10.0},{"damage":12.0,"enemies":"Gensokyo:Chomper","floor":18.0,"turns":5.0},{"damage":1.0,"enemies":"Gensokyo:2_Gloops","floor":20.0,"turns":6.0},{"damage":11.0,"enemies":"Gensokyo:Mirror_and_Dog","floor":22.0,"turns":7.0},{"damage":28.0,"enemies":"Gensokyo:Koishi","floor":23.0,"turns":5.0},{"damage":14.0,"enemies":"Gensokyo:Wraith","floor":25.0,"turns":4.0},{"damage":15.0,"enemies":"Gensokyo:Reisen","floor":31.0,"turns":5.0},{"damage":29,"enemies":"Gensokyo:Eiki","floor":33,"turns":7},{"damage":18,"enemies":"Gensokyo:3_Bats","floor":35,"turns":9},{"damage":45,"enemies":"Gensokyo:AncientGuardian","floor":37,"turns":7},{"damage":0,"enemies":"Gensokyo:3_Boulders","floor":39,"turns":6},{"damage":2,"enemies":"Gensokyo:SeedOfUnknown","floor":44,"turns":7},{"damage":3,"enemies":"Gensokyo:Marisa","floor":47,"turns":4},{"damage":13,"enemies":"Gensokyo:Rafflesia","floor":48,"turns":6},{"damage":1,"enemies":"Gensokyo:Shinki","floor":50,"turns":6}],"seed_played":"-2238553071665169107","potions_obtained":[{"floor":1.0,"key":"LiquidBronze"},{"floor":7.0,"key":"EssenceOfSteel"},{"floor":8.0,"key":"ShroomBrew"},{"floor":13.0,"key":"BlessingOfTheForge"},{"floor":18.0,"key":"Block Potion"},{"floor":23.0,"key":"Block Potion"},{"floor":25.0,"key":"Energy Potion"},{"floor":31.0,"key":"LiquidMemories"},{"floor":44,"key":"FairyPotion"},{"floor":48,"key":"BlessingOfTheForge"}],"is_trial":false,"path_per_floor":["M","?","?","M","$","E","M","M","T","R","M","COS","E","?","R","B",null,"M","?","M","?","M","E","R","M","T","R","$","R","COS","E","R","B",null,"M","?","M","?","M","R","$","R","T","M","COS","?","E","M","R","B",null],"character_chosen":"MARISA","items_purchased":["AsteroidBelt","GasGiant","EnergyFlow","Gambling Chip","OortCloud","Centennial Puzzle"],"campfire_rested":6,"item_purchase_floors":[5,28,28,41,41,41],"current_hp_per_floor":[50,50,50,50,50,39,31,19,19,41,42,42,37,17,41,17,82,70,70,73,73,65,51,51,41,41,41,41,41,41,30,55,86,86,68,56,15,15,19,44,44,69,69,71,71,71,72,63,86,85],"gold":96,"neow_bonus":"TRANSFORM_TWO_CARDS","is_daily":false,"chose_seed":false,"campfire_upgraded":3,"win_rate":0.0,"timestamp":1612385780,"path_taken":["M","?","?","?","?","E","?","M","T","R","M","COS","E","?","R","BOSS","M","?","M","?","?","E","R","M","T","R","$","R","COS","E","R","BOSS","M","?","M","?","M","R","$","R","T","M","COS","?","E","M","R","BOSS"],"items_purchased_type":["Card","Card","Card","Relic","Card","Relic"],"build_version":"2020-12-22","purchased_purges":1,"victory":true,"max_hp_per_floor":[75,75,75,75,75,75,75,75,75,75,75,75,82,82,82,82,82,82,82,82,76,76,86,86,86,86,86,86,86,86,86,86,86,86,86,86,86,86,86,86,86,86,86,86,86,86,86,86,86,86],"card_choices":[{"not_picked":["LuminesStrike","ChargeUpSpray"],"picked":"AlicesGift","floor":1.0},{"not_picked":["WitchOfGreed","MysteriousBeam"],"picked":"GalacticHalo","floor":4.0},{"not_picked":["OpenUniverse","Singularity","Occultation"],"picked":"SKIP","floor":6.0},{"not_picked":["DoubleSpark","MeteoricShower"],"picked":"EarthLightRay","floor":7.0},{"not_picked":["ShootingEcho","MysteriousBeam"],"picked":"AsteroidBelt","floor":8.0},{"not_picked":["ChargingUp","Orbital"],"picked":"GalacticHalo","floor":11.0},{"not_picked":["PowerUp","LuminesStrike"],"picked":"MilkyWay","floor":13.0},{"not_picked":["NonDirectionalLaser+1","RefractionSpark+1"],"picked":"SporeBomb+1","floor":13.0},{"not_picked":["TreasureHunter","CasketOfStar"],"picked":"SuperNova","floor":16.0},{"not_picked":["PowerUp","DoubleSpark"],"picked":"GravityBeat+1","floor":18.0},{"not_picked":["GrandCross+1","LuminesStrike"],"picked":"OortCloud","floor":20.0},{"not_picked":["AsteroidBelt","ShootingEcho","WitchOfGreed"],"picked":"SKIP","floor":22.0},{"not_picked":["GrandCross","SporeBomb","6A+1"],"picked":"SKIP","floor":23.0},{"not_picked":["AsteroidBelt+1","Acceleration+1"],"picked":"DarkMatter","floor":25.0},{"not_picked":["ManaRampage","ShootingEcho"],"picked":"UnstableBomb","floor":31.0},{"not_picked":["JA","BigCrunch"],"picked":"TreasureHunter","floor":33},{"not_picked":["ChargeUpSpray+1","MilkyWay","6A+1"],"picked":"SKIP","floor":35},{"not_picked":["MilkyWay","MagicChant"],"picked":"SuperPerseids+1","floor":37},{"not_picked":["DC+1","WitchOfGreed"],"picked":"AsteroidBelt+1","floor":39},{"not_picked":["ShootingEcho+1","SporeBomb"],"picked":"UltimateShortwave","floor":44},{"not_picked":["WitchLeyline+1","DeepEcoloBomb+1","PropBag"],"picked":"SKIP","floor":47},{"not_picked":["GravityBeat","BlazeAway","ShootingEcho+1"],"picked":"SKIP","floor":48}],"player_experience":248898,"relics_obtained":[{"floor":6.0,"key":"Bag of Preparation"},{"floor":9.0,"key":"Gremlin Horn"},{"floor":11.0,"key":"Gensokyo:OccultBall"},{"floor":13.0,"key":"Strawberry"},{"floor":16.0,"key":"Gensokyo:OccultBall"},{"floor":23.0,"key":"Pear"},{"floor":26.0,"key":"MawBank"},{"floor":33,"key":"Gensokyo:OccultBall"},{"floor":47,"key":"AmplifyWand"}],"event_choices":[],"is_beta":false,"boss_relics":[{"not_picked":["Busted Crown","Runic Pyramid"],"picked":"Cursed Key"},{"not_picked":["Runic Dome","Snecko Eye"],"picked":"BewitchedHakkero"}],"items_purged_floors":[28],"is_endless":false,"potions_floor_spawned":[1,7,8,13,18,23,25,31,44,48],"ascension_level":2}}