{"host":"71m6b5pyuze2esq2","time":1612386854,"event":{"mods":["2.2 Compatiblity","A Penny For Your Troubles","AchievementEnabler","Act Like it!","Aspiration","Astrologer","BaseMod","Beaked The Cultist","Better Debug","Better Note","Better Sensory Stone","Better Third Choice","CapriCore","Chat Monstrosity","Colored Powertips","Conjunction","Conspire","Defective Defect","Dota2Spire","Downfall","Duelist Mod","EXCEPTION","Ekko","Elementarium","Energized Spire","Friendly Minions","Gensokyo","GifTheSpireLib","Googly Eyes","GungeonMod","Halation","Hallownest","Hermit","HexUI Lib","HololiveMod","Hubris","Infinite Spire","Ironclad Rager","Jedi Mod","Jess\u0027s Bottle","Mad Scientist","Marisa（霧雨　魔理沙）","Melee Mod","Menagerie","Mimic Mod","Minty Spire (QoL Compilation)","Morshu Shopkeeper","Morshu Shopkeeper - ENHANCED","Permanent Neow","Poor People Problems","Quarter Circle Forward PUNCH!","Random Character Button","Rare Cards Sparkle","RatMod","Reliquary","Replay The Spire","Robot Space Explorer","Ryuuou龙王","Shade Mod","Shedinja","Shop Mod","Small Relic Pack","Somnambulant","Spicy Shops","Spikes Relics","Spire Arcade","StS++","StSLib","The Animator","The Blackbeard","The Bladedancer","The Blue Laboratory","The Bug Knight","The Construct","The Cursed","The Dragon Tamer","The Edgeheg","The Elementalist","The Gatherer","The Hayseed","The Hierophant","The Immortal","The Mystic","The Necromancer","The Poker Player","The Runesmith","The Servant 0.9.4","The Valiant","The Wild Card","TheFirefly","Trackpad","Uncapped","Useless Jewels Mod","Virulent Crown","Waifu the Spire","Wandering Minibosses","WarShipGirlsR/战舰少女R mod","Wide Potions","egg","everything is the same but u backflip on backflip","slay the spire mod where everything is the same but ironclad has a cowboy hat"],"gold_per_floor":[109,109,5,19,35,35,61,76,76,90,107,141,141,138,138,232,232,251,344,344,350,275,1024,979,1008,1045,1062,1072,1100,1119,1135,1135,1286,1286,1302,1315,1335,834,854,867,867,902,925,925,925,915,223,239,239,239,239,239,136,171,171,171],"floor_reached":55,"language":"ENG","playtime":4513,"items_purged":["Shame"],"score":920,"play_id":"e3f43b69-f3ef-4e48-a46a-7be6ebf681d8","local_time":"20210203151414","is_ascension_mode":false,"campfire_choices":[{"floor":6,"key":"RECALL"},{"data":"Run Through","floor":13,"key":"SMITH"},{"data":"Armaments","floor":15,"key":"SMITH"},{"data":"Havoc","floor":32,"key":"SMITH"},{"data":"Juggernaut","floor":41,"key":"SMITH"},{"data":"Invigoration","floor":44,"key":"SMITH"},{"data":"Demon Form","floor":49,"key":"SMITH"},{"data":"Fiend Fire","floor":52,"key":"SMITH"}],"circlet_count":0,"master_deck":["Bash","Clash+1","Flame Barrier+1","rat:Decimate","Power Through","Run Through+1","ReplayTheSpireMod:Strike From Hell","Armaments+1","Flex","Thunderclap","Replay:Undeath\u0027s Touch","Clash","Reaper","Feel No Pain","Offering","jedi:controlledanger","Spot Weakness","Twin Strike","Invigoration+1","Whirlwind","Pommel Strike","Havoc+1","Ghostly Armor+1","Armaments+1","DemoMod:WhiteBlade+1","DemoMod:BlackBlade","Headbutt+1","Flame Barrier+1","ReplayTheSpireMod:Strike From Hell","Fiend Fire+1","Spot Weakness","Juggernaut+1","Intimidate+1","ReplayTheSpireMod:Strike From Hell","Twin Strike+1","Iron Wave+1","Armaments+1","Intimidate+1","Intimidate+1","Thunderclap","Demon Form+1","jedi:hate","ReplayTheSpireMod:Limb From Limb+1"],"relics":["Burning Blood","NeowsBlessing","BargainBundle","Hololive_LightStick","Pen Nib","Pandora\u0027s Box","wanderingMiniBosses:MasterThiefsPresence","infinitespire:PuzzleCube","hubris:MobiusCoin","qcfpunch:Lotus_Statue","Painkiller Herb","RetroEgg","Paper Frog","Omamori","halation:PrussianBluePaint","trackpad:ByrdBGone","aspiration:StickyExplosives","halation:Diary","jedi:archwizardhat"],"acts_visited":["Exordium","Hallownest:CityofTears","Hallownest:KingdomsEdge","TheEnding"],"potions_floor_usage":[10,16,16,16,30,33,39,50,50,50],"damage_taken":[{"damage":0,"enemies":"Jaw Worm","floor":1,"turns":1},{"damage":0,"enemies":"infinitespire:Voidling","floor":4,"turns":1},{"damage":0,"enemies":"2 Louse","floor":5,"turns":1},{"damage":0,"enemies":"Replay:BlueRogue","floor":7,"turns":7},{"damage":0,"enemies":"Gremlin Gang","floor":8,"turns":4},{"damage":0,"enemies":"Exordium Wildlife","floor":10,"turns":2},{"damage":0,"enemies":"Blue Slaver","floor":11,"turns":2},{"damage":0,"enemies":"2 Fungi Beasts","floor":12,"turns":4},{"damage":0,"enemies":"2 Fungi Beasts","floor":14,"turns":5},{"damage":0,"enemies":"Hexaghost","floor":16,"turns":9},{"damage":0,"enemies":"Hallownest:2_Mistakes","floor":18,"turns":4},{"damage":0,"enemies":"Hallownest:Flukemon_and_Top","floor":21,"turns":3},{"damage":0,"enemies":"Hallownest:Warrior_and_Youth","floor":23,"turns":5},{"damage":0,"enemies":"Hallownest:eliteSoulWarrior","floor":25,"turns":6},{"damage":0,"enemies":"Hallownest:2_Flukemon","floor":26,"turns":5},{"damage":0,"enemies":"Hallownest:2_Flukemon","floor":27,"turns":5},{"damage":0,"enemies":"Hallownest:monsterMisterMushroom","floor":28,"turns":6},{"damage":0,"enemies":"Hallownest:Nosk","floor":29,"turns":6},{"damage":0,"enemies":"Hallownest:3_Mistakes","floor":30,"turns":4},{"damage":0,"enemies":"Hallownest:Warrior_and_Youth","floor":31,"turns":3},{"damage":0,"enemies":"Hallownest:BossGrimm","floor":33,"turns":9},{"damage":0,"enemies":"Hallownest:3_Siblings","floor":35,"turns":5},{"damage":1,"enemies":"Hallownest:Shield_Heavy","floor":36,"turns":4},{"damage":0,"enemies":"Hallownest:monsterPrimalAspid","floor":37,"turns":3},{"damage":6,"enemies":"Hallownest:2_Soldiers_and_1_Guardian","floor":39,"turns":5},{"damage":18,"enemies":"Hallownest:2_Wandering_and_1_Horned","floor":40,"turns":6},{"damage":4,"enemies":"Hallownest:eliteHiveKnight","floor":42,"turns":5},{"damage":7,"enemies":"Hallownest:2_Wing_and_1_Kings","floor":48,"turns":3},{"damage":20,"enemies":"Hallownest:BossGreyPrinceZote","floor":50,"turns":3},{"damage":34,"enemies":"Shield and Spear","floor":54,"turns":4},{"damage":64,"enemies":"The Heart","floor":55,"turns":5}],"seed_played":"-4035140813727919189","potions_obtained":[{"floor":1,"key":"bronze:BurnAndBuffPotion"},{"floor":4,"key":"Explosive Potion"},{"floor":7,"key":"SpeedPotion"},{"floor":11,"key":"Elixir"},{"floor":14,"key":"LifebloodPotion"},{"floor":23,"key":"Explosive Potion"},{"floor":27,"key":"blueLaboratory:LouseDecoction"},{"floor":28,"key":"blueLaboratory:IronCompound"},{"floor":35,"key":"bronze:BurnAndBuffPotion"},{"floor":40,"key":"blueLaboratory:ConflagurationPotion"},{"floor":42,"key":"blueLaboratory:HorrorPotion"},{"floor":48,"key":"blueLaboratory:SmithPotion"}],"is_trial":false,"path_per_floor":["M","?","$","M","M","R","E","M","T","M","M","MIM","R","M","R","B",null,"M","?","?","M","$","M","?","E","MIM","M","M","E","M","M","R","B",null,"?","?","?","T","?","?","T","E","T","T","?","?","T","?","T","B",null,"T","T","E","B"],"character_chosen":"IRONCLAD","items_purchased":["BargainBundle","Flame Barrier+1","rat:Decimate","RetroEgg","Paper Frog","trackpad:ByrdBGone","aspiration:StickyExplosives","Thunderclap","Demon Form","halation:Diary"],"campfire_rested":0,"item_purchase_floors":[3,3,3,38,38,47,47,47,47,53],"current_hp_per_floor":[80,80,80,80,80,80,80,80,80,80,80,80,80,80,80,80,80,80,80,80,80,80,80,80,80,80,80,80,80,80,80,80,80,80,80,80,80,80,80,68,68,70,70,70,70,70,70,69,69,55,80,80,80,64,0,0],"gold":171,"neow_bonus":"THREE_ENEMY_KILL","is_daily":false,"chose_seed":false,"campfire_upgraded":7,"win_rate":0.0,"timestamp":1612386854,"path_taken":["M","?","$","M","?","R","E","M","T","M","M","?","R","?","R","BOSS","M","?","?","M","$","M","?","E","MIM","?","M","E","M","?","R","BOSS","?","?","?","T","?","?","T","E","T","T","?","?","T","?","T","BOSS","T","T","E","BOSS"],"items_purchased_type":["Relic","Card","Card","Relic","Relic","Relic","Relic","Card","Card","Relic"],"build_version":"2020-12-22","purchased_purges":1,"victory":false,"max_hp_per_floor":[80,80,80,80,80,80,80,80,80,80,80,80,80,80,80,80,80,80,80,80,80,80,80,80,80,80,80,80,80,80,80,80,80,80,80,80,80,80,80,80,80,80,80,80,80,80,80,80,80,80,80,80,80,80,80,80],"card_choices":[{"not_picked":["Abandon","True Grit"],"picked":"Clash","floor":1},{"not_picked":["Abandon","StSpp:TheBiggerTheyAre","Power Through"],"picked":"SKIP","floor":4},{"not_picked":["Abandon","StSpp:TheBiggerTheyAre"],"picked":"Power Through","floor":4},{"not_picked":["Searing Blow","Dark Embrace"],"picked":"Run Through","floor":5},{"not_picked":["Pommel Strike","Armaments"],"picked":"ReplayTheSpireMod:Strike From Hell","floor":7},{"not_picked":["jedi:harder","Cleave"],"picked":"Armaments","floor":8},{"not_picked":["Pummel","Armaments"],"picked":"Flex","floor":10},{"not_picked":["Twin Strike","DemoMod:BlackBlade"],"picked":"Thunderclap","floor":11},{"not_picked":["ReplayTheSpireMod:Limb From Limb","Hemogenesis"],"picked":"Replay:Undeath\u0027s Touch","floor":12},{"not_picked":["StSpp:Vengeance","Cleave"],"picked":"Clash","floor":14},{"not_picked":["StSpp:IntoTheAbyss","Feed"],"picked":"Reaper","floor":16},{"not_picked":["Feel No Pain","StSpp:TheBiggerTheyAre"],"picked":"Pommel Strike","floor":18},{"not_picked":["Hemokinesis+1","Disarm"],"picked":"Havoc","floor":21},{"not_picked":["jedi:controlledanger","hubris:SharpeningStone"],"picked":"Ghostly Armor+1","floor":23},{"not_picked":["Clash+1","Offering"],"picked":"Armaments+1","floor":25},{"not_picked":["hubris:SharpeningStone","StSpp:Sprint+1"],"picked":"DemoMod:WhiteBlade+1","floor":26},{"not_picked":["Flex+1","Anger"],"picked":"Headbutt+1","floor":27},{"not_picked":["StSpp:Succumb","Dual Wield+1"],"picked":"Flame Barrier+1","floor":28},{"not_picked":["StSpp:CounterStrike","Run Through"],"picked":"ReplayTheSpireMod:Strike From Hell","floor":29},{"not_picked":["Entrench","jedi:fear"],"picked":"Fiend Fire","floor":30},{"not_picked":["Whirlwind+1","hubris:ReadiedAction"],"picked":"Spot Weakness","floor":31},{"not_picked":["Corruption","Reaper"],"picked":"Juggernaut","floor":33},{"not_picked":["Sword Boomerang","Anger+1"],"picked":"Intimidate+1","floor":35},{"not_picked":["Anger","Dual Wield"],"picked":"ReplayTheSpireMod:Strike From Hell","floor":36},{"not_picked":["Whirlwind","StSpp:TheBiggerTheyAre"],"picked":"Twin Strike+1","floor":37},{"not_picked":["Anger","StSpp:Succumb+1"],"picked":"Iron Wave+1","floor":39},{"not_picked":["Reckless Charge","conspire:ExplosiveBarrier+1"],"picked":"Armaments+1","floor":40},{"not_picked":["Run Through+1","Brutality"],"picked":"hubris:CleavingFinish+1","floor":42},{"not_picked":["Second Wind","DemoMod:BlackBlade+1"],"picked":"jedi:hate","floor":48},{"not_picked":["Run Through+1","Havoc+1"],"picked":"ReplayTheSpireMod:Limb From Limb+1","floor":54}],"player_experience":556653,"relics_obtained":[{"floor":7,"key":"Hololive_LightStick"},{"floor":12,"key":"Pen Nib"},{"floor":23,"key":"wanderingMiniBosses:MasterThiefsPresence"},{"floor":25,"key":"infinitespire:PuzzleCube"},{"floor":26,"key":"hubris:MobiusCoin"},{"floor":29,"key":"qcfpunch:Lotus_Statue"},{"floor":42,"key":"Omamori"},{"floor":43,"key":"halation:PrussianBluePaint"},{"floor":54,"key":"jedi:archwizardhat"}],"event_choices":[{"damage_healed":0,"gold_gain":0,"player_choice":"Upgraded","damage_taken":0,"max_hp_gain":0,"max_hp_loss":0,"event_name":"Upgrade Shrine","floor":2,"gold_loss":0,"cards_upgraded":["Clash"]}],"is_beta":false,"boss_relics":[{"not_picked":["qcfpunch:Dark_Gi","Sozu"],"picked":"Pandora\u0027s Box"},{"not_picked":["StSpp:PileOfSugar","reliquary:Craggleroot"],"picked":"Painkiller Herb"}],"items_purged_floors":[22],"is_endless":false,"potions_floor_spawned":[1,4,7,11,14,23,27,28,35,37,40,42,48],"killed_by":"The Heart","ascension_level":0}}