{"host":"49pjgf1q9ev52n8z","time":1612376739,"event":{"mods":["BaseMod","Bestiary","Colored Map","Minty Spire (QoL Compilation)","Practice Mode","Relic Stats","StSLib"],"gold_per_floor":[110,127,137,156,169,204,204,231,303,314,314,349,365,395,395,498,498,515,515,515,515,545,575,67,102,102,137,155,79,94,94,94,189,189,207,222,222,222,222,222,222],"floor_reached":40,"language":"ENG","playtime":4490,"items_purged":["Writhe"],"score":570,"play_id":"fc81289d-4743-41aa-8eaa-199be3cf1ebb","local_time":"20210203102539","is_ascension_mode":true,"campfire_choices":[{"data":"Pommel Strike","floor":7,"key":"SMITH"},{"floor":11,"key":"REST"},{"floor":15,"key":"REST"},{"data":"True Grit","floor":32,"key":"SMITH"}],"circlet_count":0,"master_deck":["Defend_R","Defend_R","Defend_R+1","Defend_R+1","Bash","Body Slam","Immolate","Pommel Strike+1","True Grit+1","Uppercut+1","Exhume","Clothesline+1","Disarm","Reckless Charge+1","Bludgeon+1","Sever Soul+1","Bite+1","Bite+1","Bite+1","Bite+1","Bite+1","Headbutt+1","Inflame","Armaments","Flame Barrier","Feel No Pain","Demon Form"],"relics":["Burning Blood","NeowsBlessing","Molten Egg 2","Pen Nib","Gremlin Horn","Peace Pipe","Bag of Marbles","Philosopher\u0027s Stone","Nilry\u0027s Codex","Toy Ornithopter","Red Mask","Anchor","Lee\u0027s Waffle","War Paint","Tiny Chest","PreservedInsect","Orichalcum","Sundial","Fusion Hammer"],"acts_visited":["Exordium","TheCity","TheBeyond"],"potions_floor_usage":[6,10,16,23,33,36,40],"damage_taken":[{"damage":0,"enemies":"Cultist","floor":1,"turns":1},{"damage":0,"enemies":"2 Louse","floor":2,"turns":1},{"damage":0,"enemies":"Small Slimes","floor":3,"turns":1},{"damage":0,"enemies":"3 Louse","floor":4,"turns":1},{"damage":0,"enemies":"Exordium Wildlife","floor":5,"turns":2},{"damage":26,"enemies":"Gremlin Nob","floor":6,"turns":4},{"damage":20,"enemies":"3 Sentries","floor":8,"turns":4},{"damage":12,"enemies":"Looter","floor":10,"turns":4},{"damage":30,"enemies":"Lagavulin","floor":12,"turns":7},{"damage":4,"enemies":"Exordium Thugs","floor":13,"turns":2},{"damage":25,"enemies":"3 Sentries","floor":14,"turns":6},{"damage":14,"enemies":"Hexaghost","floor":16,"turns":8},{"damage":10,"enemies":"2 Thieves","floor":18,"turns":3},{"damage":0,"enemies":"Masked Bandits","floor":22,"turns":2},{"damage":15,"enemies":"Slavers","floor":23,"turns":5},{"damage":19,"enemies":"Gremlin Leader","floor":25,"turns":5},{"damage":13,"enemies":"Book of Stabbing","floor":27,"turns":4},{"damage":0,"enemies":"Chosen","floor":28,"turns":3},{"damage":14,"enemies":"Shelled Parasite and Fungi","floor":30,"turns":7},{"damage":49,"enemies":"Champ","floor":33,"turns":11},{"damage":17,"enemies":"3 Darklings","floor":35,"turns":5},{"damage":0,"enemies":"3 Shapes","floor":36,"turns":2},{"damage":101,"enemies":"Nemesis","floor":40,"turns":6}],"seed_played":"8090874026096385045","potions_obtained":[{"floor":3,"key":"Weak Potion"},{"floor":4,"key":"SneckoOil"},{"floor":5,"key":"SpeedPotion"},{"floor":6,"key":"Weak Potion"},{"floor":14,"key":"CultistPotion"},{"floor":16,"key":"AttackPotion"},{"floor":25,"key":"Regen Potion"},{"floor":28,"key":"Fire Potion"},{"floor":35,"key":"Swift Potion"}],"is_trial":false,"path_per_floor":["M","M","M","M","M","E","R","E","T","M","R","E","M","E","R","B",null,"M","?","?","?","?","E","$","E","T","E","M","$","M","T","R","B",null,"M","M","?","?","$","E"],"character_chosen":"IRONCLAD","items_purchased":["Inflame","Lee\u0027s Waffle","Armaments","War Paint","Feel No Pain"],"campfire_rested":2,"item_purchase_floors":[24,24,24,24,29],"current_hp_per_floor":[80,80,80,80,80,60,60,46,46,40,64,40,42,23,47,39,80,76,56,40,40,49,56,63,59,59,58,63,63,63,63,63,40,63,58,63,58,58,58,0,0],"gold":222,"neow_bonus":"THREE_ENEMY_KILL","is_daily":false,"chose_seed":false,"campfire_upgraded":2,"win_rate":0.0,"timestamp":1612376739,"path_taken":["M","M","M","M","M","E","R","E","T","M","R","E","?","E","R","BOSS","M","?","?","?","?","E","?","E","T","E","M","$","M","?","R","BOSS","M","M","?","?","$","E"],"items_purchased_type":["Card","Relic","Card","Relic","Card"],"build_version":"2020-12-22","purchased_purges":1,"victory":false,"max_hp_per_floor":[80,80,80,80,80,80,80,80,80,80,80,80,80,80,80,80,80,80,56,56,56,56,56,63,63,63,63,63,63,63,63,63,63,63,63,63,63,60,60,60,60],"relic_stats":{"Lee\u0027s Waffle":7,"Gremlin Horn":[17,17],"counters":[23,94],"Pen Nib":[15],"PreservedInsect":88,"War Paint":["Defend_R","Defend_R"],"Orichalcum":[24],"Burning Blood":83,"Peace Pipe":0,"Sundial":[2],"Tiny Chest":0,"obtain_stats":[{"Lee\u0027s Waffle":24,"NeowsBlessing":0,"Gremlin Horn":9,"Nilry\u0027s Codex":20,"Pen Nib":8,"PreservedInsect":26,"War Paint":24,"Orichalcum":27,"Burning Blood":0,"Peace Pipe":12,"Anchor":23,"Sundial":31,"Molten Egg 2":6,"Philosopher\u0027s Stone":17,"Tiny Chest":25,"Fusion Hammer":34,"Bag of Marbles":14,"Red Mask":22,"Toy Ornithopter":21},{"Lee\u0027s Waffle":15,"NeowsBlessing":0,"Gremlin Horn":7,"Nilry\u0027s Codex":13,"Pen Nib":7,"PreservedInsect":16,"War Paint":15,"Orichalcum":17,"Burning Blood":0,"Peace Pipe":9,"Anchor":15,"Sundial":19,"Molten Egg 2":6,"Philosopher\u0027s Stone":12,"Tiny Chest":16,"Fusion Hammer":20,"Bag of Marbles":11,"Red Mask":14,"Toy Ornithopter":13},{"Lee\u0027s Waffle":51,"NeowsBlessing":0,"Gremlin Horn":14,"Nilry\u0027s Codex":44,"Pen Nib":14,"PreservedInsect":56,"War Paint":51,"Orichalcum":60,"Burning Blood":0,"Peace Pipe":25,"Anchor":51,"Sundial":70,"Molten Egg 2":10,"Philosopher\u0027s Stone":41,"Tiny Chest":56,"Fusion Hammer":81,"Bag of Marbles":33,"Red Mask":46,"Toy Ornithopter":44}],"Toy Ornithopter":17},"card_choices":[{"not_picked":["Flex","Sword Boomerang"],"picked":"Body Slam","floor":1},{"not_picked":["Blood for Blood","Clothesline"],"picked":"Immolate","floor":2},{"not_picked":["Perfected Strike","Dual Wield"],"picked":"Pommel Strike","floor":3},{"not_picked":["Fire Breathing","Pommel Strike"],"picked":"True Grit","floor":4},{"not_picked":["Heavy Blade","Cleave","Pommel Strike"],"picked":"SKIP","floor":5},{"not_picked":["True Grit","Flex"],"picked":"Uppercut+1","floor":6},{"not_picked":["Pommel Strike+1","Perfected Strike+1"],"picked":"Exhume","floor":8},{"not_picked":["Fire Breathing","Ghostly Armor"],"picked":"Clothesline+1","floor":10},{"not_picked":["Dark Embrace","Cleave+1","Pummel+1"],"picked":"SKIP","floor":12},{"not_picked":["Battle Trance","Shockwave"],"picked":"Disarm","floor":13},{"not_picked":["Flex","Fire Breathing"],"picked":"Reckless Charge+1","floor":14},{"not_picked":["Corruption","Limit Break"],"picked":"Bludgeon+1","floor":16},{"not_picked":["Uppercut+1","Twin Strike+1"],"picked":"Sever Soul+1","floor":18},{"not_picked":["Heavy Blade+1","Reckless Charge+1"],"picked":"Headbutt+1","floor":23},{"not_picked":["Iron Wave+1","Pommel Strike+1"],"picked":"Flame Barrier","floor":25},{"not_picked":["Body Slam+1","Clash+1","Seeing Red+1"],"picked":"SKIP","floor":27},{"not_picked":["Anger+1","Carnage+1","Rampage+1"],"picked":"SKIP","floor":28},{"not_picked":["Anger+1","Carnage+1","Rampage+1"],"picked":"SKIP","floor":28},{"not_picked":["Twin Strike+1","Warcry+1","Wild Strike+1"],"picked":"SKIP","floor":30},{"not_picked":["Fiend Fire+1","Feed+1"],"picked":"Demon Form","floor":33},{"not_picked":["Power Through+1","Havoc","Perfected Strike+1"],"picked":"SKIP","floor":35},{"not_picked":["Anger+1","Dropkick+1","Wild Strike+1"],"picked":"SKIP","floor":36}],"player_experience":695238,"relics_obtained":[{"floor":6,"key":"Molten Egg 2"},{"floor":8,"key":"Pen Nib"},{"floor":9,"key":"Gremlin Horn"},{"floor":12,"key":"Peace Pipe"},{"floor":14,"key":"Bag of Marbles"},{"floor":20,"key":"Nilry\u0027s Codex"},{"floor":22,"key":"Red Mask"},{"floor":23,"key":"Anchor"},{"floor":25,"key":"Tiny Chest"},{"floor":26,"key":"PreservedInsect"},{"floor":27,"key":"Orichalcum"},{"floor":31,"key":"Sundial"}],"event_choices":[{"damage_healed":0,"gold_gain":0,"player_choice":"Became a vampire","damage_taken":0,"max_hp_gain":0,"max_hp_loss":24,"event_name":"Vampires","floor":19,"gold_loss":0,"cards_obtained":["Bite","Bite","Bite","Bite","Bite"]},{"damage_healed":0,"gold_gain":0,"player_choice":"Obtained Book","damage_taken":16,"max_hp_gain":0,"max_hp_loss":0,"event_name":"Cursed Tome","floor":20,"gold_loss":0},{"damage_healed":0,"gold_gain":0,"player_choice":"Opened","damage_taken":0,"relics_obtained":["Toy Ornithopter"],"max_hp_gain":0,"max_hp_loss":0,"event_name":"The Mausoleum","floor":21,"gold_loss":0,"cards_obtained":["Writhe"]},{"damage_healed":0,"gold_gain":0,"player_choice":"Fought Bandits","damage_taken":0,"max_hp_gain":0,"max_hp_loss":0,"event_name":"Masked Bandits","floor":22,"gold_loss":0},{"damage_healed":0,"gold_gain":0,"player_choice":"Memory 2","damage_taken":5,"max_hp_gain":0,"max_hp_loss":0,"event_name":"SensoryStone","floor":37,"gold_loss":0},{"damage_healed":0,"gold_gain":0,"player_choice":"Max HP","damage_taken":0,"max_hp_gain":0,"max_hp_loss":3,"event_name":"Winding Halls","floor":38,"gold_loss":0}],"is_beta":false,"boss_relics":[{"not_picked":["Empty Cage","Black Star"],"picked":"Philosopher\u0027s Stone"},{"not_picked":["Snecko Eye","Runic Dome"],"picked":"Fusion Hammer"}],"items_purged_floors":[24],"is_endless":false,"potions_floor_spawned":[3,4,5,6,14,16,25,28,30,35],"killed_by":"Nemesis","ascension_level":3}}