{"host":"qdfumeom6htv8yxl","time":1612385183,"event":{"mods":["AchievementEnabler","BaseMod","Bestiary","Block Reminder","Colored Powertips","Highlight Path","Minty Spire (QoL Compilation)","Quick Restart","Relic Stats"],"gold_per_floor":[113,113,128,203,128,128,139,165,165,165,199,99,99,109,109,184,184,194,194,210,210,125,125,36,65,65,65,65],"floor_reached":27,"language":"ENG","playtime":1232,"items_purged":["Pain","Dualcast"],"score":524,"play_id":"5940fa08-ea25-4171-a5e7-c1673ad62f48","local_time":"20210203144623","is_ascension_mode":true,"campfire_choices":[{"data":"Beam Cell","floor":6.0,"key":"SMITH"},{"floor":10.0,"key":"REST"},{"data":"Reprogram","floor":13.0,"key":"SMITH"},{"floor":15.0,"key":"REST"},{"floor":23.0,"key":"REST"}],"circlet_count":0,"master_deck":["AscendersBane","Strike_B+1","Strike_B","Strike_B","Defend_B","Defend_B","Defend_B","Defend_B","Hologram","Beam Cell+1","Gash","Beam Cell+1","Reprogram+1","Auto Shields","Echo Form","Reinforced Body","Hologram+1","Self Repair"],"relics":["Cracked Core","StoneCalendar","WingedGreaves","Thread and Needle","Whetstone","Sozu","Bag of Preparation","Prayer Wheel","Darkstone Periapt"],"acts_visited":["Exordium","TheCity"],"potions_floor_usage":[],"damage_taken":[{"damage":14.0,"enemies":"2 Louse","floor":1.0,"turns":3.0},{"damage":7.0,"enemies":"Small Slimes","floor":3.0,"turns":3.0},{"damage":4.0,"enemies":"Jaw Worm","floor":7.0,"turns":2.0},{"damage":0.0,"enemies":"Gremlin Nob","floor":8.0,"turns":2.0},{"damage":18.0,"enemies":"Lagavulin","floor":11.0,"turns":6.0},{"damage":16.0,"enemies":"Gremlin Gang","floor":14.0,"turns":4.0},{"damage":14.0,"enemies":"The Guardian","floor":16.0,"turns":10.0},{"damage":16.0,"enemies":"Chosen","floor":18.0,"turns":6.0},{"damage":12.0,"enemies":"Spheric Guardian","floor":20.0,"turns":6.0},{"damage":39.0,"enemies":"Slavers","floor":25.0,"turns":8.0},{"damage":34,"enemies":"Cultist and Chosen","floor":27,"turns":6}],"seed_played":"5285766875284007224","potions_obtained":[{"floor":1.0,"key":"PotionOfCapacity"},{"floor":7.0,"key":"AttackPotion"},{"floor":11.0,"key":"SneckoOil"},{"floor":14.0,"key":"BlessingOfTheForge"}],"is_trial":false,"path_per_floor":["M","?","M","?","$","R","M","E","T","R","E","$","R","M","R","B",null,"M","?","M","?","?","R","$","E","T","M"],"character_chosen":"DEFECT","items_purchased":["Self Repair"],"campfire_rested":3,"item_purchase_floors":[24],"current_hp_per_floor":[50,55,48,37,37,37,33,33,33,55,37,37,37,21,43,29,64,48,48,36,36,36,58,58,33,33,0,0],"gold":65,"neow_bonus":"ONE_RARE_RELIC","is_daily":false,"chose_seed":false,"campfire_upgraded":2,"win_rate":0.0,"timestamp":1612385183,"path_taken":["M","?","M","?","$","R","M","E","T","R","E","$","R","M","R","BOSS","M","?","?","?","?","R","$","E","T","M"],"items_purchased_type":["Card"],"build_version":"2020-12-22","purchased_purges":2,"victory":false,"max_hp_per_floor":[71,76,76,76,76,76,76,76,76,76,76,76,76,76,76,76,76,76,76,76,76,76,76,76,76,76,76,76],"relic_stats":{"Sozu":1,"Darkstone Periapt":0,"counters":[11,56],"StoneCalendar":[95],"Prayer Wheel":0,"Bag of Preparation":[4],"Whetstone":["Beam Cell","Strike_B"],"obtain_stats":[{"Sozu":17,"Darkstone Periapt":26,"StoneCalendar":0,"Thread and Needle":9,"Prayer Wheel":25,"WingedGreaves":8,"Bag of Preparation":22,"Whetstone":11,"Cracked Core":0},{"Sozu":7,"Darkstone Periapt":10,"StoneCalendar":0,"Thread and Needle":4,"Prayer Wheel":10,"WingedGreaves":4,"Bag of Preparation":9,"Whetstone":5,"Cracked Core":0},{"Sozu":30,"Darkstone Periapt":50,"StoneCalendar":0,"Thread and Needle":10,"Prayer Wheel":50,"WingedGreaves":10,"Bag of Preparation":42,"Whetstone":16,"Cracked Core":0}]},"card_choices":[{"not_picked":["Go for the Eyes","Static Discharge"],"picked":"Hologram","floor":1.0},{"not_picked":["Defragment","Leap"],"picked":"Beam Cell","floor":3.0},{"not_picked":["Leap","Chill"],"picked":"Gash","floor":7.0},{"not_picked":["Leap","Genetic Algorithm"],"picked":"Beam Cell","floor":8.0},{"not_picked":["Hologram","Coolheaded"],"picked":"Reprogram","floor":11.0},{"not_picked":["Ball Lightning","Rebound"],"picked":"Auto Shields","floor":14.0},{"not_picked":["Thunder Strike","Creative AI"],"picked":"Echo Form","floor":16.0},{"not_picked":["Ball Lightning","Steam"],"picked":"Reinforced Body","floor":18.0},{"not_picked":["Go for the Eyes","Capacitor"],"picked":"Hologram+1","floor":20.0},{"not_picked":["Fission","Sweeping Beam","Ball Lightning+1"],"picked":"SKIP","floor":25.0}],"player_experience":2006452,"relics_obtained":[{"floor":8.0,"key":"WingedGreaves"},{"floor":9.0,"key":"Thread and Needle"},{"floor":11.0,"key":"Whetstone"},{"floor":25.0,"key":"Prayer Wheel"},{"floor":26.0,"key":"Darkstone Periapt"}],"event_choices":[{"damage_healed":0.0,"max_hp_gain":5.0,"max_hp_loss":0.0,"gold_gain":0.0,"event_name":"Big Fish","player_choice":"Donut","floor":2.0,"gold_loss":0.0,"damage_taken":0.0},{"damage_healed":0.0,"max_hp_gain":0.0,"max_hp_loss":0.0,"gold_gain":75.0,"event_name":"World of Goop","player_choice":"Gather Gold","floor":4.0,"gold_loss":0.0,"damage_taken":11.0},{"cards_removed":["Strike_B"],"damage_healed":0.0,"max_hp_gain":0.0,"max_hp_loss":0.0,"gold_gain":0.0,"event_name":"Purifier","player_choice":"Purged","floor":19.0,"gold_loss":0.0,"damage_taken":0.0},{"cards_removed":["Zap"],"damage_healed":0.0,"max_hp_gain":0.0,"max_hp_loss":0.0,"gold_gain":0.0,"event_name":"Back to Basics","player_choice":"Elegance","floor":21.0,"gold_loss":0.0,"damage_taken":0.0},{"damage_healed":0.0,"max_hp_gain":0.0,"max_hp_loss":0.0,"gold_gain":0.0,"event_name":"Addict","player_choice":"Obtained Relic","floor":22.0,"gold_loss":85.0,"damage_taken":0.0,"relics_obtained":["Bag of Preparation"]}],"is_beta":false,"boss_relics":[{"not_picked":["Busted Crown","FrozenCore"],"picked":"Sozu"}],"items_purged_floors":[5,12],"is_endless":false,"potions_floor_spawned":[1,7,11,14,25],"killed_by":"Cultist and Chosen","ascension_level":20}}