{"host":"toh0bbw446wnuexf","time":1612346578,"event":{"mods":["BaseMod","Downfall","Hermit","Minty Spire (QoL Compilation)","Random Character Button","StSLib"],"gold_per_floor":[115,115,37,57,75,107,107,107,107,118,129,129,143,161,161,263,263,281,0,0,10,10,10],"floor_reached":22,"language":"ENG","playtime":2129,"items_purged":[],"score":207,"play_id":"7ef885a9-23a0-4954-810b-b3675081b894","local_time":"20210203230258","is_ascension_mode":true,"campfire_choices":[{"data":"hermit:Combo","floor":7,"key":"SMITH"},{"data":"hermit:Determination","floor":12,"key":"SMITH"},{"floor":15,"key":"REST"}],"circlet_count":0,"master_deck":["hermit:Strike_Hermit","hermit:Strike_Hermit","hermit:Strike_Hermit","hermit:Strike_Hermit","hermit:Defend_Hermit","hermit:Defend_Hermit","hermit:Defend_Hermit","hermit:Defend_Hermit","hermit:Snapshot+1","hermit:Quickdraw","hermit:Feint","hermit:Combo+1","hermit:Misfire","hermit:HoleUp","hermit:Determination+1"],"relics":["hermit:Momento","White Beast Statue","InkBottle","Philosopher\u0027s Stone"],"acts_visited":["Exordium","TheCity"],"potions_floor_usage":[22],"damage_taken":[{"damage":0,"enemies":"2 Louse","floor":1,"turns":2},{"damage":0,"enemies":"Cultist","floor":4,"turns":4},{"damage":0,"enemies":"Small Slimes","floor":5,"turns":3},{"damage":22,"enemies":"Gremlin Nob","floor":6,"turns":5},{"damage":1,"enemies":"Looter","floor":10,"turns":3},{"damage":0,"enemies":"3 Louse","floor":11,"turns":4},{"damage":10,"enemies":"Blue Slaver","floor":13,"turns":6},{"damage":0,"enemies":"Looter","floor":14,"turns":3},{"damage":35,"enemies":"The Guardian","floor":16,"turns":9},{"damage":34,"enemies":"Spheric Guardian","floor":18,"turns":6},{"damage":16,"enemies":"Shell Parasite","floor":21,"turns":7},{"damage":30,"enemies":"Shelled Parasite and Fungi","floor":22,"turns":4}],"seed_played":"-2797422485288365825","potions_obtained":[{"floor":1,"key":"Swift Potion"},{"floor":5,"key":"Explosive Potion"},{"floor":6,"key":"LiquidMemories"},{"floor":13,"key":"Dexterity Potion"},{"floor":18,"key":"hermit:Tonic"}],"is_trial":false,"path_per_floor":["M","?","$","M","M","E","R","$","T","M","M","R","M","M","R","B",null,"M","?","$","M","M"],"character_chosen":"HERMIT","items_purchased":["hermit:Combo"],"campfire_rested":1,"item_purchase_floors":[3],"current_hp_per_floor":[75,75,75,75,75,53,53,53,53,52,52,52,42,42,64,29,75,41,41,41,25,0,0],"gold":10,"neow_bonus":"TRANSFORM_CARD","is_daily":false,"chose_seed":false,"campfire_upgraded":2,"win_rate":0.0,"timestamp":1612346578,"path_taken":["M","?","$","?","M","E","R","$","T","M","?","R","M","?","R","BOSS","M","?","$","M","M"],"items_purchased_type":["Card"],"build_version":"2020-12-22","purchased_purges":0,"victory":false,"max_hp_per_floor":[75,75,75,75,75,75,75,75,75,75,75,75,75,75,75,75,75,75,75,75,75,75,75],"card_choices":[{"not_picked":["hermit:LuckOfTheDraw","hermit:Snipe"],"picked":"hermit:Feint","floor":1},{"not_picked":["hermit:Virtue","hermit:Grudge"],"picked":"hermit:Misfire","floor":4},{"not_picked":["hermit:Glare","hermit:Combo"],"picked":"hermit:HoleUp","floor":5},{"not_picked":["hermit:Glare","hermit:GoldenBullet","hermit:FlashPowder"],"picked":"SKIP","floor":6},{"not_picked":["hermit:LowProfile","hermit:LoneWolf"],"picked":"hermit:Determination","floor":10},{"not_picked":["hermit:Horror","hermit:GoldenBullet","hermit:Manifest"],"picked":"SKIP","floor":11},{"not_picked":["hermit:Headshot","hermit:HighCaliber","hermit:HoleUp"],"picked":"SKIP","floor":13},{"not_picked":["hermit:Determination","hermit:BodyArmor","hermit:Ricochet"],"picked":"SKIP","floor":14},{"not_picked":["hermit:Coalescence+1","hermit:Headshot+1","hermit:ItchyTrigger+1"],"picked":"SKIP","floor":18},{"not_picked":["hermit:Showdown","hermit:Feint","hermit:Coalescence"],"picked":"SKIP","floor":21}],"player_experience":668201,"relics_obtained":[{"floor":6,"key":"White Beast Statue"},{"floor":9,"key":"InkBottle"}],"event_choices":[{"damage_healed":0,"gold_gain":0,"player_choice":"Forge","damage_taken":0,"max_hp_gain":0,"max_hp_loss":0,"event_name":"Accursed Blacksmith","floor":2,"gold_loss":0,"cards_upgraded":["hermit:Snapshot"]},{"damage_healed":0,"gold_gain":0,"player_choice":"Paid Fearfully","damage_taken":0,"max_hp_gain":0,"max_hp_loss":0,"event_name":"Masked Bandits","floor":19,"gold_loss":281}],"is_beta":false,"boss_relics":[{"not_picked":["Tiny House","Calling Bell"],"picked":"Philosopher\u0027s Stone"}],"items_purged_floors":[],"is_endless":false,"potions_floor_spawned":[1,5,6,10,11,13,14,16,18,21],"killed_by":"Shelled Parasite and Fungi","ascension_level":2}}