{"host":"2js2pxuugveqjuf7","time":1612334140,"event":{"mods":["BaseMod","Colored Map","Minty Spire (QoL Compilation)","Quick Restart","Random Character Button","Relic Stats","StSLib"],"gold_per_floor":[15,15,31,49,69,96,114,114,114],"floor_reached":8,"language":"ENG","playtime":583,"items_purged":[],"score":69,"play_id":"389334b6-b599-4b2a-aeb4-b5f0dc16cbbd","local_time":"20210203003540","is_ascension_mode":true,"campfire_choices":[],"circlet_count":0,"master_deck":["Strike_G","Strike_G","Strike_G","Strike_G","Defend_G","Defend_G","Defend_G","Defend_G","Defend_G","Survivor","Neutralize","Apotheosis","Dagger Spray","Night Terror","Catalyst","Bane","Predator","Noxious Fumes","PiercingWail"],"relics":["Ring of the Snake","HornCleat"],"acts_visited":["Exordium"],"potions_floor_usage":[7],"damage_taken":[{"damage":0.0,"enemies":"Jaw Worm","floor":1.0,"turns":4.0},{"damage":0.0,"enemies":"Small Slimes","floor":3.0,"turns":3.0},{"damage":0.0,"enemies":"2 Louse","floor":4.0,"turns":3.0},{"damage":10.0,"enemies":"Exordium Wildlife","floor":5.0,"turns":4.0},{"damage":30,"enemies":"Gremlin Nob","floor":6,"turns":5},{"damage":6,"enemies":"Lots of Slimes","floor":7,"turns":2},{"damage":24,"enemies":"3 Sentries","floor":8,"turns":4}],"seed_played":"-8822172715090231807","potions_obtained":[{"floor":1.0,"key":"Strength Potion"},{"floor":3.0,"key":"Strength Potion"},{"floor":6,"key":"Energy Potion"}],"is_trial":false,"path_per_floor":["M","?","M","M","M","E","M","E"],"character_chosen":"THE_SILENT","items_purchased":[],"campfire_rested":0,"item_purchase_floors":[],"current_hp_per_floor":[70,70,70,70,60,30,24,0,0],"gold":114,"neow_bonus":"RANDOM_COLORLESS_2","is_daily":false,"chose_seed":false,"campfire_upgraded":0,"win_rate":0.0,"timestamp":1612334140,"path_taken":["M","?","M","M","M","E","M","E"],"items_purchased_type":[],"build_version":"2020-12-22","purchased_purges":0,"victory":false,"max_hp_per_floor":[70,70,70,70,70,70,70,70,70],"relic_stats":{"counters":[7,25],"obtain_stats":[{"HornCleat":6,"Ring of the Snake":0},{"HornCleat":5,"Ring of the Snake":0},{"HornCleat":19,"Ring of the Snake":0}],"Ring of the Snake":[14]},"card_choices":[{"not_picked":["Thinking Ahead","Panache"],"picked":"Apotheosis","floor":0.0},{"not_picked":["Sucker Punch","Cloak And Dagger"],"picked":"Dagger Spray","floor":1.0},{"not_picked":["Reflex","Dagger Spray"],"picked":"Catalyst","floor":3.0},{"not_picked":["Endless Agony","Eviscerate"],"picked":"Bane","floor":4.0},{"not_picked":["Backstab","Slice"],"picked":"Predator","floor":5.0},{"not_picked":["Predator","Well Laid Plans"],"picked":"Noxious Fumes","floor":6},{"not_picked":["Prepared","Backflip"],"picked":"PiercingWail","floor":7}],"player_experience":362165,"relics_obtained":[{"floor":6,"key":"HornCleat"}],"event_choices":[{"damage_healed":0.0,"max_hp_gain":0.0,"max_hp_loss":0.0,"gold_gain":0.0,"cards_transformed":["Strike_G"],"event_name":"Living Wall","player_choice":"Change","floor":2.0,"gold_loss":0.0,"damage_taken":0.0,"cards_obtained":["Night Terror"]}],"is_beta":false,"boss_relics":[],"items_purged_floors":[],"is_endless":false,"potions_floor_spawned":[1,3,6],"killed_by":"3 Sentries","ascension_level":3}}