{"host":"ertcy5wga10zev2p","time":1612358044,"event":{"mods":["BaseMod","BetterRewards","Colored Map","Colored Powertips","Infinite Spire","Minty Spire (QoL Compilation)","Replay The Spire","Shop Mod","StSLib","The Jungle"],"gold_per_floor":[115,115,132,57,75,75,90,106,157,192,36,36,66,89,89,89,89],"floor_reached":16,"language":"ENG","playtime":501,"items_purged":["Defend_R"],"score":116,"play_id":"d30c8397-9856-4cfe-b869-f0f59d13c85d","local_time":"20210203131404","is_ascension_mode":true,"campfire_choices":[{"data":"Perfected Strike","floor":6.0,"key":"SMITH"},{"data":"Strike_R+1","floor":12.0,"key":"SMITH"},{"floor":15.0,"key":"REST"}],"circlet_count":0,"master_deck":["Strike_R+1","Strike_R","Strike_R","Strike_R","Strike_R+1","Defend_R","Defend_R","Defend_R","Bash","Bandage Up","Perfected Strike+1","Pommel Strike","Perfected Strike+1"],"relics":["Burning Blood","Simple Rune","infinitespire:Midas Blood","Ancient Tea Set","Replay:Rubber Ducky","Regal Pillow"],"acts_visited":["Exordium"],"potions_floor_usage":[],"damage_taken":[{"damage":8.0,"enemies":"Jaw Worm","floor":1.0,"turns":3.0},{"damage":6.0,"enemies":"Cultist","floor":3.0,"turns":3.0},{"damage":21.0,"enemies":"infinitespire:Voidling","floor":5.0,"turns":3.0},{"damage":12.0,"enemies":"Blue Slaver","floor":7.0,"turns":2.0},{"damage":2.0,"enemies":"3 Louse","floor":8.0,"turns":4.0},{"damage":18.0,"enemies":"3 Sentries","floor":10.0,"turns":4.0},{"damage":21.0,"enemies":"Lagavulin","floor":13.0,"turns":6.0},{"damage":0,"enemies":"Fading Forest","floor":16,"turns":1}],"seed_played":"-5812371886981296157","potions_obtained":[{"floor":1.0,"key":"SkillPotion"},{"floor":3.0,"key":"GamblersBrew"},{"floor":10.0,"key":"LiquidMemories"},{"floor":13.0,"key":"GamblersBrew"}],"is_trial":false,"path_per_floor":["M","?","M","$","M","R","M","M","T","E","$","R","E","T","R","B"],"character_chosen":"IRONCLAD","items_purchased":["Ancient Tea Set"],"campfire_rested":1,"item_purchase_floors":[11],"current_hp_per_floor":[80,80,80,80,69,69,63,71,71,63,63,63,52,52,80,80,80],"gold":89,"neow_bonus":"COLORLESS_CARD","is_daily":false,"chose_seed":false,"campfire_upgraded":2,"win_rate":0.0,"timestamp":1612358044,"path_taken":["M","?","M","$","M","R","M","M","T","E","?","R","E","?","R","BOSS"],"items_purchased_type":["Relic"],"build_version":"2020-12-22","purchased_purges":1,"victory":false,"max_hp_per_floor":[80,80,80,80,80,80,80,80,80,80,80,80,80,80,80,80,80],"card_choices":[{"not_picked":["ReplayTheSpireMod:Corrosion Curse","Dark Embrace"],"picked":"Perfected Strike","floor":1.0},{"not_picked":["Flex","Uppercut"],"picked":"Pommel Strike","floor":3.0},{"not_picked":["Uppercut","Abandon"],"picked":"Perfected Strike","floor":5.0},{"not_picked":["Warcry","Burning Pact","Feel No Pain"],"picked":"SKIP","floor":7.0},{"not_picked":["Infernal Blade","Life Link","Shrug It Off"],"picked":"SKIP","floor":8.0},{"not_picked":["Replay:Undeath\u0027s Touch","Iron Wave","Flame Barrier"],"picked":"SKIP","floor":10.0},{"not_picked":["Anger","Replay:Many Hands","Cleave"],"picked":"SKIP","floor":13.0}],"player_experience":148603,"relics_obtained":[{"floor":9.0,"key":"Simple Rune"},{"floor":10.0,"key":"infinitespire:Midas Blood"},{"floor":13.0,"key":"Replay:Rubber Ducky"},{"floor":14.0,"key":"Regal Pillow"}],"event_choices":[{"damage_healed":0.0,"max_hp_gain":0.0,"max_hp_loss":0.0,"gold_gain":0.0,"event_name":"Accursed Blacksmith","player_choice":"Forge","floor":2.0,"gold_loss":0.0,"damage_taken":0.0,"cards_upgraded":["Perfected Strike"]}],"is_beta":false,"boss_relics":[],"items_purged_floors":[4],"is_endless":false,"potions_floor_spawned":[1,3,10,13],"killed_by":"Fading Forest","ascension_level":1}}