{"host":"ipnf7ktf1pyxq9u3","time":1612326354,"event":{"mods":["Act Like it!","Aspiration","BaseMod","BetterRewards","Conspire","Downfall","Gremlin Mod","Hallownest","Hermit","Hubris","Infinite Spire","Lobotomy","Minty Spire (QoL Compilation)","Reworked Bosses","Shade Mod","Shop Mod","StSLib","The Bug Knight","The Construct","The Cursed","The Forsaken","The Hierophant","The Jungle","The Necromancer"],"gold_per_floor":[111,111,123,0,0,32,46,81,105,105,119,153,153,177,177,302,302,322,222,222,222],"floor_reached":20,"language":"ENG","playtime":931,"items_purged":["Strike_P","Defend_P"],"score":280,"play_id":"145468d5-0e3b-48a7-ac61-f5a0f6531c9e","local_time":"20210203152554","is_ascension_mode":true,"campfire_choices":[{"data":"Eruption","floor":15,"key":"SMITH"}],"circlet_count":0,"master_deck":["Strike_P","Strike_P","Strike_P","Defend_P","Defend_P","Defend_P","Eruption+1","Vigilance","Consecrate","Pray","FlurryOfBlows","Halt","Wallop","SpiritShield","Wallop"],"relics":["PureWater","NeowsBlessing","InkBottle","Boot","Happy Flower","Golden Idol","conspire:Flyswatter","hubris:Towel","conspire:SeveredTorchhead"],"acts_visited":["Exordium","TheCity"],"potions_floor_usage":[18],"damage_taken":[{"damage":0,"enemies":"Small Slimes","floor":1,"turns":1},{"damage":0,"enemies":"Jaw Worm","floor":3,"turns":1},{"damage":0,"enemies":"3 Sentries","floor":6,"turns":1},{"damage":0,"enemies":"2 Louse","floor":7,"turns":2},{"damage":33,"enemies":"Lagavulin","floor":8,"turns":7},{"damage":0,"enemies":"Looter","floor":11,"turns":3},{"damage":11,"enemies":"Gremlin Nob","floor":12,"turns":3},{"damage":0,"enemies":"2 Fungi Beasts","floor":14,"turns":3},{"damage":0,"enemies":"Slime Boss","floor":16,"turns":9},{"damage":19,"enemies":"2 Thieves","floor":18,"turns":4},{"damage":3,"enemies":"Spheric Guardian","floor":20,"turns":4}],"seed_played":"-6038912567768416904","potions_obtained":[{"floor":1,"key":"Block Potion"},{"floor":7,"key":"LiquidBronze"},{"floor":8,"key":"Fire Potion"}],"is_trial":false,"path_per_floor":["M","?","M","$","?","E","M","E","T","?","M","E","?","M","R","B",null,"M","$","M"],"character_chosen":"WATCHER","items_purchased":["FlurryOfBlows"],"campfire_rested":0,"item_purchase_floors":[4],"current_hp_per_floor":[72,72,72,72,77,77,77,44,44,44,44,33,33,33,33,33,71,52,52,49,49],"gold":222,"neow_bonus":"THREE_ENEMY_KILL","is_daily":false,"chose_seed":false,"campfire_upgraded":1,"win_rate":0.0,"timestamp":1612326354,"path_taken":["M","?","M","$","?","E","M","E","T","?","M","E","?","M","R","BOSS","M","$","M"],"items_purchased_type":["Card"],"build_version":"2020-12-22","purchased_purges":2,"victory":false,"max_hp_per_floor":[72,72,72,72,77,77,77,77,77,71,71,71,71,71,71,71,71,71,71,71,71],"card_choices":[{"not_picked":["Study","Indignation"],"picked":"Consecrate","floor":1},{"not_picked":["PathToVictory","CutThroughFate"],"picked":"Pray","floor":3},{"not_picked":["Consecrate","ThirdEye","ReachHeaven"],"picked":"SKIP","floor":6},{"not_picked":["Wireheading","Protect"],"picked":"Halt","floor":7},{"not_picked":["CrushJoints","ThirdEye","DevaForm"],"picked":"SKIP","floor":8},{"not_picked":["EmptyBody","WreathOfFlame","Nirvana"],"picked":"SKIP","floor":11},{"not_picked":["SandsOfTime","Indignation"],"picked":"Wallop","floor":12},{"not_picked":["Tantrum","WreathOfFlame","EmptyFist"],"picked":"SKIP","floor":14},{"not_picked":["ConjureBlade","Establishment"],"picked":"SpiritShield","floor":16},{"not_picked":["WheelKick","Evaluate+1"],"picked":"Wallop","floor":18}],"player_experience":636327,"relics_obtained":[{"floor":6,"key":"InkBottle"},{"floor":8,"key":"Boot"},{"floor":9,"key":"Happy Flower"},{"floor":12,"key":"conspire:Flyswatter"}],"event_choices":[{"damage_healed":0,"gold_gain":0,"player_choice":"Disagree","damage_taken":0,"max_hp_gain":0,"max_hp_loss":0,"event_name":"conspire:LoneGhost","floor":2,"gold_loss":0},{"damage_healed":0,"gold_gain":0,"player_choice":"Donut","damage_taken":0,"max_hp_gain":5,"max_hp_loss":0,"event_name":"Big Fish","floor":5,"gold_loss":0},{"damage_healed":0,"gold_gain":0,"player_choice":"Lose Max HP","damage_taken":0,"relics_obtained":["Golden Idol"],"max_hp_gain":0,"max_hp_loss":6,"event_name":"Golden Idol","floor":10,"gold_loss":0}],"is_beta":false,"boss_relics":[{"not_picked":["conspire:RoyalGoblet","Astrolabe"],"picked":"conspire:SeveredTorchhead"}],"items_purged_floors":[4,19],"is_endless":false,"potions_floor_spawned":[1,7,8,12],"killed_by":"Spheric Guardian","ascension_level":1}}