{"host":"ooods2gf71idc86d","time":1612378416,"event":{"mods":["AchievementEnabler","BaseMod","Downfall","Marisa????????","Minty Spire (QoL Compilation)","Replay The Spire","StSLib","The Cursed","The Necromancer","The Servant 0.9.4"],"gold_per_floor":[114,114,114,133,211,223,264,276,338,350,66,83,114,127,127,228,228,243,158,158,33,83,134,134,156,156,27,127,151,173,210,210,333,333,367,99,130,156,185,185,75,116,140,174,174,200,200,234,234,258],"floor_reached":51,"language":"ENG","playtime":5976,"items_purged":["Strike_R","Defend_R","Regret","Doubt","Spreading Infection"],"score":1632,"play_id":"837c298f-a53c-46e9-a689-cf50390e4568","local_time":"20210203205336","is_ascension_mode":true,"campfire_choices":[{"floor":6.0,"key":"REST"},{"floor":8.0,"key":"REST"},{"data":"Warcry","floor":10.0,"key":"SMITH"},{"data":"Armaments","floor":15.0,"key":"SMITH"},{"data":"Limit Break","floor":24.0,"key":"SMITH"},{"data":"ReplayTheSpireMod:Limb From Limb","floor":32,"key":"SMITH"},{"data":"True Grit","floor":40,"key":"SMITH"},{"floor":47,"key":"REST"},{"data":"Heavy Blade","floor":49,"key":"SMITH"}],"circlet_count":0,"master_deck":["Defend_R+1","Defend_R+1","Defend_R","Bash","Battle Trance","Blood for Blood","Pummel","Warcry+1","Armaments+1","ReplayTheSpireMod:Limb From Limb+1","Inflame","Impervious","Limit Break+1","Entrench","Bite","Bite","Bite","Bite","Bite","Blood for Blood","Fire Breathing+1","Flex","Infernal Blade+1","Delirium","Clothesline","ReplayTheSpireMod:Stacked","Replay:Sluggish","Ghostly Armor","Demon Form+1","Heavy Blade+1","Rupture+1","True Grit+1","Body Slam+1","Twin Strike+1","Rage+1","Decay","Clumsy","Metallicize","Pain","ReplayTheSpireMod:Splinters","ReplayReversal+1"],"relics":["Burning Blood","King of Hearts","ReplayTheSpireMod:Ring of Collecting","Ring of Panic","MawBank","Smiling Mask","Ring of Searing","Ancient Tea Set","Tiny Chest","HornCleat","Cursed Key","StrikeDummy","Ring of Greed","InkBottle","Golden Egg","Replay:Bandana","Replay:WaspNest","Ring of Hypnosis","Replay:Baseball","Electric Blood","Pen Nib","Paper Frog","Ring of Fury","Simple Rune","WarpedTongs","Omamori","ReplayTheSpireMod:Ring of Challenge"],"acts_visited":["Exordium","TheCity","TheBeyond"],"potions_floor_usage":[30,31,33,42,50,50,50],"damage_taken":[{"damage":8.0,"enemies":"Jaw Worm","floor":1.0,"turns":4.0},{"damage":9.0,"enemies":"2 Louse","floor":4.0,"turns":2.0},{"damage":10.0,"enemies":"3 Sentries","floor":7.0,"turns":6.0},{"damage":5.0,"enemies":"Cultist","floor":12.0,"turns":2.0},{"damage":5.0,"enemies":"Gremlin Nob","floor":13.0,"turns":2.0},{"damage":14.0,"enemies":"3 Louse","floor":14.0,"turns":2.0},{"damage":17.0,"enemies":"Hexaghost","floor":16.0,"turns":6.0},{"damage":10.0,"enemies":"Spheric Guardian","floor":18.0,"turns":3.0},{"damage":15.0,"enemies":"Gremlin Leader","floor":23.0,"turns":4.0},{"damage":16.0,"enemies":"2 Thieves","floor":25.0,"turns":2.0},{"damage":9,"enemies":"Chosen and Byrds","floor":29,"turns":3},{"damage":36,"enemies":"Snake Plant","floor":30,"turns":3},{"damage":0,"enemies":"3 Cultists","floor":31,"turns":3},{"damage":30,"enemies":"Pondfish","floor":33,"turns":11},{"damage":15,"enemies":"Orb Walker","floor":35,"turns":3},{"damage":8,"enemies":"3 Shapes","floor":37,"turns":3},{"damage":13,"enemies":"Writhing Mass","floor":38,"turns":3},{"damage":12,"enemies":"Maw","floor":39,"turns":5},{"damage":25,"enemies":"Giant Head","floor":42,"turns":6},{"damage":20,"enemies":"Transient","floor":44,"turns":5},{"damage":15,"enemies":"Sphere and 2 Shapes","floor":48,"turns":4},{"damage":39,"enemies":"Donu and Deca","floor":50,"turns":4}],"seed_played":"-1943394629345676817","potions_obtained":[{"floor":1.0,"key":"Death Potion"},{"floor":5.0,"key":"Cursed Concoction"},{"floor":5.0,"key":"DuplicationPotion"},{"floor":14.0,"key":"Explosive Potion"},{"floor":16.0,"key":"Energy Potion"},{"floor":18.0,"key":"ColorlessPotion"},{"floor":30,"key":"BlessingOfTheForge"},{"floor":31,"key":"Adrenaline Potion"},{"floor":37,"key":"Explosive Potion"},{"floor":39,"key":"SteroidPotion"},{"floor":42,"key":"Guardian:BlockOnCardUsePotion"}],"is_trial":false,"path_per_floor":["M","?","?","M","?","R","E","R","T","R","$","M","E","M","R","B",null,"M","?","?","$","T","E","R","M","T","$","?","M","M","M","R","B",null,"M","$","M","M","M","R","$","E","T","M","?","T","R","M","R","B",null],"character_chosen":"IRONCLAD","items_purchased":["Tiny Chest","Armaments","ReplayTheSpireMod:Limb From Limb","Blood for Blood","Infernal Blade","Pen Nib","Rupture","Rage+1"],"campfire_rested":3,"item_purchase_floors":[11,11,11,21,27,36,36,41],"current_hp_per_floor":[70,70,62,59,27,51,47,71,71,71,71,72,73,65,65,54,74,70,70,56,56,56,56,56,46,46,46,46,50,22,30,30,24,48,43,43,47,40,44,44,44,37,37,32,32,32,48,45,45,21],"gold":258,"neow_bonus":"RANDOM_COMMON_RELIC","is_daily":false,"chose_seed":false,"campfire_upgraded":6,"win_rate":0.0,"timestamp":1612378416,"path_taken":["M","?","?","?","?","R","E","R","T","R","$","M","E","M","R","BOSS","M","?","?","?","?","E","R","M","T","$","?","M","M","M","R","BOSS","M","$","M","?","M","R","$","E","T","M","?","?","R","M","R","BOSS"],"items_purchased_type":["Relic","Card","Card","Card","Card","Relic","Card","Card"],"build_version":"2020-12-22","purchased_purges":5,"victory":true,"max_hp_per_floor":[80,80,80,80,80,80,80,80,80,80,80,80,80,80,80,80,80,80,80,56,56,56,56,56,56,56,56,56,56,56,56,56,56,56,56,56,56,56,56,56,56,56,56,56,56,56,56,56,56,56],"card_choices":[{"not_picked":["Defy Death","ReplayTheSpireMod:Corrosion Curse"],"picked":"Battle Trance","floor":1.0},{"not_picked":["Thunderclap","Run Through"],"picked":"Blood for Blood","floor":4.0},{"not_picked":["True Grit","Anger"],"picked":"Pummel","floor":5.0},{"not_picked":["Pommel Strike","True Grit"],"picked":"Warcry","floor":7.0},{"not_picked":["Body Slam","Pummel"],"picked":"Inflame","floor":12.0},{"not_picked":["Havoc","Run Through"],"picked":"Impervious","floor":13.0},{"not_picked":["Seeing Red","Battle Trance","Fire Breathing"],"picked":"SKIP","floor":14.0},{"not_picked":["Replay:Many Hands","Berserk"],"picked":"Limit Break","floor":16.0},{"not_picked":["Havoc","Clash"],"picked":"Entrench","floor":18.0},{"not_picked":["Replay:Many Hands","Evolve"],"picked":"Fire Breathing+1","floor":23.0},{"not_picked":["Searing Blow+1","Warcry"],"picked":"Flex","floor":25.0},{"not_picked":["Body Slam+1","Defy Death"],"picked":"Clothesline","floor":29},{"not_picked":["Bloodletting","Anger"],"picked":"ReplayTheSpireMod:Stacked","floor":30},{"not_picked":["Shrug It Off","Bloodletting+1"],"picked":"Ghostly Armor","floor":31},{"not_picked":["Reaper","Juggernaut"],"picked":"Demon Form","floor":33},{"not_picked":["Infernal Blade+1","Armaments"],"picked":"Heavy Blade","floor":35},{"not_picked":["Flex","Clash"],"picked":"True Grit","floor":37},{"not_picked":["Abandon","True Grit"],"picked":"Body Slam+1","floor":38},{"not_picked":["Warcry+1","True Grit+1"],"picked":"Twin Strike+1","floor":39},{"not_picked":["Perfected Strike+1","Corruption","Abandon"],"picked":"SKIP","floor":42},{"not_picked":["Perfected Strike+1","Havoc"],"picked":"Metallicize","floor":44},{"not_picked":["ReplayTheSpireMod:Limb From Limb","Clash+1"],"picked":"ReplayReversal+1","floor":48}],"player_experience":1064449,"relics_obtained":[{"floor":2.0,"key":"ReplayTheSpireMod:Ring of Collecting"},{"floor":2.0,"key":"Ring of Panic"},{"floor":5.0,"key":"MawBank"},{"floor":7.0,"key":"Smiling Mask"},{"floor":9.0,"key":"Ring of Searing"},{"floor":9.0,"key":"Ancient Tea Set"},{"floor":13.0,"key":"HornCleat"},{"floor":22.0,"key":"Ring of Greed"},{"floor":22.0,"key":"InkBottle"},{"floor":22.0,"key":"Golden Egg"},{"floor":22.0,"key":"Replay:Bandana"},{"floor":23.0,"key":"Replay:WaspNest"},{"floor":26,"key":"Ring of Hypnosis"},{"floor":26,"key":"Replay:Baseball"},{"floor":42,"key":"Paper Frog"},{"floor":43,"key":"Ring of Fury"},{"floor":43,"key":"Simple Rune"},{"floor":46,"key":"Omamori"},{"floor":46,"key":"ReplayTheSpireMod:Ring of Challenge"}],"event_choices":[{"damage_healed":0.0,"max_hp_gain":0.0,"max_hp_loss":0.0,"gold_gain":0.0,"event_name":"Wheel of Change","player_choice":"Damaged","floor":3.0,"gold_loss":0.0,"damage_taken":8.0},{"damage_healed":0.0,"max_hp_gain":0.0,"max_hp_loss":0.0,"gold_gain":0.0,"event_name":"Addict","player_choice":"Obtained Relic","floor":19.0,"gold_loss":85.0,"damage_taken":0.0,"relics_obtained":["StrikeDummy"]},{"damage_healed":0.0,"max_hp_gain":0.0,"max_hp_loss":24.0,"gold_gain":0.0,"event_name":"Vampires","player_choice":"Became a vampire","floor":20.0,"gold_loss":0.0,"damage_taken":0.0,"cards_obtained":["Bite","Bite","Bite","Bite","Bite"]},{"damage_healed":0,"gold_gain":100,"player_choice":"Pray","damage_taken":0,"max_hp_gain":0,"max_hp_loss":0,"event_name":"Golden Shrine","floor":28,"gold_loss":0},{"damage_healed":0,"gold_gain":0,"player_choice":"Rummage","damage_taken":0,"relics_obtained":["WarpedTongs"],"max_hp_gain":0,"max_hp_loss":0,"event_name":"Accursed Blacksmith","floor":45,"gold_loss":0,"cards_obtained":["Pain"]}],"is_beta":false,"boss_relics":[{"not_picked":["ReplayTheSpireMod:DimensionalGlitch","Replay:Drink Me"],"picked":"Cursed Key"},{"not_picked":["Runic Pyramid","Calling Bell"],"picked":"Electric Blood"}],"items_purged_floors":[11,21,27,36,41],"is_endless":false,"potions_floor_spawned":[1,14,16,18,30,31,37,39,42],"ascension_level":8}}