{"host":"hpn0uxah5qjr7pa6","time":1612331220,"event":{"mods":["Act Like it!","Aspiration","BaseMod","Better Third Choice","BetterRewards","Challenge The Spire","Colored Powertips","Conspire","Downfall","Energized Spire","Hallownest","Hermit","Hubris","Infinite Spire","Minty Spire (QoL Compilation)","Permanent Neow","Quick Restart","Rare Cards Sparkle","Replay The Spire","Spicy Shops","StSLib","The Bug Knight","The Jungle"],"gold_per_floor":[99,116,116,101,101,101,101,101,112,126,126,159,173,185,252,252,252,252],"floor_reached":16,"language":"ENG","playtime":570,"items_purged":[],"score":122,"play_id":"5c54a411-f57f-40d0-9bd3-da5036278775","local_time":"20210202214700","is_ascension_mode":true,"campfire_choices":[{"floor":1,"key":"DIG"},{"data":"bronze:Replicate","floor":8,"key":"SMITH"}],"circlet_count":0,"master_deck":["bronze:Strike","bronze:Strike","bronze:Strike","bronze:Strike","bronze:Defend","bronze:Defend","bronze:Defend","bronze:Defend","bronze:Replicate+1","bronze:Goto","bronze:DelayedSlice","bronze:WhirlingStrike","bronze:Branch","bronze:Repair"],"relics":["bronze:BronzeCore","Pet Ghost","infinitespire:FocusingShard","hubris:Towel","Orichalcum","hubris:MobiusCoin"],"acts_visited":["Exordium"],"potions_floor_usage":[12,12,12,16,16],"damage_taken":[{"damage":2,"enemies":"Jaw Worm","floor":2,"turns":3},{"damage":0,"enemies":"downfall:FleeingMerchant","floor":4,"turns":4},{"damage":3,"enemies":"2 Louse","floor":9,"turns":3},{"damage":2,"enemies":"Small Slimes","floor":10,"turns":3},{"damage":9,"enemies":"3 Sentries","floor":12,"turns":5},{"damage":14,"enemies":"Exordium Thugs","floor":13,"turns":3},{"damage":3,"enemies":"Lots of Slimes","floor":14,"turns":2},{"damage":10,"enemies":"3 Louse","floor":15,"turns":2},{"damage":40,"enemies":"WA_ARCHETYPE_RETAIN","floor":16,"turns":6}],"seed_played":"-8177321195769756055","potions_obtained":[{"floor":2,"key":"Weak Potion"},{"floor":9,"key":"Dexterity Potion"},{"floor":10,"key":"SteroidPotion"},{"floor":13,"key":"sneckomod:MuddlingPotion"},{"floor":15,"key":"hexamod:SoulburnPotion"}],"is_trial":false,"path_per_floor":["R","M","?","$","?","?","T","R","M","M","?","E","M","M","M","B"],"character_chosen":"THE_AUTOMATON","items_purchased":[],"campfire_rested":0,"item_purchase_floors":[],"current_hp_per_floor":[70,68,68,68,68,68,68,68,65,63,63,54,40,37,27,0,0,0],"gold":252,"neow_bonus":"RANDOM_COMMON_RELIC","is_daily":false,"chose_seed":false,"campfire_upgraded":1,"win_rate":0.0,"timestamp":1612331220,"path_taken":["R","M","?","$","?","?","T","R","M","M","?","E","M","M","M","BOSS"],"items_purchased_type":[],"build_version":"2020-12-22","purchased_purges":0,"victory":false,"max_hp_per_floor":[70,70,70,70,70,70,70,70,70,70,70,70,70,70,70,70,70,70],"card_choices":[{"not_picked":["bronze:BitShift","bronze:Fortify","bronze:Separator"],"picked":"SKIP","floor":2},{"not_picked":["bronze:Break","bronze:Format","bronze:Shell"],"picked":"SKIP","floor":4},{"not_picked":["bronze:Turbo","bronze:FineTuning"],"picked":"bronze:DelayedSlice","floor":9},{"not_picked":["bronze:Shield","bronze:Invalidate"],"picked":"bronze:WhirlingStrike","floor":10},{"not_picked":["bronze:Terminator","bronze:BugBarrage","bronze:TinkerersToolbox"],"picked":"SKIP","floor":12},{"not_picked":["bronze:DelayedGuard","bronze:BronzeArmor"],"picked":"bronze:Branch","floor":13},{"not_picked":["bronze:Allocate","bronze:BronzeOrb"],"picked":"bronze:Repair","floor":14},{"not_picked":["bronze:Iterate","bronze:Overload","bronze:Backtrace"],"picked":"SKIP","floor":15}],"player_experience":168751,"relics_obtained":[{"floor":1,"key":"infinitespire:FocusingShard"},{"floor":7,"key":"Orichalcum"},{"floor":12,"key":"hubris:MobiusCoin"}],"event_choices":[{"damage_healed":0,"gold_gain":0,"player_choice":"Leave","damage_taken":0,"max_hp_gain":0,"max_hp_loss":0,"event_name":"conspire:Investor","floor":3,"gold_loss":0}],"is_beta":false,"boss_relics":[],"items_purged_floors":[],"is_endless":false,"potions_floor_spawned":[2,9,10,13,15],"killed_by":"WA_ARCHETYPE_RETAIN","ascension_level":4}}