{"host":"r53pw7z744tg3fxg","time":1612316371,"event":{"mods":["AchievementEnabler","BaseMod","Colored Map","Colored Powertips","Highlight Path","Minty Spire (QoL Compilation)","Quick Restart","Transform Curses"],"gold_per_floor":[112,122,122,122,136,175,175,216,216,230,230,245,42,67,67,160,160,181,14,14,14,14,14,14,14],"floor_reached":24,"language":"ENG","playtime":889,"items_purged":[],"score":413,"play_id":"71cd67b3-b9d9-4e3e-bb05-621216b4e75c","local_time":"20210202183931","is_ascension_mode":true,"campfire_choices":[{"floor":7,"key":"REST"},{"floor":11,"key":"REST"},{"floor":15,"key":"REST"},{"floor":23,"key":"REST"}],"circlet_count":0,"master_deck":["AscendersBane","Defend_P","Defend_P","Defend_P","Defend_P","Eruption","Vigilance+1","CutThroughFate","Conclude","Injury","Halt","WaveOfTheHand+1","Sanctity","Wallop","EmptyBody","LikeWater","Ball Lightning","Demon Form","Iron Wave","Bite","Bite","Bite","Bite","Bite"],"relics":["PureWater","Strawberry","Golden Idol","Question Card","TungstenRod","StrikeDummy","PrismaticShard","SacredBark","War Paint"],"acts_visited":["Exordium","TheCity"],"potions_floor_usage":[2,6,8,8,10,16],"damage_taken":[{"damage":0.0,"enemies":"Jaw Worm","floor":1.0,"turns":4.0},{"damage":0,"enemies":"Small Slimes","floor":2,"turns":3},{"damage":0,"enemies":"2 Louse","floor":5,"turns":2},{"damage":40,"enemies":"Lagavulin","floor":6,"turns":4},{"damage":24,"enemies":"3 Sentries","floor":8,"turns":8},{"damage":0,"enemies":"Looter","floor":10,"turns":4},{"damage":23,"enemies":"Exordium Thugs","floor":12,"turns":6},{"damage":7,"enemies":"Blue Slaver","floor":14,"turns":4},{"damage":49,"enemies":"The Guardian","floor":16,"turns":18},{"damage":52,"enemies":"3 Byrds","floor":18,"turns":8},{"damage":54,"enemies":"Slavers","floor":24,"turns":4}],"seed_played":"7264794092740958775","potions_obtained":[{"floor":1.0,"key":"BlessingOfTheForge"},{"floor":6,"key":"EntropicBrew"},{"floor":8,"key":"ColorlessPotion"},{"floor":12,"key":"GamblersBrew"}],"is_trial":false,"path_per_floor":["M","M","?","?","M","E","R","E","T","M","R","M","$","M","R","B",null,"M","$","?","$","?","R","E"],"character_chosen":"WATCHER","items_purchased":["PrismaticShard","LikeWater","War Paint"],"campfire_rested":4,"item_purchase_floors":[13,13,19],"current_hp_per_floor":[68,68,68,57,59,21,43,36,36,38,60,39,39,34,56,9,59,9,9,24,24,24,46,0,0],"gold":14,"neow_bonus":"RANDOM_COMMON_RELIC","is_daily":false,"chose_seed":false,"campfire_upgraded":0,"win_rate":0.0,"timestamp":1612316371,"path_taken":["M","M","?","?","M","E","R","E","T","M","R","?","$","M","R","BOSS","M","$","?","$","?","R","E"],"items_purchased_type":["Relic","Card","Relic"],"build_version":"2020-12-22","purchased_purges":0,"victory":false,"max_hp_per_floor":[75,75,75,75,75,75,75,75,75,75,75,75,75,75,75,75,75,75,75,75,75,75,75,75,75],"card_choices":[{"not_picked":["SandsOfTime","Collect"],"picked":"CutThroughFate","floor":1.0},{"not_picked":["EmptyBody","Crescendo"],"picked":"Conclude","floor":2},{"not_picked":["CrushJoints","EmptyFist"],"picked":"Halt","floor":5},{"not_picked":["Conclude","CutThroughFate"],"picked":"WaveOfTheHand","floor":6},{"not_picked":["SignatureMove","Vengeance","JustLucky"],"picked":"Sanctity","floor":8},{"not_picked":["Perseverance","ThirdEye","SandsOfTime"],"picked":"Wallop","floor":10},{"not_picked":["Crescendo","Protect","EmptyMind"],"picked":"EmptyBody","floor":12},{"not_picked":["Wild Strike","True Grit","Exhume"],"picked":"Ball Lightning","floor":14},{"not_picked":["LessonLearned","Doppelganger","Double Tap"],"picked":"Demon Form","floor":16},{"not_picked":["Evaluate","Slice","Ball Lightning"],"picked":"Iron Wave","floor":18}],"player_experience":1426249,"relics_obtained":[{"floor":6,"key":"Question Card"},{"floor":8,"key":"TungstenRod"},{"floor":9,"key":"StrikeDummy"}],"event_choices":[{"damage_healed":0,"gold_gain":0,"player_choice":"Take Wound","damage_taken":0,"relics_obtained":["Golden Idol"],"max_hp_gain":0,"max_hp_loss":0,"event_name":"Golden Idol","floor":3,"gold_loss":0,"cards_obtained":["Injury"]},{"damage_healed":0,"gold_gain":0,"player_choice":"Success","damage_taken":11,"relics_obtained":["Blood Vial"],"max_hp_gain":0,"max_hp_loss":0,"event_name":"Scrap Ooze","floor":4,"gold_loss":0},{"damage_healed":15,"gold_gain":0,"player_choice":"Heal","damage_taken":0,"max_hp_gain":0,"max_hp_loss":0,"event_name":"The Library","floor":20,"gold_loss":0},{"damage_healed":0,"gold_gain":0,"player_choice":"Became a vampire (Vial)","damage_taken":0,"max_hp_gain":0,"max_hp_loss":0,"event_name":"Vampires","floor":22,"relics_lost":["Blood Vial"],"gold_loss":0,"cards_obtained":["Bite","Bite","Bite","Bite","Bite"]}],"is_beta":false,"boss_relics":[{"not_picked":["Astrolabe","Ectoplasm"],"picked":"SacredBark"}],"items_purged_floors":[],"is_endless":false,"potions_floor_spawned":[1,6,8,12],"killed_by":"Slavers","ascension_level":18}}