{"host":"f0gpob8hq9vgebej","time":1612351871,"event":{"mods":["AchievementEnabler","BaseMod","Minty Spire (QoL Compilation)","Quick Restart","SuperFastMode"],"gold_per_floor":[115,115,115,2,15,40,40,40,109,121,156,183,183,207,207,295,295,324,249,249,101,101,129,129,169,194,218,218,228,228,248,274,274,354,354,368,385,385,403,403,403],"floor_reached":40,"language":"KOR","playtime":4166,"items_purged":["Strike_B"],"score":750,"play_id":"0132920f-27db-4346-9aa7-ea887b6a3107","local_time":"20210203203111","is_ascension_mode":true,"campfire_choices":[{"data":"Defragment","floor":8.0,"key":"SMITH"},{"data":"Storm","floor":13.0,"key":"SMITH"},{"floor":15.0,"key":"REST"},{"data":"Loop","floor":24.0,"key":"SMITH"},{"data":"Turbo","floor":28.0,"key":"SMITH"},{"data":"Echo Form","floor":30.0,"key":"SMITH"},{"floor":33.0,"key":"REST"}],"circlet_count":0,"master_deck":["AscendersBane","Defend_B","Defend_B+1","Defend_B+1","Defend_B","Zap","Dualcast","Loop+1","Defragment+1","BootSequence","Consume","Electrodynamics","Ball Lightning","Storm+1","Conserve Battery","Glacier","Echo Form+1","Defragment","Static Discharge","Coolheaded","Turbo+1","White Noise","Amplify","Creative AI"],"relics":["Cracked Core","NeowsBlessing","Ornamental Fan","War Paint","Mercury Hourglass","CeramicFish","Runic Pyramid","Kunai","DataDisk","Toy Ornithopter","Busted Crown"],"acts_visited":["Exordium","TheCity","TheBeyond"],"potions_floor_usage":[],"damage_taken":[{"damage":0.0,"enemies":"Cultist","floor":1.0,"turns":1.0},{"damage":0.0,"enemies":"Jaw Worm","floor":5.0,"turns":1.0},{"damage":0.0,"enemies":"Gremlin Nob","floor":6.0,"turns":1.0},{"damage":0.0,"enemies":"2 Louse","floor":10.0,"turns":1.0},{"damage":24.0,"enemies":"Lagavulin","floor":11.0,"turns":4.0},{"damage":8.0,"enemies":"Lots of Slimes","floor":12.0,"turns":2.0},{"damage":1.0,"enemies":"Looter","floor":14.0,"turns":2.0},{"damage":9.0,"enemies":"Slime Boss","floor":16.0,"turns":6.0},{"damage":8.0,"enemies":"3 Byrds","floor":18.0,"turns":4.0},{"damage":10.0,"enemies":"Shell Parasite","floor":23.0,"turns":4.0},{"damage":7.0,"enemies":"Gremlin Leader","floor":25.0,"turns":3.0},{"damage":0.0,"enemies":"Snecko","floor":29.0,"turns":3.0},{"damage":17.0,"enemies":"Snake Plant","floor":31.0,"turns":3.0},{"damage":9.0,"enemies":"Chosen and Byrds","floor":32.0,"turns":5.0},{"damage":21.0,"enemies":"Champ","floor":34.0,"turns":8.0},{"damage":26.0,"enemies":"3 Darklings","floor":36.0,"turns":4.0},{"damage":6.0,"enemies":"3 Shapes","floor":37.0,"turns":3.0},{"damage":15.0,"enemies":"Writhing Mass","floor":39.0,"turns":5.0},{"damage":14,"enemies":"Transient","floor":40,"turns":1}],"seed_played":"-2349761500491036816","potions_obtained":[{"floor":5.0,"key":"FearPotion"},{"floor":10.0,"key":"Swift Potion"},{"floor":14.0,"key":"Ancient Potion"},{"floor":16.0,"key":"PowerPotion"},{"floor":29.0,"key":"LiquidBronze"},{"floor":36.0,"key":"SkillPotion"},{"floor":39.0,"key":"SteroidPotion"}],"is_trial":false,"path_per_floor":["M","?","?","$","M","E","?","R","T","M","E","M","R","M","R","B",null,"M","?","?","$","?","M","R","E","T","T","R","M","R","M","M","R","B",null,"M","M","?","M","M"],"character_chosen":"DEFECT","items_purchased":["Defragment","BootSequence","Static Discharge"],"campfire_rested":2,"item_purchase_floors":[4,4,21],"current_hp_per_floor":[64,57,54,54,54,54,54,54,54,54,30,22,22,21,42,33,62,54,54,54,54,54,44,44,37,37,37,37,37,37,20,11,32,11,56,30,29,29,14,0,0],"gold":403,"neow_bonus":"THREE_ENEMY_KILL","is_daily":false,"chose_seed":false,"campfire_upgraded":5,"win_rate":0.0,"timestamp":1612351871,"path_taken":["M","?","?","?","?","E","?","R","T","?","E","M","R","M","R","BOSS","M","?","?","$","?","M","R","E","T","T","R","M","R","M","M","R","BOSS","M","M","?","M","M"],"items_purchased_type":["Card","Card","Card"],"build_version":"2020-12-22","purchased_purges":1,"victory":false,"max_hp_per_floor":[71,71,71,71,71,71,71,71,71,71,71,71,71,71,71,71,71,71,71,71,71,71,71,71,71,71,71,71,71,71,71,71,71,71,71,71,71,71,71,71,71],"card_choices":[{"not_picked":["Sweeping Beam","Stack"],"picked":"Loop","floor":1.0},{"not_picked":["Reinforced Body","FTL"],"picked":"Consume","floor":5.0},{"not_picked":["Steam","Compile Driver"],"picked":"Electrodynamics","floor":6.0},{"not_picked":["Stack","Redo","Heatsinks"],"picked":"SKIP","floor":10.0},{"not_picked":["Stack","Go for the Eyes"],"picked":"Storm","floor":11.0},{"not_picked":["Steam","Auto Shields"],"picked":"Conserve Battery","floor":12.0},{"not_picked":["Steam Power","Turbo"],"picked":"Glacier","floor":14.0},{"not_picked":["Thunder Strike","Reboot"],"picked":"Echo Form","floor":16.0},{"not_picked":["Steam","Go for the Eyes"],"picked":"Defragment","floor":18.0},{"not_picked":["Leap+1","Steam"],"picked":"Coolheaded","floor":23.0},{"not_picked":["Conserve Battery","Undo"],"picked":"Turbo","floor":25.0},{"not_picked":["Heatsinks","FTL","Steam Power"],"picked":"SKIP","floor":29.0},{"not_picked":["Redo+1","Compile Driver+1"],"picked":"White Noise","floor":31.0},{"not_picked":["Beam Cell+1","Ball Lightning"],"picked":"Amplify","floor":32.0},{"not_picked":["Core Surge","Machine Learning"],"picked":"Creative AI","floor":34.0},{"not_picked":["Genetic Algorithm"],"picked":"SKIP","floor":36.0},{"not_picked":["Blizzard+1"],"picked":"SKIP","floor":37.0},{"not_picked":["Rebound"],"picked":"SKIP","floor":39.0}],"player_experience":369069,"relics_obtained":[{"floor":6.0,"key":"War Paint"},{"floor":9.0,"key":"Mercury Hourglass"},{"floor":11.0,"key":"CeramicFish"},{"floor":25.0,"key":"Kunai"},{"floor":26.0,"key":"DataDisk"},{"floor":27.0,"key":"Toy Ornithopter"}],"event_choices":[{"cards_removed":["Strike_B"],"damage_healed":0.0,"max_hp_gain":0.0,"max_hp_loss":0.0,"gold_gain":0.0,"event_name":"Golden Wing","player_choice":"Card Removal","floor":2.0,"gold_loss":0.0,"damage_taken":7.0},{"damage_healed":0.0,"max_hp_gain":0.0,"max_hp_loss":0.0,"gold_gain":0.0,"event_name":"Scrap Ooze","player_choice":"Success","floor":3.0,"gold_loss":0.0,"damage_taken":3.0,"relics_obtained":["Ornamental Fan"]},{"damage_healed":0.0,"max_hp_gain":0.0,"max_hp_loss":0.0,"gold_gain":0.0,"cards_transformed":["Strike_B"],"event_name":"Transmorgrifier","player_choice":"Transformed","floor":7.0,"gold_loss":0.0,"damage_taken":0.0,"cards_obtained":["Ball Lightning"]},{"cards_removed":["Strike_B"],"damage_healed":0.0,"max_hp_gain":0.0,"max_hp_loss":0.0,"gold_gain":0.0,"event_name":"Beggar","player_choice":"Gave Gold","floor":19.0,"gold_loss":75.0,"damage_taken":0.0},{"damage_healed":0.0,"max_hp_gain":0.0,"max_hp_loss":0.0,"gold_gain":0.0,"event_name":"Ghosts","player_choice":"Ignored","floor":20.0,"gold_loss":0.0,"damage_taken":0.0},{"damage_healed":0.0,"max_hp_gain":0.0,"max_hp_loss":0.0,"gold_gain":0.0,"event_name":"The Mausoleum","player_choice":"Ignored","floor":22.0,"gold_loss":0.0,"damage_taken":0.0},{"damage_healed":0.0,"max_hp_gain":0.0,"max_hp_loss":0.0,"gold_gain":0.0,"event_name":"Tomb of Lord Red Mask","player_choice":"Ignored","floor":38.0,"gold_loss":0.0,"damage_taken":0.0}],"is_beta":false,"boss_relics":[{"not_picked":["Snecko Eye","FrozenCore"],"picked":"Runic Pyramid"},{"not_picked":["Philosopher\u0027s Stone","Nuclear Battery"],"picked":"Busted Crown"}],"items_purged_floors":[21],"is_endless":false,"potions_floor_spawned":[5,10,14,16,29,32,34,36,39],"killed_by":"Transient","ascension_level":14}}