{"host":"njruw0b0uprlitpx","time":1612379508,"event":{"mods":["2.2 Compatiblity","Bartender","BaseMod","Better Altar","Better Match","Better Note","Better Sensory Stone","Better Skull","Better Third Choice","BetterRewards","Block Reminder","Colored Map","Colored Powertips","Ekko","Energized Spire","Jedi Mod","Keyboard Shortcuts","Minty Spire (QoL Compilation)","Quick Restart","Rare Cards Sparkle","Relic Stats","Replay The Spire","SacredBarkPlus","Spicy Shops","StSLib","SuperFastMode","The Blackbeard","The Construct","The Dragon Tamer","The Marked","The Mystic"],"gold_per_floor":[111,111,75,75,95,95,7,41,41,41,60,0,35,46,46,118,118,132,132,132,0,11,44,59,94,94,94,94,94,107,121,121,193,193,204,204,4,4,15,42,42,56,56,56,56,26,53,53,53,53],"floor_reached":51,"language":"ENG","playtime":1623,"items_purged":["Spreading Infection","ReplayTheSpireMod:Doomed"],"score":1734,"play_id":"2ed51afc-fef2-4181-b7dc-4c58acd9c952","local_time":"20210203131148","is_ascension_mode":true,"campfire_choices":[{"floor":6,"key":"REST"},{"data":"Dolphin_Blow","floor":15,"key":"SMITH"},{"data":"Form_Shift","floor":29,"key":"SMITH"},{"data":"Alacrity","floor":32,"key":"SMITH"},{"floor":41,"key":"REST"},{"data":"Raptor_Form","floor":45,"key":"SMITH"},{"floor":49,"key":"REST"}],"circlet_count":0,"master_deck":["AscendersBane","Defend_Bartender+1","Somersault","Momentum","Rising_Crane","Power_Up_Punch","Butterfly_Float+1","Perfect_Balance","Perfect_Balance+1","Perfect_Balance","Sucker_Punch","Power_Up_Punch","Form_Shift+1","Vortex","Snap_Punch","Dolphin_Blow+1","Cold_Blooded","Feint+1","ekkoTheBoyWhoShatteredTime:URF+1","Secret Weapon","Trip","Vortex","Ripple+1","Rope_A_Dope","Power_Up_Punch+1","Axe_Heel_Kick+1","Press_Forward","Alacrity+1","Dart","Tornado_Kick","Windup","Axe_Heel_Kick+1","Raptor_Form+1","ekkoTheBoyWhoShatteredTime:URF+1","Wall_of_Ice","Alacrity","OpoOpo_Form+1","RockBreaker"],"relics":["Sneakers","Ring of Misfortune","ReplayTheSpireMod:CursedCoin","Choco_Feather","Replay:Rubber Ducky","Gremlin Food","Replay:PocketPolymizer","Bottled Lightning","jedi:bottledfury","energizedSpire:EnergizedDie","Membership Card","Du-Vu Doll","Shuriken","Cleaning_Rag","jedi:angrymask","Tiny Chest","Runic Pyramid","Replay:Bottled Snecko","War Paint","Quantum Egg","Oddly Smooth Stone"],"acts_visited":["TheCity","TheBeyond"],"potions_floor_usage":[50],"damage_taken":[{"damage":3,"enemies":"2 Louse","floor":1,"turns":2},{"damage":0,"enemies":"Jaw Worm","floor":5,"turns":2},{"damage":0,"enemies":"Gremlin Nob","floor":8,"turns":3},{"damage":0,"enemies":"Cultist","floor":11,"turns":2},{"damage":0,"enemies":"3 Sentries","floor":13,"turns":4},{"damage":0,"enemies":"Looter","floor":14,"turns":2},{"damage":24,"enemies":"The Guardian","floor":16,"turns":6},{"damage":0,"enemies":"3 Byrds","floor":18,"turns":3},{"damage":0,"enemies":"Book of Stabbing","floor":23,"turns":4},{"damage":0,"enemies":"Shell Parasite","floor":24,"turns":2},{"damage":0,"enemies":"Replay:Snechameleon","floor":25,"turns":3},{"damage":0,"enemies":"Sentry and Sphere","floor":30,"turns":2},{"damage":2,"enemies":"Cultist and Chosen","floor":31,"turns":2},{"damage":0,"enemies":"Collector","floor":33,"turns":4},{"damage":0,"enemies":"3 Shapes","floor":35,"turns":2},{"damage":2,"enemies":"3 Darklings","floor":36,"turns":2},{"damage":23,"enemies":"Writhing Mass","floor":39,"turns":3},{"damage":6,"enemies":"Nemesis","floor":40,"turns":3},{"damage":0,"enemies":"Transient","floor":42,"turns":4},{"damage":0,"enemies":"Awakened One","floor":50,"turns":4}],"seed_played":"-5369896905227001319","potions_obtained":[{"floor":0,"key":"Regen Potion"},{"floor":0,"key":"LiquidBronze"},{"floor":13,"key":"DuplicationPotion"}],"is_trial":false,"path_per_floor":["M","?","$","?","M","R","$","E","T","$","M","$","E","M","R","B",null,"M","?","?","$","$","E","M","E","T","T","?","R","M","M","R","B",null,"M","M","$","?","M","E","R","M","T","?","R","$","T","?","R","B",null],"character_chosen":"BARTENDER","items_purchased":["ReplayTheSpireMod:CursedCoin","Choco_Feather","Rising_Crane","Power_Up_Punch","Butterfly_Float","Perfect_Balance","Perfect_Balance","Bottled Lightning","Form_Shift","Vortex","Ripple","Membership Card","Rope_A_Dope","Replay:Bottled Snecko","Raptor_Form","OpoOpo_Form"],"campfire_rested":3,"item_purchase_floors":[3,3,3,3,3,3,7,10,12,21,21,22,22,37,37,46],"current_hp_per_floor":[56,56,56,45,45,64,64,64,64,64,64,64,64,64,64,40,59,59,59,59,59,59,59,59,59,59,59,59,59,59,57,57,57,63,63,61,61,61,38,32,51,51,51,51,51,51,51,38,57,57],"gold":53,"neow_bonus":"THREE_SMALL_POTIONS","is_daily":false,"chose_seed":false,"campfire_upgraded":4,"win_rate":0.0,"timestamp":1612379508,"path_taken":["M","?","$","?","M","R","?","E","T","?","M","$","E","M","R","BOSS","M","?","?","?","$","E","?","E","T","?","?","R","M","M","R","BOSS","M","M","$","?","?","E","R","M","T","?","R","$","?","?","R","BOSS"],"items_purchased_type":["Relic","Relic","Card","Card","Card","Card","Card","Relic","Card","Card","Card","Relic","Card","Relic","Card","Card"],"build_version":"2020-12-22","purchased_purges":2,"victory":true,"max_hp_per_floor":[65,65,65,65,65,65,65,65,65,65,65,65,65,65,65,65,65,65,65,65,65,65,65,65,65,65,65,65,65,65,65,65,65,65,65,65,65,65,65,65,65,65,65,65,65,65,65,65,65,65],"relic_stats":{"counters":[20,58],"Shuriken":[24],"Tiny Chest":1,"War Paint":["Perfect_Balance","Defend_Bartender"],"obtain_stats":[{"Gremlin Food":8,"jedi:angrymask":27,"Sneakers":0,"Replay:PocketPolymizer":9,"ReplayTheSpireMod:CursedCoin":3,"Choco_Feather":3,"Quantum Egg":43,"energizedSpire:EnergizedDie":17,"Oddly Smooth Stone":47,"jedi:bottledfury":13,"War Paint":40,"Replay:Rubber Ducky":4,"Cleaning_Rag":26,"Du-Vu Doll":23,"Shuriken":25,"Ring of Misfortune":2,"Tiny Chest":28,"Bottled Lightning":10,"Membership Card":22,"Replay:Bottled Snecko":37,"Runic Pyramid":34},{"Gremlin Food":3,"jedi:angrymask":11,"Sneakers":0,"Replay:PocketPolymizer":3,"ReplayTheSpireMod:CursedCoin":1,"Choco_Feather":1,"Quantum Egg":19,"energizedSpire:EnergizedDie":7,"Oddly Smooth Stone":19,"jedi:bottledfury":5,"War Paint":18,"Replay:Rubber Ducky":1,"Cleaning_Rag":11,"Du-Vu Doll":9,"Shuriken":11,"Ring of Misfortune":1,"Tiny Chest":11,"Bottled Lightning":3,"Membership Card":8,"Replay:Bottled Snecko":16,"Runic Pyramid":14},{"Gremlin Food":7,"jedi:angrymask":32,"Sneakers":0,"Replay:PocketPolymizer":7,"ReplayTheSpireMod:CursedCoin":2,"Choco_Feather":2,"Quantum Egg":54,"energizedSpire:EnergizedDie":21,"Oddly Smooth Stone":54,"jedi:bottledfury":13,"War Paint":50,"Replay:Rubber Ducky":2,"Cleaning_Rag":32,"Du-Vu Doll":28,"Shuriken":32,"Ring of Misfortune":2,"Tiny Chest":32,"Bottled Lightning":7,"Membership Card":24,"Replay:Bottled Snecko":44,"Runic Pyramid":40}]},"card_choices":[{"not_picked":["Pony_Shot","Elbow_Slash"],"picked":"Momentum","floor":1},{"not_picked":["Bouncer","Step_Of_The_Wind","Tornado_Kick"],"picked":"SKIP","floor":5},{"not_picked":["Bitters","Pony_Shot"],"picked":"Sucker_Punch","floor":8},{"not_picked":["Press_Forward","With_A_Twist"],"picked":"Power_Up_Punch","floor":11},{"not_picked":["With_A_Twist","Storage"],"picked":"Vortex","floor":13},{"not_picked":["Pony_Shot","Center_Self"],"picked":"Snap_Punch","floor":14},{"not_picked":["Breathe_Deep","Combo_Master"],"picked":"Cold_Blooded","floor":16},{"not_picked":["Fading_Blow","Power_Up_Punch"],"picked":"Feint+1","floor":18},{"not_picked":["Specialist","jedi:RedIncense"],"picked":"Secret Weapon","floor":20},{"not_picked":["HandOfGreed","PanicButton"],"picked":"Trip","floor":20},{"not_picked":["Fading_Blow+1","Meditate","On_The_House+1"],"picked":"SKIP","floor":23},{"not_picked":["Alacrity","Sucker_Punch"],"picked":"Power_Up_Punch+1","floor":24},{"not_picked":["Well_Drinks","Snap_Punch+1"],"picked":"Axe_Heel_Kick+1","floor":25},{"not_picked":["Press_Forward","Meditate"],"picked":"Alacrity","floor":30},{"not_picked":["Press_Forward","On_The_Rocks"],"picked":"Dart","floor":31},{"not_picked":["Dolphin_Blow","Liquid_Armor"],"picked":"Windup","floor":33},{"not_picked":["Feint+1","Sucker_Punch","Phantom_Blow"],"picked":"SKIP","floor":35},{"not_picked":["On_The_Rocks","Training_Dummy"],"picked":"Axe_Heel_Kick+1","floor":36},{"not_picked":["Bitters","Scoop","Elbow_Slash"],"picked":"SKIP","floor":39},{"not_picked":["On_The_Rocks","Mirage","Elbow_Slash"],"picked":"SKIP","floor":40},{"not_picked":["Pony_Shot","Center_Self+1","Fading_Blow"],"picked":"SKIP","floor":42}],"player_experience":1552621,"relics_obtained":[{"floor":2,"key":"Ring of Misfortune"},{"floor":8,"key":"Gremlin Food"},{"floor":9,"key":"Replay:PocketPolymizer"},{"floor":13,"key":"jedi:bottledfury"},{"floor":23,"key":"Du-Vu Doll"},{"floor":25,"key":"Shuriken"},{"floor":26,"key":"Cleaning_Rag"},{"floor":27,"key":"jedi:angrymask"},{"floor":28,"key":"Tiny Chest"},{"floor":40,"key":"War Paint"},{"floor":43,"key":"Quantum Egg"},{"floor":47,"key":"Oddly Smooth Stone"}],"event_choices":[{"damage_healed":0,"gold_gain":0,"player_choice":"Relic ","damage_taken":11,"max_hp_gain":0,"max_hp_loss":0,"event_name":"betterThird:BetterScrap","floor":4,"gold_loss":0,"cards_obtained":["ReplayTheSpireMod:Scrap Shanks"]},{"cards_removed":["Momentum"],"damage_healed":0,"gold_gain":0,"player_choice":"Take \u0026 Give","damage_taken":0,"max_hp_gain":0,"max_hp_loss":0,"event_name":"betterNote:BetterNote","floor":19,"gold_loss":0,"cards_obtained":["ekkoTheBoyWhoShatteredTime:URF"]},{"damage_healed":0,"gold_gain":2,"player_choice":"1","damage_taken":0,"max_hp_gain":0,"max_hp_loss":0,"event_name":"betterStone:BetterStone","floor":20,"gold_loss":0},{"damage_healed":0,"gold_gain":0,"player_choice":"Copied","damage_taken":0,"max_hp_gain":0,"max_hp_loss":0,"event_name":"Duplicator","floor":38,"gold_loss":0,"cards_obtained":["ekkoTheBoyWhoShatteredTime:URF"]},{"cards_removed":["Strike_Bartender"],"damage_healed":0,"gold_gain":0,"player_choice":"Offered Basic","damage_taken":0,"max_hp_gain":0,"max_hp_loss":0,"event_name":"Bonfire Elementals","floor":44,"gold_loss":0},{"damage_healed":0,"gold_gain":0,"player_choice":"UP ","damage_taken":15,"relics_obtained":[],"max_hp_gain":0,"max_hp_loss":0,"event_name":"betterSkull:BetterSkull","floor":48,"gold_loss":0,"cards_upgraded":["Butterfly_Float"]}],"is_beta":false,"boss_relics":[{"not_picked":["Velvet Choker","Ring of Chaos"],"picked":"energizedSpire:EnergizedDie"},{"not_picked":["energizedSpire:HugeHouse","Busted Crown"],"picked":"Runic Pyramid"}],"items_purged_floors":[3,22],"is_endless":false,"potions_floor_spawned":[5,13,16,24,25,30,31,40,42],"ascension_level":16}}