{"host":"poixavpewvabi3b6","time":1612341172,"event":{"mods":["BaseMod","DeckTracker","GungeonMod","Minty Spire (QoL Compilation)","StSLib"],"gold_per_floor":[110,187,112,112,137,171,52,25,25,42,52,52,52,70,70,182,182,152,152],"floor_reached":18,"language":"KOR","playtime":1349,"items_purged":[],"score":210,"play_id":"876d8acd-adb4-4735-89cb-d193d2457b77","local_time":"20210203173252","is_ascension_mode":false,"campfire_choices":[{"floor":13,"key":"REST"},{"floor":15,"key":"REST"}],"circlet_count":0,"master_deck":["DemoMod:Strike_Huntress","DemoMod:Strike_Huntress","DemoMod:Strike_Huntress","DemoMod:Defend_Huntress","DemoMod:Defend_Huntress","DemoMod:Defend_Huntress","DemoMod:Defend_Huntress","DemoMod:Roll","DemoMod:ManualReload","DemoMod:RustySidearm","DemoMod:CrossBow","DemoMod:TableSutra+1","DemoMod:AC15","DemoMod:MegaHand","DemoMod:TripleGun","DemoMod:CombinedRifle","DemoMod:PotionOfGunFriendShip","DemoMod:ChanceBullets","DemoMod:SAA","DemoMod:FastSwitch","DemoMod:MachoBrace","DemoMod:FullFirepower"],"relics":["DemoMod:Dog","DemoMod:Limited","Anchor","Ornamental Fan","Omamori","Philosopher\u0027s Stone"],"acts_visited":["Exordium","TheCity"],"potions_floor_usage":[10,16,16,16],"damage_taken":[{"damage":1,"enemies":"Cultist","floor":1,"turns":5},{"damage":10,"enemies":"2 Louse","floor":5,"turns":5},{"damage":19,"enemies":"Gremlin Nob","floor":6,"turns":5},{"damage":0,"enemies":"Jaw Worm","floor":10,"turns":4},{"damage":31,"enemies":"Gremlin Gang","floor":11,"turns":7},{"damage":32,"enemies":"3 Louse","floor":14,"turns":6},{"damage":0,"enemies":"Slime Boss","floor":16,"turns":9},{"damage":1,"enemies":"2 Thieves","floor":18,"turns":2}],"seed_played":"-2160519158192319299","potions_obtained":[{"floor":5,"key":"Strength Potion"},{"floor":6,"key":"Fire Potion"},{"floor":11,"key":"LiquidMemories"},{"floor":14,"key":"SkillPotion"}],"is_trial":false,"path_per_floor":["M","?","$","?","M","E","$","$","T","M","M","?","R","M","R","B",null,"M"],"character_chosen":"HUNTRESS","items_purchased":["DemoMod:MegaHand","DemoMod:PotionOfGunFriendShip","DemoMod:ChanceBullets","DemoMod:SAA"],"campfire_rested":2,"item_purchase_floors":[3,7,7,8],"current_hp_per_floor":[69,69,69,69,59,40,40,40,40,40,9,32,53,21,42,42,70,69,69],"gold":152,"neow_bonus":"THREE_CARDS","is_daily":false,"chose_seed":false,"campfire_upgraded":0,"win_rate":0.0,"timestamp":1612341172,"path_taken":["M","?","$","?","M","E","?","$","T","M","?","?","R","M","R","BOSS","M"],"items_purchased_type":["Card","Card","Card","Card"],"build_version":"2020-12-22","purchased_purges":0,"victory":false,"max_hp_per_floor":[70,70,70,70,70,70,70,70,70,70,70,70,70,70,70,70,70,70,70],"card_choices":[{"not_picked":["DemoMod:Unmoved","DemoMod:ConditionalReflex"],"picked":"DemoMod:TableSutra","floor":0},{"not_picked":["DemoMod:Unmoved","DemoMod:Ejector"],"picked":"DemoMod:AC15","floor":1},{"not_picked":["DemoMod:Unmoved","DemoMod:AC15"],"picked":"DemoMod:TripleGun","floor":5},{"not_picked":["DemoMod:LifeOrb","DemoMod:Ejector"],"picked":"DemoMod:CombinedRifle","floor":6},{"not_picked":["DemoMod:DirectionalPad","DemoMod:PotionOfGunFriendShip"],"picked":"DemoMod:FastSwitch","floor":10},{"not_picked":["DemoMod:AWP","DemoMod:GunstockTap"],"picked":"DemoMod:MachoBrace","floor":11},{"not_picked":["DemoMod:Desperate","DemoMod:RadGun"],"picked":"DemoMod:DirectionalPad","floor":14},{"not_picked":["DemoMod:BSG","DemoMod:Slinger"],"picked":"DemoMod:FullFirepower","floor":16}],"player_experience":145414,"relics_obtained":[{"floor":6,"key":"Anchor"},{"floor":9,"key":"Ornamental Fan"},{"floor":16,"key":"Omamori"}],"event_choices":[{"damage_healed":0,"gold_gain":0,"player_choice":"Grow","damage_taken":0,"max_hp_gain":0,"max_hp_loss":0,"event_name":"Living Wall","floor":4,"gold_loss":0,"cards_upgraded":["DemoMod:TableSutra"]},{"damage_healed":23,"gold_gain":0,"player_choice":"Banana","damage_taken":0,"max_hp_gain":0,"max_hp_loss":0,"event_name":"Big Fish","floor":12,"gold_loss":0}],"is_beta":false,"boss_relics":[{"not_picked":["Coffee Dripper","SacredBark"],"picked":"Philosopher\u0027s Stone"}],"items_purged_floors":[],"is_endless":false,"potions_floor_spawned":[5,6,11,14],"killed_by":"2 Thieves","ascension_level":0}}