{"host":"6e4d2nejd5141r00","time":1612376586,"event":{"mods":["Act Like it!","BaseMod","Better Synergies","Better Third Choice","BetterRewards","Colored Map","Colored Powertips","Downfall","GifTheSpireLib","Infinite Spire","Minty Spire (QoL Compilation)","Pale of the Ancients","Relic Stats","Replay The Spire","StSLib","Wandering Minibosses"],"gold_per_floor":[99,99,99,99,99,114,114,14,47,47,47,64,49,79,94,190,190,90,75,75,92,92,110,110,10,10,45,45,70,70,100,117,214,214,214,226,275,375,388,388,388,388,406,406,417,430,461,472,490,490,490,490],"floor_reached":50,"language":"ENG","playtime":2773,"items_purged":[],"score":586,"play_id":"e625b92e-23e6-437e-9a3d-7ba81260f4bb","local_time":"20210203192306","is_ascension_mode":false,"campfire_choices":[{"floor":1,"key":"RECALL"},{"data":"champ:Taunt","floor":8,"key":"SMITH"},{"data":"champ:FalseCounter","floor":10,"key":"SMITH"},{"data":"champ:StrikeOfGenius","floor":18,"key":"SMITH"},{"data":"champ:ShieldWall","floor":25,"key":"SMITH"},{"floor":28,"key":"REST"},{"data":"champ:Circumvent","floor":30,"key":"SMITH"},{"data":"champ:TornadoPunch","floor":35,"key":"SMITH"},{"floor":44,"key":"REST"}],"circlet_count":0,"master_deck":["champ:Strike","champ:Strike","champ:Strike","champ:Strike","champ:Defend","champ:Defend","champ:Defend","champ:Defend","champ:Execute","champ:Taunt+1","champ:HoldFirm","champ:TornadoPunch+1","champ:FalseCounter+1","Parasite","champ:ShieldWall+1","champ:PreemptiveStrike","champ:BringItOn","champ:StrikeOfGenius+1","champ:StrikeOfGenius+1","champ:DefensiveShout","champ:Duel","champ:Circumvent+1","champ:FlashCut","champ:CheapShot","AbeCurse","champ:IronFortress+1","champ:SkillfulDodge","champ:LastStand","champ:StanceDance","champ:GladiatorStyle"],"relics":["champ:ChampionCrownUpgraded","downfall:HeartsMalice","downfall:HeartBlessingRed","Divine Protection","Art of War","downfall:HeartBlessingGreen","MutagenicStrength","Kunai","downfall:HeartBlessingBlue","Ring of Fury","Ring of Panic","infinitespire:WardingShard","Meat on the Bone","Singing Bowl","Abe\u0027s Treasure","infinitespire:CursedDice","Toy Ornithopter","White Beast Statue","Strange Spoon","Black Star","Happy Flower","infinitespire:Beetle Shell"],"acts_visited":["Exordium","TheCity","TheBeyond"],"potions_floor_usage":[13,19,23,38,45,46,47,50,50],"damage_taken":[{"damage":0,"enemies":"2 Louse","floor":2,"turns":1},{"damage":0,"enemies":"Cultist","floor":3,"turns":1},{"damage":0,"enemies":"Small Slimes","floor":5,"turns":1},{"damage":10,"enemies":"Blue Slaver","floor":6,"turns":4},{"damage":43,"enemies":"Gremlin Nob","floor":9,"turns":5},{"damage":6,"enemies":"Red Slaver","floor":12,"turns":6},{"damage":2,"enemies":"downfall:FleeingMerchant","floor":13,"turns":4},{"damage":24,"enemies":"3 Sentries","floor":14,"turns":7},{"damage":0,"enemies":"Exordium Wildlife","floor":15,"turns":3},{"damage":60,"enemies":"WA_ARCHETYPE_RETAIN","floor":16,"turns":10},{"damage":17,"enemies":"downfall:FleeingMerchant","floor":19,"turns":4},{"damage":11,"enemies":"3 Byrds","floor":21,"turns":6},{"damage":18,"enemies":"Shelled Parasite and Fungi","floor":23,"turns":6},{"damage":14,"enemies":"Replay:Snechameleon","floor":27,"turns":4},{"damage":12,"enemies":"Slavers","floor":29,"turns":4},{"damage":21,"enemies":"Nightmare","floor":31,"turns":6},{"damage":2,"enemies":"3 Cultists","floor":32,"turns":2},{"damage":73,"enemies":"SI_MIRROR_ARCHETYPE","floor":33,"turns":9},{"damage":33,"enemies":"Orb Walker","floor":36,"turns":5},{"damage":16,"enemies":"2 Orb Walkers","floor":37,"turns":4},{"damage":23,"enemies":"downfall:LadyInBlue","floor":38,"turns":8},{"damage":0,"enemies":"3 Shapes","floor":39,"turns":3},{"damage":54,"enemies":"Maw","floor":43,"turns":7},{"damage":7,"enemies":"Jaw Worm Horde","floor":45,"turns":3},{"damage":40,"enemies":"Spire Growth","floor":46,"turns":5},{"damage":100,"enemies":"Nemesis","floor":47,"turns":7},{"damage":24,"enemies":"Maw","floor":48,"turns":7},{"damage":61,"enemies":"Transient","floor":49,"turns":5},{"damage":69,"enemies":"IC_BLOCK_ARCHETYPE","floor":50,"turns":9}],"seed_played":"-8214539356239744018","potions_obtained":[{"floor":9,"key":"SteroidPotion"},{"floor":12,"key":"Toxic Potion"},{"floor":15,"key":"SpeedPotion"},{"floor":16,"key":"ColorlessPotion"},{"floor":21,"key":"FairyPotion"},{"floor":31,"key":"Weak Potion"},{"floor":32,"key":"Languid Potion"},{"floor":38,"key":"Swift Potion"},{"floor":39,"key":"ColorlessPotion"},{"floor":45,"key":"Dexterity Potion"},{"floor":46,"key":"EssenceOfSteel"},{"floor":47,"key":"FearPotion"},{"floor":49,"key":"BlessingOfTheForge"}],"is_trial":false,"path_per_floor":["R","M","M","?","M","M","T","R","E","R","?","M","$","E","M","B",null,"R","$","?","M","?","M","T","R","?","E","R","E","R","NM","M","B",null,"R","M","?","?","M","?","T","AVR","M","R","M","M","E","M","M","B"],"character_chosen":"THE_CHAMP","items_purchased":[],"campfire_rested":2,"item_purchase_floors":[],"current_hp_per_floor":[90,90,90,85,85,85,85,85,52,52,74,78,86,72,72,32,90,90,90,90,79,79,66,66,76,76,77,100,100,100,83,93,77,104,104,88,82,84,86,86,86,86,61,93,108,103,41,54,52,0,0,0],"gold":490,"neow_bonus":"THREE_ENEMY_KILL","is_daily":false,"chose_seed":false,"campfire_upgraded":6,"win_rate":0.0,"timestamp":1612376586,"path_taken":["R","M","M","?","?","M","T","R","E","R","?","M","$","E","M","BOSS","R","$","?","?","?","M","T","R","?","E","R","E","R","NM","M","BOSS","R","M","?","?","?","?","T","AVR","M","R","M","M","E","M","M","BOSS"],"items_purchased_type":[],"build_version":"2020-12-22","purchased_purges":0,"victory":false,"max_hp_per_floor":[90,90,90,90,90,90,90,90,90,90,90,90,90,90,90,90,90,90,90,90,90,90,90,90,100,100,100,100,100,100,102,104,104,104,104,104,104,104,106,106,106,106,108,108,110,110,112,112,114,114,114,114],"relic_stats":{"Strange Spoon":[18],"Singing Bowl":14,"Happy Flower":[7],"counters":[29,143],"Art of War":[17],"Black Star":1,"Kunai":[33],"obtain_stats":[{"Divine Protection":9,"downfall:HeartBlessingRed":8,"Singing Bowl":31,"Happy Flower":47,"infinitespire:CursedDice":37,"champ:ChampionCrown":0,"downfall:HeartsMalice":0,"downfall:HeartBlessingGreen":18,"champ:ChampionCrownUpgraded":17,"infinitespire:Beetle Shell":47,"White Beast Statue":41,"Strange Spoon":42,"infinitespire:WardingShard":27,"downfall:HeartBlessingBlue":25,"MutagenicStrength":22,"Ring of Fury":26,"Art of War":14,"Black Star":42,"Kunai":24,"Ring of Panic":26,"Abe\u0027s Treasure":34,"Toy Ornithopter":38,"Meat on the Bone":29},{"Divine Protection":5,"downfall:HeartBlessingRed":4,"Singing Bowl":16,"Happy Flower":26,"infinitespire:CursedDice":20,"champ:ChampionCrown":0,"downfall:HeartsMalice":0,"downfall:HeartBlessingGreen":10,"champ:ChampionCrownUpgraded":10,"infinitespire:Beetle Shell":26,"White Beast Statue":22,"Strange Spoon":22,"infinitespire:WardingShard":14,"downfall:HeartBlessingBlue":13,"MutagenicStrength":12,"Ring of Fury":13,"Art of War":8,"Black Star":22,"Kunai":13,"Ring of Panic":13,"Abe\u0027s Treasure":18,"Toy Ornithopter":21,"Meat on the Bone":15},{"Divine Protection":9,"downfall:HeartBlessingRed":4,"Singing Bowl":69,"Happy Flower":122,"infinitespire:CursedDice":89,"champ:ChampionCrown":0,"downfall:HeartsMalice":0,"downfall:HeartBlessingGreen":39,"champ:ChampionCrownUpgraded":39,"infinitespire:Beetle Shell":122,"White Beast Statue":100,"Strange Spoon":100,"infinitespire:WardingShard":59,"downfall:HeartBlessingBlue":55,"MutagenicStrength":49,"Ring of Fury":55,"Art of War":26,"Black Star":100,"Kunai":55,"Ring of Panic":55,"Abe\u0027s Treasure":80,"Toy Ornithopter":97,"Meat on the Bone":63}],"Toy Ornithopter":25,"Meat on the Bone":60},"card_choices":[{"not_picked":["champ:DefensiveShout","champ:BladeFlurry","champ:CrownThrow"],"picked":"SKIP","floor":2},{"not_picked":["champ:Shatter","champ:AdrenalArmor"],"picked":"champ:HoldFirm","floor":3},{"not_picked":["champ:Endure","champ:BringItOn"],"picked":"champ:TornadoPunch","floor":5},{"not_picked":["champ:PreciseThrust","champ:FocusedBerserking","champ:CrownThrow"],"picked":"SKIP","floor":6},{"not_picked":["champ:FlashCut","champ:EnragedBash"],"picked":"champ:FalseCounter","floor":9},{"not_picked":["champ:PerfectedStrike","champ:ShieldSlam"],"picked":"champ:ShieldWall","floor":12},{"not_picked":["champ:RapidStrikes","champ:PreciseThrust"],"picked":"champ:PreemptiveStrike","floor":13},{"not_picked":["champ:BerserkersShout","champ:FalseCounter","champ:GutPunch"],"picked":"SKIP","floor":14},{"not_picked":["champ:FancyFootwork","champ:Encircle"],"picked":"champ:BringItOn","floor":15},{"not_picked":["champ:VampiricStrike","champ:LastStand"],"picked":"champ:StrikeOfGenius","floor":16},{"not_picked":["champ:SteelEdge","champ:BringItOn","champ:FalseCounter"],"picked":"SKIP","floor":19},{"not_picked":["champ:Haymaker","champ:GutPunch"],"picked":"champ:DefensiveShout","floor":21},{"not_picked":["champ:BerserkersShout","champ:FocusedBerserking"],"picked":"champ:Duel","floor":23},{"not_picked":["champ:DancingMaster","champ:BladeFlurry"],"picked":"champ:Circumvent","floor":27},{"not_picked":["champ:CrownThrow","champ:RecklessLeap"],"picked":"champ:FlashCut","floor":29},{"not_picked":["champ:Backstep","champ:PreciseThrust","champ:DancingMaster"],"picked":"Singing Bowl","floor":31},{"not_picked":["champ:FanOfKnives","champ:Haymaker+1","champ:Shatter+1"],"picked":"Singing Bowl","floor":32},{"not_picked":["champ:IgnorePain","champ:LastStand"],"picked":"champ:CheapShot","floor":33},{"not_picked":["champ:CrownThrow+1","champ:FocusedDefense+1"],"picked":"champ:IronFortress+1","floor":36},{"not_picked":["champ:BerserkersShout+1","champ:FaceSlap+1"],"picked":"champ:SkillfulDodge","floor":37},{"not_picked":["champ:FlashCut+1","champ:Duel"],"picked":"champ:LastStand","floor":38},{"not_picked":["champ:EnGarde+1","champ:FancyFootwork+1","champ:BringItOn"],"picked":"Singing Bowl","floor":39},{"not_picked":["champ:HeartStrike","champ:BringItOn+1","champ:ShieldSlam+1"],"picked":"Singing Bowl","floor":43},{"not_picked":["champ:BladeFlurry+1","champ:EnGarde","champ:EnragedBash"],"picked":"Singing Bowl","floor":45},{"not_picked":["champ:BerserkersShout+1","champ:EnragedBash"],"picked":"champ:StanceDance","floor":46},{"not_picked":["champ:Haymaker+1","champ:Shatter","champ:FaceSlap+1"],"picked":"Singing Bowl","floor":47},{"not_picked":["champ:TornadoPunch","champ:CrownThrow+1"],"picked":"champ:GladiatorStyle","floor":48},{"not_picked":["champ:FancyFootwork","champ:TornadoPunch+1","champ:RapidStrikes"],"picked":"Singing Bowl","floor":49}],"player_experience":129165,"relics_obtained":[{"floor":9,"key":"Divine Protection"},{"floor":14,"key":"Art of War"},{"floor":24,"key":"Kunai"},{"floor":26,"key":"Ring of Fury"},{"floor":26,"key":"Ring of Panic"},{"floor":27,"key":"infinitespire:WardingShard"},{"floor":29,"key":"Meat on the Bone"},{"floor":31,"key":"Singing Bowl"},{"floor":37,"key":"infinitespire:CursedDice"},{"floor":38,"key":"Toy Ornithopter"},{"floor":41,"key":"White Beast Statue"},{"floor":47,"key":"Happy Flower"},{"floor":47,"key":"infinitespire:Beetle Shell"}],"event_choices":[{"damage_healed":22,"gold_gain":0,"player_choice":"Healed and dodged fight","damage_taken":0,"max_hp_gain":0,"max_hp_loss":0,"event_name":"Mushrooms","floor":11,"gold_loss":0,"cards_obtained":["Parasite"]},{"damage_healed":0,"gold_gain":0,"player_choice":"Inject Mutagens","damage_taken":0,"relics_obtained":["MutagenicStrength"],"max_hp_gain":0,"max_hp_loss":0,"event_name":"Drug Dealer","floor":22,"gold_loss":0},{"damage_healed":0,"gold_gain":0,"player_choice":"Fight","damage_taken":0,"max_hp_gain":0,"max_hp_loss":0,"event_name":"Mysterious Sphere","floor":37,"gold_loss":0}],"is_beta":false,"boss_relics":[{"not_picked":["SlaversCollar","Snecko Eye"],"picked":"champ:ChampionCrownUpgraded"},{"not_picked":["Busted Crown","Runic Dome"],"picked":"Abe\u0027s Treasure"}],"items_purged_floors":[],"is_endless":true,"potions_floor_spawned":[9,12,15,16,21,31,32,37,39,43,45,46,47,48,49],"killed_by":"IC_BLOCK_ARCHETYPE","ascension_level":0}}