{"host":"h2977v3ax51ohsow","time":1612357182,"event":{"mods":["Act Like it!","BaseMod","Colored Powertips","Koishi","Lobotomy","LobotomyExtend","Marisa£®ÏF”Í°°ƒß¿Ì…≥£©","Minty Spire (QoL Compilation)","Reimu£®≤©¿ˆ¡È√Œ£©","Remilia£®¿Ÿ√◊¿Ú—«£©","StSLib","The Administrix","The Servant 0.9.4"],"gold_per_floor":[213,228,247,265,265,290,305,324,324,353,151,162,190,205,205,205,205],"floor_reached":16,"language":"ZHS","playtime":850,"items_purged":[],"score":157,"play_id":"f519a7ea-9ec6-455f-be51-3d976d74f47a","local_time":"20210203205942","is_ascension_mode":true,"campfire_choices":[{"data":"Body Slam","floor":15.0,"key":"SMITH"}],"circlet_count":0,"master_deck":["Strike_R","Strike_R","Strike_R","Strike_R","Strike_R","Defend_R","Defend_R","Defend_R","Defend_R","Bash","Flex","Thunderclap","Body Slam","Body Slam+1","Flame Barrier","Metallicize","Twin Strike","Power Through","Brutality","Second Wind","Shrug It Off","Juggernaut"],"relics":["Burning Blood","LetterFromLob","Mango","Matryoshka","Potion Belt","Bag of Preparation"],"acts_visited":["Exordium"],"potions_floor_usage":[16,16],"damage_taken":[{"damage":6.0,"enemies":"2 Louse","floor":1.0,"turns":3.0},{"damage":5.0,"enemies":"Small Slimes","floor":2.0,"turns":4.0},{"damage":6.0,"enemies":"Jaw Worm","floor":3.0,"turns":4.0},{"damage":14.0,"enemies":"Lots of Slimes","floor":4.0,"turns":5.0},{"damage":42.0,"enemies":"3 Sentries","floor":6.0,"turns":10.0},{"damage":8.0,"enemies":"Large Slime","floor":7.0,"turns":6.0},{"damage":0.0,"enemies":"2 Fungi Beasts","floor":8.0,"turns":3.0},{"damage":37.0,"enemies":"Lagavulin","floor":10.0,"turns":7.0},{"damage":9.0,"enemies":"Blue Slaver","floor":12.0,"turns":3.0},{"damage":14.0,"enemies":"Gremlin Nob","floor":13.0,"turns":5.0},{"damage":2.0,"enemies":"Large Slime","floor":14.0,"turns":8.0},{"damage":27,"enemies":"Slime Boss","floor":16,"turns":3}],"seed_played":"-6357410824568157977","potions_obtained":[{"floor":3.0,"key":"Strength Potion"},{"floor":6.0,"key":"Weak Potion"},{"floor":10.0,"key":"SteroidPotion"},{"floor":12.0,"key":"Energy Potion"},{"floor":13.0,"key":"BloodPotion"},{"floor":14.0,"key":"SkillPotion"}],"is_trial":false,"path_per_floor":["M","M","M","M","?","E","M","M","T","E","$","M","E","M","R","B"],"character_chosen":"IRONCLAD","items_purchased":["Power Through","Brutality"],"campfire_rested":0,"item_purchase_floors":[11,11],"current_hp_per_floor":[80,80,80,72,77,55,53,59,59,28,28,25,17,21,21,0,0],"gold":205,"neow_bonus":"HUNDRED_GOLD","is_daily":false,"chose_seed":false,"campfire_upgraded":1,"win_rate":0.0,"timestamp":1612357182,"path_taken":["M","M","M","M","?","E","M","M","T","E","$","M","E","M","R","BOSS"],"items_purchased_type":["Card","Card"],"build_version":"2020-12-22","purchased_purges":0,"victory":false,"max_hp_per_floor":[80,80,80,80,85,99,99,99,99,99,99,99,99,99,99,99,99],"card_choices":[{"not_picked":["Iron Wave","Infernal Blade"],"picked":"Flex","floor":1.0},{"not_picked":["Rupture","Perfected Strike"],"picked":"Thunderclap","floor":2.0},{"not_picked":["Reckless Charge","Perfected Strike"],"picked":"Body Slam","floor":3.0},{"not_picked":["Dark Embrace","Flex"],"picked":"Body Slam","floor":4.0},{"not_picked":["Disarm","Thunderclap"],"picked":"Flame Barrier","floor":6.0},{"not_picked":["Cleave","Clothesline"],"picked":"Metallicize","floor":7.0},{"not_picked":["Heavy Blade","Uppercut"],"picked":"Twin Strike","floor":8.0},{"not_picked":["Twin Strike","Rupture","Clash"],"picked":"SKIP","floor":10.0},{"not_picked":["Clothesline","Disarm"],"picked":"Second Wind","floor":12.0},{"not_picked":["Power Through","Shockwave"],"picked":"Shrug It Off","floor":13.0},{"not_picked":["Battle Trance","Whirlwind"],"picked":"Juggernaut","floor":14.0}],"player_experience":132531,"relics_obtained":[{"floor":1.0,"key":"LetterFromLob"},{"floor":6.0,"key":"Mango"},{"floor":9.0,"key":"Matryoshka"},{"floor":10.0,"key":"Potion Belt"},{"floor":13.0,"key":"Bag of Preparation"}],"event_choices":[{"damage_healed":0.0,"max_hp_gain":5.0,"max_hp_loss":0.0,"gold_gain":0.0,"event_name":"Big Fish","player_choice":"Donut","floor":5.0,"gold_loss":0.0,"damage_taken":0.0}],"is_beta":false,"boss_relics":[],"items_purged_floors":[],"is_endless":false,"potions_floor_spawned":[3,6,10,12,13,14],"killed_by":"Slime Boss","ascension_level":1}}