{"host":"2qv44oxt58ptq59r","time":1612381228,"event":{"mods":["AchievementEnabler","BaseMod","Colored Powertips","Highlight Path","Minty Spire (QoL Compilation)","Permanent Neow","StSLib"],"gold_per_floor":[117,130,130,142,154,189,189,189,189,66,66,98,98,120,120,215,215,235,235,235],"floor_reached":19,"language":"ENG","playtime":18299,"items_purged":["Strike_R"],"score":175,"play_id":"a47284d0-3275-45c4-922c-277e365d7549","local_time":"20210203194028","is_ascension_mode":false,"campfire_choices":[{"floor":7,"key":"RECALL"},{"floor":11,"key":"REST"},{"floor":15,"key":"REST"}],"circlet_count":0,"master_deck":["Strike_R+1","Strike_R","Defend_R","Defend_R","Defend_R","Bash+1","Disarm+1","Shrug It Off","Headbutt","Exhume","Shockwave","Demon Form","Havoc+1","Warcry+1","Sever Soul+1","Wild Strike"],"relics":["Burning Blood","Tiny Chest","Bottled Flame","Ornamental Fan","The Courier","Odd Mushroom","Astrolabe"],"acts_visited":["Exordium","TheCity"],"potions_floor_usage":[5,12,14],"damage_taken":[{"damage":9,"enemies":"Small Slimes","floor":1,"turns":4},{"damage":1,"enemies":"Cultist","floor":2,"turns":5},{"damage":0,"enemies":"Jaw Worm","floor":4,"turns":5},{"damage":1,"enemies":"2 Fungi Beasts","floor":5,"turns":4},{"damage":33,"enemies":"3 Sentries","floor":6,"turns":11},{"damage":24,"enemies":"Gremlin Nob","floor":12,"turns":4},{"damage":23,"enemies":"The Mushroom Lair","floor":14,"turns":6},{"damage":17,"enemies":"The Guardian","floor":16,"turns":15},{"damage":43,"enemies":"Spheric Guardian","floor":18,"turns":7},{"damage":55,"enemies":"Masked Bandits","floor":19,"turns":3}],"seed_played":"-459561838149114642","potions_obtained":[{"floor":4,"key":"SpeedPotion"},{"floor":6,"key":"DistilledChaos"},{"floor":16,"key":"PowerPotion"}],"is_trial":false,"path_per_floor":["M","M","?","M","M","E","R","?","T","$","R","E","T","?","R","B",null,"M","?"],"character_chosen":"IRONCLAD","items_purchased":["PowerPotion"],"campfire_rested":2,"item_purchase_floors":[10],"current_hp_per_floor":[77,80,80,80,80,53,53,37,37,37,61,43,43,26,50,39,80,43,0,0],"gold":235,"neow_bonus":"RANDOM_COMMON_RELIC","is_daily":false,"chose_seed":false,"campfire_upgraded":0,"win_rate":0.0,"timestamp":1612381228,"path_taken":["M","M","?","M","?","E","R","?","T","$","R","E","?","?","R","BOSS","M","?"],"items_purchased_type":["Potion"],"build_version":"2020-12-22","purchased_purges":1,"victory":false,"max_hp_per_floor":[80,80,80,80,80,80,80,80,80,80,80,80,80,80,80,80,80,80,80,80],"card_choices":[{"not_picked":["Twin Strike","Armaments"],"picked":"Disarm","floor":1},{"not_picked":["Pommel Strike","Iron Wave"],"picked":"Shrug It Off","floor":2},{"not_picked":["Armaments","Burning Pact","Shrug It Off"],"picked":"SKIP","floor":4},{"not_picked":["Second Wind","Havoc"],"picked":"Headbutt","floor":5},{"not_picked":["Sentinel","Entrench","Pummel"],"picked":"SKIP","floor":6},{"not_picked":["Combust","Headbutt"],"picked":"Exhume","floor":12},{"not_picked":["Flame Barrier","Searing Blow"],"picked":"Shockwave","floor":14},{"not_picked":["Feed","Brutality"],"picked":"Demon Form","floor":16},{"not_picked":["Burning Pact","Twin Strike"],"picked":"Wild Strike","floor":18}],"player_experience":5560653,"relics_obtained":[{"floor":6,"key":"Bottled Flame"},{"floor":12,"key":"Ornamental Fan"},{"floor":13,"key":"The Courier"},{"floor":14,"key":"Odd Mushroom"}],"event_choices":[{"damage_healed":0,"gold_gain":0,"player_choice":"Upgraded","damage_taken":0,"max_hp_gain":0,"max_hp_loss":0,"event_name":"Upgrade Shrine","floor":3,"gold_loss":0,"cards_upgraded":["Bash"]},{"damage_healed":0,"gold_gain":0,"player_choice":"Entered Light","damage_taken":16,"max_hp_gain":0,"max_hp_loss":0,"event_name":"Shining Light","floor":8,"gold_loss":0,"cards_upgraded":["Disarm","Strike_R"]},{"damage_healed":0,"gold_gain":0,"player_choice":"Fought Mushrooms","damage_taken":0,"max_hp_gain":0,"max_hp_loss":0,"event_name":"Mushrooms","floor":14,"gold_loss":0},{"damage_healed":0,"gold_gain":0,"player_choice":"Fought Bandits","damage_taken":0,"max_hp_gain":0,"max_hp_loss":0,"event_name":"Masked Bandits","floor":19,"gold_loss":0}],"is_beta":false,"boss_relics":[{"not_picked":["Runic Dome","SlaversCollar"],"picked":"Astrolabe"}],"items_purged_floors":[10],"is_endless":false,"potions_floor_spawned":[4,6,16],"killed_by":"Masked Bandits","ascension_level":0}}