{"host":"ertcy5wga10zev2p","time":1612359777,"event":{"mods":["BaseMod","BetterRewards","Colored Map","Colored Powertips","Infinite Spire","Minty Spire (QoL Compilation)","Replay The Spire","Shop Mod","StSLib","The Jungle"],"gold_per_floor":[116,140,140,209,30,30,63,79,79,152,171,27,43,73,73,172,172,191,241,301,316,366,397,397,430,482,482,532,560,560,624,624,721,721,737,748,814,909,865,865,101,101,101,135,154,204,218,218,218,248,248,248,248],"floor_reached":52,"language":"ENG","playtime":1720,"items_purged":["Shame","Pot Of Greed"],"score":971,"play_id":"6986bdc9-9f7a-4c06-8825-3a9fef4a20e8","local_time":"20210203134257","is_ascension_mode":true,"campfire_choices":[{"data":"Inflame","floor":6,"key":"SMITH"},{"data":"Inflame","floor":15,"key":"SMITH"},{"floor":27,"key":"REST"},{"data":"Demon Form","floor":30,"key":"SMITH"},{"data":"infinitespire:FutureSight","floor":32,"key":"SMITH"},{"data":"Perfected Strike","floor":40,"key":"SMITH"},{"data":"Pot Of Greed","floor":42,"key":"SMITH"},{"data":"Pot Of Greed","floor":51,"key":"SMITH"}],"circlet_count":0,"master_deck":["Strike_R","Strike_R","Strike_R","Strike_R","Strike_R","Defend_R","Defend_R+1","Bash","Pommel Strike","Sword Boomerang","Inflame+1","Heavy Blade","Flex+1","Pommel Strike","Cleave","Twin Strike","Inflame+1","Sword Boomerang","Perfected Strike","Demon Form+1","Twin Strike+1","Whirlwind","Perfected Strike+1","Pommel Strike+1","infinitespire:FutureSight+1","Feed","Twin Strike","Inflame+1","Perfected Strike+1","Pot Of Greed+1","Pot Of Greed+1","Heavy Blade+1","Anger","Flex+1"],"relics":["Black Blood","NeowsBlessing","infinitespire:Lucky Rock","SsserpentHead","Orrery","Ornamental Fan","Gremlin Horn","Pet Ghost","ReplayTheSpireMod:TigerMarble","Charon\u0027s Ashes","SlaversCollar","theJungle:PaperFaux","Quantum Egg","Philosopher\u0027s Stone","Bottled Flame","War Paint","Blood Vial","Happy Flower","Prayer Wheel","Juzu Bracelet","Grinning Jar","infinitespire:Joker Card","Darkstone Periapt","HandDrill","Replay:WaspNest","Lantern","Bird Faced Urn"],"acts_visited":["Exordium","theJungle:Jungle","TheBeyond"],"potions_floor_usage":[7,16,16,21,21,33,33,50,52,52],"damage_taken":[{"damage":0,"enemies":"Cultist","floor":1,"turns":1},{"damage":0,"enemies":"Jaw Worm","floor":4,"turns":1},{"damage":0,"enemies":"Lagavulin","floor":7,"turns":1},{"damage":2,"enemies":"Small Slimes","floor":8,"turns":2},{"damage":13,"enemies":"Red Slaver","floor":11,"turns":2},{"damage":0,"enemies":"Large Slime","floor":13,"turns":2},{"damage":12,"enemies":"Replay:BlueRogue","floor":14,"turns":3},{"damage":0,"enemies":"Slime Boss","floor":16,"turns":4},{"damage":14,"enemies":"theJungle:5_Spyders","floor":18,"turns":3},{"damage":24,"enemies":"Shell Parasite","floor":20,"turns":3},{"damage":42,"enemies":"Snake Plant","floor":21,"turns":4},{"damage":6,"enemies":"theJungle:2_Phrogs","floor":23,"turns":3},{"damage":26,"enemies":"Nightmare","floor":25,"turns":4},{"damage":0,"enemies":"theJungle:MamaSnecko","floor":29,"turns":2},{"damage":0,"enemies":"theJungle:2_Snecko_Cultists","floor":31,"turns":1},{"damage":57,"enemies":"theJungle:TotemBoss","floor":33,"turns":3},{"damage":32,"enemies":"3 Shapes","floor":35,"turns":3},{"damage":11,"enemies":"Orb Walker","floor":36,"turns":2},{"damage":12,"enemies":"Spire Growth","floor":37,"turns":3},{"damage":35,"enemies":"Nightmare","floor":44,"turns":3},{"damage":0,"enemies":"Jaw Worm Horde","floor":45,"turns":1},{"damage":23,"enemies":"Sphere and 2 Shapes","floor":47,"turns":2},{"damage":12,"enemies":"Reptomancer","floor":50,"turns":2}],"seed_played":"7445303898121550351","potions_obtained":[{"floor":4,"key":"BlessingOfTheForge"},{"floor":8,"key":"LifebloodPotion"},{"floor":11,"key":"BloodPotion"},{"floor":14,"key":"PowerPotion"},{"floor":20,"key":"Venom Potion"},{"floor":21,"key":"Languid Potion"},{"floor":23,"key":"Flashbang"},{"floor":33,"key":"Adrenaline Potion"},{"floor":35,"key":"Ancient Potion"},{"floor":44,"key":"BlessingOfTheForge"}],"is_trial":false,"path_per_floor":["M","T","?","M","$","R","E","M","T","T","M","$","M","E","R","B",null,"M","?","M","M","?","E","AVR","NM","T","R","?","E","R","M","R_BF","B",null,"M","M","M","T","?","R","$","R","T","NM","M","?","M","PTL","PTL","E","R","B"],"character_chosen":"IRONCLAD","items_purchased":["Inflame","Orrery","ReplayTheSpireMod:TigerMarble","infinitespire:Joker Card","Darkstone Periapt","HandDrill"],"campfire_rested":1,"item_purchase_floors":[5,5,12,41,41,41],"current_hp_per_floor":[80,80,80,80,80,80,80,80,80,80,73,73,79,73,73,80,80,72,72,54,34,34,34,34,14,14,38,38,46,46,57,57,11,86,66,69,71,71,71,71,71,71,71,50,64,64,55,55,55,57,57,0,0],"gold":248,"neow_bonus":"THREE_ENEMY_KILL","is_daily":false,"chose_seed":false,"campfire_upgraded":7,"win_rate":0.0,"timestamp":1612359777,"path_taken":["M","?","?","?","?","R","E","M","T","?","M","$","M","E","R","BOSS","M","?","?","M","?","E","AVR","NM","T","R","?","E","R","?","R_BF","BOSS","M","M","?","?","?","R","$","R","T","NM","M","?","M","PTL","PTL","E","R","BOSS"],"items_purchased_type":["Card","Relic","Relic","Relic","Relic","Relic"],"build_version":"2020-12-22","purchased_purges":2,"victory":false,"max_hp_per_floor":[80,80,80,80,80,80,80,80,80,80,80,80,80,80,80,80,80,80,80,80,80,80,80,80,80,80,80,80,80,80,83,83,86,86,86,86,86,86,86,86,86,86,86,86,86,86,86,86,86,86,86,86,86],"card_choices":[{"not_picked":["Anger","Twin Strike"],"picked":"Pommel Strike","floor":1},{"not_picked":["Clothesline","Life Link"],"picked":"Sword Boomerang","floor":4},{"not_picked":["Juggernaut","Run Through"],"picked":"Heavy Blade","floor":5},{"not_picked":["Brutality","Carnage"],"picked":"Flex","floor":5},{"not_picked":["Twin Strike","ReplayTheSpireMod:Strike From Hell"],"picked":"Pommel Strike","floor":5},{"not_picked":["Thunderclap","Sword Boomerang"],"picked":"Cleave","floor":5},{"not_picked":["Disarm","Abandon"],"picked":"Twin Strike","floor":5},{"not_picked":["Rage","Disarm","Replay:Undeath\u0027s Touch"],"picked":"SKIP","floor":7},{"not_picked":["Seeing Red","Run Through"],"picked":"Inflame","floor":8},{"not_picked":["Havoc","Clothesline"],"picked":"Sword Boomerang","floor":11},{"not_picked":["Rampage","Run Through","Bloodletting"],"picked":"SKIP","floor":13},{"not_picked":["Berserk","Searing Blow"],"picked":"Perfected Strike","floor":14},{"not_picked":["Juggernaut","Immolate"],"picked":"Demon Form","floor":16},{"not_picked":["Defy Death+1","Body Slam+1"],"picked":"Twin Strike+1","floor":18},{"not_picked":["Sword Boomerang","Cleave"],"picked":"Perfected Strike+1","floor":20},{"not_picked":["Armaments","ReplayTheSpireMod:Limb From Limb+1","Cleave"],"picked":"SKIP","floor":21},{"not_picked":["Battle Trance+1","Impervious"],"picked":"Pommel Strike+1","floor":23},{"not_picked":["Shockwave","Dark Embrace"],"picked":"Feed","floor":25},{"not_picked":["Cleave","Shrug It Off"],"picked":"Twin Strike","floor":29},{"not_picked":["Demonic Infusion","Body Slam"],"picked":"Inflame+1","floor":31},{"not_picked":["Abandon","Entrench+1","True Grit"],"picked":"SKIP","floor":31},{"not_picked":["Abandon","Entrench+1","True Grit"],"picked":"SKIP","floor":31},{"not_picked":["True Grit","Anger","Blood for Blood"],"picked":"SKIP","floor":35},{"not_picked":["Headbutt+1","ReplayTheSpireMod:Corrosion Curse+1","Whirlwind"],"picked":"SKIP","floor":35},{"not_picked":["Armaments+1","ReplayReversal+1"],"picked":"Perfected Strike","floor":36},{"not_picked":["Clash","Battle Trance","Replay:Many Hands"],"picked":"SKIP","floor":36},{"not_picked":["Clothesline","Run Through+1","Shrug It Off"],"picked":"SKIP","floor":37},{"not_picked":["Entrench+1","Life Link+1","Cleave+1"],"picked":"SKIP","floor":37},{"not_picked":["Anger","Intimidate","Havoc"],"picked":"SKIP","floor":44},{"not_picked":["Clash+1","ReplayTheSpireMod:Stacked"],"picked":"Heavy Blade+1","floor":45},{"not_picked":["Thunderclap+1","True Grit","Replay:Undeath\u0027s Touch"],"picked":"SKIP","floor":45},{"not_picked":["Headbutt+1","Shrug It Off+1"],"picked":"Flex+1","floor":47},{"not_picked":["Iron Wave+1","Impervious","Run Through"],"picked":"SKIP","floor":47},{"not_picked":["Clash+1","Replay:Many Hands","Life Link"],"picked":"SKIP","floor":50}],"player_experience":149104,"relics_obtained":[{"floor":2,"key":"infinitespire:Lucky Rock"},{"floor":7,"key":"Ornamental Fan"},{"floor":9,"key":"Gremlin Horn"},{"floor":10,"key":"Pet Ghost"},{"floor":14,"key":"Charon\u0027s Ashes"},{"floor":23,"key":"Quantum Egg"},{"floor":25,"key":"War Paint"},{"floor":26,"key":"Blood Vial"},{"floor":28,"key":"Happy Flower"},{"floor":29,"key":"Prayer Wheel"},{"floor":38,"key":"Juzu Bracelet"},{"floor":43,"key":"Replay:WaspNest"},{"floor":44,"key":"Lantern"},{"floor":50,"key":"Bird Faced Urn"}],"event_choices":[{"damage_healed":0,"gold_gain":0,"player_choice":"Trade","damage_taken":0,"relics_obtained":["SsserpentHead"],"max_hp_gain":0,"max_hp_loss":0,"event_name":"FaceTrader","floor":3,"gold_loss":0},{"damage_healed":0,"gold_gain":0,"cards_transformed":["Defend_R"],"player_choice":"Transformed","damage_taken":0,"max_hp_gain":0,"max_hp_loss":0,"event_name":"Transmorgrifier","floor":19,"gold_loss":0,"cards_obtained":["Whirlwind"]},{"damage_healed":0,"gold_gain":0,"player_choice":"Relic","damage_taken":0,"max_hp_gain":0,"max_hp_loss":0,"event_name":"Wheel of Change","floor":28,"gold_loss":0},{"damage_healed":0,"gold_gain":0,"player_choice":"Paid Gold","damage_taken":0,"relics_obtained":["Grinning Jar"],"max_hp_gain":0,"max_hp_loss":0,"event_name":"WeMeetAgain","floor":39,"gold_loss":94},{"damage_healed":0,"gold_gain":0,"cards_transformed":["Defend_R"],"player_choice":"Transformed","damage_taken":0,"max_hp_gain":0,"max_hp_loss":0,"event_name":"Transmorgrifier","floor":46,"gold_loss":0,"cards_obtained":["Anger"]}],"is_beta":false,"boss_relics":[{"not_picked":["Pandora\u0027s Box","ReplayTheSpireMod:SealedPack"],"picked":"SlaversCollar"},{"not_picked":["infinitespire:Cupcake","SacredBark"],"picked":"Black Blood"}],"items_purged_floors":[24,41],"is_endless":true,"potions_floor_spawned":[4,8,11,14,20,21,23,33,35,44,45],"killed_by":"infinitespire:MassOfShapes","ascension_level":1}}