{"host":"rtw1tnr74gozsrw1","time":1612390354,"event":{"mods":["BaseMod","Colored Map","Colored Powertips","Highlight Path","Minty Spire (QoL Compilation)","StSLib","The Jungle"],"gold_per_floor":[114,114,114,39,39,51,77,89,101,132,144,167,205,227,239,354,366,390,302,227,102,102,102,102,102,182,195,224,224,224,244,244,349,349,365,365,365,59,59,59,85,85,85,110,110,126,144,144,144,144,144],"floor_reached":50,"language":"ENG","playtime":1927,"items_purged":["Strike_B","Defend_B","Defend_B","Strike_B"],"score":563,"play_id":"fc220183-a407-4768-b320-207428de143c","local_time":"20210203231234","is_ascension_mode":true,"campfire_choices":[{"data":"Dualcast","floor":6,"key":"SMITH"},{"data":"Static Discharge","floor":8,"key":"SMITH"},{"data":"Redo","floor":11,"key":"SMITH"},{"floor":15,"key":"REST"},{"data":"Capacitor","floor":23,"key":"SMITH"},{"data":"Defragment","floor":25,"key":"SMITH"},{"floor":30,"key":"REST"},{"floor":32,"key":"REST"},{"data":"Creative AI","floor":40,"key":"SMITH"},{"floor":42,"key":"REST"},{"floor":49,"key":"RECALL"}],"circlet_count":0,"master_deck":["Zap+1","Dualcast+1","Redo+1","Cold Snap","Capacitor+1","Glacier","Creative AI+1","Defragment+1","Steam Power","Ball Lightning","Ball Lightning","Amplify","Steam+1","Apotheosis","Leap+1","Rainbow","Doubt","Conserve Battery+1"],"relics":["Cracked Core","MawBank","Pocketwatch","Nunchaku","Philosopher\u0027s Stone","Symbiotic Virus","Potion Belt","Nuclear Battery","Vajra","Du-Vu Doll","Gremlin Horn","DataDisk"],"acts_visited":["Exordium","TheCity","TheBeyond"],"potions_floor_usage":[20,33,33,44,50],"damage_taken":[{"damage":7,"enemies":"Small Slimes","floor":1,"turns":3},{"damage":1,"enemies":"Jaw Worm","floor":7,"turns":4},{"damage":0,"enemies":"2 Louse","floor":10,"turns":3},{"damage":12,"enemies":"Lots of Slimes","floor":12,"turns":4},{"damage":3,"enemies":"3 Sentries","floor":13,"turns":5},{"damage":16,"enemies":"3 Louse","floor":14,"turns":3},{"damage":34,"enemies":"The Guardian","floor":16,"turns":15},{"damage":5,"enemies":"Chosen","floor":18,"turns":6},{"damage":27,"enemies":"2 Thieves","floor":20,"turns":5},{"damage":3,"enemies":"Centurion and Healer","floor":27,"turns":7},{"damage":12,"enemies":"Book of Stabbing","floor":28,"turns":4},{"damage":9,"enemies":"Snecko","floor":31,"turns":4},{"damage":23,"enemies":"Collector","floor":33,"turns":9},{"damage":30,"enemies":"Orb Walker","floor":35,"turns":3},{"damage":39,"enemies":"Nemesis","floor":41,"turns":7},{"damage":12,"enemies":"Reptomancer","floor":44,"turns":10},{"damage":30,"enemies":"3 Darklings","floor":46,"turns":5},{"damage":29,"enemies":"Jaw Worm Horde","floor":47,"turns":5},{"damage":75,"enemies":"Time Eater","floor":50,"turns":11}],"seed_played":"4114027891858119115","potions_obtained":[{"floor":7,"key":"Fruit Juice"},{"floor":12,"key":"Fire Potion"},{"floor":13,"key":"SmokeBomb"},{"floor":27,"key":"AttackPotion"},{"floor":28,"key":"LiquidBronze"},{"floor":41,"key":"LiquidMemories"},{"floor":46,"key":"ColorlessPotion"}],"is_trial":false,"path_per_floor":["M","?","?","$","?","R","M","R","T","M","R","M","E","M","R","B",null,"M","$","M","$","?","R","?","R","T","M","E","?","R","M","R","B",null,"M","?","?","$","?","R","E","R","T","E","?","M","M","?","R","B"],"character_chosen":"DEFECT","items_purchased":["Vajra"],"campfire_rested":4,"item_purchase_floors":[38],"current_hp_per_floor":[68,68,73,73,70,70,69,69,69,69,69,57,54,38,62,28,80,75,75,53,53,53,53,53,53,53,50,38,38,63,54,79,56,85,55,55,55,55,55,55,16,41,41,29,85,55,26,74,74,0,0],"gold":144,"neow_bonus":"UPGRADE_CARD","is_daily":false,"chose_seed":false,"campfire_upgraded":6,"win_rate":0.0,"timestamp":1612390354,"path_taken":["M","?","?","$","?","R","M","R","T","M","R","M","E","M","R","BOSS","M","$","M","$","?","R","?","R","T","M","E","?","R","?","R","BOSS","M","?","?","$","?","R","E","R","T","E","?","M","M","?","R","BOSS"],"items_purchased_type":["Relic"],"build_version":"2020-12-22","purchased_purges":4,"victory":false,"max_hp_per_floor":[75,75,80,80,80,80,80,80,80,80,80,80,80,80,80,80,80,80,80,85,85,85,85,85,85,85,85,85,85,85,85,85,85,85,85,85,85,85,85,85,85,85,85,85,85,85,85,74,74,74,74],"card_choices":[{"not_picked":["Stack","Gash"],"picked":"Static Discharge","floor":1},{"not_picked":["Leap","Steam","Gash"],"picked":"SKIP","floor":7},{"not_picked":["Steam","Auto Shields"],"picked":"Redo","floor":10},{"not_picked":["Darkness","Skim"],"picked":"Cold Snap","floor":12},{"not_picked":["Genetic Algorithm","Steam"],"picked":"Capacitor","floor":13},{"not_picked":["Hologram","Reinforced Body"],"picked":"Glacier","floor":14},{"not_picked":["All For One","Core Surge"],"picked":"Creative AI","floor":16},{"not_picked":["Cold Snap","Rip and Tear","Stack"],"picked":"SKIP","floor":18},{"not_picked":["Steam+1","Genetic Algorithm","Recycle"],"picked":"SKIP","floor":20},{"not_picked":["Coolheaded+1","Conserve Battery"],"picked":"Ball Lightning","floor":27},{"not_picked":["Recycle","Rip and Tear+1"],"picked":"Ball Lightning","floor":28},{"not_picked":["Streamline","Sweeping Beam+1","Seek"],"picked":"SKIP","floor":31},{"not_picked":["Seek","Biased Cognition"],"picked":"Amplify","floor":33},{"not_picked":["Melter+1","Coolheaded"],"picked":"Steam+1","floor":35},{"not_picked":["Deep Breath","Panacea"],"picked":"Apotheosis","floor":36},{"not_picked":["Go for the Eyes","Barrage"],"picked":"Leap+1","floor":41},{"not_picked":["Lockon","Gash+1"],"picked":"Rainbow","floor":44},{"not_picked":["Rebound","Compile Driver+1"],"picked":"Conserve Battery+1","floor":46},{"not_picked":["Storm","Lockon","Compile Driver"],"picked":"SKIP","floor":47}],"player_experience":86639,"relics_obtained":[{"floor":9,"key":"Pocketwatch"},{"floor":13,"key":"Nunchaku"},{"floor":28,"key":"Symbiotic Virus"},{"floor":41,"key":"Du-Vu Doll"},{"floor":43,"key":"Gremlin Horn"},{"floor":44,"key":"DataDisk"}],"event_choices":[{"cards_removed":["Strike_B"],"damage_healed":0,"gold_gain":0,"player_choice":"Forget","damage_taken":0,"max_hp_gain":0,"max_hp_loss":0,"event_name":"Living Wall","floor":2,"gold_loss":0},{"damage_healed":0,"gold_gain":0,"player_choice":"Donut","damage_taken":0,"max_hp_gain":5,"max_hp_loss":0,"event_name":"Big Fish","floor":3,"gold_loss":0},{"damage_healed":0,"gold_gain":0,"player_choice":"Success","damage_taken":3,"relics_obtained":["MawBank"],"max_hp_gain":0,"max_hp_loss":0,"event_name":"Scrap Ooze","floor":5,"gold_loss":0},{"damage_healed":0,"gold_gain":0,"cards_transformed":["Defend_B","Defend_B"],"player_choice":"Became Test Subject","damage_taken":0,"max_hp_gain":0,"max_hp_loss":0,"event_name":"Drug Dealer","floor":22,"gold_loss":0,"cards_obtained":["Defragment","Steam Power"]},{"cards_removed":["Strike_B"],"damage_healed":0,"gold_gain":0,"player_choice":"Elegance","damage_taken":0,"max_hp_gain":0,"max_hp_loss":0,"event_name":"Back to Basics","floor":24,"gold_loss":0},{"damage_healed":0,"gold_gain":0,"player_choice":"Gave Potion","damage_taken":0,"relics_obtained":["Potion Belt"],"max_hp_gain":0,"max_hp_loss":0,"event_name":"WeMeetAgain","floor":29,"gold_loss":0},{"damage_healed":0,"gold_gain":0,"player_choice":"Memory 1","damage_taken":0,"max_hp_gain":0,"max_hp_loss":0,"event_name":"SensoryStone","floor":36,"gold_loss":0},{"damage_healed":0,"gold_gain":0,"player_choice":"Ignored","damage_taken":0,"max_hp_gain":0,"max_hp_loss":0,"event_name":"Mysterious Sphere","floor":37,"gold_loss":0},{"cards_removed":["Static Discharge"],"damage_healed":0,"gold_gain":0,"player_choice":"Removed Power","damage_taken":0,"max_hp_gain":0,"max_hp_loss":0,"event_name":"Falling","floor":39,"gold_loss":0},{"damage_healed":56,"gold_gain":0,"player_choice":"Heal","damage_taken":0,"max_hp_gain":0,"max_hp_loss":0,"event_name":"MindBloom","floor":45,"gold_loss":0,"cards_obtained":["Doubt"]},{"damage_healed":74,"gold_gain":0,"player_choice":"Heal","damage_taken":0,"max_hp_gain":0,"max_hp_loss":11,"event_name":"The Moai Head","floor":48,"gold_loss":0}],"is_beta":false,"boss_relics":[{"not_picked":["Velvet Choker","FrozenCore"],"picked":"Philosopher\u0027s Stone"},{"not_picked":["Black Star","Fusion Hammer"],"picked":"Nuclear Battery"}],"items_purged_floors":[4,19,21,38],"is_endless":false,"potions_floor_spawned":[7,12,13,27,28,41,46],"killed_by":"Time Eater","ascension_level":2}}