{"host":"627up2rvtmm0cf0r","time":1612349506,"event":{"mods":["ATMod(°¢èªMod)","Act Like it!","BaseMod","Better Vampires","CapriCore","Card Filter","Card Forge","Colored Powertips","DeckTracker","Dota2Spire","Downfall","Energized Spire","Friendly Minions","Highlight Path","Infinite Spire","Jedi Mod","Minty Spire (QoL Compilation)","MostiFishMod","Permanent Neow","Practice Mode","Quick Restart","Relic Stats","Reliquary","Shop Mod","Spicy Shops","StSLib","SuperFastMode","TestMod","Warlord Emblem","¡¾ÒÅÎï¿¨ÅÆ¡¿REMEMod","óô»ðÖ¸ÄÏ"],"gold_per_floor":[99,111,129,143,155,180,180,280,298,398,431,155,155,155,155,155,155,155,155,155,155,55,55,55,55,65,100,100,111,111,136,148,148,148,148],"floor_reached":33,"language":"ZHS","playtime":892,"items_purged":["Slimebound:Strike_Slimebound","Slimebound:Defend_Slimebound","Slimebound:Defend_Slimebound"],"score":513,"play_id":"4c8cf02e-6473-43eb-818f-da656fbabc1b","local_time":"20210203185146","is_ascension_mode":true,"campfire_choices":[{"data":"MostiFishMod:PreservedThorns","floor":1,"key":"SMITH"},{"data":"Slimebound:OozeBath","floor":18,"key":"SMITH"}],"circlet_count":0,"master_deck":["Slimebound:Strike_Slimebound","Slimebound:Strike_Slimebound","Slimebound:Defend_Slimebound","Slimebound:Split","Slimebound:CorrosiveSpit","MostiFishMod:PreservedThorns+1","MostiFishMod:ButterFly","Slimebound:OozeBath+1","infinitespire:Collect+1"],"relics":["Slimebound:AbsorbEndCombat","Hammer of Thor","Seething Fire","Anvil of the Gods","DaveBox","testmod-TestBox","REME_ComplimentaryCards","AT_ATBox","testmod-Fanaticism","CombinedTypeHook","Du-Vu Doll","White Beast Statue","testmod-Motorcycle","AT_GuinsooRageblade","jedi:ominousloannote","Shuriken","PreservedInsect","energizedSpire:NeverEndingSparkler","reliquary:TuningFork","reliquary:PrincelyHelmet","AT_BellDemon","Toxic Egg 2","Black Star","StrikeDummy","reliquary:Firecrackers","Orichalcum","reliquary:SilkGlove","Bag of Marbles"],"acts_visited":["Exordium","TheCity"],"potions_floor_usage":[11,31],"damage_taken":[{"damage":0,"enemies":"Cultist","floor":2,"turns":2},{"damage":20,"enemies":"2 Louse","floor":3,"turns":2},{"damage":14,"enemies":"Jaw Worm","floor":4,"turns":2},{"damage":0,"enemies":"Large Slime","floor":5,"turns":2},{"damage":0,"enemies":"Gremlin Nob","floor":6,"turns":2},{"damage":15,"enemies":"downfall:LadyInBlue","floor":8,"turns":5},{"damage":19,"enemies":"Exordium Wildlife","floor":9,"turns":2},{"damage":15,"enemies":"3 Sentries","floor":11,"turns":4},{"damage":0,"enemies":"downfall:FleeingMerchant","floor":12,"turns":4},{"damage":0,"enemies":"Gremlin Nob","floor":13,"turns":1},{"damage":0,"enemies":"3 Louse","floor":14,"turns":1},{"damage":11,"enemies":"Blue Slaver","floor":15,"turns":2},{"damage":40,"enemies":"DF_ARCHETYPE_STREAMLINE","floor":16,"turns":5},{"damage":18,"enemies":"Shell Parasite","floor":19,"turns":2},{"damage":31,"enemies":"Cultist and Chosen","floor":20,"turns":2},{"damage":0,"enemies":"downfall:FleeingMerchant","floor":22,"turns":3},{"damage":0,"enemies":"Snake Plant","floor":25,"turns":2},{"damage":0,"enemies":"3 Cultists","floor":26,"turns":2},{"damage":58,"enemies":"Slavers","floor":27,"turns":2},{"damage":0,"enemies":"Centurion and Healer","floor":29,"turns":1},{"damage":0,"enemies":"REME_1_Revenger","floor":31,"turns":2},{"damage":0,"enemies":"Sentry and Sphere","floor":32,"turns":2},{"damage":80,"enemies":"IC_MUSHROOM_ARCHETYPE","floor":33,"turns":1}],"seed_played":"-4582018485901587652","potions_obtained":[{"floor":2,"key":"Fire Potion"},{"floor":3,"key":"jedi:wingpotion"},{"floor":5,"key":"DuplicationPotion"},{"floor":8,"key":"infinitespire:BlackPotion"},{"floor":11,"key":"testmod-SpacePotion"},{"floor":12,"key":"champ:CounterPotion"},{"floor":13,"key":"GamblersBrew"},{"floor":14,"key":"jedi:wingpotion"},{"floor":19,"key":"testmod-TimePotion"},{"floor":20,"key":"testmod-EscapePotion"},{"floor":31,"key":"REME_GoldPotion"},{"floor":32,"key":"Dota2Spire:Clarity"}],"is_trial":false,"path_per_floor":["R","M","M","M","M","E","T","?","M","?","E","$","E","M","M","B",null,"R","M","M","?","$","?","T","M","M","E","AVR","M","?","E","M","B"],"character_chosen":"SLIMEBOUND","items_purchased":["AT_GuinsooRageblade","jedi:ominousloannote","Shuriken","MostiFishMod:ButterFly"],"campfire_rested":0,"item_purchase_floors":[12,12,12,12],"current_hp_per_floor":[65,65,51,48,50,52,52,65,56,56,61,65,65,65,62,65,65,65,58,65,65,65,65,65,65,65,65,65,65,49,59,65,0,0,0],"gold":148,"neow_bonus":"REMOVE_CARD","is_daily":false,"chose_seed":false,"campfire_upgraded":2,"win_rate":0.0,"timestamp":1612349506,"path_taken":["R","M","M","M","?","E","T","?","?","?","E","$","E","M","M","BOSS","R","M","M","?","$","?","T","M","M","E","AVR","M","?","E","M","BOSS"],"items_purchased_type":["Relic","Relic","Relic","Card"],"build_version":"2020-12-22","purchased_purges":3,"victory":false,"max_hp_per_floor":[65,65,65,65,65,65,65,65,65,65,65,65,65,65,65,65,65,65,65,65,65,65,65,65,65,65,65,65,65,65,65,65,65,65,65],"relic_stats":{"counters":[23,51],"Shuriken":[26],"PreservedInsect":78,"Black Star":1,"Orichalcum":[6],"obtain_stats":[{"AT_BellDemon":27,"CombinedTypeHook":0,"AT_ATBox":0,"reliquary:SilkGlove":31,"DaveBox":0,"reliquary:PrincelyHelmet":24,"reliquary:Firecrackers":31,"Hammer of Thor":0,"testmod-Fanaticism":0,"testmod-Motorcycle":11,"Toxic Egg 2":28,"AT_GuinsooRageblade":12,"testmod-TestBox":0,"PreservedInsect":13,"Seething Fire":0,"Orichalcum":31,"White Beast Statue":8,"Du-Vu Doll":6,"Anvil of the Gods":0,"jedi:ominousloannote":12,"Shuriken":12,"energizedSpire:NeverEndingSparkler":17,"Slimebound:AbsorbEndCombat":0,"reliquary:TuningFork":23,"Black Star":28,"Bag of Marbles":32,"StrikeDummy":29,"REME_ComplimentaryCards":0},{"AT_BellDemon":19,"CombinedTypeHook":0,"AT_ATBox":0,"reliquary:SilkGlove":21,"DaveBox":0,"reliquary:PrincelyHelmet":16,"reliquary:Firecrackers":21,"Hammer of Thor":0,"testmod-Fanaticism":0,"testmod-Motorcycle":8,"Toxic Egg 2":19,"AT_GuinsooRageblade":9,"testmod-TestBox":0,"PreservedInsect":10,"Seething Fire":0,"Orichalcum":21,"White Beast Statue":6,"Du-Vu Doll":5,"Anvil of the Gods":0,"jedi:ominousloannote":9,"Shuriken":9,"energizedSpire:NeverEndingSparkler":13,"Slimebound:AbsorbEndCombat":0,"reliquary:TuningFork":16,"Black Star":19,"Bag of Marbles":22,"StrikeDummy":20,"REME_ComplimentaryCards":0},{"AT_BellDemon":45,"CombinedTypeHook":0,"AT_ATBox":0,"reliquary:SilkGlove":48,"DaveBox":0,"reliquary:PrincelyHelmet":39,"reliquary:Firecrackers":48,"Hammer of Thor":0,"testmod-Fanaticism":0,"testmod-Motorcycle":19,"Toxic Egg 2":45,"AT_GuinsooRageblade":23,"testmod-TestBox":0,"PreservedInsect":24,"Seething Fire":0,"Orichalcum":48,"White Beast Statue":15,"Du-Vu Doll":10,"Anvil of the Gods":0,"jedi:ominousloannote":23,"Shuriken":23,"energizedSpire:NeverEndingSparkler":32,"Slimebound:AbsorbEndCombat":0,"reliquary:TuningFork":39,"Black Star":45,"Bag of Marbles":50,"StrikeDummy":46,"REME_ComplimentaryCards":0}]},"card_choices":[{"not_picked":["Slimebound:SlimeSpikes","Slimebound:SplitLeeching","Slimebound:Repurpose"],"picked":"SKIP","floor":2},{"not_picked":["Slimebound:SplitAcid","Slimebound:GoopSpray","Slimebound:GoopTackle"],"picked":"SKIP","floor":3},{"not_picked":["Slimebound:GoopTackle","Slimebound:Repurpose","Slimebound:RainOfGoop"],"picked":"SKIP","floor":4},{"not_picked":["Slimebound:GoopSpray","Slimebound:Prepare","Slimebound:SlimeTap"],"picked":"SKIP","floor":5},{"not_picked":["Slimebound:DivideAndConquer","Slimebound:MegaLick","Slimebound:SplitBruiser"],"picked":"SKIP","floor":6},{"not_picked":["Slimebound:PressTheAttack","Slimebound:SlimeSpikes","Slimebound:SlimeTap"],"picked":"SKIP","floor":9},{"not_picked":["Slimebound:Nibble","Slimebound:Replication","Slimebound:OneTwoCombo"],"picked":"SKIP","floor":11},{"not_picked":["Slimebound:FormOfPuddle","Slimebound:LeadByExample","Slimebound:Prepare"],"picked":"SKIP","floor":12},{"not_picked":["Slimebound:PressTheAttack","Slimebound:SamplingLick","Slimebound:SplitSpecialist"],"picked":"SKIP","floor":13},{"not_picked":["Slimebound:BestDefense","Slimebound:ItLooksTasty","Slimebound:SplitMire"],"picked":"SKIP","floor":14},{"not_picked":["Slimebound:LeechingTouch","Slimebound:Schlurp","Slimebound:HauntingLick"],"picked":"SKIP","floor":15},{"not_picked":["Slimebound:DouseInSlime","Slimebound:Teamwork"],"picked":"Slimebound:OozeBath","floor":16},{"not_picked":["Slimebound:SlimeBrawl","Slimebound:Prepare","Slimebound:ItLooksTasty"],"picked":"SKIP","floor":19},{"not_picked":["Slimebound:Schlurp+1","Slimebound:Recollect","Slimebound:DivideAndConquer+1"],"picked":"SKIP","floor":20},{"not_picked":["Slimebound:SplitAcid","Slimebound:SlimeBarrage","Slimebound:LeechEnergy+1"],"picked":"SKIP","floor":22},{"not_picked":["Slimebound:SplitAcid","Slimebound:SplitMire+1","Slimebound:LeechingTouch"],"picked":"SKIP","floor":25},{"not_picked":["Slimebound:Equalize","Slimebound:Prepare","Slimebound:SplitLeeching"],"picked":"SKIP","floor":26},{"not_picked":["Slimebound:RejuvenatingLick","Slimebound:GoopSpray+1","Slimebound:LeechingTouch"],"picked":"SKIP","floor":27},{"not_picked":["Slimebound:DouseInSlime+1","Slimebound:SplitLeeching+1","Slimebound:Schlurp+1"],"picked":"SKIP","floor":29},{"not_picked":["Slimebound:SlimeSpikes+1","Slimebound:GrowthPunch","Slimebound:ForwardTackle"],"picked":"SKIP","floor":31},{"not_picked":["Slimebound:SplitMire+1","Slimebound:Nibble+1","Slimebound:ItLooksTasty"],"picked":"SKIP","floor":32}],"player_experience":137266,"relics_obtained":[{"floor":6,"key":"Du-Vu Doll"},{"floor":8,"key":"White Beast Statue"},{"floor":11,"key":"testmod-Motorcycle"},{"floor":13,"key":"PreservedInsect"},{"floor":24,"key":"reliquary:PrincelyHelmet"},{"floor":27,"key":"AT_BellDemon"},{"floor":29,"key":"StrikeDummy"},{"floor":31,"key":"reliquary:Firecrackers"},{"floor":31,"key":"Orichalcum"},{"floor":31,"key":"reliquary:SilkGlove"},{"floor":32,"key":"Bag of Marbles"}],"event_choices":[{"damage_healed":0,"gold_gain":100,"player_choice":"Gold","damage_taken":0,"max_hp_gain":0,"max_hp_loss":0,"event_name":"Wheel of Change","floor":10,"gold_loss":0}],"is_beta":false,"boss_relics":[{"not_picked":["testmod-BloodSacrificeSpiritualization","testmod-Nine"],"picked":"energizedSpire:NeverEndingSparkler"}],"items_purged_floors":[12,22,28],"is_endless":false,"potions_floor_spawned":[2,3,5,8,9,11,12,13,14,15,16,19,20,22,25,26,27,29,31,32],"killed_by":"IC_MUSHROOM_ARCHETYPE","ascension_level":4}}