{"host":"0tiuc76yumknr6qf","time":1612326750,"event":{"mods":["Aspiration","BaseMod","Bestiary","Colored Map","DeckTracker","Highlight Path","Minty Spire (QoL Compilation)","StSLib"],"gold_per_floor":[167,185,260,310,328,359,359,389,389,389,389],"floor_reached":10,"language":"ENG","playtime":534,"items_purged":[],"score":152,"play_id":"3bc5f5aa-a005-4308-81d3-d64ac83a2be1","local_time":"20210202223230","is_ascension_mode":true,"campfire_choices":[{"floor":7,"key":"REST"}],"circlet_count":0,"master_deck":["AscendersBane","Strike_B","Strike_B","Strike_B+1","Strike_B","Defend_B","Defend_B","Defend_B","Defend_B","Zap","Dualcast","Static Discharge","Conserve Battery","Coolheaded","Sunder","White Noise","Rainbow"],"relics":["Tiny House","Oddly Smooth Stone","Orichalcum","HornCleat"],"acts_visited":["Exordium"],"potions_floor_usage":[8,10],"damage_taken":[{"damage":2,"enemies":"Jaw Worm","floor":1,"turns":3},{"damage":2,"enemies":"Cultist","floor":2,"turns":5},{"damage":2,"enemies":"2 Louse","floor":5,"turns":2},{"damage":37,"enemies":"3 Sentries","floor":6,"turns":8},{"damage":32,"enemies":"Gremlin Nob","floor":8,"turns":4},{"damage":6,"enemies":"Lagavulin","floor":10,"turns":5}],"seed_played":"3808856686443188217","potions_obtained":[{"floor":0,"key":"Strength Potion"},{"floor":1,"key":"LiquidBronze"},{"floor":5,"key":"SkillPotion"}],"is_trial":false,"path_per_floor":["M","M","?","?","M","E","R","E","T","E"],"character_chosen":"DEFECT","items_purchased":[],"campfire_rested":1,"item_purchase_floors":[],"current_hp_per_floor":[67,65,54,54,52,15,37,5,5,0,0],"gold":389,"neow_bonus":"BOSS_RELIC","is_daily":false,"chose_seed":false,"campfire_upgraded":0,"win_rate":0.0,"timestamp":1612326750,"path_taken":["M","M","?","?","M","E","R","E","T","E"],"items_purchased_type":[],"build_version":"2020-12-22","purchased_purges":0,"victory":false,"max_hp_per_floor":[76,76,76,76,76,76,76,76,76,76,76],"card_choices":[{"not_picked":["BootSequence","Blizzard"],"picked":"Static Discharge","floor":0},{"not_picked":["Static Discharge","Stack"],"picked":"Conserve Battery","floor":1},{"not_picked":["Consume","Go for the Eyes"],"picked":"Coolheaded","floor":2},{"not_picked":["Coolheaded","Hello World"],"picked":"Sunder","floor":5},{"not_picked":["Leap","Stack"],"picked":"White Noise","floor":6},{"not_picked":["Doom and Gloom","Self Repair"],"picked":"Rainbow","floor":8}],"player_experience":1921796,"relics_obtained":[{"floor":6,"key":"Oddly Smooth Stone"},{"floor":8,"key":"Orichalcum"},{"floor":9,"key":"HornCleat"}],"event_choices":[{"damage_healed":0,"gold_gain":75,"player_choice":"Gather Gold","damage_taken":11,"max_hp_gain":0,"max_hp_loss":0,"event_name":"World of Goop","floor":3,"gold_loss":0},{"damage_healed":0,"gold_gain":50,"player_choice":"Pray","damage_taken":0,"max_hp_gain":0,"max_hp_loss":0,"event_name":"Golden Shrine","floor":4,"gold_loss":0}],"is_beta":false,"boss_relics":[],"items_purged_floors":[],"is_endless":false,"potions_floor_spawned":[1,5],"killed_by":"Lagavulin","ascension_level":20}}