{"host":"utqe55yv0jihe4d6","time":1612326283,"event":{"mods":["2.2 Compatiblity","AchievementEnabler","BaseMod","Block Reminder","Colored Map","Colored Powertips","Minty Spire (QoL Compilation)","Quick Restart","Rare Cards Sparkle","Relic Stats","SuperFastMode"],"gold_per_floor":[115,133,30,30,44,44,44,44],"floor_reached":7,"language":"ENG","playtime":154,"items_purged":[],"score":82,"play_id":"9589a7d8-e51b-4e84-a61f-f842de309f65","local_time":"20210202232443","is_ascension_mode":true,"campfire_choices":[{"data":"Blade Dance","floor":6,"key":"SMITH"}],"circlet_count":0,"master_deck":["AscendersBane","Strike_G","Strike_G","Strike_G","Strike_G","Strike_G","Defend_G+1","Defend_G","Defend_G","Defend_G","Defend_G","Survivor","Neutralize","Dagger Throw","Blade Dance+1","Flying Knee","Accuracy+1","Backstab"],"relics":["Ring of the Snake"],"acts_visited":["Exordium"],"potions_floor_usage":[],"damage_taken":[{"damage":6,"enemies":"Cultist","floor":1,"turns":5},{"damage":1,"enemies":"2 Louse","floor":2,"turns":3},{"damage":7,"enemies":"Small Slimes","floor":5,"turns":5},{"damage":58,"enemies":"Gremlin Nob","floor":7,"turns":4}],"seed_played":"-229492310189565900","potions_obtained":[{"floor":2,"key":"Ancient Potion"}],"is_trial":false,"path_per_floor":["M","M","$","?","M","R","E"],"character_chosen":"THE_SILENT","items_purchased":["Flying Knee","Accuracy"],"campfire_rested":0,"item_purchase_floors":[3,3],"current_hp_per_floor":[59,58,58,36,29,29,0,0],"gold":44,"neow_bonus":"TEN_PERCENT_HP_BONUS","is_daily":false,"chose_seed":false,"campfire_upgraded":1,"win_rate":0.0,"timestamp":1612326283,"path_taken":["M","M","$","?","M","R","E"],"items_purchased_type":["Card","Card"],"build_version":"2020-12-22","purchased_purges":0,"victory":false,"max_hp_per_floor":[72,72,72,72,72,72,72,72],"relic_stats":{"counters":[4,17],"obtain_stats":[{"Ring of the Snake":0},{"Ring of the Snake":0},{"Ring of the Snake":0}],"Ring of the Snake":[8]},"card_choices":[{"not_picked":["Bane","Flying Knee"],"picked":"Dagger Throw","floor":1},{"not_picked":["Acrobatics","Slice"],"picked":"Blade Dance","floor":2},{"not_picked":["Blur","Bane"],"picked":"Backstab","floor":5}],"player_experience":3002663,"relics_obtained":[],"event_choices":[{"damage_healed":0,"gold_gain":0,"player_choice":"Entered Light","damage_taken":22,"max_hp_gain":0,"max_hp_loss":0,"event_name":"Shining Light","floor":4,"gold_loss":0,"cards_upgraded":["Accuracy","Defend_G"]}],"is_beta":false,"boss_relics":[],"items_purged_floors":[],"is_endless":false,"potions_floor_spawned":[2],"killed_by":"Gremlin Nob","ascension_level":20}}