{"host":"r0e4s450fexxrjel","time":1612371822,"event":{"mods":["AchievementEnabler","Act Like it!","Aspiration","BaseMod","Better Third Choice","Clawfect","Colored Map","Conspire","Dota2Spire","Downfall","Energized Spire","Friendly Minions","GifTheSpireLib","Gold Saver","Hubris","Infinite Spire","Minty Spire (QoL Compilation)","Pale of the Ancients","RRrroohrrRGHHhhh!!","Reliquary","Replay The Spire","Shop Mod","StSLib"],"gold_per_floor":[824,552,565,582,597,597,597,597,597,624,634,634,649,669,669,669,669],"floor_reached":16,"language":"DEU","playtime":452,"items_purged":["Defend_B"],"score":129,"play_id":"d5ed8010-ccc2-4229-ac71-63899ac085c6","local_time":"20210203180342","is_ascension_mode":false,"campfire_choices":[{"data":"Chrysalis","floor":6,"key":"SMITH"},{"data":"Gash","floor":8,"key":"SMITH"},{"floor":12,"key":"REST"},{"data":"Crystallizer","floor":15,"key":"SMITH"}],"circlet_count":0,"master_deck":["Gash+1","Gash","Gash","Gash","Gash","Defend_B","Defend_B","Defend_B","Defend_B","Chrysalis+1","FTL+1","Crystallizer+1","Clawfect:Clawter","FTL","Clawfect:ClawForTheEyes"],"relics":["aspiration:FutureDiary","Dota2Spire:Mjollnir","rorgmod:Loose Gear"],"acts_visited":["Exordium"],"potions_floor_usage":[10],"damage_taken":[{"damage":0,"enemies":"Cultist","floor":1,"turns":4},{"damage":5,"enemies":"2 Louse","floor":3,"turns":3},{"damage":5,"enemies":"Jaw Worm","floor":4,"turns":5},{"damage":2,"enemies":"Blue Slaver","floor":5,"turns":4},{"damage":35,"enemies":"3 Sentries","floor":10,"turns":8},{"damage":6,"enemies":"Lots of Slimes","floor":11,"turns":3},{"damage":0,"enemies":"Large Slime","floor":13,"turns":4},{"damage":10,"enemies":"Gremlin Gang","floor":14,"turns":3},{"damage":39,"enemies":"The Guardian","floor":16,"turns":4}],"seed_played":"-1248458065351146717","potions_obtained":[{"floor":1,"key":"SteroidPotion"},{"floor":3,"key":"Dota2Spire:Clarity"},{"floor":13,"key":"Regen Potion"}],"is_trial":false,"path_per_floor":["M","$","M","M","M","R","?","R","T","E","M","R","M","M","R","B"],"character_chosen":"DEFECT","items_purchased":["Chrysalis"],"campfire_rested":1,"item_purchase_floors":[2],"current_hp_per_floor":[75,75,70,65,63,63,63,63,63,28,22,44,44,34,34,0,0],"gold":669,"neow_bonus":"BOSS_RELIC","is_daily":false,"chose_seed":false,"campfire_upgraded":3,"win_rate":0.0,"timestamp":1612371822,"path_taken":["M","$","M","?","M","R","?","R","T","E","M","R","M","M","R","BOSS"],"items_purchased_type":["Card"],"build_version":"2020-12-22","purchased_purges":1,"victory":false,"max_hp_per_floor":[75,75,75,75,75,75,75,75,75,75,75,75,75,75,75,75,75],"card_choices":[{"not_picked":["Clawfect:ClawpileDriver","Chill","rorgmod:Refrigerate"],"picked":"SKIP","floor":1},{"not_picked":["rorgmod:Leap","Genetic Algorithm","Chill"],"picked":"SKIP","floor":3},{"not_picked":["Panic Button","Clawfect:ClawCell"],"picked":"FTL","floor":4},{"not_picked":["hubris:Ukulele","rorgmod:Steady Aim","Clawfect:Clawter"],"picked":"SKIP","floor":5},{"not_picked":["Rebound","Steam Power"],"picked":"Crystallizer","floor":10},{"not_picked":["rorgmod:Leap","rorgmod:Fragmentation"],"picked":"Clawfect:Clawter","floor":11},{"not_picked":["rorgmod:Loose Screws","Skim"],"picked":"FTL","floor":13},{"not_picked":["Undo","Rebound"],"picked":"Clawfect:ClawForTheEyes","floor":14}],"player_experience":77999,"relics_obtained":[{"floor":9,"key":"Dota2Spire:Mjollnir"},{"floor":10,"key":"rorgmod:Loose Gear"}],"event_choices":[{"damage_healed":0,"gold_gain":0,"player_choice":"Grow","damage_taken":0,"max_hp_gain":0,"max_hp_loss":0,"event_name":"Living Wall","floor":7,"gold_loss":0,"cards_upgraded":["FTL"]}],"is_beta":false,"boss_relics":[],"items_purged_floors":[2],"is_endless":false,"potions_floor_spawned":[1,3,13],"killed_by":"The Guardian","ascension_level":0}}