{"host":"lehbxtjrpalkmwwj","time":1612357326,"event":{"mods":["Aspiration","BaseMod","Colored Map","Colored Powertips","Conspire","GungeonMod","KomeijiMod","Lobotomy","Minty Spire (QoL Compilation)","Quick Restart","Replay The Spire","Shop Mod","StSLib","The Cursed","The Poker Player","[IsaacMod]ÒÔÈö¼âËþ"],"gold_per_floor":[361,375,388,188,188,189,189,189],"floor_reached":6,"language":"ZHS","playtime":232,"items_purged":[],"score":61,"play_id":"4ee36954-9414-44be-bd59-13d0a8f1d3bb","local_time":"20210203210206","is_ascension_mode":false,"metric_token":1046,"campfire_choices":[],"circlet_count":0,"master_deck":["PokerPlayerMod:Diamond1","PokerPlayerMod:Diamond2","PokerPlayerMod:Diamond3","PokerPlayerMod:Diamond4","PokerPlayerMod:Diamond5","PokerPlayerMod:Spade1","PokerPlayerMod:Spade2","PokerPlayerMod:Spade3","PokerPlayerMod:Spade4","PokerPlayerMod:Club1","PokerPlayerMod:Club2","PokerPlayerMod:Heart2","PokerPlayerMod:TrumpStrike","PokerPlayerMod:BadJoker","PokerPlayerMod:Mulligan","DoctorFetus","Spreading Infection","PokerPlayerMod:HotShotCut","PokerPlayerMod:Heart4","PokerPlayerMod:Diamond3","conspire:SpireCoStock","conspire:SpireCoStock","conspire:SpireCoStock","conspire:SpireCoStock","Hallucinations"],"relics":["PokerPlayerMod:DeckCase","HushsDoor","Damocles","aspiration:SeaSaltIceCream","aspiration:Nostalgia","PureWater","PokerPlayerMod:BottledPoker","Pen Nib","Ring of Misfortune","Ring of Hypnosis"],"acts_visited":["Exordium"],"potions_floor_usage":[3,6],"damage_taken":[{"damage":0.0,"enemies":"Cultist","floor":1.0,"turns":3.0},{"damage":0.0,"enemies":"2 Louse","floor":2.0,"turns":1.0},{"damage":0,"enemies":"Jaw Worm","floor":3,"turns":2},{"damage":14,"enemies":"3 Sentries","floor":6,"turns":2}],"seed_played":"7890113904949772176","potions_obtained":[{"floor":1.0,"key":"SkillPotion"},{"floor":2.0,"key":"Block Potion"}],"is_trial":false,"path_per_floor":["M","M","M","?","?","E"],"character_chosen":"THE_POKER_PLAYER","items_purchased":[],"campfire_rested":0,"item_purchase_floors":[],"current_hp_per_floor":[52,52,52,52,52,0,0,0],"gold":189,"neow_bonus":"TWO_FIFTY_GOLD","is_daily":false,"chose_seed":false,"campfire_upgraded":0,"win_rate":0.0,"timestamp":1612357326,"path_taken":["M","?","M","?","?","E"],"items_purchased_type":[],"build_version":"2020-12-22","purchased_purges":0,"victory":false,"max_hp_per_floor":[52,52,52,52,52,52,52,52],"card_choices":[{"not_picked":[],"picked":"DoctorFetus","floor":0.0},{"not_picked":["PokerPlayerMod:Spade3","PokerPlayerMod:Spade2"],"picked":"PokerPlayerMod:HotShotCut","floor":1.0},{"not_picked":["PokerPlayerMod:DiamondStrike","PokerPlayerMod:Club1"],"picked":"PokerPlayerMod:Heart4","floor":2.0},{"not_picked":["PokerPlayerMod:Configure","PokerPlayerMod:DartThrow"],"picked":"PokerPlayerMod:Diamond3","floor":3}],"player_experience":110493,"relics_obtained":[{"floor":1.0,"key":"aspiration:SeaSaltIceCream"},{"floor":2.0,"key":"PokerPlayerMod:BottledPoker"},{"floor":3,"key":"Pen Nib"},{"floor":5,"key":"Ring of Misfortune"},{"floor":5,"key":"Ring of Hypnosis"}],"event_choices":[{"damage_healed":0,"gold_gain":0,"player_choice":"Invest 4","damage_taken":0,"max_hp_gain":0,"max_hp_loss":0,"event_name":"conspire:Investor","floor":4,"gold_loss":0}],"is_beta":false,"boss_relics":[],"items_purged_floors":[],"is_endless":false,"potions_floor_spawned":[1,2],"killed_by":"3 Sentries","ascension_level":0}}