{"host":"nx6t4q2fc0vdue7l","time":1612388891,"event":{"mods":["2.2 Compatiblity","BaseMod","Minty Spire (QoL Compilation)"],"gold_per_floor":[113,129,13,13,31,66,66,36,36,36,56,85,85,85,85,181,181,181,181,181,161,161,161,161,161,161,161,161,161,46,46,46,46,46,46,46,46,46,46,46],"floor_reached":39,"language":"ENG","playtime":1337,"items_purged":[],"score":521,"play_id":"aebfbe27-1266-4165-b6c7-8490805d91d5","local_time":"20210203224811","is_ascension_mode":true,"campfire_choices":[{"data":"Neutralize","floor":7.0,"key":"SMITH"},{"floor":10,"key":"REST"},{"data":"Accuracy","floor":13,"key":"SMITH"},{"data":"Cloak And Dagger","floor":15,"key":"SMITH"},{"floor":28,"key":"REST"},{"floor":32,"key":"REST"}],"circlet_count":0,"master_deck":["Strike_G","Strike_G","Strike_G","Strike_G","Strike_G","Defend_G","Defend_G","Defend_G","Defend_G","Defend_G","Survivor","Neutralize+1","PiercingWail+1","Backflip","Accuracy+1","Blade Dance","Slice","Cloak And Dagger+1","Accuracy+1","Escape Plan+1","Storm of Steel+1","Blade Dance+1","Blade Dance+1","Footwork","Finisher","PiercingWail+1","Prepared+1","Envenom+1","Terror+1","Footwork+1","A Thousand Cuts+1","Cloak And Dagger+1","Acrobatics+1"],"relics":["Ring of the Snake","NeowsBlessing","Letter Opener","Mercury Hourglass","Toxic Egg 2","Ectoplasm","Blue Candle","Frozen Egg 2","PreservedInsect","MealTicket","MutagenicStrength","Busted Crown"],"acts_visited":["TheCity","TheBeyond"],"potions_floor_usage":[24,25,36,39],"damage_taken":[{"damage":0.0,"enemies":"Jaw Worm","floor":1.0,"turns":1.0},{"damage":0.0,"enemies":"Cultist","floor":2.0,"turns":1.0},{"damage":0.0,"enemies":"Small Slimes","floor":5.0,"turns":1.0},{"damage":27.0,"enemies":"Gremlin Nob","floor":6.0,"turns":5.0},{"damage":5.0,"enemies":"Looter","floor":8.0,"turns":4.0},{"damage":0,"enemies":"Red Slaver","floor":11,"turns":2},{"damage":7,"enemies":"3 Sentries","floor":12,"turns":5},{"damage":20,"enemies":"The Guardian","floor":16,"turns":9},{"damage":11,"enemies":"Spheric Guardian","floor":18,"turns":3},{"damage":0,"enemies":"Chosen","floor":19,"turns":3},{"damage":0,"enemies":"3 Cultists","floor":20,"turns":3},{"damage":0,"enemies":"Sentry and Sphere","floor":22,"turns":2},{"damage":28,"enemies":"Book of Stabbing","floor":23,"turns":4},{"damage":0,"enemies":"Centurion and Healer","floor":24,"turns":3},{"damage":21,"enemies":"Slavers","floor":25,"turns":4},{"damage":0,"enemies":"Shelled Parasite and Fungi","floor":27,"turns":2},{"damage":1,"enemies":"Book of Stabbing","floor":29,"turns":3},{"damage":53,"enemies":"Champ","floor":33,"turns":6},{"damage":0,"enemies":"Orb Walker","floor":35,"turns":1},{"damage":0,"enemies":"3 Darklings","floor":36,"turns":1},{"damage":6,"enemies":"Sphere and 2 Shapes","floor":37,"turns":3},{"damage":7,"enemies":"Jaw Worm Horde","floor":38,"turns":4},{"damage":68,"enemies":"Writhing Mass","floor":39,"turns":4}],"seed_played":"8454192598352984248","potions_obtained":[{"floor":5.0,"key":"Block Potion"},{"floor":11,"key":"AttackPotion"},{"floor":16,"key":"CunningPotion"},{"floor":21,"key":"SneckoOil"},{"floor":22,"key":"Energy Potion"},{"floor":25,"key":"SpeedPotion"},{"floor":29,"key":"Ancient Potion"},{"floor":35,"key":"FearPotion"},{"floor":38,"key":"Regen Potion"}],"is_trial":false,"path_per_floor":["M","M","$","?","M","E","R","M","T","R","M","E","R","?","R","B",null,"M","M","M","?","M","E","M","E","T","M","R","E","$","?","R","B",null,"M","M","M","M","M"],"character_chosen":"THE_SILENT","items_purchased":["Accuracy","Blade Dance","Terror+1","Footwork+1"],"campfire_rested":3,"item_purchase_floors":[3,3,30,30],"current_hp_per_floor":[70,70,70,70,70,43,43,38,38,59,59,52,52,52,52,32,70,59,59,59,59,59,31,31,10,10,10,31,30,45,45,66,13,70,70,70,64,57,0,0],"gold":46,"neow_bonus":"THREE_ENEMY_KILL","is_daily":false,"chose_seed":false,"campfire_upgraded":3,"win_rate":0.0,"timestamp":1612388891,"path_taken":["M","M","$","?","M","E","R","M","T","R","M","E","R","?","R","BOSS","M","M","M","?","M","E","?","E","T","M","R","E","$","?","R","BOSS","M","M","M","M","M"],"items_purchased_type":["Card","Card","Card","Card"],"build_version":"2020-12-22","purchased_purges":0,"victory":false,"max_hp_per_floor":[70,70,70,70,70,70,70,70,70,70,70,70,70,70,70,70,70,70,70,70,70,70,70,70,70,70,70,70,70,70,70,70,70,70,70,70,70,70,70,70],"card_choices":[{"not_picked":["Prepared","Quick Slash"],"picked":"PiercingWail","floor":1.0},{"not_picked":["Deflect","Bane"],"picked":"Backflip","floor":2.0},{"not_picked":["Leg Sweep","Dagger Spray"],"picked":"Slice","floor":5.0},{"not_picked":["Concentrate","Backflip","Deadly Poison"],"picked":"SKIP","floor":6.0},{"not_picked":["Caltrops","Backstab"],"picked":"Cloak And Dagger","floor":8},{"not_picked":["Bane","Calculated Gamble"],"picked":"Accuracy","floor":11},{"not_picked":["Concentrate+1","Dash"],"picked":"Escape Plan+1","floor":12},{"not_picked":["Glass Knife","Malaise+1"],"picked":"Storm of Steel+1","floor":16},{"not_picked":["Poisoned Stab","Distraction+1"],"picked":"Blade Dance+1","floor":18},{"not_picked":["Masterful Stab","Dagger Throw"],"picked":"Blade Dance+1","floor":19},{"not_picked":["Poisoned Stab","Deadly Poison+1"],"picked":"Footwork","floor":20},{"not_picked":["Reflex+1","Acrobatics+1"],"picked":"Finisher","floor":22},{"not_picked":["Crippling Poison+1","Choke+1","Acrobatics+1"],"picked":"SKIP","floor":23},{"not_picked":["Crippling Poison+1","Riddle With Holes+1","PiercingWail+1"],"picked":"SKIP","floor":24},{"not_picked":["Cloak And Dagger+1","Acrobatics+1"],"picked":"PiercingWail+1","floor":25},{"not_picked":["Bane","Eviscerate"],"picked":"Prepared+1","floor":27},{"not_picked":["Acrobatics+1","Blade Dance+1"],"picked":"Envenom+1","floor":29},{"not_picked":["Bullet Time+1","Die Die Die"],"picked":"A Thousand Cuts+1","floor":33},{"not_picked":["Flying Knee"],"picked":"SKIP","floor":35},{"not_picked":[],"picked":"Cloak And Dagger+1","floor":36},{"not_picked":["Dagger Spray+1"],"picked":"SKIP","floor":37},{"not_picked":[],"picked":"Acrobatics+1","floor":38}],"player_experience":335242,"relics_obtained":[{"floor":6.0,"key":"Letter Opener"},{"floor":9,"key":"Mercury Hourglass"},{"floor":12,"key":"Toxic Egg 2"},{"floor":23,"key":"Blue Candle"},{"floor":25,"key":"Frozen Egg 2"},{"floor":26,"key":"PreservedInsect"},{"floor":29,"key":"MealTicket"}],"event_choices":[{"damage_healed":0.0,"max_hp_gain":0.0,"max_hp_loss":0.0,"gold_gain":0.0,"event_name":"Living Wall","player_choice":"Grow","floor":4.0,"gold_loss":0.0,"damage_taken":0.0,"cards_upgraded":["Accuracy"]},{"damage_healed":0,"gold_gain":0,"player_choice":"Forge","damage_taken":0,"max_hp_gain":0,"max_hp_loss":0,"event_name":"Accursed Blacksmith","floor":14,"gold_loss":0,"cards_upgraded":["PiercingWail"]},{"damage_healed":0,"gold_gain":0,"player_choice":"Bought 1 Potion","damage_taken":0,"max_hp_gain":0,"max_hp_loss":0,"event_name":"The Woman in Blue","floor":21,"gold_loss":0},{"damage_healed":0,"gold_gain":0,"player_choice":"Inject Mutagens","damage_taken":0,"relics_obtained":["MutagenicStrength"],"max_hp_gain":0,"max_hp_loss":0,"event_name":"Drug Dealer","floor":31,"gold_loss":0}],"is_beta":false,"boss_relics":[{"not_picked":["Runic Pyramid","Snecko Eye"],"picked":"Ectoplasm"},{"not_picked":["SlaversCollar","Philosopher\u0027s Stone"],"picked":"Busted Crown"}],"items_purged_floors":[],"is_endless":false,"potions_floor_spawned":[5,11,16,22,23,25,29,33,35,38],"killed_by":"Writhing Mass","ascension_level":3}}