{"host":"q4axc00jr2bozlh9","time":1612361786,"event":{"mods":["AchievementEnabler","BaseMod","Bestiary","Colored Map","Colored Powertips","Curses Come First","Minty Spire (QoL Compilation)","Relic Stats","StSLib","SuperFastMode","UnlockEverythingMod"],"gold_per_floor":[10,10,27,41,58,87,87,12,12,12,12,26,38,56,56,56,56],"floor_reached":16,"language":"ENG","playtime":1558,"items_purged":["Strike_R"],"score":104,"play_id":"52aedb04-9b12-4d91-928f-08478fd0eaf5","local_time":"20210203151626","is_ascension_mode":false,"campfire_choices":[{"data":"Armaments","floor":7,"key":"SMITH"},{"data":"True Grit","floor":10,"key":"SMITH"},{"floor":15,"key":"REST"}],"circlet_count":0,"master_deck":["Strike_R","Strike_R","Defend_R","Defend_R","Defend_R","Defend_R","Bash","Brutality","Pommel Strike","Havoc","Iron Wave","True Grit+1","Armaments+1","Intimidate"],"relics":["Burning Blood","Gremlin Horn","Bottled Lightning"],"acts_visited":["Exordium"],"potions_floor_usage":[6,6,13],"damage_taken":[{"damage":3,"enemies":"Cultist","floor":1,"turns":3},{"damage":2,"enemies":"Jaw Worm","floor":3,"turns":3},{"damage":4,"enemies":"2 Louse","floor":4,"turns":3},{"damage":9,"enemies":"Blue Slaver","floor":5,"turns":3},{"damage":27,"enemies":"3 Sentries","floor":6,"turns":8},{"damage":2,"enemies":"Exordium Wildlife","floor":12,"turns":3},{"damage":4,"enemies":"Exordium Thugs","floor":13,"turns":6},{"damage":8,"enemies":"Lots of Slimes","floor":14,"turns":6},{"damage":82,"enemies":"Hexaghost","floor":16,"turns":11}],"seed_played":"-2320496808538129157","potions_obtained":[{"floor":1,"key":"ColorlessPotion"},{"floor":2,"key":"Fire Potion"},{"floor":2,"key":"LiquidMemories"},{"floor":6,"key":"Fire Potion"},{"floor":14,"key":"Ancient Potion"}],"is_trial":false,"path_per_floor":["M","?","M","M","M","E","R","$","T","R","?","M","M","M","R","B"],"character_chosen":"IRONCLAD","items_purchased":[],"campfire_rested":1,"item_purchase_floors":[],"current_hp_per_floor":[80,80,80,80,77,56,56,56,56,56,61,65,67,65,80,0,0],"gold":56,"neow_bonus":"TRANSFORM_TWO_CARDS","is_daily":false,"chose_seed":false,"campfire_upgraded":2,"win_rate":0.0,"timestamp":1612361786,"path_taken":["M","?","?","?","M","E","R","$","T","R","?","M","?","M","R","BOSS"],"items_purchased_type":[],"build_version":"2020-12-22","purchased_purges":1,"victory":false,"max_hp_per_floor":[80,80,80,80,80,80,80,80,80,80,80,80,80,80,80,80,80],"relic_stats":{"Gremlin Horn":[6,6],"counters":[9,46],"obtain_stats":[{"Gremlin Horn":6,"Bottled Lightning":9,"Burning Blood":0},{"Gremlin Horn":5,"Bottled Lightning":5,"Burning Blood":0},{"Gremlin Horn":20,"Bottled Lightning":20,"Burning Blood":0}],"Burning Blood":39},"card_choices":[{"not_picked":["Sentinel","Sword Boomerang"],"picked":"Pommel Strike","floor":1},{"not_picked":["Reckless Charge","Flex"],"picked":"Havoc","floor":3},{"not_picked":["Dropkick","Thunderclap"],"picked":"Iron Wave","floor":4},{"not_picked":["Feel No Pain","Anger"],"picked":"True Grit","floor":5},{"not_picked":["Anger","Combust"],"picked":"Armaments","floor":6},{"not_picked":["Fire Breathing","Flame Barrier","Dual Wield"],"picked":"SKIP","floor":12},{"not_picked":["Clash","Dual Wield","Body Slam"],"picked":"SKIP","floor":13},{"not_picked":["Inflame","Perfected Strike"],"picked":"Intimidate","floor":14}],"player_experience":231303,"relics_obtained":[{"floor":6,"key":"Gremlin Horn"},{"floor":9,"key":"Bottled Lightning"}],"event_choices":[{"damage_healed":0,"gold_gain":0,"player_choice":"Got Potions","damage_taken":0,"max_hp_gain":0,"max_hp_loss":0,"event_name":"Lab","floor":2,"gold_loss":0},{"cards_removed":["Anger"],"damage_healed":5,"gold_gain":0,"player_choice":"Offered Common","damage_taken":0,"max_hp_gain":0,"max_hp_loss":0,"event_name":"Bonfire Elementals","floor":11,"gold_loss":0},{"cards_removed":["Anger"],"damage_healed":5,"gold_gain":0,"player_choice":"Offered Special","damage_taken":0,"max_hp_gain":0,"max_hp_loss":0,"event_name":"Bonfire Elementals","floor":11,"gold_loss":0}],"is_beta":false,"boss_relics":[],"items_purged_floors":[8],"is_endless":false,"potions_floor_spawned":[1,4,5,6,14],"killed_by":"Hexaghost","ascension_level":0}}