{"host":"kw4o7b3ro2ktmmbe","time":1612331595,"event":{"mods":["BaseMod","Bossed Relics","Evolution","Minty Spire (QoL Compilation)","StSLib","TheSurvivalist"],"gold_per_floor":[113,129,129,204,217,217,246,103,103,123,123,142,156,174,174,270,270,289,289,313,325,341,369,382,382,407,407,460,460,460],"floor_reached":29,"language":"ENG","playtime":2254,"items_purged":[],"score":237,"play_id":"384939fb-f7b8-406d-b34b-ddb6e8656f2f","local_time":"20210203185315","is_ascension_mode":false,"campfire_choices":[{"data":"survmod:Sprint","floor":6.0,"key":"SMITH"},{"data":"survmod:VersatileOffense","floor":15.0,"key":"SMITH"},{"data":"survmod:Exploit","floor":25,"key":"SMITH"}],"circlet_count":0,"master_deck":["survmod:Strike","survmod:Strike","survmod:Strike","survmod:Strike","survmod:Defend","survmod:Defend","survmod:Defend","survmod:Defend","survmod:VersatileOffense+1","survmod:Sprint+1","survmod:OverwhelmingAssault","survmod:HailOfArrows","survmod:MarkedFromAfar","survmod:SkillfulManeuver","survmod:Detonation","survmod:SurpriseTrap","survmod:Exploit+1","survmod:Detonation","survmod:RobFromTheRich","survmod:Exploit+1"],"relics":["EVO:Axolotl","Runic Dome","Odd Mushroom","Bronze Scales","Tiny Chest","Sozu","Nloth\u0027s Gift","Singing Bowl","Juzu Bracelet"],"acts_visited":["Exordium","TheCity"],"potions_floor_usage":[28],"damage_taken":[{"damage":0.0,"enemies":"Cultist","floor":1.0,"turns":4.0},{"damage":2.0,"enemies":"Jaw Worm","floor":2.0,"turns":4.0},{"damage":0.0,"enemies":"2 Louse","floor":5.0,"turns":3.0},{"damage":9.0,"enemies":"The Mushroom Lair","floor":7.0,"turns":7.0},{"damage":0.0,"enemies":"Looter","floor":10.0,"turns":3.0},{"damage":0.0,"enemies":"Blue Slaver","floor":12.0,"turns":4.0},{"damage":3.0,"enemies":"Gremlin Gang","floor":13.0,"turns":5.0},{"damage":0.0,"enemies":"Red Slaver","floor":14.0,"turns":3.0},{"damage":15.0,"enemies":"The Guardian","floor":16.0,"turns":9.0},{"damage":2.0,"enemies":"2 Thieves","floor":18.0,"turns":4.0},{"damage":8.0,"enemies":"Chosen","floor":22.0,"turns":5.0},{"damage":21.0,"enemies":"Slavers","floor":23.0,"turns":6.0},{"damage":6,"enemies":"Snake Plant","floor":24,"turns":4},{"damage":27,"enemies":"Centurion and Healer","floor":28,"turns":9},{"damage":12,"enemies":"Cultist and Chosen","floor":29,"turns":4}],"seed_played":"5418328228764122700","potions_obtained":[{"floor":1.0,"key":"Block Potion"},{"floor":7.0,"key":"FearPotion"},{"floor":10.0,"key":"SpeedPotion"},{"floor":12.0,"key":"SkillPotion"},{"floor":16.0,"key":"Regen Potion"}],"is_trial":false,"path_per_floor":["M","M","?","?","M","R","?","$","T","M","$","M","M","M","R","B",null,"M","?","T","?","M","E","M","R","T","?","M","M"],"character_chosen":"THE_SURVIVOR","items_purchased":["Bronze Scales"],"campfire_rested":0,"item_purchase_floors":[8],"current_hp_per_floor":[50,48,53,42,42,42,33,33,33,33,33,33,30,30,30,15,55,53,53,53,53,45,39,35,35,35,35,10,0,0],"gold":460,"neow_bonus":"BOSS_RELIC","is_daily":false,"chose_seed":false,"campfire_upgraded":3,"win_rate":0.0,"timestamp":1612331595,"path_taken":["M","?","?","?","M","R","?","$","T","M","$","M","?","?","R","BOSS","M","?","?","?","?","E","M","R","T","?","M","M"],"items_purchased_type":["Relic"],"build_version":"2020-12-22","purchased_purges":0,"victory":false,"max_hp_per_floor":[50,50,55,55,55,55,55,55,55,55,55,55,55,55,55,55,55,55,55,55,55,55,55,57,57,57,57,59,59,59],"card_choices":[{"not_picked":["survmod:MarkedFromAfar","survmod:PinningSnipe"],"picked":"survmod:OverwhelmingAssault","floor":1.0},{"not_picked":["survmod:BearTrap","survmod:MarkedFromAfar"],"picked":"survmod:ComplexMutation","floor":2.0},{"not_picked":["survmod:PersonalMark","survmod:QuickThinking","survmod:FindCover"],"picked":"SKIP","floor":5.0},{"not_picked":["survmod:BearTrap","survmod:SimpleMutation"],"picked":"survmod:HailOfArrows","floor":10.0},{"not_picked":["survmod:TwinShot","survmod:UnfortunateEscape"],"picked":"survmod:MarkedFromAfar","floor":12.0},{"not_picked":["survmod:EmptyQuiver","survmod:UnfortunateEscape","survmod:FindCover"],"picked":"SKIP","floor":13.0},{"not_picked":["survmod:MarkedShot","survmod:FindCover"],"picked":"survmod:SkillfulManeuver","floor":14.0},{"not_picked":["survmod:BatteringStrike","survmod:MutantForm"],"picked":"survmod:Detonation","floor":16.0},{"not_picked":["survmod:FocusedFire","survmod:FenceTrap"],"picked":"survmod:SurpriseTrap","floor":18.0},{"not_picked":["survmod:AcidArrow","survmod:AcidTrap"],"picked":"survmod:Detonation","floor":22.0},{"not_picked":["survmod:ExplosiveTrap","survmod:MarkTrap"],"picked":"survmod:RobFromTheRich","floor":23.0},{"not_picked":["survmod:RejectWeakness","survmod:SkillfulManeuver","survmod:FocusedFire"],"picked":"Singing Bowl","floor":24},{"not_picked":["survmod:PiercingShot+1","survmod:BendAndBow+1","survmod:PersonalMark+1"],"picked":"Singing Bowl","floor":28}],"player_experience":1832752,"relics_obtained":[{"floor":7.0,"key":"Odd Mushroom"},{"floor":9.0,"key":"Tiny Chest"},{"floor":20.0,"key":"MawBank"},{"floor":23.0,"key":"Singing Bowl"},{"floor":26,"key":"Juzu Bracelet"}],"event_choices":[{"damage_healed":0.0,"max_hp_gain":5.0,"max_hp_loss":0.0,"gold_gain":0.0,"event_name":"Big Fish","player_choice":"Donut","floor":3.0,"gold_loss":0.0,"damage_taken":0.0},{"damage_healed":0.0,"max_hp_gain":0.0,"max_hp_loss":0.0,"gold_gain":75.0,"event_name":"World of Goop","player_choice":"Gather Gold","floor":4.0,"gold_loss":0.0,"damage_taken":11.0},{"damage_healed":0.0,"max_hp_gain":0.0,"max_hp_loss":0.0,"gold_gain":0.0,"event_name":"Mushrooms","player_choice":"Fought Mushrooms","floor":7.0,"gold_loss":0.0,"damage_taken":0.0},{"damage_healed":0.0,"max_hp_gain":0.0,"max_hp_loss":0.0,"gold_gain":0.0,"cards_transformed":["survmod:ComplexMutation"],"event_name":"Transmorgrifier","player_choice":"Transformed","floor":19.0,"gold_loss":0.0,"damage_taken":0.0,"cards_obtained":["survmod:Exploit"]},{"damage_healed":0.0,"max_hp_gain":0.0,"max_hp_loss":0.0,"gold_gain":0.0,"event_name":"N\u0027loth","player_choice":"Traded Relic","floor":21.0,"relics_lost":["MawBank"],"gold_loss":0.0,"damage_taken":0.0,"relics_obtained":["Nloth\u0027s Gift"]},{"damage_healed":0,"gold_gain":0,"player_choice":"Copied","damage_taken":0,"max_hp_gain":0,"max_hp_loss":0,"event_name":"Duplicator","floor":27,"gold_loss":0,"cards_obtained":["survmod:Exploit"]}],"is_beta":false,"boss_relics":[{"not_picked":["Ectoplasm","Astrolabe"],"picked":"Sozu"}],"items_purged_floors":[],"is_endless":false,"potions_floor_spawned":[1,7,10,12,14,16,22,23,24],"killed_by":"Cultist and Chosen","ascension_level":0}}