{"host":"q9sqrn60n8lvmavn","time":1612328954,"event":{"mods":["AchievementEnabler","AlwaysNeverKeys","BaseMod","Better Third Choice","Better Vampires","Block Reminder","Colored Powertips","Curses Come First","DNKmod","Friendly Minions","Minty Spire (QoL Compilation)","Permanent Neow","Relic Filter Mod","StSLib","Weighted Paths"],"gold_per_floor":[1010,630,580,176,251,280,280,280,280,300,329,345,345,377,377,476,476,494,505,505,516,532,562,562,477,503,517,617,644,719,748,748,846,846,857,857,857,877,540,540,573,573,573,606,606,625,657,669,669,669,669,669,322,357,357],"floor_reached":56,"language":"ENG","playtime":2419,"items_purged":["Strike_G","Strike_G","Defend_G","Strike_G"],"score":2343,"play_id":"46aa70a5-b048-4933-99d2-745aea09e0e9","local_time":"20210202210914","is_ascension_mode":true,"campfire_choices":[{"data":"Neutralize","floor":7.0,"key":"SMITH"},{"data":"Cloak And Dagger","floor":15.0,"key":"SMITH"},{"data":"Backflip","floor":24.0,"key":"SMITH"},{"data":"Infinite Blades","floor":32.0,"key":"SMITH"},{"data":"Accuracy","floor":40.0,"key":"SMITH"},{"data":"Survivor","floor":45.0,"key":"SMITH"},{"data":"Defend_G","floor":49.0,"key":"SMITH"},{"data":"Defend_G","floor":52.0,"key":"SMITH"}],"circlet_count":0,"master_deck":["Strike_G","Strike_G","Defend_G+1","Defend_G+1","Survivor+1","Backflip+1","Cloak And Dagger+1","Neutralize+1","Accuracy+1","Backflip+1","Cloak And Dagger+1","Quick Slash+1","Prepared+1","Acrobatics+1","Infinite Blades+1","Infinite Blades+1","Blade Dance+1","Accuracy+1","Blade Dance+1","Madness+1","Madness+1","Prepared+1","Blade Dance+1","Blade Dance+1","Terror+1"],"relics":["Ring of the Snake","Kunai","Sundial","Molten Egg 2","Question Card","InkBottle","Toxic Egg 2","Paper Crane","Ninja Scroll","Blood Vial","CaptainsWheel","WristBlade","Akabeko","Bag of Preparation","Omamori","Bird Faced Urn","Letter Opener","Juzu Bracelet","Ice Cream","Empty Cage","Lantern","Blue Candle","Meat on the Bone","Ancient Tea Set","Ornamental Fan","Membership Card","Happy Flower","Bronze Scales"],"acts_visited":["Exordium","TheCity","TheBeyond","TheEnding"],"potions_floor_usage":[55,55,55],"damage_taken":[{"damage":0.0,"enemies":"2 Louse","floor":1.0,"turns":2.0},{"damage":0.0,"enemies":"Lagavulin","floor":6.0,"turns":8.0},{"damage":0.0,"enemies":"Cultist","floor":10.0,"turns":2.0},{"damage":0.0,"enemies":"3 Sentries","floor":11.0,"turns":5.0},{"damage":0.0,"enemies":"Jaw Worm","floor":12.0,"turns":2.0},{"damage":4.0,"enemies":"Lagavulin","floor":14.0,"turns":4.0},{"damage":0.0,"enemies":"Hexaghost","floor":16.0,"turns":6.0},{"damage":0.0,"enemies":"Spheric Guardian","floor":18.0,"turns":1.0},{"damage":0.0,"enemies":"Chosen","floor":19.0,"turns":2.0},{"damage":0.0,"enemies":"Centurion and Healer","floor":21.0,"turns":2.0},{"damage":0.0,"enemies":"Snecko","floor":22.0,"turns":2.0},{"damage":0.0,"enemies":"Book of Stabbing","floor":23.0,"turns":3.0},{"damage":0.0,"enemies":"Shelled Parasite and Fungi","floor":27.0,"turns":2.0},{"damage":0.0,"enemies":"Colosseum Slavers","floor":28.0,"turns":2.0},{"damage":0.0,"enemies":"Colosseum Nobs","floor":28.0,"turns":3.0},{"damage":0.0,"enemies":"Slavers","floor":29.0,"turns":2.0},{"damage":0.0,"enemies":"Book of Stabbing","floor":31.0,"turns":2.0},{"damage":4.0,"enemies":"Champ","floor":33.0,"turns":6.0},{"damage":0.0,"enemies":"Orb Walker","floor":35.0,"turns":2.0},{"damage":0.0,"enemies":"3 Darklings","floor":38.0,"turns":3.0},{"damage":0.0,"enemies":"Giant Head","floor":41.0,"turns":3.0},{"damage":0.0,"enemies":"Reptomancer","floor":44.0,"turns":1.0},{"damage":0.0,"enemies":"Writhing Mass","floor":46.0,"turns":2.0},{"damage":0.0,"enemies":"Giant Head","floor":47.0,"turns":2.0},{"damage":1.0,"enemies":"4 Shapes","floor":48.0,"turns":2.0},{"damage":0.0,"enemies":"Donu and Deca","floor":50.0,"turns":2.0},{"damage":0,"enemies":"Shield and Spear","floor":54,"turns":2},{"damage":47,"enemies":"The Heart","floor":55,"turns":5}],"seed_played":"2060028550610329393","potions_obtained":[{"floor":1.0,"key":"Fire Potion"},{"floor":11.0,"key":"Regen Potion"},{"floor":14.0,"key":"Fire Potion"},{"floor":28.0,"key":"AttackPotion"},{"floor":29.0,"key":"Fire Potion"},{"floor":33.0,"key":"ColorlessPotion"},{"floor":38.0,"key":"CultistPotion"},{"floor":44.0,"key":"EssenceOfSteel"}],"is_trial":false,"path_per_floor":["M","$","?","$","?","E","R","?","T","M","E","M","?","E","R","B",null,"M","M","?","M","M","E","R","?","T","M","?","E","?","E","R","B",null,"M","?","?","M","$","R","E","?","T","E","R","M","E","M","R","B",null,"R","$","E","B",null],"character_chosen":"THE_SILENT","items_purchased":["Backflip","Question Card","InkBottle","Cloak And Dagger","Accuracy","Lantern","Membership Card","Happy Flower","Terror+1","SteroidPotion"],"campfire_rested":0,"item_purchase_floors":[2,2,4,4,39,39,53,53,53,53],"current_hp_per_floor":[100,100,100,100,89,89,89,89,89,89,89,89,86,84,84,86,97,99,100,100,100,100,100,100,100,100,100,100,100,90,94,94,96,99,100,100,100,100,100,100,100,87,87,97,97,100,100,99,99,100,100,100,100,100,58],"gold":357,"neow_bonus":"REMOVE_CARD","is_daily":false,"chose_seed":false,"campfire_upgraded":8,"win_rate":0.0,"timestamp":1612328954,"path_taken":["M","$","?","$","?","E","R","?","T","?","E","M","?","E","R","BOSS","M","M","?","?","M","E","R","?","T","M","?","E","?","E","R","BOSS","M","?","?","M","$","R","E","?","T","E","R","M","E","M","R","BOSS","R","$","E","BOSS"],"items_purchased_type":["Card","Relic","Relic","Card","Card","Relic","Relic","Relic","Card","Potion"],"build_version":"2020-12-22","purchased_purges":4,"victory":true,"max_hp_per_floor":[100,100,100,100,100,100,100,100,100,100,100,100,100,100,100,100,100,100,100,100,100,100,100,100,100,100,100,100,100,100,100,100,100,100,100,100,100,100,100,100,100,100,100,100,100,100,100,100,100,100,100,100,100,100,100],"card_choices":[{"not_picked":["Well Laid Plans","PiercingWail","Expertise"],"picked":"SKIP","floor":1.0},{"not_picked":["Expertise+1","Crippling Poison+1","Sucker Punch+1"],"picked":"Bouncing Flask+1","floor":6.0},{"not_picked":["Well Laid Plans","Quick Slash+1","Footwork"],"picked":"Accuracy","floor":10.0},{"not_picked":["Reflex+1","Concentrate+1","Footwork","A Thousand Cuts"],"picked":"SKIP","floor":11.0},{"not_picked":["Deadly Poison+1","Masterful Stab+1","Backstab+1","Bane+1"],"picked":"SKIP","floor":12.0},{"not_picked":["Bane+1","Dodge and Roll+1","Underhanded Strike+1"],"picked":"Backflip+1","floor":14.0},{"not_picked":["Bane+1","Distraction+1","Poisoned Stab+1"],"picked":"Cloak And Dagger+1","floor":18.0},{"not_picked":["All Out Attack+1","Dodge and Roll+1","Flying Knee+1","Setup+1"],"picked":"SKIP","floor":19.0},{"not_picked":["Deadly Poison+1","PiercingWail+1","Underhanded Strike+1","All Out Attack+1"],"picked":"SKIP","floor":21.0},{"not_picked":["Outmaneuver+1","Heel Hook+1","Prepared+1","Bane+1"],"picked":"SKIP","floor":22.0},{"not_picked":["Backstab+1","Bullet Time+1","PiercingWail+1"],"picked":"Quick Slash+1","floor":23.0},{"not_picked":["Dagger Spray+1","Distraction+1","Endless Agony+1"],"picked":"Prepared+1","floor":27.0},{"not_picked":["Deadly Poison+1","Venomology+1","Slice+1"],"picked":"Acrobatics+1","floor":29.0},{"not_picked":["Flechettes+1","Deflect+1","Deadly Poison+1"],"picked":"Infinite Blades","floor":31.0},{"not_picked":["Dagger Spray+1","Dash+1","Prepared+1"],"picked":"Infinite Blades+1","floor":35.0},{"not_picked":["Dagger Throw+1","Backstab+1","Endless Agony+1"],"picked":"Blade Dance+1","floor":38.0},{"not_picked":["Prepared+1","Leg Sweep+1","Flying Knee+1"],"picked":"Blade Dance+1","floor":41.0},{"not_picked":["Predator+1","Bane+1","Slice+1","Dagger Throw+1"],"picked":"SKIP","floor":44.0},{"not_picked":["Leg Sweep+1","Predator+1","Footwork+1"],"picked":"Prepared+1","floor":46.0},{"not_picked":["Outmaneuver+1","Concentrate+1","Slice+1"],"picked":"Blade Dance+1","floor":47.0},{"not_picked":["Storm of Steel+1","Dash+1","Acrobatics+1"],"picked":"Blade Dance+1","floor":48.0},{"not_picked":["Skewer+1","Dagger Throw+1","Flechettes+1","Outmaneuver+1"],"picked":"SKIP","floor":54}],"player_experience":205643,"relics_obtained":[{"floor":6.0,"key":"Toxic Egg 2"},{"floor":9.0,"key":"Paper Crane"},{"floor":11.0,"key":"Ninja Scroll"},{"floor":14.0,"key":"CaptainsWheel"},{"floor":23.0,"key":"Akabeko"},{"floor":26.0,"key":"Omamori"},{"floor":28.0,"key":"Bird Faced Urn"},{"floor":28.0,"key":"Letter Opener"},{"floor":29.0,"key":"Juzu Bracelet"},{"floor":31.0,"key":"Ice Cream"},{"floor":41.0,"key":"Blue Candle"},{"floor":43.0,"key":"Meat on the Bone"},{"floor":44.0,"key":"Ancient Tea Set"},{"floor":47.0,"key":"Ornamental Fan"},{"floor":54,"key":"Bronze Scales"}],"event_choices":[{"cards_removed":["Defend_G"],"damage_healed":0.0,"max_hp_gain":0.0,"max_hp_loss":0.0,"gold_gain":0.0,"event_name":"The Cleric","player_choice":"Card Removal","floor":3.0,"gold_loss":50.0,"damage_taken":0.0},{"damage_healed":0.0,"max_hp_gain":0.0,"max_hp_loss":0.0,"gold_gain":75.0,"event_name":"betterThird:BetterGoop","player_choice":"Gold","floor":5.0,"gold_loss":0.0,"damage_taken":11.0},{"damage_healed":0.0,"max_hp_gain":0.0,"max_hp_loss":0.0,"gold_gain":0.0,"event_name":"Match and Keep!","player_choice":"2 cards matched","floor":8.0,"gold_loss":0.0,"damage_taken":0.0,"cards_obtained":["Mind Blast","Neutralize"]},{"damage_healed":0.0,"max_hp_gain":0.0,"max_hp_loss":0.0,"gold_gain":0.0,"event_name":"betterThird:BetterScrap","player_choice":"Relic ","floor":13.0,"gold_loss":0.0,"damage_taken":3.0,"cards_obtained":["Ragnarok"]},{"damage_healed":0.0,"max_hp_gain":0.0,"max_hp_loss":0.0,"gold_gain":0.0,"event_name":"Upgrade Shrine","player_choice":"Upgraded","floor":20.0,"gold_loss":0.0,"damage_taken":0.0,"cards_upgraded":["Accuracy"]},{"damage_healed":0.0,"max_hp_gain":0.0,"max_hp_loss":0.0,"gold_gain":0.0,"event_name":"Addict","player_choice":"Obtained Relic","floor":25.0,"gold_loss":85.0,"damage_taken":0.0,"relics_obtained":["Bag of Preparation"]},{"damage_healed":0.0,"max_hp_gain":0.0,"max_hp_loss":0.0,"gold_gain":0.0,"event_name":"Colosseum","player_choice":"Fight","floor":28.0,"gold_loss":0.0,"damage_taken":0.0},{"damage_healed":0.0,"max_hp_gain":0.0,"max_hp_loss":0.0,"gold_gain":0.0,"event_name":"Colosseum","player_choice":"Fought Nobs","floor":28.0,"gold_loss":0.0,"damage_taken":0.0},{"damage_healed":0.0,"max_hp_gain":0.0,"max_hp_loss":0.0,"gold_gain":75.0,"event_name":"FaceTrader","player_choice":"Touch","floor":30.0,"gold_loss":0.0,"damage_taken":10.0},{"damage_healed":0.0,"max_hp_gain":0.0,"max_hp_loss":0.0,"gold_gain":0.0,"event_name":"SensoryStone","player_choice":"Memory 1","floor":36.0,"gold_loss":0.0,"damage_taken":0.0},{"cards_removed":["Neutralize"],"damage_healed":0.0,"max_hp_gain":0.0,"max_hp_loss":0.0,"gold_gain":0.0,"event_name":"Falling","player_choice":"Removed Attack","floor":37.0,"gold_loss":0.0,"damage_taken":0.0},{"damage_healed":0.0,"max_hp_gain":0.0,"max_hp_loss":0.0,"gold_gain":0.0,"event_name":"Winding Halls","player_choice":"Embrace Madness","floor":42.0,"gold_loss":0.0,"damage_taken":13.0,"cards_obtained":["Madness","Madness"]}],"is_beta":false,"boss_relics":[{"not_picked":["Coffee Dripper","Sozu"],"picked":"WristBlade"},{"not_picked":["Black Star","Philosopher\u0027s Stone"],"picked":"Empty Cage"}],"items_purged_floors":[2,4,39,53],"is_endless":false,"potions_floor_spawned":[1,11,14,18,19,28,28,29,33,38,44],"ascension_level":8}}