{"host":"f0gpob8hq9vgebej","time":1612372405,"event":{"mods":["AchievementEnabler","BaseMod","Minty Spire (QoL Compilation)","Quick Restart","SuperFastMode"],"gold_per_floor":[118,135,149,167,167,167,187,197,197,197,44,74,93,121,121,192,192,210,226,276,8,23,23,48,58,58,68,68,97,117,134,134,134,134],"floor_reached":33,"language":"KOR","playtime":861,"items_purged":["Strike_R","Strike_R"],"score":561,"play_id":"bd242c2b-246f-49df-8a51-fb170f6104bb","local_time":"20210204021325","is_ascension_mode":true,"campfire_choices":[{"data":"Blood for Blood","floor":6.0,"key":"SMITH"},{"data":"Shrug It Off","floor":15.0,"key":"SMITH"},{"data":"Immolate","floor":23.0,"key":"SMITH"},{"data":"Hemokinesis","floor":28,"key":"SMITH"},{"data":"Feel No Pain","floor":32,"key":"SMITH"}],"circlet_count":0,"master_deck":["AscendersBane","Strike_R","Strike_R+1","Defend_R","Defend_R","Defend_R","Defend_R","Bash","True Grit+1","Seeing Red","Blood for Blood+1","Shrug It Off+1","Immolate+1","Feel No Pain+1","Hemokinesis+1","Shockwave","Feed","Blood for Blood+1","Offering","Power Through+1"],"relics":["Burning Blood","Omamori","Bag of Preparation","Centennial Puzzle","Ornamental Fan","Sozu","DollysMirror","Bag of Marbles","Orichalcum","Oddly Smooth Stone"],"acts_visited":["Exordium","TheCity"],"potions_floor_usage":[],"damage_taken":[{"damage":2.0,"enemies":"2 Louse","floor":1.0,"turns":3.0},{"damage":13.0,"enemies":"Small Slimes","floor":2.0,"turns":5.0},{"damage":7.0,"enemies":"Jaw Worm","floor":3.0,"turns":4.0},{"damage":9.0,"enemies":"Looter","floor":4.0,"turns":4.0},{"damage":4.0,"enemies":"3 Louse","floor":7.0,"turns":3.0},{"damage":0.0,"enemies":"Blue Slaver","floor":8.0,"turns":6.0},{"damage":8.0,"enemies":"Gremlin Nob","floor":12.0,"turns":3.0},{"damage":2.0,"enemies":"Looter","floor":13.0,"turns":2.0},{"damage":7.0,"enemies":"3 Sentries","floor":14.0,"turns":4.0},{"damage":24.0,"enemies":"The Guardian","floor":16.0,"turns":12.0},{"damage":11.0,"enemies":"Chosen","floor":18.0,"turns":3.0},{"damage":13.0,"enemies":"Spheric Guardian","floor":19.0,"turns":5.0},{"damage":15.0,"enemies":"Shelled Parasite and Fungi","floor":22.0,"turns":4.0},{"damage":10.0,"enemies":"Gremlin Leader","floor":24.0,"turns":7.0},{"damage":8,"enemies":"Cultist and Chosen","floor":25,"turns":2},{"damage":4,"enemies":"Centurion and Healer","floor":27,"turns":3},{"damage":14,"enemies":"Slavers","floor":29,"turns":3},{"damage":6,"enemies":"Snake Plant","floor":30,"turns":2},{"damage":8,"enemies":"Chosen and Byrds","floor":31,"turns":3},{"damage":61,"enemies":"Champ","floor":33,"turns":11}],"seed_played":"274257996257848887","potions_obtained":[{"floor":2.0,"key":"DistilledChaos"},{"floor":4.0,"key":"GamblersBrew"},{"floor":7.0,"key":"BloodPotion"},{"floor":8.0,"key":"Fire Potion"},{"floor":14.0,"key":"AttackPotion"}],"is_trial":false,"path_per_floor":["M","M","M","M","?","R","M","M","T","?","$","E","M","E","R","B",null,"M","M","?","$","M","R","E","M","T","M","R","E","M","M","R","B"],"character_chosen":"IRONCLAD","items_purchased":["Feel No Pain","DollysMirror"],"campfire_rested":0,"item_purchase_floors":[11,21],"current_hp_per_floor":[72,65,64,61,38,38,40,61,61,43,43,41,45,44,44,26,63,58,51,51,51,45,45,41,42,42,44,44,39,39,40,40,0,0],"gold":134,"neow_bonus":"REMOVE_CARD","is_daily":false,"chose_seed":false,"campfire_upgraded":5,"win_rate":0.0,"timestamp":1612372405,"path_taken":["M","M","M","M","?","R","M","M","T","?","$","E","M","E","R","BOSS","M","M","?","$","M","R","E","M","T","M","R","E","M","M","R","BOSS"],"items_purchased_type":["Card","Relic"],"build_version":"2020-12-22","purchased_purges":2,"victory":false,"max_hp_per_floor":[75,75,75,75,75,75,75,75,75,75,75,75,75,75,75,75,75,75,75,75,75,78,78,78,81,81,81,81,84,84,87,87,87,87],"card_choices":[{"not_picked":["Thunderclap","Sword Boomerang"],"picked":"True Grit","floor":1.0},{"not_picked":["Iron Wave","Cleave"],"picked":"Seeing Red","floor":2.0},{"not_picked":["Warcry","Iron Wave"],"picked":"Blood for Blood","floor":3.0},{"not_picked":["Headbutt","Clothesline","Clash"],"picked":"SKIP","floor":4.0},{"not_picked":["Pommel Strike","Dark Embrace"],"picked":"Shrug It Off","floor":7.0},{"not_picked":["Pommel Strike","Wild Strike"],"picked":"Immolate","floor":8.0},{"not_picked":["Twin Strike","True Grit"],"picked":"Hemokinesis","floor":12.0},{"not_picked":["Metallicize","Dropkick"],"picked":"Shockwave","floor":13.0},{"not_picked":["Thunderclap","Perfected Strike","Cleave"],"picked":"SKIP","floor":14.0},{"not_picked":["Barricade","Exhume"],"picked":"Feed","floor":16.0},{"not_picked":["Wild Strike","Thunderclap","Cleave"],"picked":"SKIP","floor":18.0},{"not_picked":["Headbutt","Armaments","Heavy Blade"],"picked":"SKIP","floor":19.0},{"not_picked":["Headbutt","True Grit+1","Dropkick"],"picked":"SKIP","floor":22.0},{"not_picked":["Warcry","True Grit"],"picked":"Offering","floor":24.0},{"not_picked":["Blood for Blood","Headbutt+1","Thunderclap"],"picked":"SKIP","floor":25},{"not_picked":["Body Slam","Inflame"],"picked":"Power Through+1","floor":27},{"not_picked":["Cleave","Perfected Strike","Blood for Blood"],"picked":"SKIP","floor":29},{"not_picked":["Pommel Strike","Bloodletting","Thunderclap"],"picked":"SKIP","floor":30},{"not_picked":["Wild Strike","Anger","Iron Wave"],"picked":"SKIP","floor":31}],"player_experience":375617,"relics_obtained":[{"floor":9.0,"key":"Omamori"},{"floor":12.0,"key":"Centennial Puzzle"},{"floor":14.0,"key":"Ornamental Fan"},{"floor":24.0,"key":"Bag of Marbles"},{"floor":26,"key":"Orichalcum"},{"floor":29,"key":"Oddly Smooth Stone"}],"event_choices":[{"damage_healed":0.0,"max_hp_gain":0.0,"max_hp_loss":0.0,"gold_gain":0.0,"event_name":"Shining Light","player_choice":"Entered Light","floor":5.0,"gold_loss":0.0,"damage_taken":23.0,"cards_upgraded":["Strike_R","True Grit"]},{"damage_healed":0.0,"max_hp_gain":0.0,"max_hp_loss":0.0,"gold_gain":0.0,"event_name":"Scrap Ooze","player_choice":"Success","floor":10.0,"gold_loss":0.0,"damage_taken":18.0,"relics_obtained":["Bag of Preparation"]},{"damage_healed":0.0,"max_hp_gain":0.0,"max_hp_loss":0.0,"gold_gain":50.0,"event_name":"Nest","player_choice":"Stole From Cult","floor":20.0,"gold_loss":0.0,"damage_taken":0.0}],"is_beta":false,"boss_relics":[{"not_picked":["Philosopher\u0027s Stone","Cursed Key"],"picked":"Sozu"}],"items_purged_floors":[11,21],"is_endless":false,"potions_floor_spawned":[2,4,7,8,14,24,27,29,30,31],"killed_by":"Champ","ascension_level":17}}