{"host":"i9wanet4r0ff4t9y","time":1612358492,"event":{"mods":["2.2 Compatiblity","Act Like it!","BaseMod","Bestiary","Better Altar","Better Match","Better Note","Better Sensory Stone","Better Skull","Better Third Choice","Better Vampires","BetterRewards","CapriCore","Colored Map","Curses Come First","Downfall","Hubris","Minty Spire (QoL Compilation)","Quick Restart","READ ME - Guardian Mod","READ ME - Snecko Mod","Relic Stats","Reliquary","Say the Spire","Spicy Shops","StSLib","The Gatherer","Waifu the Spire"],"gold_per_floor":[115,115,115,132,132,132,158,158,184,195,195,214,232,245,245,319,319,331,331,350,397,409,436,20,20,46,46,66,66,78,93,93,93,93],"floor_reached":33,"language":"POL","playtime":861,"items_purged":[],"score":663,"play_id":"32d1c249-ea53-43de-a68d-8caf6b64c0b3","local_time":"20210203142132","is_ascension_mode":true,"campfire_choices":[{"floor":6,"key":"REST"},{"floor":15,"key":"REST"},{"data":"Noxious Fumes","floor":25,"key":"SMITH"},{"data":"Noxious Fumes","floor":27,"key":"SMITH"},{"floor":29,"key":"REST"},{"floor":32,"key":"REST"}],"circlet_count":0,"master_deck":["AscendersBane","Strike_G","Strike_G","Strike_G+1","Strike_G","Defend_G","Defend_G","Defend_G+1","Defend_G","Defend_G","Survivor","Neutralize","Decay","Magnetism","Footwork","Deflect","Dagger Spray","Poisoned Stab","Dagger Spray","Dramatic Entrance","Noxious Fumes+1","Offering","Infinite Blades","Corpse Explosion","Distraction","Catalyst","Catalyst","Night Terror","Blade Dance","Expertise","Predator","Footwork","Poisoned Stab","Sadistic Nature","Noxious Fumes+1","Catalyst","Underhanded Strike","Infinite Blades","Riddle With Holes","Poisoned Stab"],"relics":["Ring of the Snake","Lee\u0027s Waffle","Medical Kit","reliquary:KillPill","reliquary:SilkGlove","reliquary:Firecrackers","Strawberry","Smiling Mask","hubris:PeanutButter","reliquary:KinkedSpring","hubris:ToyBattleship","Juzu Bracelet","Bag of Marbles"],"acts_visited":["Exordium","TheCity"],"potions_floor_usage":[13,16,16,23,30],"damage_taken":[{"damage":5.0,"enemies":"Jaw Worm","floor":1.0,"turns":6.0},{"damage":0,"enemies":"2 Louse","floor":4,"turns":2},{"damage":23,"enemies":"Lagavulin","floor":7,"turns":6},{"damage":0,"enemies":"Cultist","floor":10,"turns":4},{"damage":6,"enemies":"Blue Slaver","floor":12,"turns":5},{"damage":0,"enemies":"Lots of Slimes","floor":13,"turns":1},{"damage":0,"enemies":"Exordium Thugs","floor":14,"turns":2},{"damage":10,"enemies":"Hexaghost","floor":16,"turns":8},{"damage":0,"enemies":"3 Byrds","floor":18,"turns":2},{"damage":0,"enemies":"Chosen","floor":20,"turns":3},{"damage":23,"enemies":"Snake Plant","floor":22,"turns":4},{"damage":0,"enemies":"Gremlin Leader","floor":23,"turns":6},{"damage":10,"enemies":"Chosen and Byrds","floor":28,"turns":3},{"damage":0,"enemies":"3 Cultists","floor":30,"turns":3},{"damage":5,"enemies":"Snake Plant","floor":31,"turns":3},{"damage":78,"enemies":"Automaton","floor":33,"turns":6}],"seed_played":"-4423073045106509432","potions_obtained":[{"floor":7,"key":"SpeedPotion"},{"floor":10,"key":"Explosive Potion"},{"floor":13,"key":"BlessingOfTheForge"},{"floor":18,"key":"SpeedPotion"},{"floor":22,"key":"Explosive Potion"},{"floor":23,"key":"Fire Potion"},{"floor":30,"key":"Explosive Potion"}],"is_trial":false,"path_per_floor":["M","?","?","M","?","R","E","?","T","M","T","M","M","M","R","B",null,"M","?","M","T","M","E","$","R","T","R","M","R","M","M","R","B"],"character_chosen":"THE_SILENT","items_purchased":["Lee\u0027s Waffle","Medical Kit","reliquary:KillPill","Magnetism","Footwork","Deflect","Dagger Spray","Poisoned Stab","Sadistic Nature","Noxious Fumes","Catalyst","Underhanded Strike"],"campfire_rested":4,"item_purchase_floors":[0,0,0,0,0,0,0,0,24,24,24,24],"current_hp_per_floor":[68,46,46,46,16,37,14,21,21,21,21,15,15,15,39,29,67,67,67,67,67,44,44,44,44,44,44,34,58,58,53,77,0,0],"gold":93,"neow_bonus":"","is_daily":false,"chose_seed":false,"campfire_upgraded":2,"win_rate":0.0,"timestamp":1612358492,"path_taken":["M","?","?","M","?","R","E","?","T","M","?","?","M","M","R","BOSS","M","?","?","?","M","E","$","R","T","R","M","R","M","M","R","BOSS"],"items_purchased_type":["Relic","Relic","Relic","Card","Card","Card","Card","Card","Card","Card","Card","Card"],"build_version":"2020-12-22","purchased_purges":0,"victory":false,"max_hp_per_floor":[73,73,73,73,73,73,73,80,80,80,80,80,80,80,80,80,80,80,80,80,80,80,80,80,80,80,80,80,80,80,80,80,80,80],"relic_stats":{"Lee\u0027s Waffle":45,"counters":[187,880],"Juzu Bracelet":0,"Medical Kit":[3],"Smiling Mask":0,"obtain_stats":[{"TwistedFunnel":11,"Spirit Poop":29,"Whetstone":0,"Bottled Tornado":19,"Boot":0,"Sling":11,"reliquary:FerryPass":0,"Blood Vial":0,"hubris:HerbalPaste":19,"Sundial":7,"MealTicket":0,"HandDrill":0,"Kunai":12,"hubris:TinFlute":10,"Pear":23,"Blue Candle":54,"Eternal Feather":26,"Tingsha":1,"Pen Nib":26,"Paper Crane":40,"Akabeko":41,"hubris:BottledHeart":22,"Bird Faced Urn":25,"hubris:TenFootPole":11,"StrikeDummy":23,"Unceasing Top":28,"Regal Pillow":9,"Lantern":0,"hubris:Metronome":11,"reliquary:SilkGlove":5,"Singing Bowl":0,"Torii":43,"StoneCalendar":0,"Bag of Preparation":27,"hubris:EmptyBottle":0,"Ancient Tea Set":11,"Cursed Key":34,"Smiling Mask":9,"Matryoshka":6,"Shovel":19,"Ninja Scroll":11,"Toolbox":41,"Chemical X":11,"InkBottle":6,"Ring of the Snake":0,"Potion Belt":0,"Lee\u0027s Waffle":0,"The Specimen":0,"Golden Idol":2,"betterThird:NestCultRelic":28,"PreservedInsect":0,"The Courier":6,"Frozen Egg 2":41,"MawBank":27,"reliquary:KinkedSpring":17,"sneckomod:BabySnecko":22,"Ornamental Fan":20,"betterThird:SlimedRelic":5,"Orrery":0,"Bottled Lightning":7,"hexamod:BolsterEngine":42,"hubris:CrackedHourglass":17,"Toy Ornithopter":12,"CeramicFish":9,"Vajra":21,"HoveringKite":34,"hubris:VirtuousBlindfold":17,"Lizard Tail":17,"HornCleat":11,"Strawberry":0,"Philosopher\u0027s Stone":17,"Prayer Wheel":9,"Girya":0,"Happy Flower":10,"hubris:DuctTape":11,"Oddly Smooth Stone":53,"War Paint":0,"Question Card":9,"hubris:Zylophone":9,"Shuriken":9,"Bronze Scales":9,"hubris:PeanutButter":11,"Nloth\u0027s Gift":20,"Black Star":17,"hubris:ToyBattleship":21,"bronze:MakeshiftBattery":17,"Meat on the Bone":21,"Darkstone Periapt":0,"SacredBark":17,"reliquary:Firecrackers":7,"Enchiridion":25,"Mango":30,"Snake Skull":9,"reliquary:KillPill":0,"Juzu Bracelet":47,"Incense Burner":41,"hubris:SlimyHat":6,"Dream Catcher":17,"Nunchaku":26,"Tough Bandages":38,"hubris:Icosahedron":14,"TheAbacus":0,"Mummified Hand":13,"Tiny Chest":11,"hubris:DisguiseKit":19,"hexamod:Sixitude":9,"Orichalcum":0,"Medical Kit":0,"White Beast Statue":26,"Calling Bell":17,"Cauldron":21,"Strange Spoon":31,"Anchor":24,"CaptainsWheel":27,"hubris:BundleOfHerbs":26,"Bag of Marbles":0,"Membership Card":0},{"TwistedFunnel":126,"Spirit Poop":39,"Whetstone":99,"Bottled Tornado":143,"Boot":26,"Sling":30,"reliquary:FerryPass":163,"Blood Vial":88,"hubris:HerbalPaste":143,"Sundial":138,"MealTicket":119,"HandDrill":26,"Kunai":30,"hubris:TinFlute":126,"Pear":75,"Blue Candle":49,"Eternal Feather":16,"Tingsha":164,"Pen Nib":159,"Paper Crane":45,"Akabeko":45,"hubris:BottledHeart":129,"Bird Faced Urn":62,"hubris:TenFootPole":126,"StrikeDummy":61,"Unceasing Top":77,"Regal Pillow":10,"Lantern":26,"hubris:Metronome":140,"reliquary:SilkGlove":173,"Singing Bowl":50,"Torii":85,"StoneCalendar":149,"Bag of Preparation":38,"hubris:EmptyBottle":134,"Ancient Tea Set":24,"Cursed Key":80,"Smiling Mask":174,"Matryoshka":6,"Shovel":97,"Ninja Scroll":54,"Toolbox":45,"Chemical X":94,"InkBottle":92,"Ring of the Snake":0,"Potion Belt":64,"Lee\u0027s Waffle":171,"The Specimen":26,"Golden Idol":27,"betterThird:NestCultRelic":16,"PreservedInsect":19,"The Courier":53,"Frozen Egg 2":45,"MawBank":116,"reliquary:KinkedSpring":179,"sneckomod:BabySnecko":16,"Ornamental Fan":97,"betterThird:SlimedRelic":109,"Orrery":64,"Bottled Lightning":10,"hexamod:BolsterEngine":85,"hubris:CrackedHourglass":157,"Toy Ornithopter":25,"CeramicFish":24,"Vajra":35,"HoveringKite":41,"hubris:VirtuousBlindfold":127,"Lizard Tail":71,"HornCleat":69,"Strawberry":50,"Philosopher\u0027s Stone":14,"Prayer Wheel":104,"Girya":50,"Happy Flower":11,"hubris:DuctTape":112,"Oddly Smooth Stone":48,"War Paint":88,"Question Card":6,"hubris:Zylophone":167,"Shuriken":30,"Bronze Scales":6,"hubris:PeanutButter":175,"Nloth\u0027s Gift":59,"Black Star":96,"hubris:ToyBattleship":181,"bronze:MakeshiftBattery":57,"Meat on the Bone":97,"Darkstone Periapt":26,"SacredBark":142,"reliquary:Firecrackers":174,"Enchiridion":75,"Mango":63,"Snake Skull":111,"reliquary:KillPill":171,"Juzu Bracelet":47,"Incense Burner":85,"hubris:SlimyHat":167,"Dream Catcher":71,"Nunchaku":75,"Tough Bandages":83,"hubris:Icosahedron":126,"TheAbacus":149,"Mummified Hand":112,"Tiny Chest":30,"hubris:DisguiseKit":128,"hexamod:Sixitude":155,"Orichalcum":7,"Medical Kit":171,"White Beast Statue":37,"Calling Bell":71,"Cauldron":16,"Strange Spoon":79,"Anchor":36,"CaptainsWheel":160,"hubris:BundleOfHerbs":116,"Bag of Marbles":50,"Membership Card":88},{"TwistedFunnel":597,"Spirit Poop":174,"Whetstone":458,"Bottled Tornado":690,"Boot":121,"Sling":135,"reliquary:FerryPass":781,"Blood Vial":411,"hubris:HerbalPaste":690,"Sundial":661,"MealTicket":569,"HandDrill":121,"Kunai":135,"hubris:TinFlute":597,"Pear":344,"Blue Candle":226,"Eternal Feather":72,"Tingsha":784,"Pen Nib":761,"Paper Crane":206,"Akabeko":206,"hubris:BottledHeart":615,"Bird Faced Urn":284,"hubris:TenFootPole":597,"StrikeDummy":278,"Unceasing Top":352,"Regal Pillow":41,"Lantern":121,"hubris:Metronome":671,"reliquary:SilkGlove":826,"Singing Bowl":235,"Torii":393,"StoneCalendar":723,"Bag of Preparation":171,"hubris:EmptyBottle":641,"Ancient Tea Set":102,"Cursed Key":369,"Smiling Mask":831,"Matryoshka":24,"Shovel":450,"Ninja Scroll":245,"Toolbox":206,"Chemical X":433,"InkBottle":427,"Ring of the Snake":0,"Potion Belt":300,"Lee\u0027s Waffle":818,"The Specimen":121,"Golden Idol":124,"betterThird:NestCultRelic":72,"PreservedInsect":89,"The Courier":244,"Frozen Egg 2":206,"MawBank":551,"reliquary:KinkedSpring":850,"sneckomod:BabySnecko":72,"Ornamental Fan":450,"betterThird:SlimedRelic":507,"Orrery":300,"Bottled Lightning":41,"hexamod:BolsterEngine":393,"hubris:CrackedHourglass":753,"Toy Ornithopter":105,"CeramicFish":102,"Vajra":160,"HoveringKite":184,"hubris:VirtuousBlindfold":605,"Lizard Tail":324,"HornCleat":317,"Strawberry":235,"Philosopher\u0027s Stone":64,"Prayer Wheel":486,"Girya":235,"Happy Flower":49,"hubris:DuctTape":523,"Oddly Smooth Stone":221,"War Paint":411,"Question Card":24,"hubris:Zylophone":794,"Shuriken":135,"Bronze Scales":24,"hubris:PeanutButter":835,"Nloth\u0027s Gift":266,"Black Star":446,"hubris:ToyBattleship":855,"bronze:MakeshiftBattery":259,"Meat on the Bone":450,"Darkstone Periapt":121,"SacredBark":683,"reliquary:Firecrackers":831,"Enchiridion":344,"Mango":288,"Snake Skull":516,"reliquary:KillPill":818,"Juzu Bracelet":215,"Incense Burner":393,"hubris:SlimyHat":794,"Dream Catcher":324,"Nunchaku":344,"Tough Bandages":383,"hubris:Icosahedron":597,"TheAbacus":723,"Mummified Hand":523,"Tiny Chest":135,"hubris:DisguiseKit":609,"hexamod:Sixitude":746,"Orichalcum":28,"Medical Kit":818,"White Beast Statue":166,"Calling Bell":324,"Cauldron":72,"Strange Spoon":359,"Anchor":164,"CaptainsWheel":765,"hubris:BundleOfHerbs":551,"Bag of Marbles":235,"Membership Card":411}],"Ring of the Snake":[359]},"card_choices":[{"not_picked":["Well Laid Plans","Underhanded Strike"],"picked":"Dagger Spray","floor":1.0},{"not_picked":["hubris:Ssssneak","Violence"],"picked":"Dramatic Entrance","floor":3},{"not_picked":["Bane","Choke"],"picked":"Noxious Fumes","floor":4},{"not_picked":["Blade Dance","Flying Knee"],"picked":"Infinite Blades","floor":7},{"not_picked":["hubris:SlightOfHand","Deadly Poison"],"picked":"Corpse Explosion","floor":10},{"not_picked":["Infinite Blades","Sucker Punch"],"picked":"Distraction","floor":12},{"not_picked":["Backflip","hubris:Counter"],"picked":"Catalyst","floor":13},{"not_picked":["Outmaneuver","Riddle With Holes"],"picked":"Catalyst","floor":14},{"not_picked":["Grand Finale","Unload"],"picked":"Night Terror","floor":16},{"not_picked":["Expertise","Underhanded Strike"],"picked":"Blade Dance","floor":18},{"not_picked":["Dagger Throw","Prepared"],"picked":"Predator","floor":20},{"not_picked":["Eviscerate+1","Prepared"],"picked":"Footwork","floor":22},{"not_picked":["Dagger Throw","Skewer"],"picked":"Poisoned Stab","floor":23},{"not_picked":["Endless Agony","Eviscerate"],"picked":"Infinite Blades","floor":28},{"not_picked":["Blade Dance","Sucker Punch+1"],"picked":"Riddle With Holes","floor":30},{"not_picked":["Underhanded Strike+1","Deadly Poison"],"picked":"Poisoned Stab","floor":31}],"player_experience":459978,"relics_obtained":[{"floor":7,"key":"reliquary:Firecrackers"},{"floor":9,"key":"Smiling Mask"},{"floor":11,"key":"hubris:PeanutButter"},{"floor":21,"key":"hubris:ToyBattleship"},{"floor":23,"key":"Juzu Bracelet"},{"floor":26,"key":"Bag of Marbles"}],"event_choices":[{"damage_healed":68,"gold_gain":0,"player_choice":"Upgrade","damage_taken":22,"max_hp_gain":0,"max_hp_loss":73,"event_name":"betterThird:BetterShining","floor":2,"gold_loss":0,"cards_upgraded":["Defend_G","Strike_G"]},{"damage_healed":0,"gold_gain":1,"player_choice":"1","damage_taken":0,"max_hp_gain":0,"max_hp_loss":0,"event_name":"betterStone:BetterStone","floor":3,"gold_loss":0},{"damage_healed":0,"gold_gain":0,"player_choice":"Searched \u00272\u0027 times","damage_taken":0,"relics_obtained":["Strawberry"],"max_hp_gain":0,"max_hp_loss":0,"event_name":"Dead Adventurer","floor":8,"gold_loss":0},{"damage_healed":0,"gold_gain":0,"cards_transformed":["Strike_G"],"player_choice":"Transformed","damage_taken":0,"max_hp_gain":0,"max_hp_loss":0,"event_name":"Transmorgrifier","floor":19,"gold_loss":0,"cards_obtained":["Expertise"]}],"is_beta":false,"boss_relics":[{"not_picked":["hubris:RunicObelisk","SlaversCollar"],"picked":"reliquary:KinkedSpring"}],"items_purged_floors":[],"is_endless":false,"potions_floor_spawned":[7,10,13,18,22,23,30],"killed_by":"Automaton","ascension_level":20}}