{"host":"6gl4z8x6qhx9xtfj","time":1612337449,"event":{"mods":["2.2 Compatiblity","AchievementEnabler","BaseMod","Bestiary","Colored Map","Colored Powertips","Evolution","Minty Spire (QoL Compilation)","Quick Restart","Relic Stats","StSLib","SuperFastMode"],"gold_per_floor":[109,109,119,134,184,513,513,543,569,603,614,317,327,344,344,443,443,455,471,490,490,54,85,98,123,203,236,250,250,270,284,284,382,382,398,248,268,286,298,326,350,391,430,442,489,512,549,561,573,585],"floor_reached":51,"language":"RUS","playtime":2120,"items_purged":["ThirdEye"],"score":1909,"play_id":"5b50fde0-4ba9-4791-81e8-76d85433765c","local_time":"20210203103049","is_ascension_mode":true,"campfire_choices":[{"data":"Eruption","floor":7,"key":"SMITH"},{"data":"Protect","floor":15,"key":"SMITH"},{"data":"RitualDagger","floor":32,"key":"SMITH"},{"data":"Blasphemy","floor":49,"key":"SMITH"}],"circlet_count":0,"master_deck":["EmptyFist","CutThroughFate","FlyingSleeves","SashWhip","Evaluate+1","EmptyBody","Evaluate","Eruption+1","Vigilance+1","LikeWater","CarveReality","Prostrate","Tantrum","Protect+1","DevaForm","FollowUp","Ghostly","Ghostly","Ghostly","Ghostly","Ghostly","BattleHymn","SandsOfTime","Secret Technique","Consecrate","RitualDagger+1","Blasphemy+1","Worship","TalkToTheHand","CrushJoints+1","Shame"],"relics":["EVO:Axolotl","Black Star","Bag of Preparation","Old Coin","Lantern","Peace Pipe","Akabeko","Dream Catcher","Bag of Marbles","War Paint","Membership Card","Anchor","Oddly Smooth Stone","Busted Crown","GoldenEye","Calipers","Boot","Mercury Hourglass","Vajra","CaptainsWheel","Gremlin Horn","Pocketwatch","Toy Ornithopter","Cursed Key","HandDrill","Kunai","MawBank","Torii","Happy Flower","Nunchaku","Bird Faced Urn","Strawberry","PreservedInsect","Dead Branch"],"acts_visited":["Exordium","TheCity","TheBeyond"],"potions_floor_usage":[41,50],"damage_taken":[{"damage":0,"enemies":"2 Louse","floor":1,"turns":3},{"damage":0,"enemies":"Cultist","floor":3,"turns":2},{"damage":0,"enemies":"Jaw Worm","floor":4,"turns":2},{"damage":3,"enemies":"Gremlin Nob","floor":6,"turns":3},{"damage":5,"enemies":"3 Sentries","floor":8,"turns":6},{"damage":0,"enemies":"Gremlin Nob","floor":10,"turns":2},{"damage":0,"enemies":"Exordium Wildlife","floor":11,"turns":1},{"damage":0,"enemies":"Blue Slaver","floor":13,"turns":1},{"damage":0,"enemies":"Large Slime","floor":14,"turns":1},{"damage":0,"enemies":"Slime Boss","floor":16,"turns":4},{"damage":0,"enemies":"Spheric Guardian","floor":18,"turns":3},{"damage":0,"enemies":"Chosen","floor":19,"turns":1},{"damage":6,"enemies":"Sentry and Sphere","floor":20,"turns":4},{"damage":0,"enemies":"Book of Stabbing","floor":23,"turns":5},{"damage":0,"enemies":"Shelled Parasite and Fungi","floor":24,"turns":3},{"damage":0,"enemies":"Slavers","floor":25,"turns":5},{"damage":0,"enemies":"Book of Stabbing","floor":27,"turns":4},{"damage":0,"enemies":"Snecko","floor":28,"turns":3},{"damage":0,"enemies":"Snake Plant","floor":30,"turns":3},{"damage":0,"enemies":"Centurion and Healer","floor":31,"turns":3},{"damage":0,"enemies":"Champ","floor":33,"turns":8},{"damage":0,"enemies":"3 Darklings","floor":35,"turns":5},{"damage":0,"enemies":"Orb Walker","floor":37,"turns":4},{"damage":0,"enemies":"Sphere and 2 Shapes","floor":38,"turns":3},{"damage":0,"enemies":"3 Darklings","floor":39,"turns":3},{"damage":0,"enemies":"Reptomancer","floor":40,"turns":8},{"damage":0,"enemies":"Transient","floor":41,"turns":5},{"damage":1,"enemies":"Giant Head","floor":42,"turns":5},{"damage":0,"enemies":"Reptomancer","floor":45,"turns":4},{"damage":0,"enemies":"Maw","floor":46,"turns":7},{"damage":0,"enemies":"Nemesis","floor":47,"turns":3},{"damage":1,"enemies":"Awakened One","floor":50,"turns":7}],"seed_played":"-7994030529002184342","potions_obtained":[{"floor":1,"key":"Energy Potion"},{"floor":4,"key":"FairyPotion"},{"floor":6,"key":"AttackPotion"},{"floor":14,"key":"LiquidMemories"},{"floor":24,"key":"BottledMiracle"},{"floor":41,"key":"Weak Potion"}],"is_trial":false,"path_per_floor":["M","?","M","M","T","E","R","E","T","E","M","$","M","M","R","B",null,"M","M","M","?","$","E","M","E","T","E","M","?","M","M","R","B",null,"M","$","M","M","M","E","M","E","T","?","E","M","E","?","R","B",null],"character_chosen":"WATCHER","items_purchased":["Membership Card","Anchor","Oddly Smooth Stone","GoldenEye","Calipers","BattleHymn","SandsOfTime","Secret Technique","HandDrill","Worship"],"campfire_rested":0,"item_purchase_floors":[12,12,12,22,22,22,22,22,36,36],"current_hp_per_floor":[76,76,76,76,76,73,73,68,68,68,68,68,68,68,68,68,79,79,79,73,41,41,41,41,41,41,41,41,35,35,35,35,35,40,40,40,40,40,40,40,41,40,40,40,47,48,48,48,48,48],"gold":597,"neow_bonus":"BOSS_RELIC","is_daily":false,"chose_seed":false,"campfire_upgraded":4,"win_rate":0.0,"timestamp":1612337449,"path_taken":["M","?","?","M","?","E","R","E","T","E","M","$","M","M","R","BOSS","M","M","M","?","$","E","M","E","T","E","M","?","M","M","R","BOSS","M","$","M","M","M","E","M","E","T","?","E","M","E","?","R","BOSS"],"items_purchased_type":["Relic","Relic","Relic","Relic","Relic","Card","Card","Card","Relic","Card"],"build_version":"2020-12-22","purchased_purges":1,"victory":true,"max_hp_per_floor":[83,83,83,83,83,83,83,83,83,83,83,83,83,83,83,83,83,83,83,83,41,41,41,41,41,41,41,41,41,41,41,41,41,41,41,41,41,41,41,41,41,41,41,41,48,48,48,48,48,48],"relic_stats":{"Gremlin Horn":[23,24],"Torii":4,"Happy Flower":[7],"counters":[32,120],"Dead Branch":[20],"PreservedInsect":0,"Bag of Preparation":[58],"War Paint":["Vigilance","Evaluate"],"GoldenEye":[25],"Boot":[39],"Cursed Key":1,"MawBank":132,"Mercury Hourglass":[377],"Peace Pipe":0,"Dream Catcher":0,"Nunchaku":[5],"Busted Crown":42,"Bird Faced Urn":[2],"Black Star":10,"HandDrill":[2],"Kunai":[21],"obtain_stats":[{"Lantern":6,"Calipers":22,"Gremlin Horn":26,"Torii":42,"Vajra":25,"Bag of Preparation":5,"EVO:Axolotl":0,"Boot":23,"Cursed Key":34,"Old Coin":6,"Dream Catcher":9,"Nunchaku":43,"Strawberry":45,"HandDrill":36,"Kunai":40,"Happy Flower":42,"Dead Branch":47,"Oddly Smooth Stone":12,"PreservedInsect":47,"War Paint":10,"GoldenEye":22,"MawBank":40,"Akabeko":8,"Mercury Hourglass":23,"Peace Pipe":8,"Anchor":12,"CaptainsWheel":25,"Busted Crown":17,"Bird Faced Urn":45,"Black Star":0,"Bag of Marbles":10,"Membership Card":12,"PureWater":0,"Toy Ornithopter":27,"Pocketwatch":27},{"Lantern":4,"Calipers":13,"Gremlin Horn":16,"Torii":28,"Vajra":16,"Bag of Preparation":3,"EVO:Axolotl":0,"Boot":14,"Cursed Key":21,"Old Coin":4,"Dream Catcher":5,"Nunchaku":28,"Strawberry":29,"HandDrill":22,"Kunai":26,"Happy Flower":28,"Dead Branch":31,"Oddly Smooth Stone":7,"PreservedInsect":31,"War Paint":6,"GoldenEye":13,"MawBank":26,"Akabeko":5,"Mercury Hourglass":14,"Peace Pipe":5,"Anchor":7,"CaptainsWheel":16,"Busted Crown":10,"Bird Faced Urn":29,"Black Star":0,"Bag of Marbles":6,"Membership Card":7,"PureWater":0,"Toy Ornithopter":17,"Pocketwatch":17},{"Lantern":10,"Calipers":33,"Gremlin Horn":46,"Torii":99,"Vajra":46,"Bag of Preparation":7,"EVO:Axolotl":0,"Boot":38,"Cursed Key":67,"Old Coin":10,"Dream Catcher":16,"Nunchaku":99,"Strawberry":103,"HandDrill":72,"Kunai":89,"Happy Flower":99,"Dead Branch":113,"Oddly Smooth Stone":19,"PreservedInsect":113,"War Paint":18,"GoldenEye":33,"MawBank":89,"Akabeko":16,"Mercury Hourglass":38,"Peace Pipe":16,"Anchor":19,"CaptainsWheel":46,"Busted Crown":25,"Bird Faced Urn":103,"Black Star":0,"Bag of Marbles":18,"Membership Card":19,"PureWater":0,"Toy Ornithopter":50,"Pocketwatch":50}],"Toy Ornithopter":1,"Pocketwatch":[18]},"card_choices":[{"not_picked":["Crescendo","FollowUp"],"picked":"LikeWater","floor":1},{"not_picked":["ForeignInfluence","WreathOfFlame","Vengeance"],"picked":"SKIP","floor":3},{"not_picked":["Evaluate","WreathOfFlame"],"picked":"CarveReality","floor":4},{"not_picked":["FollowUp","Nirvana"],"picked":"Prostrate","floor":6},{"not_picked":["SignatureMove","ThirdEye"],"picked":"Tantrum","floor":8},{"not_picked":["Crescendo","Alpha","FlurryOfBlows"],"picked":"SKIP","floor":10},{"not_picked":["Conclude","CrushJoints"],"picked":"Protect","floor":11},{"not_picked":["Nirvana","Sanctity","ThirdEye"],"picked":"SKIP","floor":13},{"not_picked":["EmptyMind","ClearTheMind","EmptyBody"],"picked":"SKIP","floor":14},{"not_picked":["Ragnarok","MasterReality"],"picked":"DevaForm","floor":16},{"not_picked":["BowlingBash+1"],"picked":"SKIP","floor":18},{"not_picked":["Protect+1"],"picked":"SKIP","floor":19},{"not_picked":[],"picked":"FollowUp","floor":20},{"not_picked":["Adaptation"],"picked":"SKIP","floor":23},{"not_picked":["Evaluate"],"picked":"SKIP","floor":24},{"not_picked":["FlyingSleeves"],"picked":"SKIP","floor":25},{"not_picked":["Study"],"picked":"SKIP","floor":27},{"not_picked":[],"picked":"Consecrate","floor":28},{"not_picked":["ThirdEye"],"picked":"SKIP","floor":30},{"not_picked":["PathToVictory"],"picked":"SKIP","floor":31},{"not_picked":[],"picked":"Blasphemy","floor":33},{"not_picked":["Meditate+1"],"picked":"SKIP","floor":35},{"not_picked":[],"picked":"TalkToTheHand","floor":37},{"not_picked":["SashWhip+1"],"picked":"SKIP","floor":38},{"not_picked":["ForeignInfluence+1"],"picked":"SKIP","floor":39},{"not_picked":[],"picked":"CrushJoints+1","floor":40},{"not_picked":["Crescendo"],"picked":"SKIP","floor":41},{"not_picked":["Weave"],"picked":"SKIP","floor":42},{"not_picked":["CrushJoints+1"],"picked":"SKIP","floor":45},{"not_picked":["Adaptation"],"picked":"SKIP","floor":46},{"not_picked":["EmptyFist"],"picked":"SKIP","floor":47}],"player_experience":125464,"relics_obtained":[{"floor":5,"key":"Bag of Preparation"},{"floor":6,"key":"Old Coin"},{"floor":6,"key":"Lantern"},{"floor":8,"key":"Peace Pipe"},{"floor":8,"key":"Akabeko"},{"floor":9,"key":"Dream Catcher"},{"floor":10,"key":"Bag of Marbles"},{"floor":10,"key":"War Paint"},{"floor":23,"key":"Boot"},{"floor":23,"key":"Mercury Hourglass"},{"floor":25,"key":"Vajra"},{"floor":25,"key":"CaptainsWheel"},{"floor":26,"key":"Gremlin Horn"},{"floor":27,"key":"Pocketwatch"},{"floor":27,"key":"Toy Ornithopter"},{"floor":40,"key":"Kunai"},{"floor":40,"key":"MawBank"},{"floor":42,"key":"Torii"},{"floor":42,"key":"Happy Flower"},{"floor":43,"key":"Nunchaku"},{"floor":45,"key":"Bird Faced Urn"},{"floor":45,"key":"Strawberry"},{"floor":47,"key":"PreservedInsect"},{"floor":47,"key":"Dead Branch"}],"event_choices":[{"damage_healed":0,"gold_gain":0,"player_choice":"Bought 0 Potions","damage_taken":0,"max_hp_gain":0,"max_hp_loss":0,"event_name":"The Woman in Blue","floor":2,"gold_loss":0},{"damage_healed":0,"gold_gain":0,"player_choice":"Became a Ghost","damage_taken":0,"max_hp_gain":0,"max_hp_loss":42,"event_name":"Ghosts","floor":21,"gold_loss":0,"cards_obtained":["Ghostly","Ghostly","Ghostly","Ghostly","Ghostly"]},{"damage_healed":0,"gold_gain":0,"player_choice":"Joined the Cult","damage_taken":6,"max_hp_gain":0,"max_hp_loss":0,"event_name":"Nest","floor":29,"gold_loss":0,"cards_obtained":["RitualDagger"]},{"damage_healed":0,"gold_gain":0,"player_choice":"Ignored","damage_taken":0,"max_hp_gain":0,"max_hp_loss":0,"event_name":"Tomb of Lord Red Mask","floor":44,"gold_loss":0},{"damage_healed":0,"gold_gain":0,"cards_transformed":["Normality"],"player_choice":"Transformed","damage_taken":0,"max_hp_gain":0,"max_hp_loss":0,"event_name":"Transmorgrifier","floor":48,"gold_loss":0,"cards_obtained":["Shame"]}],"is_beta":false,"boss_relics":[{"not_picked":["SlaversCollar","VioletLotus"],"picked":"Busted Crown"},{"not_picked":["Coffee Dripper","SacredBark"],"picked":"Cursed Key"}],"items_purged_floors":[36],"is_endless":false,"potions_floor_spawned":[1,4,6,14,16,19,24,27,31,33,38,39,41,47],"ascension_level":7}}