{"host":"q6r63elxu27obe7v","time":1612357649,"event":{"mods":["2.2 Compatiblity","AchievementEnabler","BaseMod","CapriCore","Colored Map","DeckTracker","KOR Keyword Fix","Keyboard Shortcuts","Minty Spire (QoL Compilation)","Permanent Neow","Quick Restart","Replay The Spire","StSLib","SuperFastMode","everything is the same but u backflip on backflip","¡¼?Úª?ø«¡½REMEMod"],"gold_per_floor":[109,125,125,142,242,242,257,286,309,309,319,336,336,354,354,459,459,475,400,417,417,437,437,437],"floor_reached":23,"language":"KOR","playtime":847,"items_purged":[],"score":234,"play_id":"60761901-34f2-4a2f-9432-a5a00a441025","local_time":"20210203220729","is_ascension_mode":true,"campfire_choices":[{"data":"ReplayTheSpireMod:LeadingStrike","floor":6,"key":"SMITH"},{"data":"Carnage","floor":10,"key":"SMITH"},{"data":"Cleave","floor":15,"key":"SMITH"}],"circlet_count":0,"master_deck":["Strike_R","Strike_R","Strike_R","Defend_R","Defend_R","Defend_R","Defend_R","Bash+1","ReplayTheSpireMod:LeadingStrike+1","Shrug It Off+1","Pommel Strike+1","Carnage+1","Feed","Bloodletting","Flame Barrier","Cleave+1","REME_TheLastStrike","Body Slam","Armaments","Jack Of All Trades","ReplayTheSpireMod:LeadingStrike+1"],"relics":["Black Blood","REME_ComplimentaryCards","Bag of Marbles","Dream Catcher"],"acts_visited":["Exordium","TheCity"],"potions_floor_usage":[12,16,16,16,23,23,23],"damage_taken":[{"damage":6,"enemies":"Jaw Worm","floor":1,"turns":4},{"damage":10,"enemies":"Small Slimes","floor":2,"turns":3},{"damage":6,"enemies":"Cultist","floor":4,"turns":3},{"damage":0,"enemies":"Large Slime","floor":7,"turns":5},{"damage":8,"enemies":"Gremlin Nob","floor":8,"turns":3},{"damage":23,"enemies":"Exordium Thugs","floor":11,"turns":4},{"damage":16,"enemies":"Lots of Slimes","floor":12,"turns":7},{"damage":3,"enemies":"Red Slaver","floor":14,"turns":2},{"damage":33,"enemies":"Fading Forest","floor":16,"turns":11},{"damage":10,"enemies":"3 Byrds","floor":18,"turns":5},{"damage":46,"enemies":"Spheric Guardian","floor":20,"turns":6},{"damage":49,"enemies":"Shelled Parasite and Fungi","floor":22,"turns":7},{"damage":33,"enemies":"Slavers","floor":23,"turns":4}],"seed_played":"4584377671345390764","potions_obtained":[{"floor":1,"key":"Venom Potion"},{"floor":4,"key":"Block Potion"},{"floor":8,"key":"Flashbang"},{"floor":12,"key":"Block Potion"},{"floor":16,"key":"HeartOfIron"},{"floor":18,"key":"SkillPotion"},{"floor":20,"key":"CultistPotion"}],"is_trial":false,"path_per_floor":["M","M","?","M","?","R","M","E","T","R","M","M","?","M","R","B",null,"M","?","M","?","M","E"],"character_chosen":"IRONCLAD","items_purchased":[],"campfire_rested":0,"item_purchase_floors":[],"current_hp_per_floor":[80,76,76,76,76,76,80,78,78,78,61,54,37,43,43,24,86,86,86,52,52,18,0,0],"gold":437,"neow_bonus":"UPGRADE_CARD","is_daily":false,"chose_seed":false,"campfire_upgraded":3,"win_rate":0.0,"timestamp":1612357649,"path_taken":["M","M","?","M","?","R","M","E","T","R","M","?","?","M","R","BOSS","M","?","M","?","?","E"],"items_purchased_type":[],"build_version":"2020-12-22","purchased_purges":0,"victory":false,"max_hp_per_floor":[80,80,80,80,80,80,80,80,80,80,80,83,83,86,86,86,86,86,86,86,86,89,92,92],"card_choices":[{"not_picked":["True Grit","Replay:Undeath\u0027s Touch"],"picked":"ReplayTheSpireMod:LeadingStrike","floor":1},{"not_picked":["Armaments","Run Through"],"picked":"Shrug It Off","floor":2},{"not_picked":["Rampage","Infernal Blade"],"picked":"Pommel Strike","floor":4},{"not_picked":["Clothesline","Blood for Blood"],"picked":"Carnage","floor":7},{"not_picked":["Inflame","Armaments"],"picked":"Feed","floor":8},{"not_picked":["Flex","Perfected Strike"],"picked":"Bloodletting","floor":11},{"not_picked":["Run Through","Searing Blow"],"picked":"Flame Barrier","floor":12},{"not_picked":["Demonic Infusion","Heavy Blade"],"picked":"Cleave","floor":14},{"not_picked":["Double Tap","Offering"],"picked":"REME_TheLastStrike","floor":16},{"not_picked":["Seeing Red","Pommel Strike","Sword Boomerang"],"picked":"SKIP","floor":18},{"not_picked":["ReplayReversal","Ghostly Armor"],"picked":"Body Slam","floor":20},{"not_picked":["Wild Strike","Hemokinesis"],"picked":"ReplayTheSpireMod:LeadingStrike+1","floor":22}],"player_experience":132952,"relics_obtained":[{"floor":8,"key":"Bag of Marbles"},{"floor":9,"key":"Dream Catcher"}],"event_choices":[{"damage_healed":0,"gold_gain":100,"player_choice":"Pray","damage_taken":0,"max_hp_gain":0,"max_hp_loss":0,"event_name":"Golden Shrine","floor":5,"gold_loss":0},{"damage_healed":0,"gold_gain":0,"player_choice":"Entered Light","damage_taken":17,"max_hp_gain":0,"max_hp_loss":0,"event_name":"Shining Light","floor":13,"gold_loss":0,"cards_upgraded":["Pommel Strike","Shrug It Off"]},{"cards_removed":["Strike_R"],"damage_healed":0,"gold_gain":0,"player_choice":"Gave Gold","damage_taken":0,"max_hp_gain":0,"max_hp_loss":0,"event_name":"Beggar","floor":19,"gold_loss":75},{"damage_healed":0,"gold_gain":0,"player_choice":"2 cards matched","damage_taken":0,"max_hp_gain":0,"max_hp_loss":0,"event_name":"Match and Keep!","floor":21,"gold_loss":0,"cards_obtained":["Armaments","Jack Of All Trades"]}],"is_beta":false,"boss_relics":[{"not_picked":["Ooze Armor","Sozu"],"picked":"Black Blood"}],"items_purged_floors":[],"is_endless":false,"potions_floor_spawned":[1,4,8,12,16,18,20],"killed_by":"Slavers","ascension_level":4}}