{"host":"tr12w2fixbnujl15","time":1612311181,"event":{"mods":["100% Spire Juice","2.2 Compatiblity","A Penny For Your Troubles","Arknights","BaseMod","Better Skull","Better Vampires","BetterRewards","CapriCore","Clockwork Mod","Colored Powertips","Evolution","Gremlin Skip","Hermit","Hubris","Infinite Spire","JesterMod","Kalas","KinomotoSakuraMod(????)","Koishi","Mad Scientist","Magitek Elite","Mathematician","Minty Spire (QoL Compilation)","Permanent Neow","Quick Restart","Reimu??????","Relic Filter","Remilia_Scarlet Moed?????·?????3.3.5","Replay The Spire","Shop Mod","StSLib","SuperFastMode","The Accelerator","The Bug Knight","The Construct","The Cursed","The Hayseed","The Hierophant","The Immortal","The Mystic","The Necromancer","The Runesmith","The Sage","The Senshi","The Servant 0.9.4","The Spell Scribe","The Vixen","TheFirefly","TheSwordswoman","TheVelvet","Transform Curses","WarShipGirlsR/????R mod","Yakumo Yukari mod","[IsaacMod]????"],"gold_per_floor":[110,124,142,142,156,156,170,170,170,170,70,70,90,102,102,204,204,221,231,231,242,285,285,329,348,348,348,244,244,268,47,47,154,154,167,186,186,240,284,284,329,220,220,220,239,262,333,350,350,458],"floor_reached":51,"language":"ENG","playtime":3085,"items_purged":["RemiliaMod:CYMZW"],"score":902,"play_id":"a6bddd0c-9fdf-4fd9-b3db-f4d4703b01b2","local_time":"20210202191301","is_ascension_mode":false,"campfire_choices":[{"data":"Protect_M","floor":6,"key":"SMITH"},{"data":"Remember","floor":8,"key":"SMITH"},{"floor":15,"key":"REST"},{"data":"hubris:Fate","floor":23,"key":"SMITH"},{"data":"Slow","floor":32,"key":"SMITH"},{"data":"Tornado","floor":40,"key":"SMITH"},{"data":"Might","floor":44,"key":"SMITH"},{"data":"Thunder_Blade","floor":49,"key":"SMITH"}],"circlet_count":0,"master_deck":["Strike_L","Strike_L","Strike_L","Strike_L","Defend_L","Defend_L+1","Defend_L","Defend_L+1","Defend_L","Fire2","Cure","Shell","Ultima","Protect_M+1","hubris:Lust","Rune_Blade","Quake","Remember+1","Icebrand","Aero","Bravery","Dispel","Barrier","Man_Eater","Falchion","hubris:Fate+1","Blood_Hilt","Valor","hubris:EnhanceAbility+1","HandOfGreed+1","Meteor+1","Thunder_P","Gaia_Gear","Faith+1","Water","Flare","Slow+1","Circlet","Osmosis","Blood_Hilt+1","Thornlet","hubris:InfiniteBlow+12","Thunder_Blade+1","Tornado+1","Might+1","Meteor+1","Water","Gaia_Gear+1"],"relics":["Pendant","EVO:Axolotl","HushsDoor","SteamSale","Bird Faced Urn","MerchantsRug","Durian","Ice Cream","Golden_Hairpin","Potion Belt","BargainBundle","Astrolabe","infinitespire:Midas Blood","War Paint","HollowMod:StagPassRelic","theSenshi:SailorFukuRelic","hubris:CuriousFeather","SlaversCollar","MagicMushroom","infinitespire:CheckeredPen","Pantograph","Bronze Scales","Bag of Marbles","Quantum Egg","Gambling Chip","Replay:WaspNest"],"acts_visited":["Exordium","TheCity","TheBeyond"],"potions_floor_usage":[7,14,14,16,16,16,16,16,16,21,24,27,30,45,46,48,48,48,48,48,50],"damage_taken":[{"damage":0,"enemies":"Cultist","floor":1,"turns":3},{"damage":10,"enemies":"2 Louse","floor":2,"turns":5},{"damage":7,"enemies":"Small Slimes","floor":3,"turns":3},{"damage":16,"enemies":"3 Louse","floor":5,"turns":3},{"damage":29,"enemies":"Exordium Wildlife","floor":7,"turns":5},{"damage":3,"enemies":"Large Slime","floor":13,"turns":1},{"damage":5,"enemies":"Red Slaver","floor":14,"turns":3},{"damage":0,"enemies":"The Guardian","floor":16,"turns":8},{"damage":28,"enemies":"2 Thieves","floor":18,"turns":3},{"damage":10,"enemies":"Shell Parasite","floor":19,"turns":5},{"damage":3,"enemies":"Snake Plant","floor":21,"turns":5},{"damage":0,"enemies":"Snecko","floor":22,"turns":6},{"damage":7,"enemies":"Cultist and Chosen","floor":24,"turns":5},{"damage":10,"enemies":"Sentry and Sphere","floor":25,"turns":7},{"damage":0,"enemies":"3 Cultists","floor":27,"turns":2},{"damage":15,"enemies":"Cultist and Chosen","floor":30,"turns":5},{"damage":0,"enemies":"Champ","floor":33,"turns":9},{"damage":8,"enemies":"Orb Walker","floor":35,"turns":3},{"damage":10,"enemies":"3 Darklings","floor":36,"turns":5},{"damage":3,"enemies":"Hiden Room Battle","floor":38,"turns":4},{"damage":0,"enemies":"Sphere and 2 Shapes","floor":39,"turns":4},{"damage":26,"enemies":"Nightmare","floor":41,"turns":6},{"damage":7,"enemies":"Writhing Mass","floor":45,"turns":2},{"damage":6,"enemies":"Transient","floor":46,"turns":5},{"damage":0,"enemies":"Jaw Worm Horde","floor":48,"turns":2},{"damage":38,"enemies":"infinitespire:MassOfShapes","floor":50,"turns":3}],"seed_played":"979199647403698227","potions_obtained":[{"floor":2,"key":"EntropicBrew"},{"floor":5,"key":"Regen Potion"},{"floor":14,"key":"DuplicationPotion"},{"floor":19,"key":"Reflective Coating"},{"floor":21,"key":"Explosive Potion"},{"floor":33,"key":"Elixir"},{"floor":38,"key":"Elixir"},{"floor":41,"key":"Toxic Potion"},{"floor":45,"key":"EntropicBrew"},{"floor":46,"key":"Explosive Potion"},{"floor":48,"key":"Elixir"}],"is_trial":false,"path_per_floor":["M","M","M","?","M","R","M","R","T","?","$","?","M","M","R","B",null,"M","M","?","M","M","R","M","M","T","M","$","AVR","M","$","R","B",null,"M","M","AVR","?","M","R","NM","$","T","R","M","M","T","M","R","B",null],"character_chosen":"MAGITEKELITE","items_purchased":["MerchantsRug","Shell","Ultima","Protect_M","BargainBundle","Bravery","Dispel","Barrier","Man_Eater","Falchion","hubris:Ssssneak","DoctorFetus","Energy Potion","ZuzhouPotion:ReiMu","Swift Potion","Energy Potion","War Paint","theSenshi:SailorFukuRelic","hubris:CuriousFeather","Quantum Egg","Fire Potion"],"campfire_rested":1,"item_purchase_floors":[0,0,0,0,11,11,11,11,11,11,11,11,11,11,11,28,28,31,31,42,42],"current_hp_per_floor":[68,68,63,63,55,55,48,48,48,53,53,35,32,29,50,64,73,53,51,54,57,65,65,67,73,73,73,73,73,62,62,62,74,76,72,76,83,72,75,75,66,66,66,66,60,69,69,83,83,48],"gold":458,"neow_bonus":"","is_daily":false,"chose_seed":false,"campfire_upgraded":7,"win_rate":0.0,"timestamp":1612311181,"path_taken":["M","M","M","?","?","R","M","R","T","?","$","?","M","M","R","BOSS","M","M","?","M","M","R","M","?","T","M","?","AVR","M","$","R","BOSS","M","M","AVR","?","M","R","NM","?","T","R","?","M","?","M","R","BOSS"],"items_purchased_type":["Relic","Card","Card","Card","Relic","Card","Card","Card","Card","Card","Card","Card","Potion","Potion","Potion","Potion","Relic","Relic","Relic","Relic","Potion"],"build_version":"2020-12-22","purchased_purges":1,"victory":true,"max_hp_per_floor":[68,68,68,68,68,68,68,68,68,73,73,73,73,73,73,73,73,73,73,76,76,76,76,76,76,76,76,76,76,76,76,76,76,76,76,76,83,83,83,83,83,83,83,83,83,83,83,83,83,83],"card_choices":[{"not_picked":["Transpose2","Magus_Robe"],"picked":"Rune_Blade","floor":1},{"not_picked":["Mythril_Knife","Dark"],"picked":"Quake","floor":2},{"not_picked":["Bomb","Throw"],"picked":"Remember","floor":3},{"not_picked":["Magus_Robe","Barrier"],"picked":"Icebrand","floor":5},{"not_picked":["Barrier","Astra"],"picked":"Aero","floor":7},{"not_picked":["ReplayTheSpireMod:Echoes of Time","infinitespire:UltimateForm"],"picked":"hubris:Fate","floor":12},{"not_picked":["Rune_Blade","Float2_Spell"],"picked":"Mirage_Vest","floor":13},{"not_picked":["Slow","Flametongue"],"picked":"Blood_Hilt","floor":14},{"not_picked":["Ultima","Stop"],"picked":"Valor","floor":16},{"not_picked":["Quake","Vox"],"picked":"Thunder_P","floor":18},{"not_picked":["Magnus_Hat","Holy"],"picked":"Gaia_Gear","floor":19},{"not_picked":["Quake+1","Balance"],"picked":"Faith+1","floor":21},{"not_picked":["Mythril_Knife","Astra+1"],"picked":"Water","floor":22},{"not_picked":["Vox","Magnus_Hat"],"picked":"Flare","floor":24},{"not_picked":["Poisona","Transpose_P"],"picked":"Slow","floor":25},{"not_picked":["Mythril_Knife+1","Barrier"],"picked":"Circlet","floor":30},{"not_picked":["Ultima","Fake_Moustache"],"picked":"Osmosis","floor":33},{"not_picked":["Quake+1","Meltdown+1"],"picked":"Blood_Hilt+1","floor":35},{"not_picked":["Bravery","Quake"],"picked":"Thornlet","floor":36},{"not_picked":["Thunder_P","Remember"],"picked":"Thunder_Blade","floor":38},{"not_picked":["Gaia_Gear","Man_Eater"],"picked":"Tornado","floor":39},{"not_picked":["Gladius+1","Throw"],"picked":"Might","floor":41},{"not_picked":["Vox","Transpose_P"],"picked":"Meteor+1","floor":45},{"not_picked":["Crystal_Sword","Heavy_Shield"],"picked":"Water","floor":46},{"not_picked":["Cursed_Shield","Break+1"],"picked":"Gaia_Gear+1","floor":48}],"player_experience":87665,"relics_obtained":[{"floor":9,"key":"Potion Belt"},{"floor":26,"key":"infinitespire:Midas Blood"},{"floor":38,"key":"Pantograph"},{"floor":38,"key":"Bronze Scales"},{"floor":41,"key":"Bag of Marbles"},{"floor":43,"key":"Gambling Chip"},{"floor":47,"key":"Replay:WaspNest"}],"event_choices":[{"damage_healed":0,"gold_gain":0,"player_choice":"CYMZW","damage_taken":0,"max_hp_gain":5,"max_hp_loss":0,"event_name":"Remilia_CDSJ09","floor":10,"gold_loss":0},{"damage_healed":0,"gold_gain":0,"player_choice":"Fight","damage_taken":0,"max_hp_gain":0,"max_hp_loss":0,"event_name":"HidenRoomEvent","floor":38,"gold_loss":0}],"is_beta":false,"boss_relics":[{"not_picked":["jesterMod:MachoBrace","ReplayTheSpireMod:DimensionalGlitch"],"picked":"Astrolabe"},{"not_picked":[]},{"not_picked":["construct:WeddingRing","Fusion Hammer"],"picked":"SlaversCollar"},{"not_picked":[]}],"items_purged_floors":[11],"is_endless":false,"potions_floor_spawned":[2,5,14,19,21,33,38,41,45,46,48],"ascension_level":0}}