{"host":"jak4ncvfzor9mys0","time":1612323248,"event":{"mods":["2.2 Compatiblity","AchievementEnabler","BaseMod","Better Altar","Better Match","Better Note","Better Sensory Stone","Better Skull","Better Third Choice","BetterRewards","Block Reminder","Colored Map","Colored Powertips","Dark Map","Energized Spire","Gold Saver","Hubris","Infinite Spire","Key Reminder","Minty Spire (QoL Compilation)","Rare Cards Sparkle","Red Circlet Mod","Relic Sorter","Relic Stats","Replay The Spire","Retaliation","Spicy Shops","StSLib","SuperFastMode","The Blue Laboratory"],"gold_per_floor":[278,9,22,32,32,32,62,72,72,0,25,125,143,14,14,117,117,131,131,146,159,172,207,224,250,250,284,194,194,227,242,242,338,338,353,366,416,353,353,386,403,285,312,366,385,385,420,439,439,536,536,559,559,360,360,381,381,413,413,439,196,215,273,290,310,310,412,412,438,457,480,480,527,591,591,651,651,700,700,485,485,513,513,688,688,759,838,926,926,926,1037,1037,1150,1150,1283,1283,1283,1396,1396,1396,1682,1682,1812,1812,1812,1950,2025,2025,2025,2025,2051,2063,2239,2251,2435,2447,2459,2856,2868,3084,3335,3347,3599,3877,4203,4534,4546,4558,4570,4929,5305,5697,6115,6127,6685,6697,7185,6964,6964,7264,7769,7769,8315,8315,8365,8365,8956,9615,10278,10278,10362,11210,11210,11210,11132,11911,12870],"floor_reached":158,"language":"ENG","playtime":6852,"items_purged":["Strike_G","Strike_G","Strike_G","Defend_G","Infinite Blades+1","Blur","Defend_G","Defend_G+1","Neutralize","Dash+1"],"score":6268,"play_id":"26e196a1-de1a-4684-aa4f-3579982c8727","local_time":"20210202193408","is_ascension_mode":true,"campfire_choices":[{"data":"Cloak And Dagger","floor":6.0,"key":"SMITH"},{"data":"Blade Dance","floor":15.0,"key":"SMITH"},{"floor":29.0,"key":"REST"},{"floor":32.0,"key":"REST"},{"data":"Blade Dance","floor":49.0,"key":"SMITH"},{"floor":57.0,"key":"REST"},{"data":"After Image","floor":66.0,"key":"SMITH"},{"data":"Accuracy","floor":83,"key":"SMITH"},{"floor":92,"key":"REST"},{"data":"Storm of Steel","floor":96,"key":"SMITH"},{"data":"Accuracy","floor":100,"key":"SMITH"},{"data":"infinitespire:Gouge","floor":108,"key":"SMITH"},{"data":"Blade Dance","floor":110,"key":"SMITH"},{"data":"Dash","floor":117,"key":"SMITH"},{"data":"hubris:DuctTapeCard","floor":127,"key":"SMITH"},{"floor":134,"key":"REST"},{"floor":142,"key":"REST"},{"floor":144,"key":"REST"},{"floor":154,"key":"REST"}],"circlet_count":0,"master_deck":["Survivor+1","Blade Dance+1","Cloak And Dagger+1","After Image+1","Blade Dance+1","Accuracy+1","Predator+1","infinitespire:Gouge+1","hubris:Sniper+1","ReplayTheSpireMod:Speed Training+1","Cloak And Dagger+1","Accuracy+1","Blade Dance+1","Finisher+1","CurseOfTheBell","ReplayTheSpireMod:Shiv Toss+1","ReplayTheSpireMod:Scrap Shanks+1","Sadistic Nature+1","Cloak And Dagger+1","Cloak And Dagger+1","Storm of Steel+1","hubris:DuctTapeCard+2"],"relics":["Sundial","Replay:Bandana","Replay:Drink Me","Letter Opener","CaptainsWheel","hubris:CrystalStatue","Calipers","Replay:WaspNest","Membership Card","Replay:Rubber Ducky","Replay:Bottled Eggs","HandDrill","Gremlin Food","WristBlade","hubris:EmptyBottle","hubris:Potato","Ginger","infinitespire:Lychee Nut","Replay:Accelerometer","ClockworkSouvenir","Boot","Peace Pipe","hubris:Icosahedron","Mercury Hourglass","Calling Bell","Vajra","SlaversCollar","MealTicket","Ninja Scroll","Mummified Hand","Garlic","hubris:Backtick","Ice Cream","Black Star","Bronze Scales","Replay:Bottled Flurry","hubris:Towel","infinitespire:Joker Card","Bottled Tornado","Replay:Wax Seal","Pantograph","hubris:DuctTape","MutagenicStrength","Shuriken","infinitespire:EvilPickle","HoveringKite","hubris:SlimyHat","ReplayTheSpireMod:Shallot","Du-Vu Doll","Blood Vial","Snack Pack","infinitespire:PuzzleCube","ReplayTheSpireMod:Lightbulb","Sizzling Blood","MawBank","Paper Crane","Omamori","Akabeko","Replay:Baseball","Replay:Mystery Machine","infinitespire:Golems Mask","TheAbacus","Anchor","Snecko Scales","ReplayFunnel","infinitespire:Broken Mirror","hubris:64BitClover"],"acts_visited":["Exordium","TheCity","TheBeyond","Exordium","TheCity","TheBeyond","Exordium","TheCity","TheBeyond","TheEnding"],"potions_floor_usage":[],"damage_taken":[{"damage":0.0,"enemies":"Cultist","floor":1.0,"turns":4.0},{"damage":1.0,"enemies":"Small Slimes","floor":3.0,"turns":3.0},{"damage":0.0,"enemies":"2 Louse","floor":4.0,"turns":3.0},{"damage":14.0,"enemies":"Replay:BlueRogue","floor":7.0,"turns":7.0},{"damage":1.0,"enemies":"Gremlin Gang","floor":8.0,"turns":5.0},{"damage":1.0,"enemies":"Lagavulin","floor":11.0,"turns":5.0},{"damage":4.0,"enemies":"Large Slime","floor":13.0,"turns":4.0},{"damage":31.0,"enemies":"Fading Forest","floor":16.0,"turns":11.0},{"damage":0.0,"enemies":"3 Byrds","floor":18.0,"turns":5.0},{"damage":0.0,"enemies":"Spheric Guardian","floor":20.0,"turns":2.0},{"damage":7.0,"enemies":"Snecko","floor":21.0,"turns":4.0},{"damage":0.0,"enemies":"Centurion and Healer","floor":22.0,"turns":3.0},{"damage":14.0,"enemies":"Gremlin Leader","floor":23.0,"turns":4.0},{"damage":2.0,"enemies":"Shelled Parasite and Fungi","floor":24.0,"turns":2.0},{"damage":6.0,"enemies":"Replay:Snechameleon","floor":25.0,"turns":4.0},{"damage":25.0,"enemies":"Slavers","floor":27.0,"turns":3.0},{"damage":22.0,"enemies":"Nightmare","floor":30.0,"turns":6.0},{"damage":0.0,"enemies":"Sentry and Sphere","floor":31.0,"turns":2.0},{"damage":14.0,"enemies":"Collector","floor":33.0,"turns":7.0},{"damage":0.0,"enemies":"3 Darklings","floor":35.0,"turns":3.0},{"damage":0.0,"enemies":"Orb Walker","floor":36.0,"turns":3.0},{"damage":0.0,"enemies":"Mind Bloom Boss Battle","floor":37.0,"turns":3.0},{"damage":0.0,"enemies":"Giant Head","floor":40.0,"turns":4.0},{"damage":0.0,"enemies":"Maw","floor":41.0,"turns":4.0},{"damage":3.0,"enemies":"2 Orb Walkers","floor":44.0,"turns":2.0},{"damage":0.0,"enemies":"Spire Growth","floor":45.0,"turns":3.0},{"damage":3.0,"enemies":"R_Hoarder","floor":47.0,"turns":5.0},{"damage":0.0,"enemies":"Sphere and 2 Shapes","floor":48.0,"turns":3.0},{"damage":0.0,"enemies":"Donu and Deca","floor":50.0,"turns":6.0},{"damage":14.0,"enemies":"Jaw Worm","floor":52.0,"turns":2.0},{"damage":0.0,"enemies":"2 Louse","floor":56.0,"turns":1.0},{"damage":0.0,"enemies":"Lagavulin","floor":58.0,"turns":4.0},{"damage":0.0,"enemies":"Small Slimes","floor":62.0,"turns":1.0},{"damage":0.0,"enemies":"3 Sentries","floor":63.0,"turns":2.0},{"damage":0.0,"enemies":"Gremlin Gang","floor":64.0,"turns":2.0},{"damage":0.0,"enemies":"Red Slaver","floor":65.0,"turns":1.0},{"damage":0.0,"enemies":"Fading Forest","floor":67.0,"turns":9.0},{"damage":0.0,"enemies":"Spheric Guardian","floor":69.0,"turns":1.0},{"damage":0,"enemies":"2 Thieves","floor":70,"turns":2},{"damage":0,"enemies":"Shelled Parasite and Fungi","floor":71,"turns":1},{"damage":0,"enemies":"Chosen and Byrds","floor":73,"turns":2},{"damage":0,"enemies":"Gremlin Leader","floor":74,"turns":2},{"damage":0,"enemies":"Slavers","floor":76,"turns":2},{"damage":0,"enemies":"Book of Stabbing","floor":78,"turns":2},{"damage":0,"enemies":"Centurion and Healer","floor":82,"turns":1},{"damage":0,"enemies":"Pondfish","floor":84,"turns":3},{"damage":0,"enemies":"3 Shapes","floor":86,"turns":1},{"damage":0,"enemies":"Orb Walker","floor":87,"turns":1},{"damage":15,"enemies":"3 Darklings","floor":88,"turns":2},{"damage":0,"enemies":"Giant Head","floor":91,"turns":2},{"damage":0,"enemies":"R_Hoarder","floor":93,"turns":3},{"damage":0,"enemies":"Nemesis","floor":95,"turns":2},{"damage":0,"enemies":"Jaw Worm Horde","floor":98,"turns":1},{"damage":0,"enemies":"infinitespire:MassOfShapes","floor":101,"turns":2},{"damage":0,"enemies":"Cultist","floor":103,"turns":1},{"damage":0,"enemies":"2 Louse","floor":106,"turns":1},{"damage":0,"enemies":"Small Slimes","floor":113,"turns":1},{"damage":0,"enemies":"2 Fungi Beasts","floor":115,"turns":1},{"damage":0,"enemies":"Fading Forest","floor":118,"turns":5},{"damage":0,"enemies":"Spheric Guardian","floor":120,"turns":1},{"damage":0,"enemies":"3 Byrds","floor":121,"turns":2},{"damage":0,"enemies":"Snake Plant","floor":123,"turns":1},{"damage":0,"enemies":"Centurion and Healer","floor":124,"turns":1},{"damage":0,"enemies":"Replay:Snechameleon","floor":125,"turns":2},{"damage":0,"enemies":"3 Cultists","floor":126,"turns":2},{"damage":0,"enemies":"Gremlin Leader","floor":130,"turns":2},{"damage":0,"enemies":"Snecko","floor":131,"turns":1},{"damage":0,"enemies":"Snake Plant","floor":132,"turns":1},{"damage":0,"enemies":"3 Cultists","floor":133,"turns":2},{"damage":0,"enemies":"Automaton","floor":135,"turns":3},{"damage":0,"enemies":"Orb Walker","floor":137,"turns":1},{"damage":29,"enemies":"3 Darklings","floor":141,"turns":2},{"damage":0,"enemies":"Sphere and 2 Shapes","floor":143,"turns":2},{"damage":0,"enemies":"Maw","floor":147,"turns":2},{"damage":0,"enemies":"Transient","floor":148,"turns":5},{"damage":0,"enemies":"Writhing Mass","floor":149,"turns":2},{"damage":34,"enemies":"Time Eater","floor":152,"turns":5},{"damage":0,"enemies":"Shield and Spear","floor":156,"turns":2},{"damage":0,"enemies":"The Heart","floor":157,"turns":5}],"seed_played":"7553882967966054987","potions_obtained":[{"floor":3.0,"key":"AttackPotion"},{"floor":7.0,"key":"blueLaboratory:StoneskinPotion"},{"floor":20.0,"key":"SpeedPotion"},{"floor":30.0,"key":"Fruit Juice"},{"floor":31.0,"key":"Fire Potion"},{"floor":37.0,"key":"CunningPotion"},{"floor":47.0,"key":"Swift Potion"}],"is_trial":false,"path_per_floor":["M","$","M","M","$","R","E","M","T","$","E","?","M","$","R_BF","B",null,"M","AVR","M","M","M","E","M","E","T","E","?","R","NM","M","R","B",null,"M","M","?","$","?","E","M","$","T","?","M","?","E","M","R","B",null,"M","?","$","?","M","R","E","AVR","T","$","M","E","M","M","R","B",null,"M","M","M","AVR","M","E","?","E","T","E","?","$","?","M","R","B",null,"M","M","M","AVR","?","E","R","E","T","E","R","?","M","?","R","B",null,"M","?","?","M","?","R","$","R","T","$","M","?","M","AVR","R","B",null,"M","M","?","M","M","E","M","R","T","AVR","E","M","M","M","R","B",null,"M","$","?","?","M","R","M","R","T","$","M","M","M","AVR","R_BF","B",null,"R","$","E","B",null],"character_chosen":"THE_SILENT","items_purchased":["Dash","Membership Card","Cloak And Dagger","After Image","Slice+1","HandDrill","Accuracy","ClockworkSouvenir","Accuracy","ReplayTheSpireMod:Scrap Shanks","Sadistic Nature","Ninja Scroll","Mummified Hand","Shuriken","infinitespire:Golems Mask","TheAbacus","ReplayFunnel"],"campfire_rested":8,"item_purchase_floors":[0,2,2,2,2,10,14,42,42,54,54,61,61,80,138,138,155],"current_hp_per_floor":[70,70,69,69,69,69,55,54,54,54,53,53,49,49,49,26,70,70,70,70,63,63,49,47,41,41,16,16,37,25,25,49,35,60,60,60,45,45,45,45,45,45,45,42,45,45,43,45,45,45,45,31,31,31,31,31,44,45,45,45,45,45,45,45,45,45,45,45,45,45,45,45,45,45,45,45,45,45,45,45,45,45,45,45,45,45,45,30,30,30,33,45,45,45,45,45,45,45,45,45,45,45,45,49,54,54,54,54,54,54,54,54,54,54,54,54,54,54,54,54,54,54,54,54,54,54,54,54,54,54,54,54,54,54,54,54,54,54,54,54,31,47,54,54,54,54,54,54,54,54,54,33,54,54,54,54,54],"gold":12870,"neow_bonus":"","is_daily":false,"chose_seed":false,"campfire_upgraded":11,"win_rate":0.0,"timestamp":1612323248,"path_taken":["M","?","M","M","$","R","E","M","T","$","E","?","?","$","R_BF","BOSS","M","AVR","M","M","M","E","M","E","T","E","?","R","NM","M","R","BOSS","M","M","?","$","?","E","M","$","T","?","M","?","E","M","R","BOSS","M","?","?","?","M","R","E","AVR","T","$","M","E","?","M","R","BOSS","M","M","?","AVR","M","E","?","E","T","E","?","$","?","M","R","BOSS","M","?","M","AVR","?","E","R","E","T","E","R","?","?","?","R","BOSS","M","?","?","M","?","R","$","R","T","$","M","?","?","AVR","R","BOSS","M","M","?","M","M","E","M","R","T","AVR","E","M","?","M","R","BOSS","M","$","?","?","M","R","M","R","T","$","M","?","M","AVR","R_BF","BOSS","R","$","E","BOSS"],"items_purchased_type":["Card","Relic","Card","Card","Card","Relic","Card","Relic","Card","Card","Card","Relic","Relic","Relic","Relic","Relic","Relic"],"build_version":"2020-12-22","purchased_purges":10,"victory":true,"max_hp_per_floor":[70,70,70,70,70,70,70,70,70,70,70,70,70,70,70,70,70,70,70,70,70,70,70,70,70,70,70,70,70,80,80,80,80,60,60,60,45,45,45,45,45,45,45,45,45,45,45,45,45,45,45,45,45,45,45,45,45,45,45,45,45,45,45,45,45,45,45,45,45,45,45,45,45,45,45,45,45,45,45,45,45,45,45,45,45,45,45,45,45,45,45,45,45,45,45,45,45,45,45,45,45,45,45,49,54,54,54,54,54,54,54,54,54,54,54,54,54,54,54,54,54,54,54,54,54,54,54,54,54,54,54,54,54,54,54,54,54,54,54,54,54,54,54,54,54,54,54,54,54,54,54,54,54,54,54,54,54],"relic_stats":{"counters":[85,252],"HoveringKite":[41],"Letter Opener":[380],"Ginger":[16],"Boot":[17],"MawBank":324,"Mercury Hourglass":[495],"Peace Pipe":0,"Blood Vial":2,"TheAbacus":[42],"Sundial":[8],"Mummified Hand":[181],"Shuriken":[141],"Bronze Scales":[123],"Pantograph":0,"MealTicket":0,"HandDrill":[120],"Black Star":9,"obtain_stats":[{"Ice Cream":68,"Replay:Accelerometer":40,"Calipers":51,"hubris:CrystalStatue":59,"Vajra":58,"HoveringKite":85,"Ginger":30,"Bottled Tornado":76,"Boot":43,"Blood Vial":93,"Sundial":51,"MealTicket":60,"infinitespire:Golems Mask":138,"Replay:Bottled Flurry":9,"HandDrill":10,"Replay:Wax Seal":77,"hubris:MobiusCoin":12,"hubris:DuctTape":78,"Letter Opener":10,"Paper Crane":125,"Akabeko":128,"infinitespire:EvilPickle":84,"Du-Vu Doll":93,"SlaversCollar":59,"Replay:Baseball":130,"ReplayTheSpireMod:Shallot":91,"Snecko Scales":153,"infinitespire:Lychee Nut":37,"Shuriken":80,"infinitespire:Broken Mirror":156,"Bronze Scales":74,"MutagenicStrength":79,"Black Star":72,"Mirror":7,"infinitespire:PuzzleCube":95,"ReplayFunnel":155,"hubris:SlimyHat":91,"Sizzling Blood":104,"hubris:EmptyBottle":19,"Replay:Mystery Machine":130,"Replay:Rubber Ducky":7,"ClockworkSouvenir":42,"Replay:Bandana":51,"hubris:Icosahedron":46,"hubris:Backtick":68,"TheAbacus":138,"WristBlade":19,"Ninja Scroll":61,"Mummified Hand":61,"Pantograph":78,"Replay:Bottled Eggs":9,"Replay:Drink Me":34,"Ring of the Snake":0,"Gremlin Food":11,"NeowsBlessing":0,"hubris:64BitClover":156,"Replay:WaspNest":26,"infinitespire:Joker Card":76,"Omamori":125,"hubris:Towel":75,"MawBank":111,"Mercury Hourglass":47,"Peace Pipe":44,"Calling Bell":51,"CaptainsWheel":27,"Anchor":145,"Garlic":63,"Snack Pack":94,"Membership Card":14,"ReplayTheSpireMod:Lightbulb":95,"hubris:Potato":23},{"Ice Cream":43,"Replay:Accelerometer":29,"Calipers":35,"hubris:CrystalStatue":38,"Vajra":38,"HoveringKite":52,"Ginger":23,"Bottled Tornado":49,"Boot":30,"Blood Vial":57,"Sundial":35,"MealTicket":38,"infinitespire:Golems Mask":77,"Replay:Bottled Flurry":3,"HandDrill":11,"Replay:Wax Seal":49,"hubris:MobiusCoin":5,"hubris:DuctTape":50,"Letter Opener":4,"Paper Crane":70,"Akabeko":71,"infinitespire:EvilPickle":52,"Du-Vu Doll":57,"SlaversCollar":38,"Replay:Baseball":72,"ReplayTheSpireMod:Shallot":56,"Snecko Scales":83,"infinitespire:Lychee Nut":28,"Shuriken":50,"infinitespire:Broken Mirror":84,"Bronze Scales":48,"MutagenicStrength":50,"Black Star":46,"Mirror":3,"infinitespire:PuzzleCube":58,"ReplayFunnel":83,"hubris:SlimyHat":56,"Sizzling Blood":61,"hubris:EmptyBottle":15,"Replay:Mystery Machine":72,"Replay:Rubber Ducky":10,"ClockworkSouvenir":30,"Replay:Bandana":35,"hubris:Icosahedron":32,"hubris:Backtick":43,"TheAbacus":77,"WristBlade":15,"Ninja Scroll":38,"Mummified Hand":38,"Pantograph":50,"Replay:Bottled Eggs":11,"Replay:Drink Me":25,"Ring of the Snake":0,"Gremlin Food":12,"NeowsBlessing":0,"hubris:64BitClover":84,"Replay:WaspNest":21,"infinitespire:Joker Card":49,"Omamori":70,"hubris:Towel":48,"MawBank":62,"Mercury Hourglass":33,"Peace Pipe":31,"Calling Bell":35,"CaptainsWheel":22,"Anchor":79,"Garlic":40,"Snack Pack":57,"Membership Card":5,"ReplayTheSpireMod:Lightbulb":58,"hubris:Potato":19},{"Ice Cream":169,"Replay:Accelerometer":125,"Calipers":147,"hubris:CrystalStatue":154,"Vajra":154,"HoveringKite":185,"Ginger":103,"Bottled Tornado":179,"Boot":129,"Blood Vial":194,"Sundial":147,"MealTicket":154,"infinitespire:Golems Mask":227,"Replay:Bottled Flurry":3,"HandDrill":50,"Replay:Wax Seal":179,"hubris:MobiusCoin":18,"hubris:DuctTape":181,"Letter Opener":13,"Paper Crane":215,"Akabeko":217,"infinitespire:EvilPickle":185,"Du-Vu Doll":194,"SlaversCollar":154,"Replay:Baseball":219,"ReplayTheSpireMod:Shallot":191,"Snecko Scales":245,"infinitespire:Lychee Nut":121,"Shuriken":181,"infinitespire:Broken Mirror":247,"Bronze Scales":177,"MutagenicStrength":181,"Black Star":173,"Mirror":3,"infinitespire:PuzzleCube":196,"ReplayFunnel":245,"hubris:SlimyHat":191,"Sizzling Blood":200,"hubris:EmptyBottle":75,"Replay:Mystery Machine":219,"Replay:Rubber Ducky":45,"ClockworkSouvenir":129,"Replay:Bandana":147,"hubris:Icosahedron":134,"hubris:Backtick":169,"TheAbacus":227,"WristBlade":75,"Ninja Scroll":154,"Mummified Hand":154,"Pantograph":181,"Replay:Bottled Eggs":50,"Replay:Drink Me":112,"Ring of the Snake":0,"Gremlin Food":55,"NeowsBlessing":0,"hubris:64BitClover":247,"Replay:WaspNest":94,"infinitespire:Joker Card":179,"Omamori":215,"hubris:Towel":177,"MawBank":201,"Mercury Hourglass":139,"Peace Pipe":131,"Calling Bell":147,"CaptainsWheel":97,"Anchor":231,"Garlic":157,"Snack Pack":194,"Membership Card":18,"ReplayTheSpireMod:Lightbulb":196,"hubris:Potato":88}]},"card_choices":[{"not_picked":["PiercingWail","Dagger Spray"],"picked":"Blade Dance","floor":1.0},{"not_picked":["Tactician","Outmaneuver","Dagger Spray"],"picked":"SKIP","floor":3.0},{"not_picked":["Deflect","Sucker Punch","Acrobatics"],"picked":"SKIP","floor":4.0},{"not_picked":["Backflip","Dagger Spray","Deadly Poison"],"picked":"SKIP","floor":7.0},{"not_picked":["Acrobatics","Dodge and Roll","Toxin Wave"],"picked":"SKIP","floor":8.0},{"not_picked":["ReplayTheSpireMod:Shiv Toss","Fluid Movement"],"picked":"Blade Dance","floor":11.0},{"not_picked":["Slice","Outmaneuver","Toxin Wave"],"picked":"SKIP","floor":13.0},{"not_picked":["hubris:SlightOfHand","Underhanded Strike"],"picked":"Predator+1","floor":18.0},{"not_picked":["Predator","hubris:SlightOfHand+1"],"picked":"Slice","floor":20.0},{"not_picked":["Calculated Gamble","Choke"],"picked":"hubris:Sniper+1","floor":21.0},{"not_picked":["Leg Sweep","Sneak Up","ReplayTheSpireMod:Necrosis"],"picked":"SKIP","floor":22.0},{"not_picked":["Concentrate","Night Terror"],"picked":"ReplayTheSpireMod:Speed Training","floor":23.0},{"not_picked":["Noxious Fumes","Bane+1","Sucker Punch+1"],"picked":"SKIP","floor":24.0},{"not_picked":["Blur","Malaise","Bane+1"],"picked":"SKIP","floor":25.0},{"not_picked":["Malaise","Bane+1"],"picked":"Blur","floor":25.0},{"not_picked":["Wraith Form v2","Dagger Spray","Noxious Fumes"],"picked":"SKIP","floor":27.0},{"not_picked":["Dagger Spray","Reflex","Adrenaline"],"picked":"SKIP","floor":30.0},{"not_picked":["Dagger Spray","Reflex"],"picked":"Adrenaline","floor":30.0},{"not_picked":["Dodge and Roll","Deflect+1","Prepared"],"picked":"SKIP","floor":31.0},{"not_picked":["Dodge and Roll","Acrobatics+1"],"picked":"Cloak And Dagger+1","floor":35.0},{"not_picked":["Deflect","All Out Attack","Dagger Throw"],"picked":"SKIP","floor":36.0},{"not_picked":["Backflip+1","Dagger Spray+1","Replay:Poison Smokescreen+1"],"picked":"SKIP","floor":40.0},{"not_picked":["Quick Slash","Catalyst+1"],"picked":"Infinite Blades+1","floor":41.0},{"not_picked":["Terror+1","Poison Darts","Outmaneuver"],"picked":"SKIP","floor":45.0},{"not_picked":["Sucker Punch","hubris:Counter+1"],"picked":"Blade Dance","floor":47.0},{"not_picked":["Infinite Blades","Slice"],"picked":"Finisher","floor":48.0},{"not_picked":["Underhanded Strike","Endless Agony"],"picked":"ReplayTheSpireMod:Shiv Toss","floor":52.0},{"not_picked":["All Out Attack","Toxin Wave","ReplayTheSpireMod:Scrap Shanks"],"picked":"SKIP","floor":56.0},{"not_picked":["Tactician","Sneak Up","Fluid Movement"],"picked":"SKIP","floor":58.0},{"not_picked":["All Out Attack","Poisoned Stab"],"picked":"Cloak And Dagger","floor":62.0},{"not_picked":["Adrenaline","ReplayTheSpireMod:Speed Training","Noxious Fumes"],"picked":"SKIP","floor":63.0},{"not_picked":["Slice","Quick Slash","Outmaneuver"],"picked":"SKIP","floor":64.0},{"not_picked":["Flechettes","ReplayTheSpireMod:Shiv Toss","hubris:SlightOfHand"],"picked":"SKIP","floor":65.0},{"not_picked":["Deadly Poison","Hidden Blade"],"picked":"Cloak And Dagger","floor":69},{"not_picked":["Dodge and Roll","Backflip","Dagger Spray"],"picked":"SKIP","floor":70},{"not_picked":["ReplayTheSpireMod:Scrap Shanks","Blur","Hidden Blade+1"],"picked":"SKIP","floor":71},{"not_picked":["Bane","Outmaneuver+1","hubris:Counter+1"],"picked":"SKIP","floor":73},{"not_picked":["Catalyst","Phantasmal Killer","Flechettes"],"picked":"SKIP","floor":74},{"not_picked":["Flying Knee","Concentrate"],"picked":"Storm of Steel","floor":76},{"not_picked":["Hidden Blade","Deflect","Crippling Poison"],"picked":"SKIP","floor":78},{"not_picked":["Flying Knee","Expertise","Backstab"],"picked":"SKIP","floor":82},{"not_picked":["Underhanded Strike+1","Fluid Movement","Dodge and Roll"],"picked":"SKIP","floor":86},{"not_picked":["Prepared","Outmaneuver+1","Sneak Up"],"picked":"SKIP","floor":87},{"not_picked":["Flechettes","hubris:SlightOfHand+1","Phantasmal Killer"],"picked":"SKIP","floor":88},{"not_picked":["Slice","ReplayTheSpireMod:Scrap Shanks","Setup+1"],"picked":"SKIP","floor":91},{"not_picked":["ReplayTheSpireMod:Speed Training+1","Malaise","Dodge and Roll+1"],"picked":"SKIP","floor":93},{"not_picked":["Calculated Gamble+1","Sucker Punch","Eviscerate"],"picked":"SKIP","floor":95},{"not_picked":["Dagger Throw+1","hubris:SlightOfHand","ReplayTheSpireMod:The Works"],"picked":"SKIP","floor":98},{"not_picked":["Backflip","Tactician","Well Laid Plans"],"picked":"SKIP","floor":103},{"not_picked":["Hidden Blade","Burst","Calculated Gamble"],"picked":"SKIP","floor":106},{"not_picked":["hubris:TrickCloak","Envenom","Acrobatics"],"picked":"SKIP","floor":113},{"not_picked":["Dagger Throw","Endless Agony","Finisher"],"picked":"SKIP","floor":115},{"not_picked":["Deadly Poison","Deflect+1","Flying Knee+1"],"picked":"SKIP","floor":120},{"not_picked":["Expertise","Blade Dance","ReplayTheSpireMod:Necrosis"],"picked":"SKIP","floor":121},{"not_picked":["Underhanded Strike","Deadly Poison","Backflip+1"],"picked":"SKIP","floor":123},{"not_picked":["Wraith Form v2","Blade Dance+1","Cloak And Dagger"],"picked":"SKIP","floor":124},{"not_picked":["Tools of the Trade","Tactician","Escape Plan"],"picked":"SKIP","floor":125},{"not_picked":["ReplayTheSpireMod:Shiv Toss+1","Cloak And Dagger+1","Quick Slash+1"],"picked":"SKIP","floor":126},{"not_picked":["ReplayTheSpireMod:Scrap Shanks","Tools of the Trade","Heel Hook"],"picked":"SKIP","floor":130},{"not_picked":["PiercingWail","hubris:SlightOfHand","Bane+1"],"picked":"SKIP","floor":131},{"not_picked":["Slice","Hidden Blade","Doppelganger"],"picked":"SKIP","floor":132},{"not_picked":["Prepared","Deflect","Backflip+1"],"picked":"SKIP","floor":133},{"not_picked":["Acrobatics","Sucker Punch+1","Replay:Bag of Tricks"],"picked":"SKIP","floor":137},{"not_picked":["Toxin Wave","Well Laid Plans+1","All Out Attack"],"picked":"SKIP","floor":141},{"not_picked":["Acrobatics+1","Backflip+1","Caltrops+1"],"picked":"SKIP","floor":143},{"not_picked":["Underhanded Strike+1","ReplayTheSpireMod:Tripwire+1","hubris:SlightOfHand"],"picked":"SKIP","floor":147},{"not_picked":["Accuracy","Grand Finale","hubris:Sniper+1"],"picked":"SKIP","floor":148},{"not_picked":["Dagger Spray+1","Dagger Throw+1","Cloak And Dagger"],"picked":"SKIP","floor":149},{"not_picked":["Leg Sweep","ReplayTheSpireMod:Speed Training+1","Dodge and Roll+1"],"picked":"SKIP","floor":156}],"player_experience":2800735,"relics_obtained":[{"floor":7.0,"key":"Replay:Rubber Ducky"},{"floor":9.0,"key":"Replay:Bottled Eggs"},{"floor":11.0,"key":"Gremlin Food"},{"floor":23.0,"key":"hubris:Potato"},{"floor":25.0,"key":"Letter Opener"},{"floor":26.0,"key":"Replay:WaspNest"},{"floor":27.0,"key":"CaptainsWheel"},{"floor":30.0,"key":"Ginger"},{"floor":37.0,"key":"infinitespire:Lychee Nut"},{"floor":40.0,"key":"Replay:Accelerometer"},{"floor":43.0,"key":"Boot"},{"floor":44.0,"key":"Peace Pipe"},{"floor":47.0,"key":"Mercury Hourglass"},{"floor":51.0,"key":"Replay:Bandana"},{"floor":51.0,"key":"Sundial"},{"floor":51.0,"key":"Calipers"},{"floor":58.0,"key":"Vajra"},{"floor":60.0,"key":"MealTicket"},{"floor":63.0,"key":"Garlic"},{"floor":74,"key":"Bronze Scales"},{"floor":74,"key":"Replay:Bottled Flurry"},{"floor":76,"key":"infinitespire:Joker Card"},{"floor":76,"key":"Bottled Tornado"},{"floor":77,"key":"Replay:Wax Seal"},{"floor":78,"key":"Pantograph"},{"floor":78,"key":"hubris:DuctTape"},{"floor":91,"key":"hubris:SlimyHat"},{"floor":91,"key":"ReplayTheSpireMod:Shallot"},{"floor":93,"key":"Du-Vu Doll"},{"floor":93,"key":"Blood Vial"},{"floor":94,"key":"Snack Pack"},{"floor":95,"key":"infinitespire:PuzzleCube"},{"floor":95,"key":"ReplayTheSpireMod:Lightbulb"},{"floor":111,"key":"MawBank"},{"floor":125,"key":"Paper Crane"},{"floor":125,"key":"Omamori"},{"floor":128,"key":"Akabeko"},{"floor":130,"key":"Replay:Baseball"},{"floor":130,"key":"Replay:Mystery Machine"},{"floor":145,"key":"Anchor"},{"floor":156,"key":"infinitespire:Broken Mirror"},{"floor":156,"key":"hubris:64BitClover"}],"event_choices":[{"damage_healed":0.0,"max_hp_gain":0.0,"max_hp_loss":0.0,"gold_gain":100.0,"event_name":"Golden Shrine","player_choice":"Pray","floor":12.0,"gold_loss":0.0,"damage_taken":0.0},{"cards_removed":["Strike_G"],"damage_healed":0.0,"max_hp_gain":0.0,"max_hp_loss":0.0,"gold_gain":0.0,"event_name":"Designer","player_choice":"Upgrade and Remove","floor":28.0,"gold_loss":90.0,"damage_taken":0.0,"cards_upgraded":["Survivor"]},{"damage_healed":0.0,"max_hp_gain":0.0,"max_hp_loss":0.0,"gold_gain":0.0,"event_name":"MindBloom","player_choice":"Fight","floor":37.0,"gold_loss":0.0,"damage_taken":0.0},{"damage_healed":0.0,"max_hp_gain":0.0,"max_hp_loss":0.0,"gold_gain":0.0,"event_name":"Mysterious Sphere","player_choice":"Fight","floor":44.0,"gold_loss":0.0,"damage_taken":0.0},{"damage_healed":0.0,"max_hp_gain":0.0,"max_hp_loss":0.0,"gold_gain":0.0,"event_name":"Transmorgrifier","player_choice":"Ignored","floor":53.0,"gold_loss":0.0,"damage_taken":0.0},{"damage_healed":0.0,"max_hp_gain":0.0,"max_hp_loss":0.0,"gold_gain":0.0,"event_name":"Accursed Blacksmith","player_choice":"Forge","floor":55.0,"gold_loss":0.0,"damage_taken":0.0,"cards_upgraded":["Sadistic Nature"]},{"damage_healed":0,"gold_gain":0,"player_choice":"Inject Mutagens","damage_taken":0,"relics_obtained":["MutagenicStrength"],"max_hp_gain":0,"max_hp_loss":0,"event_name":"Drug Dealer","floor":79,"gold_loss":0},{"damage_healed":0,"gold_gain":0,"player_choice":"Leave","damage_taken":0,"max_hp_gain":0,"max_hp_loss":0,"event_name":"FaceTrader","floor":81,"gold_loss":0},{"damage_healed":0,"gold_gain":6,"player_choice":"1","damage_taken":0,"max_hp_gain":0,"max_hp_loss":0,"event_name":"betterStone:BetterStone","floor":90,"gold_loss":0},{"cards_removed":["Adrenaline"],"damage_healed":0,"gold_gain":0,"player_choice":"Purged","damage_taken":0,"max_hp_gain":0,"max_hp_loss":0,"event_name":"Purifier","floor":97,"gold_loss":0},{"damage_healed":0,"gold_gain":0,"player_choice":"Donut","damage_taken":0,"max_hp_gain":5,"max_hp_loss":0,"event_name":"Big Fish","floor":105,"gold_loss":0},{"damage_healed":0,"gold_gain":0,"player_choice":"Ignored","damage_taken":0,"max_hp_gain":0,"max_hp_loss":0,"event_name":"Purifier","floor":122,"gold_loss":0},{"damage_healed":0,"gold_gain":300,"player_choice":"Gold","damage_taken":0,"max_hp_gain":0,"max_hp_loss":0,"event_name":"Wheel of Change","floor":140,"gold_loss":0}],"is_beta":false,"boss_relics":[{"not_picked":["Fusion Hammer","Replay:Wanted Poster","Honey Jar"]},{"not_picked":["Coffee Dripper","hubris:RunicObelisk"],"picked":"Replay:Drink Me"},{"not_picked":["hubris:TerracottaHorce","ReplayTheSpireMod:SealedPack"],"picked":"Calling Bell"},{"not_picked":["energizedSpire:NeverEndingSparkler","Snecko Scales"],"picked":"hubris:Backtick"},{"not_picked":["ReplayTheSpireMod:DimensionalGlitch","ChewingGum"],"picked":"HoveringKite"},{"not_picked":["energizedSpire:EnergizedDie","hubris:CrackedHourglass","Sozu"]},{"not_picked":["Pandora\u0027s Box","Empty Cage","Honey Jar"]},{"not_picked":["Velvet Choker","Fusion Hammer","Astrolabe"]},{"not_picked":["Replay:Ancient Bell","Painkiller Herb"],"picked":"Snecko Scales"}],"items_purged_floors":[14,14,19,38,54,59,72,80,89,129],"is_endless":true,"potions_floor_spawned":[3,7,8,20,22,30,31,37,47,48,50,58,62,64,67,71,76,84,87,88,98,101,113,118,120,124,125,126,131,137,141,143,149,156],"ascension_level":3}}