{"host":"Bilverbakes","time":1612315341,"event":{"mods":["2.2 Compatiblity","AchievementEnabler","BaseMod","Bestiary","Colored Map","Minty Spire (QoL Compilation)","Relic Stats","StSLib","ojb\u0027s Info Mod"],"gold_per_floor":[119,135,146,146,34,34,64,64,91,91,125,151,175,203,203,285,312,341,369,369,396,126,158,158,179,179,204,231,54,54,81,81,166,166,186,186,214,240,47,47,85,108,131,131,60,102,102,136,136,136,136,136,136,119,159,159,159],"floor_reached":56,"language":"ENG","playtime":4813,"items_purged":["Defend_G","Strike_G"],"score":2249,"play_id":"d98cadf2-1e1e-47d3-9dd9-6563b5356a83","local_time":"20210202192221","is_ascension_mode":true,"campfire_choices":[{"data":"Footwork","floor":6.0,"key":"SMITH"},{"data":"Neutralize","floor":8.0,"key":"SMITH"},{"data":"Deadly Poison","floor":10.0,"key":"SMITH"},{"data":"Malaise","floor":15.0,"key":"SMITH"},{"data":"Prepared","floor":24.0,"key":"SMITH"},{"floor":32.0,"key":"REST"},{"data":"Adrenaline","floor":40,"key":"SMITH"},{"data":"Accuracy","floor":44,"key":"SMITH"},{"floor":49,"key":"RECALL"},{"data":"Caltrops","floor":53,"key":"SMITH"}],"circlet_count":0,"master_deck":["AscendersBane","Strike_G+1","Defend_G","Defend_G","Defend_G","Survivor","Neutralize+1","Backstab","Deadly Poison+1","Underhanded Strike","Footwork+1","Acrobatics","Blade Dance","Prepared+1","Malaise+1","Crippling Poison+1","Corpse Explosion","Malaise+1","Blade Dance+1","Malaise+1","PiercingWail","Blade Dance","Venomology","Dagger Throw+1","Infinite Blades+1","Finisher+1","Accuracy+1","Adrenaline+1","Tactician","Predator+1","Caltrops+1","Dodge and Roll+1","Concentrate","Well Laid Plans","Prepared+1","Tactician","PiercingWail","Cloak And Dagger"],"relics":["Ring of the Snake","Dead Branch","Akabeko","CeramicFish","Question Card","Astrolabe","Ornamental Fan","Bronze Scales","Whetstone","InkBottle","Snake Skull","Busted Crown","Chemical X","Vajra","Pear","Centennial Puzzle","Pocketwatch"],"acts_visited":["Exordium","TheCity","TheBeyond","TheEnding"],"potions_floor_usage":[33,38,41,42,50,50,55,56,56,56],"damage_taken":[{"damage":2.0,"enemies":"Jaw Worm","floor":1.0,"turns":4.0},{"damage":0.0,"enemies":"Cultist","floor":2.0,"turns":3.0},{"damage":2.0,"enemies":"Small Slimes","floor":3.0,"turns":3.0},{"damage":0.0,"enemies":"Gremlin Nob","floor":7.0,"turns":1.0},{"damage":2.0,"enemies":"Lagavulin","floor":11.0,"turns":6.0},{"damage":1.0,"enemies":"2 Fungi Beasts","floor":12.0,"turns":2.0},{"damage":0.0,"enemies":"Gremlin Gang","floor":13.0,"turns":4.0},{"damage":0.0,"enemies":"3 Louse","floor":14.0,"turns":2.0},{"damage":12.0,"enemies":"Slime Boss","floor":16.0,"turns":8.0},{"damage":3.0,"enemies":"Chosen","floor":18.0,"turns":3.0},{"damage":0.0,"enemies":"3 Byrds","floor":19.0,"turns":3.0},{"damage":3.0,"enemies":"Snake Plant","floor":21.0,"turns":4.0},{"damage":5.0,"enemies":"Gremlin Leader","floor":23.0,"turns":6.0},{"damage":9.0,"enemies":"Shelled Parasite and Fungi","floor":25.0,"turns":5.0},{"damage":4.0,"enemies":"Cultist and Chosen","floor":27.0,"turns":4.0},{"damage":5.0,"enemies":"Snake Plant","floor":28.0,"turns":4.0},{"damage":0.0,"enemies":"Slavers","floor":31.0,"turns":2.0},{"damage":5,"enemies":"Collector","floor":33,"turns":5},{"damage":0,"enemies":"Orb Walker","floor":35,"turns":1},{"damage":2,"enemies":"3 Darklings","floor":37,"turns":3},{"damage":0,"enemies":"Sphere and 2 Shapes","floor":38,"turns":5},{"damage":0,"enemies":"Reptomancer","floor":41,"turns":4},{"damage":0,"enemies":"Transient","floor":42,"turns":6},{"damage":1,"enemies":"Giant Head","floor":46,"turns":2},{"damage":10,"enemies":"Nemesis","floor":48,"turns":3},{"damage":1,"enemies":"Awakened One","floor":50,"turns":9},{"damage":32,"enemies":"Donu and Deca","floor":51,"turns":7},{"damage":0,"enemies":"Shield and Spear","floor":55,"turns":3},{"damage":85,"enemies":"The Heart","floor":56,"turns":5}],"seed_played":"-8038866830759800685","potions_obtained":[{"floor":2.0,"key":"SteroidPotion"},{"floor":3.0,"key":"Strength Potion"},{"floor":13.0,"key":"ColorlessPotion"},{"floor":14.0,"key":"Explosive Potion"},{"floor":18.0,"key":"SkillPotion"},{"floor":19.0,"key":"Weak Potion"},{"floor":27.0,"key":"Swift Potion"},{"floor":37,"key":"SteroidPotion"},{"floor":41,"key":"Fruit Juice"}],"is_trial":false,"path_per_floor":["M","M","M","?","$","R","E","R","T","R","E","M","M","M","R","B",null,"M","M","?","M","$","E","R","M","T","M","M","$","T","E","R","B",null,"M","?","M","M","$","R","E","M","T","R","$","E","?","E","R","B","B",null,"R","$","E","B"],"character_chosen":"THE_SILENT","items_purchased":["Footwork","Ornamental Fan","Accuracy","Chemical X","Caltrops","Well Laid Plans","PiercingWail"],"campfire_rested":1,"item_purchase_floors":[5,22,29,39,39,45,54],"current_hp_per_floor":[42,42,40,40,40,40,40,40,40,40,38,37,37,37,37,25,56,53,53,53,50,50,45,45,36,36,32,27,27,27,27,46,41,60,60,60,58,58,58,58,58,63,63,63,63,72,72,62,62,61,29,66,66,66,66,0,0],"gold":159,"neow_bonus":"ONE_RARE_RELIC","is_daily":false,"chose_seed":false,"campfire_upgraded":8,"win_rate":0.0,"timestamp":1612315341,"path_taken":["M","M","M","?","$","R","E","R","T","R","E","M","M","M","R","BOSS","M","M","?","?","?","E","R","?","T","M","M","$","?","E","R","BOSS","M","?","M","M","$","R","E","M","T","R","$","E","?","E","R","BOSS","BOSS","R","$","E","BOSS"],"items_purchased_type":["Card","Relic","Card","Relic","Card","Card","Card"],"build_version":"2020-12-18","purchased_purges":2,"victory":false,"max_hp_per_floor":[66,66,66,66,66,66,66,66,66,66,66,66,66,66,66,66,66,66,66,66,66,66,66,66,66,66,66,66,66,66,66,66,66,66,66,63,63,63,63,63,63,68,68,68,68,78,78,78,78,78,78,78,78,78,78,78,78],"relic_stats":{"counters":[29,117],"Dead Branch":[474],"CeramicFish":234,"Astrolabe":["Malaise","Blade Dance","Malaise"],"Snake Skull":[136],"Whetstone":["Dagger Throw","Strike_G"],"Question Card":21,"Centennial Puzzle":[9],"Busted Crown":16,"Ornamental Fan":[436],"Bronze Scales":[208],"Chemical X":[23],"obtain_stats":[{"Pear":46,"Dead Branch":0,"CeramicFish":9,"Astrolabe":17,"Vajra":41,"Snake Skull":31,"Whetstone":26,"Question Card":11,"Akabeko":7,"Centennial Puzzle":48,"Busted Crown":34,"Ornamental Fan":22,"Bronze Scales":23,"Chemical X":39,"InkBottle":30,"Ring of the Snake":0,"Pocketwatch":55},{"Pear":24,"Dead Branch":0,"CeramicFish":4,"Astrolabe":9,"Vajra":22,"Snake Skull":17,"Whetstone":14,"Question Card":5,"Akabeko":4,"Centennial Puzzle":25,"Busted Crown":18,"Ornamental Fan":12,"Bronze Scales":13,"Chemical X":21,"InkBottle":16,"Ring of the Snake":0,"Pocketwatch":28},{"Pear":90,"Dead Branch":0,"CeramicFish":11,"Astrolabe":33,"Vajra":82,"Snake Skull":64,"Whetstone":54,"Question Card":17,"Akabeko":11,"Centennial Puzzle":93,"Busted Crown":69,"Ornamental Fan":43,"Bronze Scales":49,"Chemical X":78,"InkBottle":62,"Ring of the Snake":0,"Pocketwatch":112}],"InkBottle":[54],"Ring of the Snake":[58],"Pocketwatch":[0]},"card_choices":[{"not_picked":["Acrobatics","Terror"],"picked":"Backstab","floor":1.0},{"not_picked":["Slice","Outmaneuver"],"picked":"Deadly Poison","floor":2.0},{"not_picked":["Deadly Poison","Prepared"],"picked":"Underhanded Strike","floor":3.0},{"not_picked":["Catalyst","Outmaneuver"],"picked":"Acrobatics","floor":7.0},{"not_picked":["Eviscerate","Finisher"],"picked":"Blade Dance","floor":11.0},{"not_picked":["Riddle With Holes","Quick Slash","Underhanded Strike"],"picked":"Prepared","floor":12.0},{"not_picked":["Deflect","Bane","Dagger Throw"],"picked":"Malaise","floor":13.0},{"not_picked":["Eviscerate","Underhanded Strike","Dagger Throw"],"picked":"Crippling Poison","floor":14.0},{"not_picked":["Adrenaline","Die Die Die","Envenom"],"picked":"Corpse Explosion","floor":16.0},{"not_picked":["Distraction","Prepared","Dagger Throw"],"picked":"PiercingWail","floor":18.0},{"not_picked":["Quick Slash","Outmaneuver","Bane"],"picked":"Blade Dance","floor":19.0},{"not_picked":["Flying Knee+1","Endless Agony","Deflect"],"picked":"Venomology","floor":21.0},{"not_picked":["Crippling Poison","Bouncing Flask","Masterful Stab","Expertise"],"picked":"SKIP","floor":23.0},{"not_picked":["Quick Slash","Bouncing Flask","Dagger Spray"],"picked":"Dagger Throw","floor":25.0},{"not_picked":["Terror","Dagger Throw","Bane"],"picked":"Infinite Blades+1","floor":27.0},{"not_picked":["Blade Dance","Deflect","Eviscerate"],"picked":"Finisher+1","floor":28.0},{"not_picked":["Infinite Blades","Dagger Throw","Bouncing Flask","Corpse Explosion"],"picked":"SKIP","floor":31.0},{"not_picked":["Corpse Explosion","Unload","Venomology"],"picked":"Adrenaline","floor":33},{"not_picked":["Sucker Punch+1","Underhanded Strike"],"picked":"SKIP","floor":35},{"not_picked":["Blade Dance"],"picked":"Tactician","floor":37},{"not_picked":["Flying Knee"],"picked":"Predator+1","floor":38},{"not_picked":["Deflect"],"picked":"Dodge and Roll+1","floor":41},{"not_picked":["Blade Dance"],"picked":"Concentrate","floor":42},{"not_picked":["Terror"],"picked":"Prepared+1","floor":46},{"not_picked":["Flying Knee"],"picked":"Tactician","floor":48},{"not_picked":["Escape Plan"],"picked":"Cloak And Dagger","floor":55}],"player_experience":878003,"relics_obtained":[{"floor":7.0,"key":"Akabeko"},{"floor":9.0,"key":"CeramicFish"},{"floor":11.0,"key":"Question Card"},{"floor":23.0,"key":"Bronze Scales"},{"floor":26.0,"key":"Whetstone"},{"floor":30.0,"key":"InkBottle"},{"floor":31.0,"key":"Snake Skull"},{"floor":41,"key":"Vajra"},{"floor":46,"key":"Pear"},{"floor":48,"key":"Centennial Puzzle"},{"floor":55,"key":"Pocketwatch"}],"event_choices":[{"damage_healed":0.0,"max_hp_gain":0.0,"max_hp_loss":0.0,"gold_gain":0.0,"event_name":"Scrap Ooze","player_choice":"Fled","floor":4.0,"gold_loss":0.0,"damage_taken":0.0},{"damage_healed":0.0,"max_hp_gain":0.0,"max_hp_loss":0.0,"gold_gain":0.0,"event_name":"Accursed Blacksmith","player_choice":"Forge","floor":20.0,"gold_loss":0.0,"damage_taken":0.0,"cards_upgraded":["Crippling Poison"]},{"damage_healed":0,"gold_gain":0,"player_choice":"Max HP","damage_taken":0,"max_hp_gain":0,"max_hp_loss":3,"event_name":"Winding Halls","floor":36,"gold_loss":0},{"cards_removed":["Defend_G"],"damage_healed":0,"gold_gain":0,"player_choice":"Purged","damage_taken":0,"max_hp_gain":0,"max_hp_loss":0,"event_name":"Purifier","floor":47,"gold_loss":0}],"is_beta":true,"boss_relics":[{"not_picked":["Ectoplasm","WristBlade"],"picked":"Astrolabe"},{"not_picked":["Pandora\u0027s Box","HoveringKite"],"picked":"Busted Crown"}],"items_purged_floors":[5,29],"is_endless":false,"potions_floor_spawned":[2,3,13,14,18,19,27,37,41,48],"killed_by":"The Heart","ascension_level":20}}