{"host":"w8xisjf5mgmfjvmt","time":1612322285,"event":{"mods":["BaseMod","BetterRewards","Challenge The Spire","Conspire","Dota2Spire","Energized Spire","Filter the Spire","Minty Spire (QoL Compilation)","Quarter Circle Forward PUNCH!","Quick Restart","Relic Stats","Replay The Spire","Shop Mod","Spicy Shops","StSLib","¡¾ÒÅÎï¿¨ÅÆ¡¿REMEMod","óô»ðÖ¸ÄÏ"],"gold_per_floor":[116,41,116,116,136,136,164,184,210,210,210],"floor_reached":10,"language":"ZHS","playtime":184,"items_purged":["Strike_G"],"score":182,"play_id":"7f60d0b2-55f8-4134-afa6-74685ab2a8e5","local_time":"20210203111805","is_ascension_mode":true,"campfire_choices":[{"data":"Judgement","floor":6,"key":"SMITH"}],"circlet_count":0,"master_deck":["AscendersBane","Strike_G","Strike_G","Strike_G","Strike_G","Defend_G","Defend_G","Defend_G","Defend_G","Defend_G","Survivor","Neutralize","Judgement+1","Escape Plan","Backflip","Backflip"],"relics":["Ring of the Snake","REME_ComplimentaryCards","NeowsBlessing","Regal Pillow","qcfpunch:Army_Boots"],"acts_visited":["Exordium"],"potions_floor_usage":[10],"damage_taken":[{"damage":0.0,"enemies":"2 Louse","floor":1.0,"turns":1.0},{"damage":0,"enemies":"Small Slimes","floor":5,"turns":1},{"damage":0,"enemies":"3 Sentries","floor":7,"turns":2},{"damage":0,"enemies":"Cultist","floor":8,"turns":4},{"damage":8,"enemies":"Replay:BlueRogue","floor":10,"turns":5}],"seed_played":"-7336879373929809289","potions_obtained":[{"floor":7,"key":"Dota2Spire:HealingSalve"},{"floor":8,"key":"Reflective Coating"}],"is_trial":false,"path_per_floor":["M","$","?","?","M","R","E","M","T","E"],"character_chosen":"THE_SILENT","items_purchased":[],"campfire_rested":0,"item_purchase_floors":[],"current_hp_per_floor":[59,59,48,48,48,48,48,48,48,49,49],"gold":210,"neow_bonus":"THREE_ENEMY_KILL","is_daily":false,"chose_seed":false,"campfire_upgraded":1,"win_rate":0.0,"timestamp":1612322285,"path_taken":["M","$","?","?","M","R","E","M","T","E"],"items_purchased_type":[],"build_version":"2020-12-22","purchased_purges":1,"victory":false,"max_hp_per_floor":[66,66,66,66,66,66,66,66,66,66,66],"relic_stats":{"Regal Pillow":0,"counters":[5,13],"obtain_stats":[{"qcfpunch:Army_Boots":9,"Regal Pillow":7,"NeowsBlessing":0,"Ring of the Snake":0,"REME_ComplimentaryCards":0},{"qcfpunch:Army_Boots":4,"Regal Pillow":3,"NeowsBlessing":0,"Ring of the Snake":0,"REME_ComplimentaryCards":0},{"qcfpunch:Army_Boots":8,"Regal Pillow":4,"NeowsBlessing":0,"Ring of the Snake":0,"REME_ComplimentaryCards":0}],"Ring of the Snake":[10]},"card_choices":[{"not_picked":["Expertise","Dagger Throw"],"picked":"Escape Plan","floor":1.0},{"not_picked":["Bane","Deflect","Accuracy"],"picked":"SKIP","floor":5},{"not_picked":["Deflect","Caltrops"],"picked":"Backflip","floor":7},{"not_picked":["Slice","conspire:PoisonWeapons"],"picked":"Backflip","floor":8}],"player_experience":1248901,"relics_obtained":[{"floor":7,"key":"Regal Pillow"},{"floor":9,"key":"qcfpunch:Army_Boots"}],"event_choices":[{"damage_healed":0.0,"max_hp_gain":0.0,"max_hp_loss":0.0,"gold_gain":75.0,"event_name":"World of Goop","player_choice":"Gather Gold","floor":3.0,"gold_loss":0.0,"damage_taken":11.0},{"damage_healed":0,"gold_gain":0,"player_choice":"Ignored","damage_taken":0,"max_hp_gain":0,"max_hp_loss":0,"event_name":"WeMeetAgain","floor":4,"gold_loss":0}],"is_beta":false,"boss_relics":[],"items_purged_floors":[2],"is_endless":false,"potions_floor_spawned":[7,8],"killed_by":"Replay:BlueRogue","ascension_level":20}}