{"host":"d0y5v5lostuas3k8","time":1612326069,"event":{"mods":["AchievementEnabler","BaseMod","Colored Map","Colored Powertips","Lobotomy","Minty Spire (QoL Compilation)","Permanent Neow","Quick Restart","StSLib","SuperFastMode"],"gold_per_floor":[15,15,28,43,53,64,78,92,92,92,108,121,121,146,146,250,250,268,280,298,223,235,263,263,263,289,289,299,299,311,322,322,420,420,430,430,440,456,456,456,476,66,66,66,85,95,109,109,109,109,109],"floor_reached":52,"language":"KOR","playtime":3199,"items_purged":["Strike_P","Defend_P"],"score":686,"play_id":"e39d1dae-2a33-4292-b684-404a7d01a4b6","local_time":"20210203132109","is_ascension_mode":false,"campfire_choices":[{"floor":10.0,"key":"DIG"},{"floor":13.0,"key":"DIG"},{"floor":15.0,"key":"DIG"},{"floor":24.0,"key":"DIG"},{"floor":27.0,"key":"DIG"},{"floor":29.0,"key":"DIG"},{"floor":32.0,"key":"DIG"},{"floor":40,"key":"DIG"},{"floor":44,"key":"DIG"},{"floor":49,"key":"DIG"}],"circlet_count":0,"master_deck":["Strike_P+1","Strike_P+1","Defend_P","Defend_P+1","Eruption+1","Vigilance","DeusExMachina","Consecrate","Conclude+1","FlurryOfBlows+1","ClearTheMind+1","BattleHymn+1","EmptyFist+1","LessonLearned","ReachHeaven+1","DeceiveReality","Sanctity+1","TalkToTheHand+1","Perseverance+1","WheelKick+1","Crescendo+1","Vault","EmptyBody+1","Collect","PathToVictory+1","ForeignInfluence+1","Conclude+1","DeusExMachina"],"relics":["PureWater","Shovel","Torii","Blood Vial","Question Card","Ice Cream","Coffee Dripper","Regal Pillow","Pear","Enchiridion","Whetstone","Molten Egg 2","Letter Opener","Pen Nib","Black Star","Meat on the Bone","Happy Flower","Toolbox","Oddly Smooth Stone","Calipers","Ornamental Fan","Lantern"],"acts_visited":["Exordium","TheCity","TheBeyond"],"potions_floor_usage":[38,50],"damage_taken":[{"damage":0.0,"enemies":"2 Louse","floor":1.0,"turns":1.0},{"damage":6.0,"enemies":"Jaw Worm","floor":3.0,"turns":4.0},{"damage":0.0,"enemies":"Small Slimes","floor":4.0,"turns":2.0},{"damage":1.0,"enemies":"Exordium Thugs","floor":5.0,"turns":4.0},{"damage":2.0,"enemies":"Blue Slaver","floor":6.0,"turns":3.0},{"damage":13.0,"enemies":"Gremlin Gang","floor":7.0,"turns":3.0},{"damage":6.0,"enemies":"Large Slime","floor":8.0,"turns":4.0},{"damage":6.0,"enemies":"Exordium Wildlife","floor":11.0,"turns":2.0},{"damage":0.0,"enemies":"2 Fungi Beasts","floor":12.0,"turns":1.0},{"damage":6.0,"enemies":"Gremlin Nob","floor":14.0,"turns":3.0},{"damage":21.0,"enemies":"Hexaghost","floor":16.0,"turns":10.0},{"damage":3.0,"enemies":"Spheric Guardian","floor":18.0,"turns":5.0},{"damage":3.0,"enemies":"3 Byrds","floor":19.0,"turns":4.0},{"damage":12.0,"enemies":"Sentry and Sphere","floor":20.0,"turns":5.0},{"damage":1.0,"enemies":"Snecko","floor":22.0,"turns":5.0},{"damage":29.0,"enemies":"Slavers","floor":23.0,"turns":5.0},{"damage":8.0,"enemies":"Snake Plant","floor":28.0,"turns":5.0},{"damage":0.0,"enemies":"Centurion and Healer","floor":30.0,"turns":4.0},{"damage":1.0,"enemies":"Chosen and Byrds","floor":31.0,"turns":3.0},{"damage":10.0,"enemies":"Automaton","floor":33.0,"turns":6.0},{"damage":0.0,"enemies":"Orb Walker","floor":35.0,"turns":5.0},{"damage":9.0,"enemies":"3 Shapes","floor":37.0,"turns":4.0},{"damage":8,"enemies":"Spire Growth","floor":38,"turns":5},{"damage":1,"enemies":"3 Darklings","floor":41,"turns":4},{"damage":0,"enemies":"Jaw Worm Horde","floor":45,"turns":3},{"damage":0,"enemies":"Spire Growth","floor":46,"turns":7},{"damage":13,"enemies":"Writhing Mass","floor":47,"turns":5},{"damage":11,"enemies":"Donu and Deca","floor":50,"turns":10}],"seed_played":"-6096468199551374969","potions_obtained":[{"floor":3.0,"key":"BottledMiracle"},{"floor":6.0,"key":"GamblersBrew"},{"floor":8.0,"key":"Block Potion"},{"floor":11.0,"key":"Swift Potion"},{"floor":14.0,"key":"Fruit Juice"},{"floor":16.0,"key":"LiquidBronze"},{"floor":22.0,"key":"LiquidBronze"},{"floor":23.0,"key":"Ancient Potion"},{"floor":28.0,"key":"FearPotion"},{"floor":31.0,"key":"AttackPotion"},{"floor":33.0,"key":"Regen Potion"},{"floor":37.0,"key":"CultistPotion"},{"floor":41,"key":"StancePotion"}],"is_trial":false,"path_per_floor":["M","?","M","M","M","M","M","M","T","R","M","M","R","E","R","B",null,"M","M","M","$","M","E","R","?","T","R","M","R","M","M","R","B",null,"M","?","M","M","T","R","M","$","T","R","M","M","M","?","R","B",null,null],"character_chosen":"WATCHER","items_purchased":["Toolbox","Oddly Smooth Stone"],"campfire_rested":0,"item_purchase_floors":[42,42],"current_hp_per_floor":[72,72,66,66,65,63,50,44,44,44,38,38,38,34,34,20,77,74,73,63,63,64,37,47,31,31,31,25,25,27,28,28,20,87,87,87,78,81,81,81,82,82,82,82,84,86,74,74,74,65,65],"gold":109,"neow_bonus":"THREE_RARE_CARDS","is_daily":false,"chose_seed":false,"campfire_upgraded":0,"win_rate":0.0,"timestamp":1612326069,"path_taken":["M","?","M","M","M","M","M","M","T","R","M","M","R","E","R","BOSS","M","M","M","$","M","E","R","?","T","R","M","R","M","M","R","BOSS","M","?","M","M","?","R","M","$","T","R","M","M","M","?","R","BOSS"],"items_purchased_type":["Relic","Relic"],"build_version":"2020-12-22","purchased_purges":2,"victory":true,"max_hp_per_floor":[72,72,72,72,72,72,72,72,72,72,72,72,72,72,72,77,77,77,77,77,77,77,77,87,87,87,87,87,87,87,87,87,87,87,87,87,87,87,87,87,87,87,87,87,87,87,87,87,87,87,87],"card_choices":[{"not_picked":["MasterReality","Devotion"],"picked":"DeusExMachina","floor":0.0},{"not_picked":["JustLucky","PathToVictory"],"picked":"Consecrate","floor":1.0},{"not_picked":["SashWhip","Indignation"],"picked":"Conclude","floor":3.0},{"not_picked":["SignatureMove","Evaluate","Protect"],"picked":"SKIP","floor":4.0},{"not_picked":["FollowUp","ReachHeaven"],"picked":"FlurryOfBlows","floor":5.0},{"not_picked":["WaveOfTheHand","FlurryOfBlows"],"picked":"ClearTheMind","floor":6.0},{"not_picked":["CarveReality","JustLucky"],"picked":"BattleHymn","floor":7.0},{"not_picked":["CutThroughFate","ThirdEye","Vengeance"],"picked":"SKIP","floor":8.0},{"not_picked":["Prostrate","Blasphemy","FlurryOfBlows"],"picked":"SKIP","floor":11.0},{"not_picked":["JustLucky","FlurryOfBlows","Halt"],"picked":"SKIP","floor":12.0},{"not_picked":["ThirdEye","TalkToTheHand"],"picked":"EmptyFist","floor":14.0},{"not_picked":["DeusExMachina","MasterReality","Establishment"],"picked":"LessonLearned","floor":16.0},{"not_picked":["ThirdEye","Study+1","TalkToTheHand+1"],"picked":"ReachHeaven+1","floor":18.0},{"not_picked":["TalkToTheHand","JustLucky","Consecrate"],"picked":"DeceiveReality","floor":19.0},{"not_picked":["ClearTheMind","Evaluate","CutThroughFate"],"picked":"Sanctity","floor":20.0},{"not_picked":["Collect","EmptyBody","Wish"],"picked":"TalkToTheHand+1","floor":22.0},{"not_picked":["FlyingSleeves","WreathOfFlame","Fasting2"],"picked":"Perseverance","floor":23.0},{"not_picked":["ReachHeaven+1","LikeWater+1","Prostrate","CrushJoints+1"],"picked":"SKIP","floor":28.0},{"not_picked":["Worship+1","ThirdEye","Consecrate+1"],"picked":"WheelKick+1","floor":30.0},{"not_picked":["ThirdEye","LikeWater","DeceiveReality"],"picked":"Crescendo+1","floor":31.0},{"not_picked":["Brilliance+1","Omniscience","Blasphemy"],"picked":"Vault","floor":33.0},{"not_picked":["SashWhip+1","Halt","Prostrate+1"],"picked":"EmptyBody+1","floor":35.0},{"not_picked":["FlyingSleeves+1","Protect+1","CutThroughFate+1","CrushJoints+1"],"picked":"SKIP","floor":37.0},{"not_picked":["EmptyBody","Consecrate+1","CrushJoints+1"],"picked":"Collect","floor":38},{"not_picked":["Indignation+1","ThirdEye","Conclude+1","Blasphemy"],"picked":"SKIP","floor":41},{"not_picked":["Conclude+1","ThirdEye+1","Evaluate+1"],"picked":"PathToVictory+1","floor":45},{"not_picked":["FollowUp+1","Study+1","Fasting2","CrushJoints+1"],"picked":"SKIP","floor":46},{"not_picked":["Protect","Prostrate","CrushJoints+1"],"picked":"ForeignInfluence+1","floor":47}],"player_experience":246563,"relics_obtained":[{"floor":9.0,"key":"Shovel"},{"floor":10.0,"key":"Torii"},{"floor":13.0,"key":"Blood Vial"},{"floor":14.0,"key":"Question Card"},{"floor":15.0,"key":"Ice Cream"},{"floor":23.0,"key":"Regal Pillow"},{"floor":24.0,"key":"Pear"},{"floor":25.0,"key":"Enchiridion"},{"floor":26.0,"key":"Whetstone"},{"floor":27.0,"key":"Molten Egg 2"},{"floor":29.0,"key":"Letter Opener"},{"floor":32.0,"key":"Pen Nib"},{"floor":39,"key":"Meat on the Bone"},{"floor":40,"key":"Happy Flower"},{"floor":43,"key":"Calipers"},{"floor":44,"key":"Ornamental Fan"},{"floor":49,"key":"Lantern"}],"event_choices":[{"cards_removed":["Strike_P"],"damage_healed":0.0,"max_hp_gain":0.0,"max_hp_loss":0.0,"gold_gain":0.0,"event_name":"Living Wall","player_choice":"Forget","floor":2.0,"gold_loss":0.0,"damage_taken":0.0},{"damage_healed":0.0,"max_hp_gain":0.0,"max_hp_loss":0.0,"gold_gain":0.0,"event_name":"Cursed Tome","player_choice":"Obtained Book","floor":25.0,"gold_loss":0.0,"damage_taken":16.0},{"cards_removed":["Defend_P"],"damage_healed":0.0,"max_hp_gain":0.0,"max_hp_loss":0.0,"gold_gain":0.0,"event_name":"Falling","player_choice":"Removed Skill","floor":36.0,"gold_loss":0.0,"damage_taken":0.0},{"damage_healed":0,"gold_gain":0,"player_choice":"2 cards matched","damage_taken":0,"max_hp_gain":0,"max_hp_loss":0,"event_name":"Match and Keep!","floor":48,"gold_loss":0,"cards_obtained":["Conclude","DeusExMachina"]}],"is_beta":false,"boss_relics":[{"not_picked":["Pandora\u0027s Box","Runic Dome"],"picked":"Coffee Dripper"},{"not_picked":["Cursed Key","Runic Pyramid"],"picked":"Black Star"}],"items_purged_floors":[21,42],"is_endless":false,"potions_floor_spawned":[3,6,8,11,14,16,22,23,28,31,33,37,41,46,47],"ascension_level":0}}