{"host":"nw4g04f085wnqcgt","time":1612376554,"event":{"mods":["AchievementEnabler","BaseMod","Colored Map","Colored Powertips","DeckTracker","Minty Spire (QoL Compilation)","Relic Sorter","SuperFastMode"],"gold_per_floor":[117,117,129,140,140,140,160,160,185,185,12,287,78,118,118,213,213,225,261,261,278,278,278,278],"floor_reached":23,"language":"ENG","playtime":1602,"items_purged":["Regret"],"score":217,"play_id":"aa7afee3-1c41-453f-92a4-d61ea86c7c28","local_time":"20210203132234","is_ascension_mode":true,"campfire_choices":[{"data":"Fusion","floor":6,"key":"SMITH"},{"data":"Zap","floor":8,"key":"SMITH"},{"data":"Dualcast","floor":10,"key":"SMITH"},{"data":"HandOfGreed","floor":15,"key":"SMITH"}],"circlet_count":0,"master_deck":["Strike_B","Strike_B","Defend_B","Defend_B","Defend_B","Defend_B+1","Zap+1","Dualcast+1","Go for the Eyes","Leap+1","Fusion+1","Conserve Battery","Compile Driver","Redo","HandOfGreed+1","Rainbow","Turbo","Redo+1"],"relics":["Cracked Core","Gremlin Horn","Strawberry","Membership Card","War Paint","Inserter"],"acts_visited":["Exordium","TheCity"],"potions_floor_usage":[7,21,21],"damage_taken":[{"damage":7,"enemies":"Small Slimes","floor":1,"turns":3},{"damage":0,"enemies":"Cultist","floor":3,"turns":3},{"damage":1,"enemies":"2 Louse","floor":4,"turns":4},{"damage":3,"enemies":"Gremlin Gang","floor":7,"turns":7},{"damage":0,"enemies":"Looter","floor":14,"turns":2},{"damage":46,"enemies":"Hexaghost","floor":16,"turns":11},{"damage":11,"enemies":"Spheric Guardian","floor":18,"turns":4},{"damage":22,"enemies":"Chosen","floor":19,"turns":5},{"damage":13,"enemies":"Snake Plant","floor":21,"turns":6},{"damage":37,"enemies":"Slavers","floor":23,"turns":3}],"seed_played":"-4518989718633344236","potions_obtained":[{"floor":4,"key":"Weak Potion"},{"floor":14,"key":"Dexterity Potion"},{"floor":16,"key":"DuplicationPotion"},{"floor":18,"key":"Strength Potion"},{"floor":19,"key":"DistilledChaos"}],"is_trial":false,"path_per_floor":["M","?","M","M","T","R","M","R","T","R","$","?","$","M","R","B",null,"M","M","?","M","?","E"],"character_chosen":"DEFECT","items_purchased":["Membership Card","Redo","War Paint","HandOfGreed"],"campfire_rested":0,"item_purchase_floors":[11,11,13,13],"current_hp_per_floor":[68,68,68,67,67,67,64,64,71,71,71,71,71,71,71,25,82,71,49,49,36,36,0,0],"gold":278,"neow_bonus":"TRANSFORM_CARD","is_daily":false,"chose_seed":false,"campfire_upgraded":4,"win_rate":0.0,"timestamp":1612376554,"path_taken":["M","?","M","?","?","R","M","R","T","R","$","?","$","M","R","BOSS","M","?","?","M","?","E"],"items_purchased_type":["Relic","Card","Relic","Card"],"build_version":"2020-12-22","purchased_purges":1,"victory":false,"max_hp_per_floor":[75,75,75,75,75,75,75,75,82,82,82,82,82,82,82,82,82,82,82,82,82,82,82,82],"card_choices":[{"not_picked":["Cold Snap","Recycle"],"picked":"Leap","floor":1},{"not_picked":["Streamline","Gash"],"picked":"Fusion","floor":3},{"not_picked":["Gash","Hologram"],"picked":"Conserve Battery","floor":4},{"not_picked":["Blizzard","Doom and Gloom"],"picked":"Compile Driver","floor":7},{"not_picked":["Ball Lightning","Beam Cell","Barrage"],"picked":"SKIP","floor":14},{"not_picked":["All For One","Biased Cognition"],"picked":"Rainbow","floor":16},{"not_picked":["Gash","Go for the Eyes+1"],"picked":"Turbo","floor":18},{"not_picked":["Recycle","Reinforced Body","Streamline"],"picked":"SKIP","floor":19},{"not_picked":["Gash+1","Stack+1"],"picked":"Redo+1","floor":21}],"player_experience":397509,"relics_obtained":[{"floor":5,"key":"Gremlin Horn"},{"floor":9,"key":"Strawberry"}],"event_choices":[{"cards_removed":["Strike_B"],"damage_healed":0,"gold_gain":0,"player_choice":"Purged","damage_taken":0,"max_hp_gain":0,"max_hp_loss":0,"event_name":"Purifier","floor":2,"gold_loss":0},{"damage_healed":0,"gold_gain":275,"player_choice":"Desecrate","damage_taken":0,"max_hp_gain":0,"max_hp_loss":0,"event_name":"Golden Shrine","floor":12,"gold_loss":0,"cards_obtained":["Regret"]},{"damage_healed":0,"gold_gain":0,"player_choice":"Ignored","damage_taken":0,"max_hp_gain":0,"max_hp_loss":0,"event_name":"Ghosts","floor":20,"gold_loss":0},{"damage_healed":0,"gold_gain":0,"player_choice":"Ignored","damage_taken":0,"max_hp_gain":0,"max_hp_loss":0,"event_name":"Vampires","floor":22,"gold_loss":0}],"is_beta":false,"boss_relics":[{"not_picked":["Ectoplasm","Empty Cage"],"picked":"Inserter"}],"items_purged_floors":[13],"is_endless":false,"potions_floor_spawned":[4,14,16,18,19],"killed_by":"Slavers","ascension_level":4}}