{"host":"pgm1p3lvdjflie30","time":1612316862,"event":{"mods":["ATMod(阿瑾Mod)","AchievementEnabler","Aspiration","BaseMod","Challenge The Spire","Colored Map","Colored Powertips","Conspire","Dark Map","Dota2Spire","Energized Spire","Highlight Path","Minty Spire (QoL Compilation)","MostiFishMod","Quarter Circle Forward PUNCH!","Quick Restart","Replay The Spire","Spicy Shops","StSLib","TestMod","The IronCluck","The Jungle","Waifu the Spire","Yakumo Yukari mod","【?物卡牌】REMEMod","篝火指南"],"gold_per_floor":[133,133,208,222,240,240,240,272,272,291,304,336,336,371,371,475,475,488,488,500,529,558,558,589,589,657,657,673,699,713,23,23,122,122,140,540,540,560,571,571,47,47,47,47,47,47,47,58,58,58,58,58,21,56,56],"floor_reached":56,"language":"ZHS","playtime":2036,"items_purged":[],"score":1330,"play_id":"036c9c8d-a605-4156-ac1f-5d8da6269b4a","local_time":"20210203094742","is_ascension_mode":false,"campfire_choices":[{"floor":13,"key":"RECALL"},{"floor":15,"key":"REST"},{"data":"LoveAcrossDimensions_purple","floor":23,"key":"SMITH"},{"data":"Mirror_Drifter_purple","floor":25,"key":"SMITH"},{"data":"GluttonyofRealm_purpleEX","floor":40,"key":"SMITH"},{"data":"Shallow_ocean_purpleEX","floor":42,"key":"SMITH"},{"data":"Dramatic Entrance","floor":45,"key":"SMITH"},{"data":"Fancifulhole_purple","floor":52,"key":"SMITH"}],"circlet_count":0,"master_deck":["AT_purpleEX","AT_purpleEX","AT_purpleEX","AT_purpleEX","Defend_purpleEX","Defend_purpleEX","Defend_purpleEX","Defend_purpleEX","Observe_purple_1","Observe_purple_2","Static Discharge+1","Umbrella_purple","PositiveMatter_Antimatter_Universe_purple","WatchEChange_purple","Worldmountain_purple","D_absorption_purple","EighthInstrument_OneDividesIntoTwo_purple","Charmbait_purple","SharpContractionReality_purple","StateErode_purple+1","Pot Of Greed","Pot Of Greed","Theboundaryofcreation_purpleEX","LoveAcrossDimensions_purple+1","Mirror_Drifter_purple+1","Pot Of Greed","Shallow_ocean_purpleEX+1","WasteWire_Metro_purple","Shallow_ocean_purpleEX+1","Photoelasticity_Doppler_Effect_purple","RitualDagger","GluttonyofRealm_purpleEX+1","ExistenceContinue_purple","AdvanceAttack_purple","Boundary_DreamRealityDamnation_purple","DarkRealmRedLine_purple+1","GluttonyofRealm_purpleEX+1","Human_Monster_Realm_purple","Pot Of Greed","StateErode_purple+1","Charmbait_purple+1","Mirror_Drifter_purple","Fancifulhole_purple+1","OmniscientAndOmnipotent_Monster_purple","Dramatic Entrance+1","Mirror_Drifter_purple","MonsterNeedle_purple","DarkRealmRedLine_purple","Mirror_Drifter_purple+1"],"relics":["Boundary_crack","Memoryfragments_purpleEX","AT_ATBox","DaveBox","testmod-TestBox","PatriotShield","testmod-Motorcycle","NeowsBlessing","SynthV:TestCard","REME_HandOfSuture","Dota2Spire:Dagon","qcfpunch:Black_Training_Shirt","Grinning Jar","RhineSuit","Prayer Wheel","conspire:BottledYoYo","testmod-Fortitude","Coffee Dripper","qcfpunch:Wild_Herbs_Ointment","conspire:Boomerang","Replay:Accelerometer","Dota2Spire:Vanguard"],"acts_visited":["Exordium","TheCity","TheBeyond","TheEnding"],"potions_floor_usage":[4,12,16,24,31,33,55,55,55],"damage_taken":[{"damage":0,"enemies":"2 Louse","floor":1,"turns":1},{"damage":0,"enemies":"Small Slimes","floor":4,"turns":2},{"damage":0,"enemies":"Cultist","floor":5,"turns":1},{"damage":6,"enemies":"3 Sentries","floor":8,"turns":3},{"damage":0,"enemies":"Exordium Wildlife","floor":10,"turns":1},{"damage":0,"enemies":"Blue Slaver","floor":11,"turns":1},{"damage":5,"enemies":"Lagavulin","floor":12,"turns":2},{"damage":4,"enemies":"Gremlin Nob","floor":14,"turns":1},{"damage":21,"enemies":"The Guardian","floor":16,"turns":7},{"damage":0,"enemies":"conspire:FuzzyDice","floor":18,"turns":3},{"damage":0,"enemies":"Spheric Guardian","floor":20,"turns":1},{"damage":0,"enemies":"Shelled Parasite and Fungi","floor":21,"turns":1},{"damage":0,"enemies":"Snake Plant","floor":22,"turns":1},{"damage":0,"enemies":"REME_1_Revenger","floor":24,"turns":1},{"damage":5,"enemies":"conspire:HollyBat","floor":28,"turns":5},{"damage":0,"enemies":"Slavers","floor":29,"turns":1},{"damage":0,"enemies":"Centurion and Healer","floor":30,"turns":1},{"damage":0,"enemies":"Champ","floor":33,"turns":1},{"damage":0,"enemies":"Orb Walker","floor":35,"turns":1},{"damage":0,"enemies":"3 Darklings","floor":38,"turns":1},{"damage":0,"enemies":"Writhing Mass","floor":39,"turns":1},{"damage":0,"enemies":"Transient","floor":48,"turns":3},{"damage":14,"enemies":"Replay:Hell Engine","floor":50,"turns":2},{"damage":0,"enemies":"Shield and Spear","floor":54,"turns":1},{"damage":29,"enemies":"The Heart","floor":55,"turns":3}],"seed_played":"2620685745259162215","potions_obtained":[{"floor":4,"key":"testmod-SpacePotion"},{"floor":8,"key":"FearPotion"},{"floor":12,"key":"SneckoOil"},{"floor":16,"key":"SpeedPotion"},{"floor":18,"key":"Swift Potion"},{"floor":19,"key":"BlessingOfTheForge"},{"floor":19,"key":"ColorlessPotion"},{"floor":21,"key":"Dexterity Potion"},{"floor":38,"key":"LifebloodPotion"},{"floor":39,"key":"Dota2Spire:Clarity"}],"is_trial":false,"path_per_floor":["M","?","?","M","M","?","?","E","T","M","M","E","R","E","R","B",null,"M","?","M","M","M","R","E","R","T","?","M","E","M","$","R_BF","B",null,"M","?","?","M","M","R","$","R","T","?","R","?","$","M","R_BF","B",null,"R","$","E","B",null],"character_chosen":"Youkari","items_purchased":["testmod-Fortitude","Fruit Juice","qcfpunch:Wild_Herbs_Ointment","conspire:Boomerang","Dramatic Entrance","DarkRealmRedLine_purple"],"campfire_rested":1,"item_purchase_floors":[31,31,41,41,41,53],"current_hp_per_floor":[70,49,21,21,21,21,21,17,17,17,17,13,13,9,30,9,70,70,70,70,70,70,70,70,70,70,64,59,59,59,64,61,61,75,78,78,88,88,88,88,88,88,88,88,88,88,88,88,88,74,88,88,88,88,63],"gold":56,"neow_bonus":"THREE_ENEMY_KILL","is_daily":false,"chose_seed":false,"campfire_upgraded":6,"win_rate":0.0,"timestamp":1612316862,"path_taken":["M","?","?","M","?","?","?","E","T","M","M","E","R","E","R","BOSS","M","?","?","M","M","R","E","R","T","?","M","E","M","?","R_BF","BOSS","M","?","?","?","M","R","$","R","T","?","R","?","$","?","R_BF","BOSS","R","$","E","BOSS"],"items_purchased_type":["Relic","Potion","Relic","Relic","Card","Card"],"build_version":"2020-12-22","purchased_purges":0,"victory":true,"max_hp_per_floor":[70,70,70,70,70,70,70,70,70,70,70,70,70,70,70,70,70,70,70,70,70,70,70,70,70,70,70,70,70,70,75,75,75,75,78,78,88,88,88,88,88,88,88,88,88,88,88,88,88,88,88,88,88,88,92],"card_choices":[{"not_picked":["Boundary_DynamicStaticEquilibrium_purple","RuleDissolution_purple"],"picked":"Umbrella_purple","floor":1},{"not_picked":["Umbrella_purple","MonsterNeedle_purple","DimensionStaggered_purple","MeetDecomposer_purple"],"picked":"PositiveMatter_Antimatter_Universe_purple","floor":3},{"not_picked":["WingOfChimera_purple","Boundary_DreamRealityDamnation_purple","Boundary_DynamicStaticEquilibrium_purple","RuleDissolution_purple"],"picked":"WatchEChange_purple","floor":3},{"not_picked":["Line_surface_state_purple","OmniscientAndOmnipotent_Monster_purple","MetroBOOM_purple","Mirror_FormAndEmptin_purple"],"picked":"Worldmountain_purple","floor":4},{"not_picked":["StateErode_purple","SfantasyHide_purple","Bait_HighSpeedFlying_purple","MeetDecomposer_purple"],"picked":"D_absorption_purple","floor":5},{"not_picked":["WasteWire_Metro_purple","ButterflyHabitatTemple_purple","StateDuplicate_purple","DimensionStaggered_purple"],"picked":"EighthInstrument_OneDividesIntoTwo_purple","floor":8},{"not_picked":["Photoelasticity_Doppler_Effect_purple","PositiveMatter_Antimatter_Universe_purple","Umbrella_purple","ButterflyHabitatTemple_purple"],"picked":"Charmbait_purple","floor":10},{"not_picked":["WingOfChimera_purple","MeetDecomposer_purple","RealityDreamConfluencek_purple","Line_surface_state_purple"],"picked":"SharpContractionReality_purple","floor":11},{"not_picked":["ExistenceContinue_purple","Bait_Toxicbait_purple","Mirror_Drifter_purple","PositiveMatter_Antimatter_Universe_purple"],"picked":"StateErode_purple","floor":12},{"not_picked":["Umbrella_purple","StateDuplicate_purple","EighthInstrument_OneDividesIntoTwo_purple","Shallow_ocean_purpleEX"],"picked":"Theboundaryofcreation_purpleEX","floor":14},{"not_picked":["MagicEyes_LaplaceDemon_purple","Boundary_LifeAndDeath_purple","WangLiang_LineAndCurveDreams_purple","ProofOfUnderstanding_purple"],"picked":"LoveAcrossDimensions_purple","floor":16},{"not_picked":["DimensionStaggered_purple","RealityDreamConfluencek_purple","RuleDissolution_purple","StateDuplicate_purple"],"picked":"Mirror_Drifter_purple","floor":18},{"not_picked":["StateErode_purple","Line_surface_state_purple","Umbrella_purple","MeetDecomposer_purple"],"picked":"Shallow_ocean_purpleEX","floor":20},{"not_picked":["RuleDissolution_purple","Line_surface_state_purple","Shallow_ocean_purpleEX","Realm_recovery_purpleEX"],"picked":"WasteWire_Metro_purple","floor":21},{"not_picked":["StateErode_purple","SharpContractionReality_purple","StateDuplicate_purple","MeetDecomposer_purple+1"],"picked":"Shallow_ocean_purpleEX+1","floor":22},{"not_picked":["Boundary_DreamRealityDamnation_purple","Line_surface_state_purple","StateErode_purple","SharpContractionReality_purple"],"picked":"Photoelasticity_Doppler_Effect_purple","floor":24},{"not_picked":["DimensionStaggered_purple","SharpContractionReality_purple+1","Worldmountain_purple","ExistenceContinue_purple"],"picked":"GluttonyofRealm_purpleEX","floor":28},{"not_picked":["DimensionStaggered_purple","Umbrella_purple","AdvanceAttack_purple","Yakumo_Ran_purple"],"picked":"ExistenceContinue_purple","floor":28},{"not_picked":["MNeedle_purple","Line_surface_state_purple+1","RuleDissolution_purple","Worldmountain_purple"],"picked":"AdvanceAttack_purple","floor":29},{"not_picked":["Umbrella_purple","Photoelasticity_Doppler_Effect_purple","Boundary_of_Extermination_purpleEX","SfantasyHide_purple"],"picked":"Boundary_DreamRealityDamnation_purple","floor":30},{"not_picked":["Bait_Toxicbait_purple+1","SharpContractionReality_purple","SfantasyHide_purple","RuleDissolution_purple"],"picked":"DarkRealmRedLine_purple+1","floor":30},{"not_picked":["Mirror_TwoAndThreeElementRealm_purple","Know_ledgeAbilityRealm_purple","Monsters_DoubleDeathButterfly_purple","Boundary_LifeAndDeath_purple"],"picked":"GluttonyofRealm_purpleEX","floor":33},{"not_picked":["Line_surface_state_purple","AdvanceAttack_purple","Mirror_FormAndEmptin_purple","RealityDreamConfluencek_purple+1"],"picked":"Human_Monster_Realm_purple","floor":35},{"not_picked":["Boundary_DynamicStaticEquilibrium_purple","DimensionStaggered_purple","ExistenceContinue_purple+1","ExternalForce_HighSpeedFlying_purple+1"],"picked":"StateErode_purple+1","floor":35},{"not_picked":["MeetDecomposer_purple","DimensionStaggered_purple+1","WorldDissolvedintheRealm_purple+1","Photoelasticity_Doppler_Effect_purple+1"],"picked":"Charmbait_purple+1","floor":38},{"not_picked":["ButterflyHabitatTemple_purple+1","MonsterNeedle_purple","SharpContractionReality_purple+1","Shallow_ocean_purpleEX+1"],"picked":"Mirror_Drifter_purple","floor":38},{"not_picked":["RealityDreamConfluencek_purple","Umbrella_purple+1","CommonSense_AntiCommonSense_purple+1","WorldDissolvedintheRealm_purple"],"picked":"Fancifulhole_purple","floor":39},{"not_picked":["DimensionStaggered_purple+1","EighthInstrument_OneDividesIntoTwo_purple","StretchesForeverDream_purple+1","OpenedBox_purple"],"picked":"OmniscientAndOmnipotent_Monster_purple","floor":39},{"not_picked":["Realm_recovery_purpleEX+1","SharpContractionReality_purple+1","WorldDissolvedintheRealm_purple+1","OmniscientAndOmnipotent_Monster_purple"],"picked":"Mirror_Drifter_purple","floor":48},{"not_picked":["RuptureOfTimeAndSpace_purple","Extrememeaning_purpleEX+1","WatchEChange_purple+1","Realm_recovery_purpleEX"],"picked":"MonsterNeedle_purple","floor":48},{"not_picked":["Boundary_ObjectiveBoundary_purple+1","RuleDissolution_purple","Photoelasticity_Doppler_Effect_purple","Shallow_ocean_purpleEX+1"],"picked":"Mirror_Drifter_purple+1","floor":54}],"player_experience":233502,"relics_obtained":[{"floor":1,"key":"SynthV:TestCard"},{"floor":3,"key":"Gremlin Food"},{"floor":8,"key":"REME_HandOfSuture"},{"floor":9,"key":"Dota2Spire:Dagon"},{"floor":12,"key":"qcfpunch:Black_Training_Shirt"},{"floor":14,"key":"Grinning Jar"},{"floor":24,"key":"Prayer Wheel"},{"floor":29,"key":"conspire:BottledYoYo"},{"floor":43,"key":"Sundial"},{"floor":54,"key":"Dota2Spire:Vanguard"}],"event_choices":[{"damage_healed":0,"gold_gain":0,"player_choice":"Leave","damage_taken":0,"max_hp_gain":0,"max_hp_loss":0,"event_name":"conspire:Investor","floor":7,"gold_loss":0},{"damage_healed":0,"gold_gain":0,"player_choice":"Got Potions","damage_taken":0,"max_hp_gain":0,"max_hp_loss":0,"event_name":"Lab","floor":19,"gold_loss":0},{"damage_healed":0,"gold_gain":0,"player_choice":"Joined the Cult","damage_taken":6,"max_hp_gain":0,"max_hp_loss":0,"event_name":"Nest","floor":27,"gold_loss":0,"cards_obtained":["RitualDagger"]},{"damage_healed":0,"gold_gain":0,"player_choice":"Punched","damage_taken":3,"max_hp_gain":0,"max_hp_loss":0,"event_name":"Designer","floor":32,"gold_loss":0},{"damage_healed":0,"gold_gain":400,"player_choice":"Sell","damage_taken":0,"max_hp_gain":0,"max_hp_loss":0,"event_name":"恩洛斯的?子","floor":36,"relics_lost":["REME_ComplimentaryCards"],"gold_loss":0},{"cards_removed":["AT_FamilyPortrait"],"damage_healed":0,"gold_gain":0,"player_choice":"Offered Rare","damage_taken":0,"max_hp_gain":10,"max_hp_loss":0,"event_name":"Bonfire Elementals","floor":37,"gold_loss":0},{"damage_healed":0,"gold_gain":0,"player_choice":"Swap Relic","damage_taken":0,"relics_obtained":["Replay:Accelerometer"],"max_hp_gain":0,"max_hp_loss":0,"event_name":"?自己的盒子","floor":44,"relics_lost":["Sundial"],"gold_loss":0},{"damage_healed":0,"gold_gain":0,"player_choice":"Upgraded","damage_taken":0,"max_hp_gain":0,"max_hp_loss":0,"event_name":"Upgrade Shrine","floor":46,"gold_loss":0,"cards_upgraded":["GluttonyofRealm_purpleEX"]}],"is_beta":false,"boss_relics":[{"not_picked":["Ectoplasm","qcfpunch:Crimson_Sash"],"picked":"RhineSuit"},{"not_picked":["Kintsugi","aspiration:PoetsPen"],"picked":"Coffee Dripper"}],"items_purged_floors":[],"is_endless":false,"potions_floor_spawned":[4,8,12,16,18,20,21,38,39],"ascension_level":0}}