{"host":"0m8zx4nh2snqg8t8","time":1612396093,"event":{"mods":["BaseMod","Colored Map","Hermit","Infinite Spire","Jorbs\u0027s Wanderer Trilogy","Minty Spire (QoL Compilation)","Replay The Spire","StSLib","The Cursed","The Jungle"],"gold_per_floor":[367,367,384,394,394,423,423,296,296,303,323,323,341,371,371,371,371],"floor_reached":16,"language":"ENG","playtime":759,"items_purged":["Regret"],"score":120,"play_id":"dd6a7b04-6463-49d1-94b9-11377d63f128","local_time":"20210203154813","is_ascension_mode":true,"campfire_choices":[{"data":"Survivor","floor":7,"key":"SMITH"},{"data":"Wraith Form v2","floor":12,"key":"SMITH"},{"floor":15,"key":"REST"}],"circlet_count":0,"master_deck":["Strike_G","Strike_G","Strike_G","Strike_G","Defend_G","Defend_G","Defend_G","Defend_G","Defend_G","Survivor+1","Neutralize","Defend_R","stsjorbsmod:SpiritShield_Cull","Caltrops","Backflip","Replay:Poison Smokescreen","Bane+1","Cloak And Dagger","PiercingWail","ReplayTheSpireMod:Private Reserves","Dagger Spray","Wraith Form v2+1","Riddle With Holes"],"relics":["Ring of the Snake","infinitespire:Broken Mirror","Omamori","StrikeDummy","ReplayTheSpireMod:CursedCoin"],"acts_visited":["Exordium"],"potions_floor_usage":[6,16,16],"damage_taken":[{"damage":4,"enemies":"Small Slimes","floor":1,"turns":5},{"damage":1,"enemies":"Jaw Worm","floor":3,"turns":4},{"damage":3,"enemies":"2 Louse","floor":4,"turns":3},{"damage":25,"enemies":"3 Sentries","floor":6,"turns":8},{"damage":0,"enemies":"2 Fungi Beasts","floor":11,"turns":3},{"damage":0,"enemies":"Red Slaver","floor":13,"turns":3},{"damage":70,"enemies":"Fading Forest","floor":16,"turns":10}],"seed_played":"1242929665111620509","potions_obtained":[{"floor":1,"key":"EssenceOfSteel"},{"floor":3,"key":"Languid Potion"},{"floor":4,"key":"SkillPotion"}],"is_trial":false,"path_per_floor":["M","?","M","M","?","E","R","$","T","$","M","R","M","?","R","B"],"character_chosen":"THE_SILENT","items_purchased":["PiercingWail","ReplayTheSpireMod:CursedCoin","ReplayTheSpireMod:Private Reserves","Dagger Spray"],"campfire_rested":1,"item_purchase_floors":[8,10,10,10],"current_hp_per_floor":[66,66,65,62,62,37,37,37,37,37,37,37,37,37,58,0,0],"gold":371,"neow_bonus":"TWO_FIFTY_GOLD","is_daily":false,"chose_seed":false,"campfire_upgraded":2,"win_rate":0.0,"timestamp":1612396093,"path_taken":["M","?","M","M","?","E","R","?","T","$","M","R","M","?","R","BOSS"],"items_purchased_type":["Card","Relic","Card","Card"],"build_version":"2020-12-22","purchased_purges":1,"victory":false,"max_hp_per_floor":[70,70,70,70,70,70,70,70,70,70,70,70,70,70,70,70,70],"card_choices":[{"not_picked":["Blur","Hidden Blade"],"picked":"Caltrops","floor":1},{"not_picked":["Quick Slash","Fluid Movement"],"picked":"Backflip","floor":3},{"not_picked":["Slice","Deflect"],"picked":"Replay:Poison Smokescreen","floor":4},{"not_picked":["Deflect","Eviscerate"],"picked":"Cloak And Dagger","floor":6},{"not_picked":["Outmaneuver","Dodge and Roll"],"picked":"Wraith Form v2","floor":11},{"not_picked":["Endless Agony","Setup"],"picked":"Riddle With Holes","floor":13}],"player_experience":320716,"relics_obtained":[{"floor":6,"key":"Omamori"},{"floor":9,"key":"StrikeDummy"}],"event_choices":[{"damage_healed":0,"gold_gain":0,"player_choice":"Box","damage_taken":0,"relics_obtained":["infinitespire:Broken Mirror"],"max_hp_gain":0,"max_hp_loss":0,"event_name":"Big Fish","floor":2,"gold_loss":0,"cards_obtained":["Regret"]},{"damage_healed":0,"gold_gain":30,"player_choice":"Searched \u00271\u0027 times","damage_taken":0,"max_hp_gain":0,"max_hp_loss":0,"event_name":"Dead Adventurer","floor":14,"gold_loss":0}],"is_beta":false,"boss_relics":[],"items_purged_floors":[8],"is_endless":false,"potions_floor_spawned":[1,3,4],"killed_by":"Fading Forest","ascension_level":4}}