{"host":"2q82lssse0ckn8xu","time":1612350602,"event":{"mods":["AchievementEnabler","BaseMod","Colored Map","Colored Powertips","Minty Spire (QoL Compilation)","Permanent Neow","Quick Restart","StSLib","The Saiyan","Unceasing Turn Reminder"],"gold_per_floor":[115,125,143,157,170,204,204,233,259,259,271,289,314,327,327,427,427,441,452,452,452,464,464,464],"floor_reached":23,"language":"ENG","playtime":1212,"items_purged":[],"score":315,"play_id":"ea9ac913-a2cc-4248-a81c-5e659bc89f54","local_time":"20210203164002","is_ascension_mode":true,"campfire_choices":[{"floor":7.0,"key":"REST"},{"data":"BattleHymn","floor":10.0,"key":"SMITH"},{"floor":15.0,"key":"REST"}],"circlet_count":0,"master_deck":["Strike_P+1","Strike_P+1","Strike_P+1","Strike_P+1","Defend_P+1","Defend_P+1","Defend_P+1","Defend_P+1","Eruption+1","Vigilance","Vault","FlyingSleeves","Conclude","ClearTheMind","Crescendo","Prostrate","LessonLearned","BattleHymn+1","WheelKick","Collect","Wish","MasterReality+1","Prostrate","EmptyMind+1"],"relics":["PureWater","Ornamental Fan","TeardropLocket","Blood Vial","Smiling Mask","Philosopher\u0027s Stone","MutagenicStrength"],"acts_visited":["Exordium","TheCity"],"potions_floor_usage":[23],"damage_taken":[{"damage":0.0,"enemies":"Cultist","floor":1.0,"turns":3.0},{"damage":3.0,"enemies":"Jaw Worm","floor":2.0,"turns":5.0},{"damage":4.0,"enemies":"2 Louse","floor":3.0,"turns":2.0},{"damage":11.0,"enemies":"Exordium Wildlife","floor":4.0,"turns":2.0},{"damage":1.0,"enemies":"2 Fungi Beasts","floor":5.0,"turns":2.0},{"damage":16.0,"enemies":"3 Sentries","floor":6.0,"turns":6.0},{"damage":8.0,"enemies":"Lagavulin","floor":8.0,"turns":5.0},{"damage":7.0,"enemies":"Large Slime","floor":11.0,"turns":2.0},{"damage":0.0,"enemies":"Exordium Wildlife","floor":12.0,"turns":2.0},{"damage":11.0,"enemies":"3 Sentries","floor":13.0,"turns":2.0},{"damage":1.0,"enemies":"3 Louse","floor":14.0,"turns":2.0},{"damage":13.0,"enemies":"The Guardian","floor":16.0,"turns":8.0},{"damage":18.0,"enemies":"Shell Parasite","floor":18.0,"turns":3.0},{"damage":6.0,"enemies":"Chosen","floor":19.0,"turns":3.0},{"damage":23.0,"enemies":"Snake Plant","floor":22.0,"turns":3.0},{"damage":0,"enemies":"Gremlin Leader","floor":23,"turns":2}],"seed_played":"1573475066365932957","potions_obtained":[{"floor":4.0,"key":"Dexterity Potion"},{"floor":5.0,"key":"BottledMiracle"},{"floor":8.0,"key":"DuplicationPotion"},{"floor":11.0,"key":"Energy Potion"},{"floor":14.0,"key":"Strength Potion"},{"floor":19.0,"key":"FearPotion"},{"floor":22.0,"key":"BottledMiracle"}],"is_trial":false,"path_per_floor":["M","M","M","M","M","E","R","E","T","R","M","M","E","M","R","B",null,"M","M","?","?","M","E"],"character_chosen":"WATCHER","items_purchased":[],"campfire_rested":2,"item_purchase_floors":[],"current_hp_per_floor":[65,62,58,47,46,30,51,43,43,43,38,40,31,32,53,42,65,49,45,45,45,24,26,26],"gold":464,"neow_bonus":"ONE_RANDOM_RARE_CARD","is_daily":false,"chose_seed":false,"campfire_upgraded":1,"win_rate":0.0,"timestamp":1612350602,"path_taken":["M","M","M","M","M","E","R","E","T","R","M","?","E","M","R","BOSS","M","M","?","?","M","E"],"items_purchased_type":[],"build_version":"2020-12-22","purchased_purges":0,"victory":false,"max_hp_per_floor":[72,72,72,72,72,72,72,72,72,72,72,72,72,72,72,72,72,72,72,72,72,72,72,72],"card_choices":[{"not_picked":["CrushJoints","SashWhip"],"picked":"FlyingSleeves","floor":1.0},{"not_picked":["Nirvana","SashWhip"],"picked":"Conclude","floor":2.0},{"not_picked":["Evaluate","Fasting2"],"picked":"ClearTheMind","floor":3.0},{"not_picked":["FlurryOfBlows","Pray"],"picked":"Crescendo","floor":4.0},{"not_picked":["SignatureMove","Weave"],"picked":"Prostrate","floor":5.0},{"not_picked":["EmptyBody","Wireheading"],"picked":"LessonLearned","floor":6.0},{"not_picked":["CutThroughFate","PathToVictory"],"picked":"BattleHymn","floor":8.0},{"not_picked":["Nirvana","FollowUp"],"picked":"WheelKick","floor":11.0},{"not_picked":["Crescendo","EmptyFist"],"picked":"Collect","floor":12.0},{"not_picked":["FlyingSleeves","Consecrate","BowlingBash"],"picked":"SKIP","floor":13.0},{"not_picked":["Perseverance","Adaptation"],"picked":"Wish","floor":14.0},{"not_picked":["Establishment","Vault"],"picked":"MasterReality","floor":16.0},{"not_picked":["FlurryOfBlows","SashWhip"],"picked":"Prostrate","floor":18.0},{"not_picked":["Collect","SashWhip"],"picked":"EmptyMind+1","floor":19.0},{"not_picked":["Crescendo","JustLucky+1","BowlingBash"],"picked":"SKIP","floor":22.0}],"player_experience":661299,"relics_obtained":[{"floor":6.0,"key":"Ornamental Fan"},{"floor":8.0,"key":"TeardropLocket"},{"floor":9.0,"key":"Blood Vial"},{"floor":13.0,"key":"Smiling Mask"}],"event_choices":[{"damage_healed":0.0,"max_hp_gain":0.0,"max_hp_loss":0.0,"gold_gain":0.0,"event_name":"Back to Basics","player_choice":"Simplicity","floor":20.0,"gold_loss":0.0,"damage_taken":0.0,"cards_upgraded":["Strike_P","Strike_P","Strike_P","Defend_P","Defend_P","Defend_P","Defend_P"]},{"damage_healed":0.0,"max_hp_gain":0.0,"max_hp_loss":0.0,"gold_gain":0.0,"event_name":"Drug Dealer","player_choice":"Inject Mutagens","floor":21.0,"gold_loss":0.0,"damage_taken":0.0,"relics_obtained":["MutagenicStrength"]}],"is_beta":false,"boss_relics":[{"not_picked":["Pandora\u0027s Box","Astrolabe"],"picked":"Philosopher\u0027s Stone"}],"items_purged_floors":[],"is_endless":false,"potions_floor_spawned":[4,5,8,11,14,19,22],"killed_by":"Gremlin Leader","ascension_level":9}}