{"host":"fdip6nj211smoxvi","time":1612313522,"event":{"mods":["BaseMod","BetterRewards","Colored Map","Hermit","Minty Spire (QoL Compilation)","Shop Mod","StSLib","The Bug Knight","The Hierophant","The Servant 0.9.4"],"gold_per_floor":[110,210,226,239,251,251,282,296,296,324,499,499,179,206,206,308,308,323,172,191,201,201,201,236,236,236,236,236,236,236,264,264,362,362,381,400,77,96,114,114,114],"floor_reached":40,"language":"DEU","playtime":2799,"items_purged":["Doubt"],"score":521,"play_id":"ea1e9d92-3fef-44e1-b8d3-f8fa00711f81","local_time":"20210203015202","is_ascension_mode":true,"campfire_choices":[{"data":"Bash","floor":6,"key":"SMITH"},{"data":"Blood for Blood","floor":12,"key":"SMITH"},{"floor":15,"key":"REST"},{"floor":23,"key":"REST"},{"floor":25,"key":"REST"},{"data":"Limit Break","floor":27,"key":"SMITH"},{"floor":29,"key":"REST"},{"floor":32,"key":"REST"}],"circlet_count":0,"master_deck":["Strike_R","Strike_R","Strike_R","Strike_R","Strike_R","Defend_R","Defend_R","Defend_R","Defend_R","Bash+1","Blood for Blood+1","Shrug It Off","Spot Weakness","Metallicize","Hemokinesis","Battle Trance","Whirlwind","Limit Break+1","Power Through+1","Shockwave","Cleave","RitualDagger+1","Whirlwind+1","Offering","Iron Wave+1","Sword Boomerang+1","Apotheosis+1","Parasite"],"relics":["Snecko Eye","Bird Faced Urn","Darkstone Periapt","Self Forming Clay","Centennial Puzzle","Odd Mushroom","SlaversCollar","Sling","Potion Belt","HollowMod:StagPassRelic","Nunchaku","Black Star","Cauldron"],"acts_visited":["Exordium","TheCity","TheBeyond"],"potions_floor_usage":[5,10,16,18,21,31,33,38,38,38,39,40],"damage_taken":[{"damage":0,"enemies":"Jaw Worm","floor":1,"turns":3},{"damage":0,"enemies":"Cultist","floor":3,"turns":2},{"damage":6,"enemies":"2 Louse","floor":4,"turns":2},{"damage":2,"enemies":"Large Slime","floor":5,"turns":5},{"damage":16,"enemies":"Lagavulin","floor":7,"turns":4},{"damage":9,"enemies":"2 Fungi Beasts","floor":8,"turns":3},{"damage":20,"enemies":"3 Sentries","floor":10,"turns":6},{"damage":21,"enemies":"The Mushroom Lair","floor":14,"turns":5},{"damage":10,"enemies":"Slime Boss","floor":16,"turns":4},{"damage":40,"enemies":"2 Thieves","floor":18,"turns":4},{"damage":7,"enemies":"Chosen","floor":20,"turns":4},{"damage":10,"enemies":"Shelled Parasite and Fungi","floor":21,"turns":6},{"damage":43,"enemies":"Gremlin Leader","floor":24,"turns":6},{"damage":5,"enemies":"Slavers","floor":31,"turns":4},{"damage":111,"enemies":"Automaton","floor":33,"turns":11},{"damage":19,"enemies":"Orb Walker","floor":35,"turns":4},{"damage":18,"enemies":"3 Shapes","floor":36,"turns":2},{"damage":40,"enemies":"Transient","floor":38,"turns":5},{"damage":2,"enemies":"Writhing Mass","floor":39,"turns":5},{"damage":26,"enemies":"Nemesis","floor":40,"turns":2}],"seed_played":"2995623241035718009","potions_obtained":[{"floor":1,"key":"DistilledChaos"},{"floor":3,"key":"Dexterity Potion"},{"floor":7,"key":"BloodPotion"},{"floor":14,"key":"Weak Potion"},{"floor":16,"key":"SkillPotion"},{"floor":20,"key":"ColorlessPotion"},{"floor":24,"key":"SteroidPotion"},{"floor":33,"key":"BlessingOfTheForge"},{"floor":36,"key":"AttackPotion"},{"floor":37,"key":"EssenceOfSteel"},{"floor":37,"key":"CultistPotion"},{"floor":37,"key":"SpeedPotion"},{"floor":38,"key":"SteroidPotion"}],"is_trial":false,"path_per_floor":["M","?","M","M","M","R","E","M","T","E","?","R","$","?","R","B",null,"M","$","M","M","?","R","E","R","T","R","?","R","?","E","R","B",null,"M","M","$","M","M","E"],"character_chosen":"IRONCLAD","items_purchased":["Centennial Puzzle","FairyPotion","Sling","Apotheosis","Cauldron"],"campfire_rested":5,"item_purchase_floors":[13,13,19,37,37],"current_hp_per_floor":[80,80,80,74,72,72,56,47,47,45,51,51,51,32,57,49,86,46,46,39,31,31,56,15,40,40,40,34,59,59,56,81,10,86,69,51,51,13,19,0,0],"gold":114,"neow_bonus":"BOSS_RELIC","is_daily":false,"chose_seed":false,"campfire_upgraded":3,"win_rate":0.0,"timestamp":1612313522,"path_taken":["M","?","M","M","?","R","E","M","T","E","?","R","$","?","R","BOSS","M","$","M","M","?","R","E","R","T","R","?","R","?","E","R","BOSS","M","?","$","M","M","E"],"items_purchased_type":["Relic","Potion","Relic","Card","Relic"],"build_version":"2020-12-22","purchased_purges":1,"victory":false,"max_hp_per_floor":[80,80,80,80,80,80,80,80,80,80,86,86,86,86,86,86,86,86,86,86,86,86,86,86,86,86,86,86,86,86,86,86,86,86,86,86,86,86,92,92,92],"card_choices":[{"not_picked":["Shockwave","Whirlwind"],"picked":"Blood for Blood","floor":1},{"not_picked":["Thunderclap","Body Slam"],"picked":"Shrug It Off","floor":3},{"not_picked":["Pommel Strike","Carnage"],"picked":"Spot Weakness","floor":4},{"not_picked":["Spot Weakness","Body Slam"],"picked":"Metallicize","floor":5},{"not_picked":["Infernal Blade","Searing Blow"],"picked":"Hemokinesis","floor":7},{"not_picked":["Pommel Strike","Thunderclap"],"picked":"Battle Trance","floor":8},{"not_picked":["Combust","Disarm","Warcry"],"picked":"SKIP","floor":10},{"not_picked":["Uppercut","Shrug It Off"],"picked":"Whirlwind","floor":14},{"not_picked":["Feed","Corruption"],"picked":"Limit Break","floor":16},{"not_picked":["Rupture","Anger+1"],"picked":"Power Through+1","floor":18},{"not_picked":["Thunderclap","Rupture"],"picked":"Shockwave","floor":20},{"not_picked":["Havoc","Flex","Entrench"],"picked":"SKIP","floor":21},{"not_picked":["Feel No Pain","Brutality"],"picked":"Cleave","floor":24},{"not_picked":["Cleave","Infernal Blade+1"],"picked":"Whirlwind+1","floor":31},{"not_picked":["Corruption","Berserk"],"picked":"Offering","floor":33},{"not_picked":["Heavy Blade+1","Anger+1"],"picked":"Iron Wave+1","floor":35},{"not_picked":["Wild Strike+1","Uppercut+1"],"picked":"Sword Boomerang+1","floor":36},{"not_picked":["Thunderclap","Dark Embrace","Rage+1"],"picked":"SKIP","floor":38},{"not_picked":["Feel No Pain+1","Pommel Strike","Dropkick"],"picked":"SKIP","floor":39}],"player_experience":214832,"relics_obtained":[{"floor":7,"key":"Bird Faced Urn"},{"floor":9,"key":"Darkstone Periapt"},{"floor":10,"key":"Self Forming Clay"},{"floor":14,"key":"Odd Mushroom"},{"floor":24,"key":"Potion Belt"},{"floor":26,"key":"HollowMod:StagPassRelic"},{"floor":31,"key":"Nunchaku"}],"event_choices":[{"damage_healed":0,"gold_gain":100,"player_choice":"Pray","damage_taken":0,"max_hp_gain":0,"max_hp_loss":0,"event_name":"Golden Shrine","floor":2,"gold_loss":0},{"damage_healed":0,"gold_gain":175,"player_choice":"AGREE","damage_taken":0,"max_hp_gain":0,"max_hp_loss":0,"event_name":"Liars Game","floor":11,"gold_loss":0,"cards_obtained":["Doubt"]},{"damage_healed":0,"gold_gain":0,"player_choice":"Fought Mushrooms","damage_taken":0,"max_hp_gain":0,"max_hp_loss":0,"event_name":"Mushrooms","floor":14,"gold_loss":0},{"damage_healed":0,"gold_gain":0,"player_choice":"Ignored","damage_taken":0,"max_hp_gain":0,"max_hp_loss":0,"event_name":"Beggar","floor":22,"gold_loss":0},{"damage_healed":0,"gold_gain":0,"player_choice":"Joined the Cult","damage_taken":6,"max_hp_gain":0,"max_hp_loss":0,"event_name":"Nest","floor":28,"gold_loss":0,"cards_obtained":["RitualDagger"]},{"damage_healed":0,"gold_gain":0,"player_choice":"Forge","damage_taken":0,"max_hp_gain":0,"max_hp_loss":0,"event_name":"Accursed Blacksmith","floor":30,"gold_loss":0,"cards_upgraded":["RitualDagger"]}],"is_beta":false,"boss_relics":[{"not_picked":["Runic Dome","Ectoplasm"],"picked":"SlaversCollar"},{"not_picked":["Runic Cube","Sozu"],"picked":"Black Star"}],"items_purged_floors":[13],"is_endless":false,"potions_floor_spawned":[1,3,7,14,16,20,24,33,36,38],"killed_by":"Nemesis","ascension_level":4}}