{"host":"q6r63elxu27obe7v","time":1612355956,"event":{"mods":["2.2 Compatiblity","AchievementEnabler","BaseMod","CapriCore","Colored Map","DeckTracker","KOR Keyword Fix","Keyboard Shortcuts","Minty Spire (QoL Compilation)","Permanent Neow","Quick Restart","Replay The Spire","StSLib","SuperFastMode","everything is the same but u backflip on backflip","¡¼?Úª?ø«¡½REMEMod"],"gold_per_floor":[110,110,130,130,150,179,196,225,251,251,251,251,262,272,272,374,374,385,385,385,385],"floor_reached":20,"language":"KOR","playtime":8196,"items_purged":[],"score":221,"play_id":"714c0214-2142-4ab1-96ef-aa6de6232cbe","local_time":"20210203213916","is_ascension_mode":true,"campfire_choices":[{"data":"Fiend Fire","floor":10,"key":"SMITH"},{"data":"Wild Strike","floor":12,"key":"SMITH"},{"data":"Entrench","floor":15,"key":"SMITH"}],"circlet_count":0,"master_deck":["Strike_R","Strike_R","Defend_R","Defend_R","Defend_R","Defend_R","Bash","Sentinel","Entrench+1","Carnage+1","Cleave","Body Slam","Fiend Fire+1","Wild Strike+1","Body Slam","Feed","True Grit+1"],"relics":["Burning Blood","REME_ComplimentaryCards","InkBottle","Anchor","Bag of Marbles","Empty Cage"],"acts_visited":["Exordium","TheCity"],"potions_floor_usage":[6,6,8,16,16],"damage_taken":[{"damage":0.0,"enemies":"Small Slimes","floor":1.0,"turns":3.0},{"damage":12,"enemies":"Jaw Worm","floor":3,"turns":3},{"damage":0,"enemies":"Cultist","floor":5,"turns":2},{"damage":35,"enemies":"3 Sentries","floor":6,"turns":8},{"damage":16,"enemies":"Exordium Thugs","floor":7,"turns":4},{"damage":32,"enemies":"Gremlin Nob","floor":8,"turns":4},{"damage":0,"enemies":"Large Slime","floor":13,"turns":5},{"damage":0,"enemies":"3 Louse","floor":14,"turns":2},{"damage":41,"enemies":"Fading Forest","floor":16,"turns":11},{"damage":33,"enemies":"Shell Parasite","floor":18,"turns":5},{"damage":66,"enemies":"3 Byrds","floor":20,"turns":4}],"seed_played":"719599773894808637","potions_obtained":[{"floor":1.0,"key":"EntropicBrew"},{"floor":8,"key":"Block Potion"},{"floor":13,"key":"Ancient Potion"}],"is_trial":false,"path_per_floor":["M","?","M","?","M","E","M","E","T","R","?","R","M","M","R","B",null,"M","?","M"],"character_chosen":"IRONCLAD","items_purchased":[],"campfire_rested":0,"item_purchase_floors":[],"current_hp_per_floor":[80,80,74,74,80,51,41,31,31,31,57,57,63,69,69,42,80,53,53,0,0],"gold":385,"neow_bonus":"TRANSFORM_CARD","is_daily":false,"chose_seed":false,"campfire_upgraded":3,"win_rate":0.0,"timestamp":1612355956,"path_taken":["M","?","M","?","M","E","M","E","T","R","?","R","?","M","R","BOSS","M","?","?"],"items_purchased_type":[],"build_version":"2020-12-22","purchased_purges":0,"victory":false,"max_hp_per_floor":[80,80,80,80,80,80,80,80,80,80,80,80,80,80,80,80,80,80,80,80,80],"card_choices":[{"not_picked":["Power Through","Fire Breathing"],"picked":"Carnage","floor":1.0},{"not_picked":["Flex","Armaments"],"picked":"Cleave","floor":3},{"not_picked":["Run Through","Pommel Strike"],"picked":"Body Slam","floor":5},{"not_picked":["Pommel Strike","Flex"],"picked":"Fiend Fire","floor":6},{"not_picked":["Perfected Strike","ReplayTheSpireMod:Corrosion Curse"],"picked":"Wild Strike","floor":7},{"not_picked":["Iron Wave","Warcry","Flex"],"picked":"SKIP","floor":8},{"not_picked":["REME_Fury","Armaments","Spot Weakness"],"picked":"SKIP","floor":13},{"not_picked":["Rage","Uppercut"],"picked":"Body Slam","floor":14},{"not_picked":["REME_Fury","Replay:Many Hands"],"picked":"Feed","floor":16},{"not_picked":["Flex+1","Perfected Strike"],"picked":"True Grit","floor":18}],"player_experience":124456,"relics_obtained":[{"floor":6,"key":"InkBottle"},{"floor":8,"key":"Anchor"},{"floor":9,"key":"Bag of Marbles"}],"event_choices":[{"damage_healed":26,"gold_gain":0,"player_choice":"Banana","damage_taken":0,"max_hp_gain":0,"max_hp_loss":0,"event_name":"Big Fish","floor":11,"gold_loss":0},{"damage_healed":0,"gold_gain":0,"player_choice":"Upgraded","damage_taken":0,"max_hp_gain":0,"max_hp_loss":0,"event_name":"Upgrade Shrine","floor":19,"gold_loss":0,"cards_upgraded":["True Grit"]}],"is_beta":false,"boss_relics":[{"not_picked":["ChewingGum","Ring of Chaos"],"picked":"Empty Cage"}],"items_purged_floors":[],"is_endless":false,"potions_floor_spawned":[1,8,13],"killed_by":"3 Byrds","ascension_level":4}}