{"host":"za9ilm1uiwmpmin1","time":1612355034,"event":{"mods":["AchievementEnabler","Act Like it!","Arknights","BaseMod","Dota2Spire","Downfall","Friendly Minions","Lobotomy","LobotomyExtend","Minty Spire (QoL Compilation)","MostiFishMod","Reorder Act Four","RumiaBox-露米娅的神秘盒子","StSLib","TestMod","Waifu the Spire","[IsaacMod]以撒尖塔","【功能Mod】混沌之环修复补丁"],"gold_per_floor":[111,111,129,147,272,272,300,310,333,359,359,387,451,469,469,570,570,590,640,714,732,757,793,793,838,838,612,662,703,1153,1277,1277,1391,1391,1420,1470,1520,1570,1584,1584,1630,1382,1431,1528,1567,1442,1484,1517,1517,1550,1550,1550,1042,1042,1094,1116],"floor_reached":57,"language":"ZHS","playtime":2181,"items_purged":["ats:Strike C","ats:Armor Crushing Shot","ats:Defend","ats:Assault Order+1","ats:Chain Hook+1","ats:Defend"],"score":2498,"play_id":"726c228c-c6d6-48ae-b1d3-e0e7be1813b4","local_time":"20210203202354","is_ascension_mode":true,"campfire_choices":[{"data":"ats:Hook Shot","floor":6.0,"key":"SMITH"},{"data":"ats:Emotion Absorption","floor":11.0,"key":"SMITH"},{"data":"ats:Overload","floor":15.0,"key":"SMITH"},{"data":"ats:Soul Absorption","floor":24.0,"key":"SMITH"},{"data":"ats:Mental Burst","floor":32.0,"key":"SMITH"},{"data":"MostiFishMod:ButterFly","floor":40.0,"key":"SMITH"},{"floor":49.0,"key":"RECALL"},{"data":"ats:Literary Storm","floor":54.0,"key":"SMITH"}],"circlet_count":0,"master_deck":["ats:Emotion Absorption+1","ats:Hook Shot+1","ats:Overload+1","ats:Wolf Pack+1","ats:Echo Reverb+1","ats:Soul Absorption+1","ats:Disruption Kick+1","ats:Roar Of Ursus+1","ats:Calcification+1","ats:Shadow Assault+1","MostiFishMod:BrokenBlackCloak+1","MostiFishMod:ButterFly+1","ats:Demon Strength+1","ats:Literary Storm+1","ats:Rat Pack+1"],"relics":["HushsDoor","testmod-TestBox","testmod-Temperance","GuppysHead","BrkXgEgg","testmod-Prudence","SynthV:TestCard","LetterFromLob","SsserpentHead","ats:Originium","Dota2Spire:ArmletOfMordiggian","ZombieArmy","DianDianMeat","Dota2Spire:UrnOfShadows","testmod-DeterminationOfClimber","UnicornStump","Dota2Spire:MagicBottle","MutagenicStrength","Dota2Spire:Vanguard","SacredBark","Dota2Spire:PowerTreads","Happy Flower","hexamod:BolsterEngine","CeramicFish","SteamSale","CaptainsWheel","ImprovedEquipment","Incense Burner"],"acts_visited":["Exordium","TheCity","TheBeyond","TheEnding"],"potions_floor_usage":[56],"damage_taken":[{"damage":11.0,"enemies":"Small Slimes","floor":1.0,"turns":4.0},{"damage":0.0,"enemies":"Cultist","floor":3.0,"turns":4.0},{"damage":0.0,"enemies":"Jaw Worm","floor":4.0,"turns":3.0},{"damage":0.0,"enemies":"3 Sentries","floor":7.0,"turns":2.0},{"damage":2.0,"enemies":"Large Slime","floor":8.0,"turns":4.0},{"damage":20.0,"enemies":"Lagavulin","floor":10.0,"turns":4.0},{"damage":0.0,"enemies":"Gremlin Nob","floor":12.0,"turns":3.0},{"damage":17.0,"enemies":"Exordium Thugs","floor":13.0,"turns":4.0},{"damage":0.0,"enemies":"2 Fungi Beasts","floor":14.0,"turns":3.0},{"damage":0.0,"enemies":"Hexaghost","floor":16.0,"turns":9.0},{"damage":0.0,"enemies":"2 Thieves","floor":18.0,"turns":3.0},{"damage":0.0,"enemies":"Spheric Guardian","floor":20.0,"turns":2.0},{"damage":4.0,"enemies":"Snake Plant","floor":21.0,"turns":3.0},{"damage":0.0,"enemies":"3 Cultists","floor":22.0,"turns":3.0},{"damage":0.0,"enemies":"Book of Stabbing","floor":23.0,"turns":3.0},{"damage":0.0,"enemies":"Slavers","floor":25.0,"turns":2.0},{"damage":0.0,"enemies":"Book of Stabbing","floor":29.0,"turns":1.0},{"damage":0.0,"enemies":"Automaton","floor":33.0,"turns":2.0},{"damage":0.0,"enemies":"3 Darklings","floor":35.0,"turns":2.0},{"damage":0.0,"enemies":"3 Shapes","floor":39.0,"turns":1.0},{"damage":0.0,"enemies":"Giant Head","floor":41.0,"turns":1.0},{"damage":0.0,"enemies":"Transient","floor":44.0,"turns":1.0},{"damage":0.0,"enemies":"Reptomancer","floor":45.0,"turns":1.0},{"damage":0.0,"enemies":"Nemesis","floor":47.0,"turns":1.0},{"damage":0.0,"enemies":"Maw","floor":48.0,"turns":1.0},{"damage":0.0,"enemies":"Awakened One","floor":50.0,"turns":3.0},{"damage":0.0,"enemies":"Shield and Spear","floor":55.0,"turns":1.0},{"damage":1,"enemies":"The Heart","floor":56,"turns":1}],"seed_played":"-5526189020352945178","potions_obtained":[{"floor":3.0,"key":"Weak Potion"},{"floor":4.0,"key":"Dexterity Potion"},{"floor":8.0,"key":"Dexterity Potion"},{"floor":16.0,"key":"DuplicationPotion"},{"floor":18.0,"key":"ats:Top Emergency Sanity Potion"},{"floor":20.0,"key":"ats:Emergency Sanity Potion"},{"floor":29.0,"key":"SpeedPotion"},{"floor":33.0,"key":"Energy Potion"},{"floor":45.0,"key":"SpeedPotion"}],"is_trial":false,"path_per_floor":["M","?","M","M","?","R","E","M","T","E","R","E","M","M","R","B",null,"M","?","M","M","M","E","R","E","T","$","?","E","?","?","R","B",null,"M","?","?","?","M","R","E","$","T","M","E","$","E","M","R","B",null,null,"$","R","E","B",null],"character_chosen":"DOCTOR_CLASS","items_purchased":["ats:Soul Absorption","ats:Calcification+1","Dota2Spire:PowerTreads","SteamSale","CaptainsWheel","ImprovedEquipment"],"campfire_rested":0,"item_purchase_floors":[17,27,42,53,53,53],"current_hp_per_floor":[54,54,54,54,43,43,43,41,41,22,22,22,5,7,7,22,62,73,58,69,71,87,105,105,105,105,114,114,114,114,99,99,123,117,117,117,117,130,136,136,140,140,140,153,153,153,153,167,167,167,167,167,167,167,182,182],"gold":1116,"neow_bonus":"BOSS_RELIC","is_daily":false,"chose_seed":false,"campfire_upgraded":7,"win_rate":0.0,"timestamp":1612355034,"path_taken":["M","?","M","M","?","R","E","M","T","E","R","E","?","M","R","BOSS","M","?","?","M","M","E","R","E","T","$","?","E","?","?","R","BOSS","M","?","?","?","M","R","E","$","T","?","E","$","E","M","R","BOSS","$","R","E","BOSS"],"items_purchased_type":["Card","Card","Relic","Relic","Relic","Relic"],"build_version":"2020-12-22","purchased_purges":6,"victory":true,"max_hp_per_floor":[72,72,72,72,72,72,72,72,72,73,73,73,73,75,75,78,74,79,84,90,90,97,105,105,105,105,114,114,114,114,114,114,124,117,117,117,117,140,140,140,140,140,140,153,153,153,153,167,167,167,167,167,167,167,182,182],"card_choices":[{"not_picked":["ats:Explosion Area Strengthen","ats:Blood Oath","ats:Hammer On"],"picked":"SKIP","floor":1.0},{"not_picked":["ats:Curse Doll","ats:Cat Scratch","ats:Blood Oath","ats:Revitalization"],"picked":"ats:Hook Shot","floor":3.0},{"not_picked":["ats:Absolute Focus","ats:Blood Oath","ats:Burning Ground","ats:Hammer On"],"picked":"Bomb","floor":4.0},{"not_picked":["ats:Chain Hook","ats:Explosion Area Strengthen","ats:Literary Storm","ats:Song Of Battle"],"picked":"ats:Overload","floor":7.0},{"not_picked":["ats:Part Time Job","ats:Ignite","ats:Song Of Battle","ats:Revitalization"],"picked":"Bomb","floor":8.0},{"not_picked":["ats:Spore Proliferation","ats:Absolute Focus","ats:Part Time Job","ats:Counter Healing Mode"],"picked":"ats:Assault Order","floor":10.0},{"not_picked":["ats:Literary Storm","ats:Cat Scratch","ats:Shadow Raid","ats:Blood Oath","ats:Beaten Up"],"picked":"SKIP","floor":12.0},{"not_picked":["ats:Guard Mode","ats:Curse Doll","ats:LN2 Cannon","ats:Poison Spread","ats:Consecutive Shot Auto"],"picked":"SKIP","floor":13.0},{"not_picked":["ats:Beaten Up","ats:Chain Hook","ats:Defend Order","ats:Cat Scratch"],"picked":"ats:Wolf Pack+1","floor":14.0},{"not_picked":["ats:Ambush+1","ats:Soul Rend+1","ats:Wolf Pack+1","ats:True Silver Slash+1"],"picked":"ats:Echo Reverb+1","floor":16.0},{"not_picked":["ats:Defend Order","ats:Neurotoxin+1","ats:Curse Doll","ats:Explosion Area Strengthen"],"picked":"ats:Chain Hook","floor":18.0},{"not_picked":["ats:Song Of Battle","ats:Directed Diagnosis+1","ats:Powerful Strike","ats:Shell Defense"],"picked":"ats:Mental Burst","floor":20.0},{"not_picked":["ats:Poison Spread","ats:Absolute Focus","ats:Closed Bolt Burst Fire","ats:Assault Order","ats:Blood Oath+1"],"picked":"SKIP","floor":21.0},{"not_picked":["ats:Consecutive Shot Auto","ats:Assault Order","ats:Ignite","ats:Poison Spread"],"picked":"ats:Disruption Kick+1","floor":22.0},{"not_picked":["ats:Closed Bolt Burst Fire","ats:Explosion Area Strengthen","ats:Ignite","ats:Absolute Focus"],"picked":"ats:Roar Of Ursus+1","floor":23.0},{"not_picked":["ats:Disruption Kick+1","ats:Flame Of Heaven+1","ats:Poison Spread","ats:Guard Mode+1","ats:Echo Reverb+1"],"picked":"SKIP","floor":25.0},{"not_picked":["ats:Assault Order","ats:Sashimi Platter+1","ats:Blood Oath","ats:Powerful Strike","ats:Apocalypse"],"picked":"SKIP","floor":29.0},{"not_picked":["ats:Durian+1","ats:Soul Rend+1","ats:Fractured Body+1","ats:Volcano+1"],"picked":"ats:Shadow Assault+1","floor":33.0},{"not_picked":["ats:Apocalypse+1","ats:Neurotoxin+1","ats:Revitalization","ats:Healing Drone","ats:Poison Spread+1"],"picked":"SKIP","floor":35.0},{"not_picked":["testmod-RabbitOfFibonacci","Madness","Trip","testmod-ShutDown+1"],"picked":"MostiFishMod:BrokenBlackCloak+1","floor":38.0},{"not_picked":["Bandage Up","MostiFishMod:KingOfFree+1","Violence+1","testmod-ComboMaster"],"picked":"MostiFishMod:ButterFly","floor":38.0},{"not_picked":["ats:Ignite","ats:Assault Order+1","ats:Encircling Forest","ats:Thermite Blade","ats:Charging Defense"],"picked":"SKIP","floor":39.0},{"not_picked":["ats:Healing Strengthening+1","ats:Thermite Blade","ats:Beaten Up","ats:Shell Defense","ats:Ignite+1"],"picked":"SKIP","floor":41.0},{"not_picked":["ats:Sword Rain+1","ats:Assault Order","ats:Defend Order+1","ats:Closed Bolt Burst Fire+1"],"picked":"ats:Demon Strength+1","floor":44.0},{"not_picked":["ats:Volcano+1","ats:Healing Strengthening","ats:Composite Medical Shells+1","ats:Sashimi Platter","ats:Explosion Area Strengthen+1"],"picked":"SKIP","floor":45.0},{"not_picked":["ats:Volcano+1","ats:Healing Strengthening","ats:Composite Medical Shells+1","ats:Sashimi Platter","ats:Explosion Area Strengthen+1"],"picked":"SKIP","floor":45.0},{"not_picked":["ats:Thorns+1","ats:Curse Doll","ats:Red Shift+1","ats:Hammer On","ats:Absolute Focus"],"picked":"SKIP","floor":47.0},{"not_picked":["ats:Ignite","ats:Beaten Up","ats:Shell Defense+1","ats:Absolute Focus+1"],"picked":"ats:Literary Storm","floor":48.0},{"not_picked":["ats:Guard Mode","ats:Ignite","ats:Overload","ats:Charging Defense"],"picked":"ats:Rat Pack+1","floor":55.0}],"player_experience":931994,"relics_obtained":[{"floor":1.0,"key":"SynthV:TestCard"},{"floor":1.0,"key":"LetterFromLob"},{"floor":7.0,"key":"ats:Originium"},{"floor":7.0,"key":"Dota2Spire:ArmletOfMordiggian"},{"floor":9.0,"key":"ZombieArmy"},{"floor":10.0,"key":"ats:Originium"},{"floor":10.0,"key":"DianDianMeat"},{"floor":12.0,"key":"ats:Originium"},{"floor":12.0,"key":"Dota2Spire:UrnOfShadows"},{"floor":23.0,"key":"ats:Originium"},{"floor":23.0,"key":"UnicornStump"},{"floor":25.0,"key":"Dota2Spire:MagicBottle"},{"floor":29.0,"key":"Dota2Spire:Vanguard"},{"floor":43.0,"key":"Happy Flower"},{"floor":45.0,"key":"hexamod:BolsterEngine"},{"floor":47.0,"key":"CeramicFish"},{"floor":55.0,"key":"Incense Burner"}],"event_choices":[{"damage_healed":0.0,"max_hp_gain":0.0,"max_hp_loss":0.0,"gold_gain":0.0,"event_name":"FaceTrader","player_choice":"Trade","floor":2.0,"gold_loss":0.0,"damage_taken":0.0,"relics_obtained":["SsserpentHead"]},{"damage_healed":0.0,"max_hp_gain":0.0,"max_hp_loss":0.0,"gold_gain":75.0,"event_name":"World of Goop","player_choice":"Gather Gold","floor":5.0,"gold_loss":0.0,"damage_taken":11.0},{"damage_healed":0.0,"max_hp_gain":5.0,"max_hp_loss":0.0,"gold_gain":0.0,"event_name":"Forgotten Altar","player_choice":"Shed Blood","floor":19.0,"gold_loss":0.0,"damage_taken":20.0},{"damage_healed":0.0,"max_hp_gain":0.0,"max_hp_loss":0.0,"gold_gain":0.0,"event_name":"Drug Dealer","player_choice":"Inject Mutagens","floor":28.0,"gold_loss":0.0,"damage_taken":0.0,"relics_obtained":["MutagenicStrength"]},{"damage_healed":0.0,"max_hp_gain":0.0,"max_hp_loss":0.0,"gold_gain":400.0,"event_name":"恩洛斯的盘子","player_choice":"Sell","floor":30.0,"relics_lost":["DaveBox"],"gold_loss":0.0,"damage_taken":0.0},{"damage_healed":0.0,"max_hp_gain":0.0,"max_hp_loss":0.0,"gold_gain":0.0,"event_name":"Tomb of Lord Red Mask","player_choice":"Ignored","floor":36.0,"gold_loss":0.0,"damage_taken":0.0},{"damage_healed":0.0,"max_hp_gain":0.0,"max_hp_loss":0.0,"gold_gain":0.0,"event_name":"给自己的盒子","player_choice":"Swap Relic","floor":37.0,"relics_lost":["Technique"],"gold_loss":0.0,"damage_taken":0.0,"relics_obtained":["Technique"]},{"damage_healed":0.0,"max_hp_gain":0.0,"max_hp_loss":0.0,"gold_gain":0.0,"event_name":"SensoryStone","player_choice":"Memory 3","floor":38.0,"gold_loss":0.0,"damage_taken":10.0}],"is_beta":false,"boss_relics":[{"not_picked":["Pandora\u0027s Box","bronze:MakeshiftBattery"],"picked":"testmod-DeterminationOfClimber"},{"not_picked":[]},{"not_picked":["AddBug","Tiny House"],"picked":"SacredBark"},{"not_picked":[]}],"items_purged_floors":[17,27,34,42,46,53],"is_endless":false,"potions_floor_spawned":[3,4,8,16,18,20,25,29,33,39,44,45,48,55],"ascension_level":7}}