{"host":"2hea6pl5vmah38iy","time":1612317226,"event":{"mods":["AchievementEnabler","BaseMod","Colored Map","DeckTracker","Keyboard Shortcuts","Minty Spire (QoL Compilation)","Rare Cards Sparkle","StSLib","SuperFastMode","everything is the same but u backflip on backflip"],"gold_per_floor":[110,110,110,110,126,152,152,171,222,222,272,291,310,330,330,401,401,415,427,224,237,290,290,290],"floor_reached":23,"language":"KOR","playtime":638,"items_purged":["Strike_B"],"score":414,"play_id":"ec7cac3d-d267-49c3-a91e-626f152772b3","local_time":"20210203105346","is_ascension_mode":true,"campfire_choices":[{"data":"Zap","floor":7.0,"key":"SMITH"},{"data":"Dualcast","floor":10.0,"key":"SMITH"},{"data":"Darkness","floor":15.0,"key":"SMITH"}],"circlet_count":0,"master_deck":["AscendersBane","Strike_B","Strike_B","Defend_B","Defend_B","Defend_B","Zap+1","Dualcast+1","Go for the Eyes","Ball Lightning","Undo","Sweeping Beam","Recycle","Darkness+1","Auto Shields","Cold Snap+1","Consume"],"relics":["Cracked Core","NeowsBlessing","Omamori","DataDisk","Calling Bell","Orichalcum","Mercury Hourglass","FossilizedHelix","Membership Card","Juzu Bracelet"],"acts_visited":["Exordium","TheCity"],"potions_floor_usage":[],"damage_taken":[{"damage":0.0,"enemies":"Jaw Worm","floor":1.0,"turns":1.0},{"damage":0.0,"enemies":"2 Louse","floor":5.0,"turns":1.0},{"damage":0.0,"enemies":"Gremlin Nob","floor":6.0,"turns":1.0},{"damage":0.0,"enemies":"Small Slimes","floor":8.0,"turns":2.0},{"damage":0.0,"enemies":"Looter","floor":12.0,"turns":2.0},{"damage":1.0,"enemies":"Red Slaver","floor":13.0,"turns":2.0},{"damage":0.0,"enemies":"Exordium Thugs","floor":14.0,"turns":3.0},{"damage":10.0,"enemies":"Hexaghost","floor":16.0,"turns":8.0},{"damage":12.0,"enemies":"2 Thieves","floor":18.0,"turns":4.0},{"damage":6.0,"enemies":"3 Byrds","floor":19.0,"turns":2.0},{"damage":21.0,"enemies":"Snake Plant","floor":21.0,"turns":4.0},{"damage":26,"enemies":"Slavers","floor":23,"turns":6}],"seed_played":"-525440824709462265","potions_obtained":[{"floor":1.0,"key":"EssenceOfSteel"},{"floor":8.0,"key":"Swift Potion"},{"floor":13.0,"key":"Fruit Juice"},{"floor":16.0,"key":"AttackPotion"},{"floor":18.0,"key":"Explosive Potion"}],"is_trial":false,"path_per_floor":["M","?","?","?","M","E","R","M","T","R","?","M","M","M","R","B",null,"M","M","$","M","T","E"],"character_chosen":"DEFECT","items_purchased":["Membership Card"],"campfire_rested":0,"item_purchase_floors":[20],"current_hp_per_floor":[64,64,57,57,57,57,57,57,57,57,57,57,56,56,56,46,65,58,52,52,31,31,5,5],"gold":290,"neow_bonus":"THREE_ENEMY_KILL","is_daily":false,"chose_seed":false,"campfire_upgraded":3,"win_rate":0.0,"timestamp":1612317226,"path_taken":["M","?","?","?","?","E","R","M","T","R","?","M","M","M","R","BOSS","M","M","$","M","?","E"],"items_purchased_type":["Relic"],"build_version":"2020-12-22","purchased_purges":1,"victory":false,"max_hp_per_floor":[71,71,71,71,71,71,71,71,71,71,71,71,71,71,71,71,71,76,76,76,76,76,76,76],"card_choices":[{"not_picked":["Rip and Tear","Coolheaded"],"picked":"Go for the Eyes","floor":1.0},{"not_picked":["BootSequence","Gash"],"picked":"Ball Lightning","floor":5.0},{"not_picked":["Steam","Doom and Gloom"],"picked":"Undo","floor":6.0},{"not_picked":["Genetic Algorithm","Melter"],"picked":"Sweeping Beam","floor":8.0},{"not_picked":["Ball Lightning","Compile Driver"],"picked":"Recycle","floor":12.0},{"not_picked":["Gash","Undo"],"picked":"Darkness","floor":13.0},{"not_picked":["Beam Cell","Self Repair"],"picked":"Auto Shields","floor":14.0},{"not_picked":["Double Energy","Rebound"],"picked":"Cold Snap+1","floor":18.0},{"not_picked":["Gash","Coolheaded","Undo"],"picked":"SKIP","floor":19.0},{"not_picked":["Sweeping Beam","Coolheaded"],"picked":"Consume","floor":21.0}],"player_experience":554456,"relics_obtained":[{"floor":6.0,"key":"Omamori"},{"floor":9.0,"key":"DataDisk"},{"floor":17.0,"key":"Orichalcum"},{"floor":17.0,"key":"Mercury Hourglass"},{"floor":17.0,"key":"FossilizedHelix"},{"floor":22.0,"key":"Juzu Bracelet"}],"event_choices":[{"damage_healed":0.0,"max_hp_gain":0.0,"max_hp_loss":0.0,"gold_gain":0.0,"event_name":"Liars Game","player_choice":"Ignored","floor":2.0,"gold_loss":0.0,"damage_taken":0.0},{"cards_removed":["Defend_B"],"damage_healed":0.0,"max_hp_gain":0.0,"max_hp_loss":0.0,"gold_gain":0.0,"event_name":"Golden Wing","player_choice":"Card Removal","floor":3.0,"gold_loss":0.0,"damage_taken":7.0},{"cards_removed":["Strike_B"],"damage_healed":0.0,"max_hp_gain":0.0,"max_hp_loss":0.0,"gold_gain":0.0,"event_name":"Bonfire Elementals","player_choice":"Offered Basic","floor":4.0,"gold_loss":0.0,"damage_taken":0.0},{"damage_healed":0.0,"max_hp_gain":0.0,"max_hp_loss":0.0,"gold_gain":50.0,"event_name":"Golden Shrine","player_choice":"Pray","floor":11.0,"gold_loss":0.0,"damage_taken":0.0}],"is_beta":false,"boss_relics":[{"not_picked":["Pandora\u0027s Box","Black Star"],"picked":"Calling Bell"}],"items_purged_floors":[20],"is_endless":false,"potions_floor_spawned":[1,8,13,16,18],"killed_by":"Slavers","ascension_level":18}}