{"host":"kgfs5ebhusfk1t4t","time":1612355000,"event":{"mods":["BaseMod","Colored Map","DeckTracker","Highlight Path","KOR Keyword Fix","Keyboard Shortcuts","Minty Spire (QoL Compilation)","Permanent Neow","Quick Restart","StSLib","SuperFastMode","everything is the same but u backflip on backflip"],"gold_per_floor":[115,125,144,159,2,33,45,45,115,115,139,152,31,66,66,66,66],"floor_reached":16,"language":"KOR","playtime":655,"items_purged":["Strike_G"],"score":134,"play_id":"8436d935-d769-4b66-90bb-8fc256ebdf81","local_time":"20210203212320","is_ascension_mode":true,"campfire_choices":[{"data":"Dodge and Roll","floor":8,"key":"SMITH"},{"floor":15,"key":"REST"}],"circlet_count":0,"master_deck":["Strike_G","Strike_G","Strike_G","Strike_G","Defend_G","Defend_G","Defend_G","Defend_G","Defend_G","Survivor","Neutralize","Cloak And Dagger","Dodge and Roll+1","Crippling Poison","Dagger Spray","Dash","Backflip","Blade Dance","Bane"],"relics":["Sozu","Juzu Bracelet","Sundial","Pear","Girya","Odd Mushroom","Anchor"],"acts_visited":["Exordium"],"potions_floor_usage":[],"damage_taken":[{"damage":1,"enemies":"Small Slimes","floor":1,"turns":4},{"damage":0,"enemies":"Jaw Worm","floor":2,"turns":3},{"damage":0,"enemies":"Cultist","floor":3,"turns":6},{"damage":0,"enemies":"Looter","floor":4,"turns":3},{"damage":33,"enemies":"3 Sentries","floor":6,"turns":17},{"damage":0,"enemies":"Blue Slaver","floor":7,"turns":5},{"damage":0,"enemies":"The Mushroom Lair","floor":11,"turns":4},{"damage":3,"enemies":"Red Slaver","floor":12,"turns":4},{"damage":19,"enemies":"Gremlin Nob","floor":14,"turns":6},{"damage":43,"enemies":"Slime Boss","floor":16,"turns":9}],"seed_played":"-8383132245727944183","potions_obtained":[],"is_trial":false,"path_per_floor":["M","M","M","M","$","E","M","R","T","?","?","M","$","E","R","B"],"character_chosen":"THE_SILENT","items_purchased":["Juzu Bracelet","Blade Dance"],"campfire_rested":1,"item_purchase_floors":[5,13],"current_hp_per_floor":[69,69,69,69,69,36,36,36,46,39,39,36,36,17,41,0,0],"gold":66,"neow_bonus":"BOSS_RELIC","is_daily":false,"chose_seed":false,"campfire_upgraded":1,"win_rate":0.0,"timestamp":1612355000,"path_taken":["M","M","M","M","$","E","M","R","T","?","?","M","?","E","R","BOSS"],"items_purchased_type":["Relic","Card"],"build_version":"2020-12-22","purchased_purges":1,"victory":false,"max_hp_per_floor":[70,70,70,70,70,70,70,70,80,80,80,80,80,80,80,80,80],"card_choices":[{"not_picked":["Crippling Poison","Sucker Punch"],"picked":"Cloak And Dagger","floor":1},{"not_picked":["Deflect","Acrobatics"],"picked":"Dodge and Roll","floor":2},{"not_picked":["Finisher","Cloak And Dagger"],"picked":"Crippling Poison","floor":3},{"not_picked":["Dodge and Roll","Slice","Grand Finale"],"picked":"SKIP","floor":4},{"not_picked":["Poisoned Stab","Flechettes"],"picked":"Dagger Spray","floor":6},{"not_picked":["PiercingWail","Caltrops"],"picked":"Dash","floor":7},{"not_picked":["Terror","Outmaneuver"],"picked":"Backflip","floor":11},{"not_picked":["Prepared","Setup","Grand Finale"],"picked":"SKIP","floor":12},{"not_picked":["Deadly Poison","Bouncing Flask"],"picked":"Bane","floor":14}],"player_experience":169152,"relics_obtained":[{"floor":6,"key":"Sundial"},{"floor":9,"key":"Pear"},{"floor":11,"key":"Odd Mushroom"},{"floor":14,"key":"Anchor"}],"event_choices":[{"damage_healed":0,"gold_gain":0,"player_choice":"Success","damage_taken":7,"relics_obtained":["Girya"],"max_hp_gain":0,"max_hp_loss":0,"event_name":"Scrap Ooze","floor":10,"gold_loss":0},{"damage_healed":0,"gold_gain":0,"player_choice":"Fought Mushrooms","damage_taken":0,"max_hp_gain":0,"max_hp_loss":0,"event_name":"Mushrooms","floor":11,"gold_loss":0}],"is_beta":false,"boss_relics":[],"items_purged_floors":[13],"is_endless":false,"potions_floor_spawned":[1,3,4,12],"killed_by":"Slime Boss","ascension_level":4}}