{"host":"j9610sde00vfp93k","time":1612327444,"event":{"mods":["AchievementEnabler","BaseMod","Minty Spire (QoL Compilation)","StSLib","SuperFastMode"],"gold_per_floor":[216,216,231,10,10,10,33,33,33,54,54,54,54,70,70,193,193,218,252,252,252,252,252,291,309,386,726,750,317,357,373,373,373,373],"floor_reached":33,"language":"ENG","playtime":1244,"items_purged":["Injury"],"score":318,"play_id":"fee24692-fd8b-45c6-971b-0a99ec6bf953","local_time":"20210203124404","is_ascension_mode":false,"campfire_choices":[{"data":"Eruption","floor":6,"key":"SMITH"},{"data":"Consecrate","floor":13,"key":"SMITH"},{"data":"Indignation","floor":15,"key":"SMITH"},{"data":"MasterReality","floor":23,"key":"SMITH"},{"floor":32,"key":"REST"}],"circlet_count":0,"master_deck":["Strike_P","Strike_P","Strike_P","Strike_P","Defend_P","Defend_P","Defend_P","Eruption+1","Vigilance","FlyingSleeves","CutThroughFate","Weave","Consecrate+1","Indignation+1","MasterReality+1","FollowUp","Perseverance","SandsOfTime","Prostrate","ForeignInfluence","WindmillStrike+1","Panache","Perseverance+1","Devotion","SandsOfTime"],"relics":["PureWater","Golden Idol","Pen Nib","MealTicket","SlaversCollar","Red Mask","NlothsMask","Meat on the Bone","Old Coin","Mercury Hourglass","Dream Catcher"],"acts_visited":["Exordium","TheCity"],"potions_floor_usage":[19,27,27,31,33],"damage_taken":[{"damage":15,"enemies":"Jaw Worm","floor":1,"turns":3},{"damage":6,"enemies":"2 Louse","floor":3,"turns":2},{"damage":0,"enemies":"Cultist","floor":7,"turns":3},{"damage":0,"enemies":"3 Louse","floor":10,"turns":3},{"damage":7,"enemies":"Exordium Thugs","floor":14,"turns":3},{"damage":39,"enemies":"Slime Boss","floor":16,"turns":5},{"damage":20,"enemies":"2 Thieves","floor":18,"turns":2},{"damage":25,"enemies":"Masked Bandits","floor":19,"turns":3},{"damage":0,"enemies":"Gremlin Leader","floor":24,"turns":4},{"damage":6,"enemies":"Shell Parasite","floor":25,"turns":3},{"damage":11,"enemies":"Slavers","floor":27,"turns":3},{"damage":19,"enemies":"Snake Plant","floor":28,"turns":4},{"damage":33,"enemies":"Book of Stabbing","floor":30,"turns":5},{"damage":6,"enemies":"Shelled Parasite and Fungi","floor":31,"turns":2},{"damage":61,"enemies":"Automaton","floor":33,"turns":4}],"seed_played":"-7080211844890361254","potions_obtained":[{"floor":1,"key":"EssenceOfSteel"},{"floor":7,"key":"Swift Potion"},{"floor":16,"key":"Weak Potion"},{"floor":24,"key":"Ancient Potion"},{"floor":25,"key":"StancePotion"},{"floor":27,"key":"Block Potion"}],"is_trial":false,"path_per_floor":["M","?","M","$","?","R","M","?","T","M","$","$","R","M","R","B",null,"M","?","?","?","?","R","E","M","T","E","M","$","E","M","R","B"],"character_chosen":"WATCHER","items_purchased":["Pen Nib","Mercury Hourglass","Panache"],"campfire_rested":1,"item_purchase_floors":[4,29,29],"current_hp_per_floor":[57,57,51,51,51,51,51,51,51,51,66,72,72,65,65,26,72,52,27,27,27,27,27,27,33,33,34,27,42,21,27,48,0,0],"gold":373,"neow_bonus":"HUNDRED_GOLD","is_daily":false,"chose_seed":false,"campfire_upgraded":4,"win_rate":0.0,"timestamp":1612327444,"path_taken":["M","?","M","$","?","R","?","?","T","M","?","$","R","M","R","BOSS","M","?","?","?","?","R","E","M","T","E","M","$","E","M","R","BOSS"],"items_purchased_type":["Relic","Relic","Card"],"build_version":"2020-12-22","purchased_purges":1,"victory":false,"max_hp_per_floor":[72,72,72,72,72,72,72,72,72,72,72,72,72,72,72,72,72,72,72,72,72,72,72,72,72,72,72,72,72,72,72,72,72,72],"card_choices":[{"not_picked":["DeceiveReality","FlurryOfBlows"],"picked":"FlyingSleeves","floor":1},{"not_picked":["WaveOfTheHand","FearNoEvil"],"picked":"CutThroughFate","floor":3},{"not_picked":["FlurryOfBlows","Evaluate"],"picked":"Weave","floor":7},{"not_picked":["Wallop","CrushJoints"],"picked":"Consecrate","floor":10},{"not_picked":["Weave","Crescendo"],"picked":"Indignation","floor":14},{"not_picked":["Scrawl","DeusExMachina"],"picked":"MasterReality","floor":16},{"not_picked":["FlyingSleeves+1","Evaluate"],"picked":"FollowUp","floor":18},{"not_picked":["Halt","ThirdEye"],"picked":"Perseverance","floor":19},{"not_picked":["Halt","SignatureMove"],"picked":"SandsOfTime","floor":24},{"not_picked":["Consecrate","CrushJoints"],"picked":"Prostrate","floor":25},{"not_picked":["Collect","CutThroughFate"],"picked":"ForeignInfluence","floor":27},{"not_picked":["EmptyBody","Nirvana"],"picked":"WindmillStrike+1","floor":28},{"not_picked":["Fasting2","DeceiveReality"],"picked":"Perseverance+1","floor":30},{"not_picked":["ThirdEye+1","PathToVictory"],"picked":"Devotion","floor":31},{"not_picked":["PathToVictory","FlurryOfBlows"],"picked":"SandsOfTime","floor":32}],"player_experience":189145,"relics_obtained":[{"floor":9,"key":"MealTicket"},{"floor":19,"key":"Red Mask"},{"floor":24,"key":"Meat on the Bone"},{"floor":27,"key":"Old Coin"},{"floor":30,"key":"Dream Catcher"}],"event_choices":[{"damage_healed":0,"gold_gain":0,"player_choice":"Take Wound","damage_taken":0,"relics_obtained":["Golden Idol"],"max_hp_gain":0,"max_hp_loss":0,"event_name":"Golden Idol","floor":2,"gold_loss":0,"cards_obtained":["Injury"]},{"cards_removed":["Bloodletting"],"damage_healed":0,"gold_gain":0,"player_choice":"Took Card","damage_taken":0,"max_hp_gain":0,"max_hp_loss":0,"event_name":"NoteForYourself","floor":5,"gold_loss":0,"cards_obtained":["Bloodletting"]},{"cards_removed":["Defend_P"],"damage_healed":0,"gold_gain":0,"player_choice":"Offered Basic","damage_taken":0,"max_hp_gain":0,"max_hp_loss":0,"event_name":"Bonfire Elementals","floor":8,"gold_loss":0},{"damage_healed":0,"gold_gain":0,"player_choice":"Fought Bandits","damage_taken":0,"max_hp_gain":0,"max_hp_loss":0,"event_name":"Masked Bandits","floor":19,"gold_loss":0},{"damage_healed":0,"gold_gain":0,"player_choice":"Ignored","damage_taken":0,"max_hp_gain":0,"max_hp_loss":0,"event_name":"Ghosts","floor":20,"gold_loss":0},{"damage_healed":0,"gold_gain":0,"player_choice":"Ignored","damage_taken":0,"max_hp_gain":0,"max_hp_loss":0,"event_name":"Vampires","floor":21,"gold_loss":0},{"damage_healed":0,"gold_gain":0,"player_choice":"Trade","damage_taken":0,"relics_obtained":["NlothsMask"],"max_hp_gain":0,"max_hp_loss":0,"event_name":"FaceTrader","floor":22,"gold_loss":0}],"is_beta":false,"boss_relics":[{"not_picked":["Empty Cage","Snecko Eye"],"picked":"SlaversCollar"}],"items_purged_floors":[4],"is_endless":false,"potions_floor_spawned":[1,7,16,24,25,27],"killed_by":"Automaton","ascension_level":0}}