{"host":"rantoq7h0pygex6x","time":1612356358,"event":{"mods":["AchievementEnabler","BaseMod","BetterRewards","Minty Spire (QoL Compilation)"],"gold_per_floor":[114,114,132,146,57,57,82,82,105,105,180,198,198,213,213,291,291,311,311,511,411,425,425,451,451,451,480,495,495,512,530,530,605,605,605,619,397,413,188,188,188],"floor_reached":40,"language":"ENG","playtime":861,"items_purged":["Strike_B","Defend_B","Strike_B+1","Defend_B"],"score":1277,"play_id":"213ecc25-ec54-4a53-9d8d-4a3f08264baf","local_time":"20210203204558","is_ascension_mode":true,"campfire_choices":[{"data":"Defragment","floor":6.0,"key":"SMITH"},{"data":"Zap","floor":8.0,"key":"SMITH"},{"data":"Glacier","floor":10.0,"key":"SMITH"},{"floor":15.0,"key":"REST"},{"floor":23.0,"key":"REST"},{"floor":25.0,"key":"REST"},{"floor":29.0,"key":"REST"},{"floor":32.0,"key":"REST"}],"circlet_count":0,"master_deck":["AscendersBane","Strike_B+1","Zap+1","Dualcast","Sunder+1","FTL","Coolheaded","Heatsinks","Glacier+1","Gash","Defragment+1","Stack","White Noise","Electrodynamics","Darkness+1","Auto Shields+1","Amplify+1","Melter+1","Ball Lightning","Gash+1","Gash","Loop","Buffer","Streamline","Defragment","Gash","Barrage","Self Repair"],"relics":["Cracked Core","DataDisk","Bronze Scales","Whetstone","Astrolabe","Dream Catcher","Peace Pipe","Bottled Lightning","Black Star"],"acts_visited":["Exordium","TheCity","TheBeyond"],"potions_floor_usage":[40],"damage_taken":[{"damage":0.0,"enemies":"Cultist","floor":1.0,"turns":3.0},{"damage":4.0,"enemies":"Jaw Worm","floor":3.0,"turns":3.0},{"damage":1.0,"enemies":"2 Louse","floor":4.0,"turns":2.0},{"damage":2.0,"enemies":"3 Sentries","floor":7.0,"turns":8.0},{"damage":0.0,"enemies":"Blue Slaver","floor":12.0,"turns":2.0},{"damage":0.0,"enemies":"Exordium Wildlife","floor":14.0,"turns":4.0},{"damage":0.0,"enemies":"Slime Boss","floor":16.0,"turns":5.0},{"damage":22.0,"enemies":"Spheric Guardian","floor":18.0,"turns":4.0},{"damage":0.0,"enemies":"3 Byrds","floor":22.0,"turns":2.0},{"damage":32.0,"enemies":"Book of Stabbing","floor":24.0,"turns":4.0},{"damage":3.0,"enemies":"Gremlin Leader","floor":27.0,"turns":5.0},{"damage":13.0,"enemies":"Snake Plant","floor":28.0,"turns":4.0},{"damage":14.0,"enemies":"Chosen and Byrds","floor":30.0,"turns":3.0},{"damage":0.0,"enemies":"Sentry and Sphere","floor":31.0,"turns":2.0},{"damage":43.0,"enemies":"Automaton","floor":33.0,"turns":7.0},{"damage":0.0,"enemies":"3 Darklings","floor":35.0,"turns":1.0},{"damage":14.0,"enemies":"3 Shapes","floor":36.0,"turns":5.0},{"damage":38.0,"enemies":"Transient","floor":38.0,"turns":6.0},{"damage":9,"enemies":"Reptomancer","floor":40,"turns":1}],"seed_played":"3800376834402308579","potions_obtained":[{"floor":3.0,"key":"ColorlessPotion"},{"floor":4.0,"key":"SmokeBomb"},{"floor":7.0,"key":"Fire Potion"},{"floor":14.0,"key":"PowerPotion"},{"floor":16.0,"key":"FocusPotion"},{"floor":22.0,"key":"Swift Potion"},{"floor":28.0,"key":"FocusPotion"},{"floor":38.0,"key":"EssenceOfDarkness"}],"is_trial":false,"path_per_floor":["M","?","M","M","$","R","E","R","T","R","?","M","?","M","R","B",null,"M","?","?","$","M","R","E","R","T","E","M","R","M","M","R","B",null,"M","M","$","M","$","E"],"character_chosen":"DEFECT","items_purchased":["DataDisk","Sunder","FTL","Coolheaded","Heatsinks","Defragment","Defragment","Gash","Self Repair"],"campfire_rested":5,"item_purchase_floors":[0,0,0,0,0,5,37,37,39],"current_hp_per_floor":[46,46,42,41,41,41,39,39,39,39,28,28,28,28,49,49,66,44,24,24,24,24,46,14,36,36,33,20,42,28,28,50,7,59,59,45,45,7,7,0,0],"gold":188,"neow_bonus":"","is_daily":false,"chose_seed":false,"campfire_upgraded":3,"win_rate":0.0,"timestamp":1612356358,"path_taken":["M","?","?","M","$","R","E","R","T","R","?","M","?","M","R","BOSS","M","?","?","$","M","R","E","R","T","E","M","R","M","M","R","BOSS","M","M","$","?","$","E"],"items_purchased_type":["Relic","Card","Card","Card","Card","Card","Card","Card","Card"],"build_version":"2020-12-22","purchased_purges":4,"victory":false,"max_hp_per_floor":[71,71,71,71,71,71,71,71,71,71,71,71,71,71,71,71,71,71,76,76,76,76,76,76,76,76,76,76,76,76,76,76,76,76,76,76,76,76,76,76,76],"card_choices":[{"not_picked":["Compile Driver","Turbo"],"picked":"Glacier","floor":1.0},{"not_picked":["Chaos","Tempest","Redo"],"picked":"SKIP","floor":3.0},{"not_picked":["Scrape","Chaos"],"picked":"Gash","floor":4.0},{"not_picked":["Storm","Scrape"],"picked":"Stack","floor":7.0},{"not_picked":["Cold Snap","Stack"],"picked":"White Noise","floor":12.0},{"not_picked":["White Noise","Go for the Eyes","Rebound"],"picked":"SKIP","floor":14.0},{"not_picked":["Meteor Strike","All For One"],"picked":"Electrodynamics","floor":16.0},{"not_picked":["Hello World","Cold Snap","Compile Driver"],"picked":"SKIP","floor":18.0},{"not_picked":["Stack","Reinforced Body"],"picked":"Melter+1","floor":22.0},{"not_picked":["Turbo","FTL","Auto Shields"],"picked":"SKIP","floor":24.0},{"not_picked":["Redo","Skim"],"picked":"Ball Lightning","floor":25.0},{"not_picked":["Electrodynamics","Redo"],"picked":"Gash+1","floor":27.0},{"not_picked":["Rip and Tear","Turbo"],"picked":"Gash","floor":28.0},{"not_picked":["Gash","Chaos"],"picked":"Loop","floor":29.0},{"not_picked":["Ball Lightning","Conserve Battery","Barrage"],"picked":"SKIP","floor":30.0},{"not_picked":["Glacier","Compile Driver","Stack"],"picked":"SKIP","floor":31.0},{"not_picked":["Biased Cognition","Hyperbeam"],"picked":"Buffer","floor":33.0},{"not_picked":["Ball Lightning","Reprogram+1"],"picked":"Streamline","floor":36.0},{"not_picked":["Ball Lightning","Doom and Gloom"],"picked":"Barrage","floor":38.0}],"player_experience":975658,"relics_obtained":[{"floor":7.0,"key":"Bronze Scales"},{"floor":9.0,"key":"Whetstone"},{"floor":24.0,"key":"Dream Catcher"},{"floor":26.0,"key":"Peace Pipe"},{"floor":27.0,"key":"Bottled Lightning"}],"event_choices":[{"damage_healed":0.0,"max_hp_gain":0.0,"max_hp_loss":0.0,"gold_gain":0.0,"event_name":"Accursed Blacksmith","player_choice":"Forge","floor":2.0,"gold_loss":0.0,"damage_taken":0.0,"cards_upgraded":["Sunder"]},{"damage_healed":0.0,"max_hp_gain":0.0,"max_hp_loss":0.0,"gold_gain":75.0,"event_name":"World of Goop","player_choice":"Gather Gold","floor":11.0,"gold_loss":0.0,"damage_taken":11.0},{"damage_healed":0.0,"max_hp_gain":0.0,"max_hp_loss":0.0,"gold_gain":0.0,"event_name":"Scrap Ooze","player_choice":"Fled","floor":13.0,"gold_loss":0.0,"damage_taken":0.0},{"damage_healed":0.0,"max_hp_gain":5.0,"max_hp_loss":0.0,"gold_gain":0.0,"event_name":"Forgotten Altar","player_choice":"Shed Blood","floor":19.0,"gold_loss":0.0,"damage_taken":25.0},{"damage_healed":0.0,"max_hp_gain":0.0,"max_hp_loss":0.0,"gold_gain":200.0,"event_name":"Wheel of Change","player_choice":"Gold","floor":20.0,"gold_loss":0.0,"damage_taken":0.0}],"is_beta":false,"boss_relics":[{"not_picked":["Coffee Dripper","Runic Pyramid"],"picked":"Astrolabe"},{"not_picked":["Runic Dome","Fusion Hammer"],"picked":"Black Star"}],"items_purged_floors":[0,21,37,39],"is_endless":false,"potions_floor_spawned":[3,4,7,14,16,22,24,28,35,38],"killed_by":"Reptomancer","ascension_level":20}}