{"host":"j4g6ia6asvpyu2b0","time":1612313967,"event":{"mods":["BaseMod","Colored Map","Minty Spire (QoL Compilation)","Permanent Neow","Quick Restart","Relic Stats","StSLib","Unceasing Turn Reminder"],"gold_per_floor":[19,35,35,35,52,52,83,83,83,83,83,98,98,115,115,218,218,235,235,235,255,63,95,95,129,129,141,186,230,270,292,304,411,423,455,478,490,317,327,327,339,371,396,618,635,661,661,691,691,691,691,691,105,139,139],"floor_reached":56,"language":"ENG","playtime":2115,"items_purged":[],"score":1533,"play_id":"a456d855-6ebc-47ac-bfa8-14544abda3cf","local_time":"20210202175927","is_ascension_mode":true,"campfire_choices":[{"data":"Tactician","floor":6,"key":"SMITH"},{"floor":8,"key":"DIG"},{"floor":10,"key":"DIG"},{"floor":13,"key":"DIG"},{"floor":15,"key":"DIG"},{"floor":24,"key":"DIG"},{"floor":32,"key":"DIG"},{"floor":40,"key":"DIG"},{"floor":47,"key":"RECALL"},{"floor":49,"key":"DIG"},{"floor":52,"key":"DIG"}],"circlet_count":0,"master_deck":["Survivor","Neutralize","Dagger Throw+1","Tactician+1","Infinite Blades","Footwork","Poisoned Stab","Dash","PiercingWail","Pommel Strike","Cloak And Dagger+1","Footwork+1","Tactician","Quick Slash+1","Dash+1","Backstab+1","Blade Dance","Terror","Cloak And Dagger+1","Poisoned Stab","Dodge and Roll","A Thousand Cuts+1","Venomology","Catalyst","Phantasmal Killer","Well Laid Plans+1","Escape Plan","Night Terror","Deflect","Footwork+1","Outmaneuver+1","A Thousand Cuts+1","Caltrops+1","Acrobatics+1","Footwork+1","Cloak And Dagger","Escape Plan+1","Infinite Blades+1","Flash of Steel","Crippling Poison","Deadly Poison+1"],"relics":["Ring of the Snake","Mercury Hourglass","Shovel","Toy Ornithopter","Gremlin Horn","MealTicket","FaceOfCleric","Frozen Egg 2","Orichalcum","Black Star","MutagenicStrength","Bronze Scales","Whetstone","White Beast Statue","Nunchaku","Shuriken","MawBank","Tiny Chest","CaptainsWheel","Red Mask","Sundial","Du-Vu Doll","StoneCalendar","Pandora\u0027s Box","Anchor","Blood Vial","Juzu Bracelet","Smiling Mask","Happy Flower","Blue Candle","Lizard Tail","Boot","StrikeDummy","Bag of Marbles","Sling","Tingsha","Bottled Lightning"],"acts_visited":["Exordium","TheCity","TheBeyond","TheEnding"],"potions_floor_usage":[7,16,23,28,35,39,39,41,42,45,48,48,50,50,50,54,55,55,55,55,55],"damage_taken":[{"damage":0,"enemies":"2 Louse","floor":1,"turns":4},{"damage":0,"enemies":"Small Slimes","floor":2,"turns":3},{"damage":0,"enemies":"Cultist","floor":5,"turns":3},{"damage":13,"enemies":"Lagavulin","floor":7,"turns":6},{"damage":8,"enemies":"Exordium Wildlife","floor":12,"turns":5},{"damage":6,"enemies":"Red Slaver","floor":14,"turns":3},{"damage":18,"enemies":"Hexaghost","floor":16,"turns":12},{"damage":6,"enemies":"3 Byrds","floor":18,"turns":4},{"damage":0,"enemies":"Chosen","floor":21,"turns":4},{"damage":33,"enemies":"Slavers","floor":23,"turns":8},{"damage":0,"enemies":"Gremlin Leader","floor":25,"turns":7},{"damage":0,"enemies":"Book of Stabbing","floor":28,"turns":5},{"damage":0,"enemies":"Masked Bandits","floor":29,"turns":2},{"damage":0,"enemies":"Slavers","floor":30,"turns":4},{"damage":0,"enemies":"3 Cultists","floor":31,"turns":3},{"damage":35,"enemies":"Champ","floor":33,"turns":9},{"damage":0,"enemies":"3 Darklings","floor":35,"turns":3},{"damage":0,"enemies":"3 Shapes","floor":36,"turns":2},{"damage":15,"enemies":"Transient","floor":39,"turns":5},{"damage":10,"enemies":"Spire Growth","floor":41,"turns":5},{"damage":8,"enemies":"Reptomancer","floor":42,"turns":7},{"damage":0,"enemies":"3 Darklings","floor":45,"turns":4},{"damage":24,"enemies":"Giant Head","floor":48,"turns":7},{"damage":89,"enemies":"Donu and Deca","floor":50,"turns":8},{"damage":45,"enemies":"Shield and Spear","floor":54,"turns":7},{"damage":144,"enemies":"The Heart","floor":55,"turns":7}],"seed_played":"2758949796123307764","potions_obtained":[{"floor":2,"key":"Fire Potion"},{"floor":7,"key":"BlessingOfTheForge"},{"floor":12,"key":"Strength Potion"},{"floor":16,"key":"GhostInAJar"},{"floor":18,"key":"Weak Potion"},{"floor":25,"key":"Ancient Potion"},{"floor":28,"key":"Fire Potion"},{"floor":29,"key":"Dexterity Potion"},{"floor":31,"key":"EntropicBrew"},{"floor":36,"key":"GhostInAJar"},{"floor":39,"key":"CunningPotion"},{"floor":48,"key":"PowerPotion"},{"floor":54,"key":"DistilledChaos"}],"is_trial":false,"path_per_floor":["M","M","?","?","M","R","E","R","T","R","?","M","R","M","R","B",null,"M","?","?","M","$","E","R","E","T","?","E","?","E","M","R","B",null,"M","M","?","$","M","R","M","E","T","?","M","T","R","E","R","B",null,"R","$","E","B",null],"character_chosen":"THE_SILENT","items_purchased":["Footwork+1","Tactician","Quick Slash","Caltrops+1","Anchor","Bag of Marbles","Infinite Blades+1","Sling","Flash of Steel","Crippling Poison","Block Potion","SteroidPotion"],"campfire_rested":0,"item_purchase_floors":[22,22,22,38,38,53,53,53,53,53,53,53],"current_hp_per_floor":[70,70,52,52,52,52,39,39,39,39,39,32,32,27,27,15,73,68,68,68,69,75,43,43,44,44,44,50,51,52,53,53,19,82,83,84,84,84,80,80,76,76,76,76,84,84,84,73,73,2,90,90,90,51,34],"gold":139,"neow_bonus":"REMOVE_TWO","is_daily":false,"chose_seed":false,"campfire_upgraded":1,"win_rate":0.0,"timestamp":1612313967,"path_taken":["M","M","?","?","?","R","E","R","T","R","?","M","R","M","R","BOSS","M","?","?","?","$","E","R","E","T","?","E","?","E","M","R","BOSS","M","M","?","$","M","R","M","E","T","?","M","?","R","E","R","BOSS","R","$","E","BOSS"],"items_purchased_type":["Card","Card","Card","Card","Relic","Relic","Card","Relic","Card","Card","Potion","Potion"],"build_version":"2020-12-22","purchased_purges":0,"victory":true,"max_hp_per_floor":[70,70,70,70,70,70,70,70,70,70,70,71,71,72,72,73,73,74,74,74,75,75,76,76,77,77,77,78,79,80,81,81,82,82,83,84,84,84,85,85,86,87,87,87,88,88,88,89,89,90,90,90,90,91,92],"relic_stats":{"Gremlin Horn":[32,32],"StoneCalendar":[137],"Juzu Bracelet":1,"Whetstone":["Quick Slash","Dagger Throw"],"Smiling Mask":0,"Boot":[7],"Blood Vial":12,"Nunchaku":[22],"Lizard Tail":45,"Shovel":9,"FaceOfCleric":22,"Sundial":[4],"MealTicket":6,"Tiny Chest":1,"Ring of the Snake":[52],"Happy Flower":[9],"counters":[26,137],"Blue Candle":[0],"Tingsha":[3],"Orichalcum":[144],"MawBank":144,"Mercury Hourglass":[524],"Shuriken":[52],"Bronze Scales":[270],"Pandora\u0027s Box":["Venomology","Catalyst","Phantasmal Killer","Well Laid Plans","Escape Plan","Night Terror","Deflect"],"Black Star":7,"obtain_stats":[{"Gremlin Horn":9,"StoneCalendar":32,"Juzu Bracelet":42,"Whetstone":23,"Smiling Mask":42,"Boot":49,"Sling":53,"Blood Vial":40,"Nunchaku":25,"Lizard Tail":48,"Shovel":7,"FaceOfCleric":11,"Sundial":30,"MealTicket":10,"Tiny Chest":28,"Red Mask":29,"Ring of the Snake":0,"Happy Flower":46,"Blue Candle":48,"Tingsha":54,"Frozen Egg 2":13,"Orichalcum":15,"MawBank":26,"White Beast Statue":24,"Mercury Hourglass":3,"Du-Vu Doll":30,"CaptainsWheel":28,"Anchor":38,"Shuriken":25,"MutagenicStrength":19,"Bronze Scales":23,"Pandora\u0027s Box":34,"Black Star":17,"Bag of Marbles":53,"Bottled Lightning":54,"StrikeDummy":52,"Toy Ornithopter":8},{"Gremlin Horn":4,"StoneCalendar":15,"Juzu Bracelet":21,"Whetstone":10,"Smiling Mask":21,"Boot":23,"Sling":24,"Blood Vial":19,"Nunchaku":11,"Lizard Tail":23,"Shovel":4,"FaceOfCleric":4,"Sundial":14,"MealTicket":4,"Tiny Chest":12,"Red Mask":13,"Ring of the Snake":0,"Happy Flower":22,"Blue Candle":23,"Tingsha":25,"Frozen Egg 2":5,"Orichalcum":6,"MawBank":11,"White Beast Statue":10,"Mercury Hourglass":2,"Du-Vu Doll":14,"CaptainsWheel":12,"Anchor":18,"Shuriken":11,"MutagenicStrength":8,"Bronze Scales":10,"Pandora\u0027s Box":16,"Black Star":7,"Bag of Marbles":24,"Bottled Lightning":25,"StrikeDummy":24,"Toy Ornithopter":4},{"Gremlin Horn":16,"StoneCalendar":73,"Juzu Bracelet":104,"Whetstone":52,"Smiling Mask":104,"Boot":115,"Sling":123,"Blood Vial":92,"Nunchaku":59,"Lizard Tail":115,"Shovel":16,"FaceOfCleric":16,"Sundial":70,"MealTicket":16,"Tiny Chest":64,"Red Mask":66,"Ring of the Snake":0,"Happy Flower":108,"Blue Candle":115,"Tingsha":130,"Frozen Egg 2":21,"Orichalcum":24,"MawBank":59,"White Beast Statue":52,"Mercury Hourglass":7,"Du-Vu Doll":70,"CaptainsWheel":64,"Anchor":87,"Shuriken":59,"MutagenicStrength":40,"Bronze Scales":52,"Pandora\u0027s Box":82,"Black Star":36,"Bag of Marbles":123,"Bottled Lightning":130,"StrikeDummy":123,"Toy Ornithopter":16}],"Toy Ornithopter":88},"card_choices":[{"not_picked":["Dodge and Roll","Underhanded Strike"],"picked":"Dagger Throw","floor":1},{"not_picked":["Reflex","Underhanded Strike"],"picked":"Tactician","floor":2},{"not_picked":["Acrobatics","Catalyst"],"picked":"Infinite Blades","floor":5},{"not_picked":["Bane","Leg Sweep"],"picked":"Footwork","floor":7},{"not_picked":["Dodge and Roll","Finisher"],"picked":"Poisoned Stab","floor":12},{"not_picked":["Heel Hook","Blur"],"picked":"Dash","floor":14},{"not_picked":["Storm of Steel","Venomology"],"picked":"Glass Knife","floor":16},{"not_picked":["Bane","Acrobatics"],"picked":"PiercingWail","floor":18},{"not_picked":["Endless Agony","Slice+1"],"picked":"Cloak And Dagger+1","floor":21},{"not_picked":["Backflip+1","Skewer"],"picked":"Dash+1","floor":23},{"not_picked":["All Out Attack","Poisoned Stab"],"picked":"Backstab+1","floor":25},{"not_picked":["Outmaneuver","Storm of Steel"],"picked":"Terror","floor":28},{"not_picked":["Outmaneuver","Heel Hook"],"picked":"Cloak And Dagger+1","floor":29},{"not_picked":["Bullet Time","Deadly Poison"],"picked":"Poisoned Stab","floor":30},{"not_picked":["Deadly Poison","Underhanded Strike+1"],"picked":"Dodge and Roll","floor":31},{"not_picked":["Burst","Bullet Time"],"picked":"A Thousand Cuts+1","floor":33},{"not_picked":["Deadly Poison","Sucker Punch+1"],"picked":"Footwork+1","floor":35},{"not_picked":["Cloak And Dagger","Bane+1"],"picked":"Outmaneuver+1","floor":36},{"not_picked":["Finisher","Flechettes+1","Underhanded Strike+1"],"picked":"SKIP","floor":39},{"not_picked":["Slice","Deadly Poison"],"picked":"Acrobatics+1","floor":41},{"not_picked":["Setup","A Thousand Cuts+1"],"picked":"Footwork+1","floor":42},{"not_picked":["Bane+1","Prepared"],"picked":"Cloak And Dagger","floor":45},{"not_picked":["Acrobatics","Setup+1"],"picked":"Escape Plan+1","floor":48},{"not_picked":["Underhanded Strike","Quick Slash"],"picked":"Deadly Poison+1","floor":54}],"player_experience":1114105,"relics_obtained":[{"floor":7,"key":"Shovel"},{"floor":8,"key":"Toy Ornithopter"},{"floor":9,"key":"Gremlin Horn"},{"floor":10,"key":"MealTicket"},{"floor":13,"key":"Frozen Egg 2"},{"floor":15,"key":"Orichalcum"},{"floor":23,"key":"Bronze Scales"},{"floor":23,"key":"Whetstone"},{"floor":24,"key":"White Beast Statue"},{"floor":25,"key":"Nunchaku"},{"floor":25,"key":"Shuriken"},{"floor":26,"key":"MawBank"},{"floor":28,"key":"Tiny Chest"},{"floor":28,"key":"CaptainsWheel"},{"floor":29,"key":"Red Mask"},{"floor":30,"key":"Sundial"},{"floor":30,"key":"Du-Vu Doll"},{"floor":32,"key":"StoneCalendar"},{"floor":40,"key":"Blood Vial"},{"floor":42,"key":"Juzu Bracelet"},{"floor":42,"key":"Smiling Mask"},{"floor":46,"key":"Happy Flower"},{"floor":48,"key":"Blue Candle"},{"floor":48,"key":"Lizard Tail"},{"floor":49,"key":"Boot"},{"floor":52,"key":"StrikeDummy"},{"floor":54,"key":"Tingsha"},{"floor":54,"key":"Bottled Lightning"}],"event_choices":[{"damage_healed":0,"gold_gain":0,"player_choice":"Success","damage_taken":18,"relics_obtained":["Mercury Hourglass"],"max_hp_gain":0,"max_hp_loss":0,"event_name":"Scrap Ooze","floor":3,"gold_loss":0},{"cards_removed":["Defend_G"],"damage_healed":0,"gold_gain":0,"player_choice":"Offered Basic","damage_taken":0,"max_hp_gain":0,"max_hp_loss":0,"event_name":"Bonfire Elementals","floor":4,"gold_loss":0},{"damage_healed":0,"gold_gain":0,"player_choice":"Trade","damage_taken":0,"relics_obtained":["FaceOfCleric"],"max_hp_gain":0,"max_hp_loss":0,"event_name":"FaceTrader","floor":11,"gold_loss":0},{"damage_healed":0,"gold_gain":0,"player_choice":"Inject Mutagens","damage_taken":0,"relics_obtained":["MutagenicStrength"],"max_hp_gain":0,"max_hp_loss":0,"event_name":"Drug Dealer","floor":19,"gold_loss":0},{"cards_removed":["Glass Knife"],"damage_healed":0,"gold_gain":0,"player_choice":"Took Card","damage_taken":0,"max_hp_gain":0,"max_hp_loss":0,"event_name":"NoteForYourself","floor":20,"gold_loss":0,"cards_obtained":["Pommel Strike"]},{"damage_healed":0,"gold_gain":0,"player_choice":"Read","damage_taken":0,"max_hp_gain":0,"max_hp_loss":0,"event_name":"The Library","floor":27,"gold_loss":0,"cards_obtained":["Blade Dance"]},{"damage_healed":0,"gold_gain":0,"player_choice":"Fought Bandits","damage_taken":0,"max_hp_gain":0,"max_hp_loss":0,"event_name":"Masked Bandits","floor":29,"gold_loss":0},{"damage_healed":0,"gold_gain":0,"player_choice":"Copied","damage_taken":0,"max_hp_gain":0,"max_hp_loss":0,"event_name":"Duplicator","floor":37,"gold_loss":0,"cards_obtained":["A Thousand Cuts"]},{"damage_healed":0,"gold_gain":222,"player_choice":"Wore Mask","damage_taken":0,"max_hp_gain":0,"max_hp_loss":0,"event_name":"Tomb of Lord Red Mask","floor":44,"gold_loss":0}],"is_beta":false,"boss_relics":[{"not_picked":["Runic Pyramid","Snecko Eye"],"picked":"Black Star"},{"not_picked":["Ring of the Serpent","Velvet Choker"],"picked":"Pandora\u0027s Box"}],"items_purged_floors":[],"is_endless":false,"potions_floor_spawned":[2,7,12,16,18,25,28,29,30,31,33,35,36,39,41,42,45,48,54],"ascension_level":1}}