{"host":"eaiphzh066bwqdh7","time":1612315639,"event":{"mods":["BaseMod","Better Note","Halation","Hubris","Minty Spire (QoL Compilation)","Reliquary","Replay The Spire","StSLib"],"gold_per_floor":[109,109,109,34,34,34,63,63,114,126,126,126],"floor_reached":11,"language":"ENG","playtime":280,"items_purged":["Strike_B"],"score":79,"play_id":"38af3cb4-743c-42d3-9ab5-953a4c33f700","local_time":"20210202202719","is_ascension_mode":true,"campfire_choices":[{"data":"Redo","floor":6,"key":"SMITH"}],"circlet_count":0,"master_deck":["Strike_B","Strike_B","Strike_B+1","Defend_B","Defend_B","Defend_B","Defend_B+1","Zap","Redo+1","Machine Learning+1","ReplayTheSpireMod:Fabricate Wheel"],"relics":["Cracked Core","ReplayTheSpireMod:Ring of Challenge","ReplayTheSpireMod:Ring of Collecting","ReplayTheSpireMod:Ring of Exchange","Simple Rune"],"acts_visited":["Exordium"],"potions_floor_usage":[7,11,11,11],"damage_taken":[{"damage":7,"enemies":"Jaw Worm","floor":1,"turns":3},{"damage":22,"enemies":"Lagavulin","floor":7,"turns":7},{"damage":15,"enemies":"2 Louse","floor":10,"turns":2},{"damage":38,"enemies":"Gremlin Nob","floor":11,"turns":3}],"seed_played":"-1280968286261202724","potions_obtained":[{"floor":0,"key":"Venom Potion"},{"floor":0,"key":"Reflective Coating"},{"floor":0,"key":"SpeedPotion"},{"floor":1,"key":"Dexterity Potion"},{"floor":7,"key":"Venom Potion"}],"is_trial":false,"path_per_floor":["M","?","?","$","?","R","E","$","T","M","E"],"character_chosen":"DEFECT","items_purchased":[],"campfire_rested":0,"item_purchase_floors":[],"current_hp_per_floor":[68,68,68,68,73,73,51,51,51,36,0,0],"gold":126,"neow_bonus":"THREE_SMALL_POTIONS","is_daily":false,"chose_seed":false,"campfire_upgraded":1,"win_rate":0.0,"timestamp":1612315639,"path_taken":["M","?","?","?","?","R","E","?","T","M","E"],"items_purchased_type":[],"build_version":"2020-12-22","purchased_purges":1,"victory":false,"max_hp_per_floor":[75,75,75,75,80,80,80,80,80,80,80,80],"card_choices":[{"not_picked":["Go for the Eyes","Leap"],"picked":"Redo","floor":1},{"not_picked":["Rip and Tear","ReplaySolidLightProjector","ReplayTheSpireMod:System Scan"],"picked":"SKIP","floor":7},{"not_picked":["Reinforced Body","Streamline"],"picked":"ReplayTheSpireMod:Fabricate Wheel","floor":10}],"player_experience":237744,"relics_obtained":[{"floor":3,"key":"ReplayTheSpireMod:Ring of Challenge"},{"floor":3,"key":"ReplayTheSpireMod:Ring of Collecting"},{"floor":9,"key":"ReplayTheSpireMod:Ring of Exchange"},{"floor":9,"key":"Simple Rune"}],"event_choices":[{"damage_healed":0,"gold_gain":0,"player_choice":"Donut","damage_taken":0,"max_hp_gain":5,"max_hp_loss":0,"event_name":"Big Fish","floor":5,"gold_loss":0}],"is_beta":false,"boss_relics":[],"items_purged_floors":[4],"is_endless":false,"potions_floor_spawned":[1,7],"killed_by":"Gremlin Nob","ascension_level":3}}