{"host":"Sean","time":1612370812,"event":{"mods":["BaseMod","Block Reminder","Colored Map","Colored Powertips","Highlight Path","Minty Spire (QoL Compilation)","Permanent Neow","Relic Stats"],"gold_per_floor":[19,19,31,48,65,65,65,98,123,123,123,123,123,138,138,243,243,257,269,359,115,138,138,156,182,207,12,112,112,135,146,146,241,241,256,256,256,131,131,85,120,135,135,165,177,190,190,207,207,207,207],"floor_reached":50,"language":"ENG","playtime":4268,"items_purged":["Strike_G","Strike_G","Defend_G"],"score":760,"play_id":"2ea9ff1d-da12-4d20-ab1d-22a8f77ed6c8","local_time":"20210203164652","is_ascension_mode":true,"campfire_choices":[{"data":"Quick Slash","floor":6.0,"key":"SMITH"},{"data":"Predator","floor":11.0,"key":"SMITH"},{"data":"Glass Knife","floor":13.0,"key":"SMITH"},{"data":"Calculated Gamble","floor":15.0,"key":"SMITH"},{"data":"Apotheosis","floor":23.0,"key":"SMITH"},{"floor":29.0,"key":"DIG"},{"floor":32.0,"key":"DIG"},{"floor":47.0,"key":"DIG"},{"floor":49,"key":"RECALL"}],"circlet_count":0,"master_deck":["Strike_G+1","Strike_G","Strike_G","Defend_G+1","Defend_G+1","Defend_G+1","Survivor","Neutralize+1","Slice+1","Eviscerate","Calculated Gamble+1","Quick Slash+1","Predator+1","Glass Knife+1","Dagger Throw+1","Unload","Underhanded Strike+1","Reflex","Apotheosis+1","Caltrops+1","Backflip","Adrenaline","Purity","Thinking Ahead","Impatience","Madness","PiercingWail","Acrobatics+1","Well Laid Plans+1","Skewer","Dagger Throw"],"relics":["Ring of the Snake","StoneCalendar","War Paint","MealTicket","Ancient Tea Set","Philosopher\u0027s Stone","Orichalcum","Blood Vial","Lantern","Shovel","StrikeDummy","Ice Cream","Juzu Bracelet","Whetstone","HoveringKite","Vajra","Oddly Smooth Stone","Bag of Marbles"],"acts_visited":["Exordium","TheCity","TheBeyond"],"potions_floor_usage":[50,50],"damage_taken":[{"damage":1.0,"enemies":"2 Louse","floor":1.0,"turns":3.0},{"damage":0.0,"enemies":"Small Slimes","floor":3.0,"turns":5.0},{"damage":0.0,"enemies":"Cultist","floor":4.0,"turns":4.0},{"damage":0.0,"enemies":"2 Fungi Beasts","floor":5.0,"turns":2.0},{"damage":6.0,"enemies":"Gremlin Nob","floor":8.0,"turns":3.0},{"damage":0.0,"enemies":"Exordium Thugs","floor":14.0,"turns":2.0},{"damage":24.0,"enemies":"Hexaghost","floor":16.0,"turns":7.0},{"damage":13.0,"enemies":"2 Thieves","floor":18.0,"turns":3.0},{"damage":0.0,"enemies":"Spheric Guardian","floor":19.0,"turns":2.0},{"damage":2.0,"enemies":"Snake Plant","floor":24.0,"turns":2.0},{"damage":0.0,"enemies":"Gremlin Leader","floor":25.0,"turns":2.0},{"damage":3.0,"enemies":"Colosseum Slavers","floor":28.0,"turns":2.0},{"damage":0.0,"enemies":"Colosseum Nobs","floor":28.0,"turns":2.0},{"damage":0.0,"enemies":"3 Cultists","floor":31.0,"turns":3.0},{"damage":43.0,"enemies":"Champ","floor":33.0,"turns":9.0},{"damage":0.0,"enemies":"Orb Walker","floor":35.0,"turns":3.0},{"damage":14.0,"enemies":"Nemesis","floor":41.0,"turns":7.0},{"damage":9.0,"enemies":"3 Darklings","floor":42.0,"turns":5.0},{"damage":5.0,"enemies":"Reptomancer","floor":44.0,"turns":5.0},{"damage":7.0,"enemies":"Maw","floor":45.0,"turns":5.0},{"damage":16.0,"enemies":"Jaw Worm Horde","floor":46.0,"turns":3.0},{"damage":11,"enemies":"Sphere and 2 Shapes","floor":48,"turns":3},{"damage":35,"enemies":"Time Eater","floor":50,"turns":6}],"seed_played":"2615154756887242791","potions_obtained":[{"floor":4.0,"key":"Strength Potion"},{"floor":5.0,"key":"Poison Potion"},{"floor":14.0,"key":"Strength Potion"},{"floor":16.0,"key":"AttackPotion"},{"floor":25.0,"key":"GamblersBrew"},{"floor":28.0,"key":"LiquidMemories"},{"floor":31.0,"key":"Block Potion"},{"floor":35.0,"key":"Fire Potion"},{"floor":42.0,"key":"Block Potion"},{"floor":45.0,"key":"Regen Potion"}],"is_trial":false,"path_per_floor":["M","?","M","M","M","R","?","E","T","?","R","?","R","M","R","B",null,"M","M","?","$","T","R","M","E","T","$","?","R","T","M","R","B",null,"M","?","?","$","?","$","E","M","T","E","M","M","R","M","R","B"],"character_chosen":"THE_SILENT","items_purchased":["Apotheosis","Strength Potion","Backflip","PiercingWail"],"campfire_rested":0,"item_purchase_floors":[21,27,27,40],"current_hp_per_floor":[62,62,62,62,62,62,59,53,53,39,39,39,39,39,39,15,56,43,43,31,46,46,46,44,44,44,59,60,60,60,62,62,21,58,60,50,41,56,56,70,56,49,49,46,41,27,27,18,18,0,0],"gold":207,"neow_bonus":"ONE_RARE_RELIC","is_daily":false,"chose_seed":false,"campfire_upgraded":5,"win_rate":0.0,"timestamp":1612370812,"path_taken":["M","?","M","M","M","R","?","E","T","?","R","?","R","M","R","BOSS","M","?","?","$","?","R","M","E","T","$","?","R","?","M","R","BOSS","M","?","?","$","?","$","E","M","T","E","M","M","R","M","R","BOSS"],"items_purchased_type":["Card","Potion","Card","Card"],"build_version":"2020-12-18","purchased_purges":3,"victory":false,"max_hp_per_floor":[70,70,70,70,70,70,70,70,70,70,70,70,70,70,70,70,70,70,70,70,70,70,70,70,70,70,70,70,70,70,70,70,70,70,70,70,70,70,70,70,70,70,70,70,70,70,70,70,70,70,70],"relic_stats":{"Blood Vial":22,"Shovel":3,"counters":[23,88],"HoveringKite":[24],"StoneCalendar":[94],"MealTicket":59,"Juzu Bracelet":0,"Whetstone":["Dagger Throw","Slice"],"War Paint":["Defend_G","Defend_G"],"Orichalcum":[96],"obtain_stats":[{"Ice Cream":29,"Lantern":26,"HoveringKite":34,"Vajra":41,"Oddly Smooth Stone":44,"StoneCalendar":0,"Juzu Bracelet":30,"Whetstone":32,"War Paint":7,"Orichalcum":22,"Ancient Tea Set":9,"Blood Vial":25,"Shovel":28,"MealTicket":8,"Philosopher\u0027s Stone":17,"Bag of Marbles":47,"StrikeDummy":28,"Ring of the Snake":0},{"Ice Cream":13,"Lantern":11,"HoveringKite":15,"Vajra":17,"Oddly Smooth Stone":19,"StoneCalendar":0,"Juzu Bracelet":13,"Whetstone":14,"War Paint":4,"Orichalcum":9,"Ancient Tea Set":5,"Blood Vial":11,"Shovel":13,"MealTicket":5,"Philosopher\u0027s Stone":7,"Bag of Marbles":21,"StrikeDummy":13,"Ring of the Snake":0},{"Ice Cream":39,"Lantern":35,"HoveringKite":51,"Vajra":61,"Oddly Smooth Stone":71,"StoneCalendar":0,"Juzu Bracelet":39,"Whetstone":42,"War Paint":14,"Orichalcum":31,"Ancient Tea Set":17,"Blood Vial":35,"Shovel":39,"MealTicket":17,"Philosopher\u0027s Stone":26,"Bag of Marbles":79,"StrikeDummy":39,"Ring of the Snake":0}],"Ring of the Snake":[46]},"card_choices":[{"not_picked":["Cloak And Dagger","Dagger Throw"],"picked":"Slice","floor":1.0},{"not_picked":["Dodge and Roll","Deflect"],"picked":"Eviscerate","floor":3.0},{"not_picked":["Eviscerate","Dagger Spray"],"picked":"Calculated Gamble","floor":4.0},{"not_picked":["Blur","Cloak And Dagger"],"picked":"Quick Slash","floor":5.0},{"not_picked":["Quick Slash","Well Laid Plans"],"picked":"Predator","floor":8.0},{"not_picked":["Cloak And Dagger","Dodge and Roll"],"picked":"Dagger Throw","floor":14.0},{"not_picked":["Phantasmal Killer","Grand Finale"],"picked":"Unload","floor":16.0},{"not_picked":["Dagger Spray","Flying Knee"],"picked":"Underhanded Strike+1","floor":18.0},{"not_picked":["Choke","Endless Agony"],"picked":"Reflex","floor":19.0},{"not_picked":["Eviscerate","Concentrate"],"picked":"Caltrops+1","floor":24.0},{"not_picked":["Grand Finale","Poisoned Stab","Dagger Throw"],"picked":"SKIP","floor":25.0},{"not_picked":["Escape Plan","Quick Slash+1","Dagger Spray"],"picked":"SKIP","floor":31.0},{"not_picked":["Tools of the Trade","Night Terror"],"picked":"Adrenaline","floor":33.0},{"not_picked":["Quick Slash","Bane","Deadly Poison"],"picked":"SKIP","floor":35.0},{"not_picked":["Bandage Up","Magnetism"],"picked":"Purity","floor":36.0},{"not_picked":["Enlightenment","Madness"],"picked":"Thinking Ahead","floor":36.0},{"not_picked":["Flash of Steel","Enlightenment"],"picked":"Impatience","floor":36.0},{"not_picked":["Malaise","Crippling Poison"],"picked":"Acrobatics+1","floor":41.0},{"not_picked":["Dodge and Roll","Accuracy","Underhanded Strike+1"],"picked":"SKIP","floor":42.0},{"not_picked":["Deadly Poison","Dodge and Roll","All Out Attack+1"],"picked":"SKIP","floor":44.0},{"not_picked":["Poisoned Stab","Underhanded Strike"],"picked":"Well Laid Plans+1","floor":45.0},{"not_picked":["PiercingWail+1","Concentrate+1"],"picked":"Skewer","floor":46.0},{"not_picked":["Quick Slash","Masterful Stab+1"],"picked":"Dagger Throw","floor":48}],"player_experience":505609,"relics_obtained":[{"floor":8.0,"key":"MealTicket"},{"floor":9.0,"key":"Ancient Tea Set"},{"floor":22.0,"key":"Orichalcum"},{"floor":25.0,"key":"Blood Vial"},{"floor":26.0,"key":"Lantern"},{"floor":28.0,"key":"Shovel"},{"floor":28.0,"key":"StrikeDummy"},{"floor":29.0,"key":"Ice Cream"},{"floor":30.0,"key":"Juzu Bracelet"},{"floor":32.0,"key":"Whetstone"},{"floor":41.0,"key":"Vajra"},{"floor":44.0,"key":"Oddly Smooth Stone"},{"floor":47.0,"key":"Bag of Marbles"}],"event_choices":[{"damage_healed":0.0,"max_hp_gain":0.0,"max_hp_loss":0.0,"gold_gain":0.0,"event_name":"Living Wall","player_choice":"Grow","floor":2.0,"gold_loss":0.0,"damage_taken":0.0,"cards_upgraded":["Neutralize"]},{"damage_healed":0.0,"max_hp_gain":0.0,"max_hp_loss":0.0,"gold_gain":0.0,"event_name":"Scrap Ooze","player_choice":"Success","floor":7.0,"gold_loss":0.0,"damage_taken":3.0,"relics_obtained":["War Paint"]},{"damage_healed":0.0,"max_hp_gain":0.0,"max_hp_loss":0.0,"gold_gain":0.0,"event_name":"Shining Light","player_choice":"Entered Light","floor":10.0,"gold_loss":0.0,"damage_taken":14.0,"cards_upgraded":["Strike_G","Defend_G"]},{"damage_healed":0.0,"max_hp_gain":0.0,"max_hp_loss":0.0,"gold_gain":0.0,"cards_transformed":["Defend_G"],"event_name":"Transmorgrifier","player_choice":"Transformed","floor":12.0,"gold_loss":0.0,"damage_taken":0.0,"cards_obtained":["Glass Knife"]},{"damage_healed":0.0,"max_hp_gain":0.0,"max_hp_loss":0.0,"gold_gain":90.0,"event_name":"Knowing Skull","player_choice":"GOLD ","floor":20.0,"potions_obtained":[],"gold_loss":0.0,"damage_taken":12.0,"cards_obtained":[]},{"damage_healed":0.0,"max_hp_gain":0.0,"max_hp_loss":0.0,"gold_gain":0.0,"event_name":"Colosseum","player_choice":"Fight","floor":28.0,"gold_loss":0.0,"damage_taken":0.0},{"damage_healed":0.0,"max_hp_gain":0.0,"max_hp_loss":0.0,"gold_gain":0.0,"event_name":"Colosseum","player_choice":"Fought Nobs","floor":28.0,"gold_loss":0.0,"damage_taken":0.0},{"damage_healed":0.0,"max_hp_gain":0.0,"max_hp_loss":0.0,"gold_gain":0.0,"event_name":"SensoryStone","player_choice":"Memory 3","floor":36.0,"gold_loss":0.0,"damage_taken":10.0},{"damage_healed":0.0,"max_hp_gain":0.0,"max_hp_loss":0.0,"gold_gain":0.0,"event_name":"Winding Halls","player_choice":"Embrace Madness","floor":37.0,"gold_loss":0.0,"damage_taken":9.0,"cards_obtained":["Madness","Madness"]},{"cards_removed":["Madness"],"damage_healed":0.0,"max_hp_gain":0.0,"max_hp_loss":0.0,"gold_gain":0.0,"event_name":"Falling","player_choice":"Removed Skill","floor":39.0,"gold_loss":0.0,"damage_taken":0.0}],"is_beta":true,"boss_relics":[{"not_picked":["Tiny House","Busted Crown"],"picked":"Philosopher\u0027s Stone"},{"not_picked":["Ring of the Serpent","SacredBark"],"picked":"HoveringKite"}],"items_purged_floors":[21,27,38],"is_endless":false,"potions_floor_spawned":[4,5,14,16,25,28,31,35,42,45,46],"killed_by":"Time Eater","ascension_level":8}}