{"host":"v380u9jqfq8325l5","time":1612375709,"event":{"mods":["BaseMod","Bestiary","BetterRewards","Colored Map","Colored Powertips","Curses Come First","Evolution","Halation","Hubris","Infinite Spire","Minty Spire (QoL Compilation)","Reliquary","Spire Arcade","StSLib","SuperFastMode"],"gold_per_floor":[119,136,136,53,53,53,80,80,133,166,71,84,119,139,139,216,216,227,242,292,302,313,342,342,377,377,377,408,408,422,436,436,513,513,526,542,542,588,598,633,633,633,658,670,682,694,718,150,150,150,150],"floor_reached":52,"language":"ENG","playtime":1368,"items_purged":["Strike_R","Defend_R","Strike_R"],"score":2716,"play_id":"465d1074-8839-4770-bb2a-437ae61136eb","local_time":"20210203210829","is_ascension_mode":true,"campfire_choices":[{"data":"Inflame","floor":6,"key":"SMITH"},{"data":"infinitespire:Execution","floor":15,"key":"SMITH"},{"data":"Adrenaline","floor":24,"key":"SMITH"},{"data":"Bash","floor":27,"key":"SMITH"},{"data":"Feed","floor":32,"key":"SMITH"},{"data":"Blade Dance","floor":42,"key":"SMITH"},{"data":"Cloak And Dagger","floor":44,"key":"SMITH"},{"floor":49,"key":"RECALL"}],"circlet_count":0,"master_deck":["AscendersBane","Strike_R","Defend_R+1","Defend_R","Defend_R","Bash+1","Spot Weakness","Iron Wave","Iron Wave","Inflame+1","Feed+1","infinitespire:Execution+1","Flash of Steel","Iron Wave","Dagger Spray","Adrenaline+1","Dagger Spray","Battle Trance+1","Feed","Spot Weakness","Disarm+1","Offering","hubris:EnhanceAbility","Cloak And Dagger+1","Blade Dance+1","hubris:InfiniteBlow+35","Feed"],"relics":["Burning Blood","EVO:Axolotl","Chemical X","Incense Burner","Ginger","hubris:Icosahedron","hubris:DisguiseKit","Oddly Smooth Stone","reliquary:PurpleTingedLeaf","Art of War","Coffee Dripper","Eternal Feather","reliquary:PrincelyHelmet","reliquary:Buckler","Philosopher\u0027s Stone","Charon\u0027s Ashes","Bottled Tornado","MawBank","Sozu","Bottled Flame","Sling"],"acts_visited":["Exordium","TheCity","TheBeyond"],"potions_floor_usage":[16],"damage_taken":[{"damage":4,"enemies":"Small Slimes","floor":1,"turns":4},{"damage":0,"enemies":"Cultist","floor":2,"turns":4},{"damage":11,"enemies":"Lagavulin","floor":7,"turns":5},{"damage":36,"enemies":"3 Sentries","floor":10,"turns":7},{"damage":4,"enemies":"2 Louse","floor":12,"turns":6},{"damage":11,"enemies":"Gremlin Nob","floor":13,"turns":3},{"damage":18,"enemies":"Large Slime","floor":14,"turns":5},{"damage":6,"enemies":"Hexaghost","floor":16,"turns":7},{"damage":4,"enemies":"Shell Parasite","floor":18,"turns":4},{"damage":0,"enemies":"Chosen","floor":19,"turns":4},{"damage":16,"enemies":"3 Cultists","floor":21,"turns":4},{"damage":30,"enemies":"Snecko","floor":22,"turns":4},{"damage":17,"enemies":"Book of Stabbing","floor":23,"turns":4},{"damage":28,"enemies":"Slavers","floor":25,"turns":3},{"damage":0,"enemies":"Gremlin Leader","floor":28,"turns":4},{"damage":10,"enemies":"Centurion and Healer","floor":30,"turns":5},{"damage":20,"enemies":"Cultist and Chosen","floor":31,"turns":4},{"damage":24,"enemies":"hubris:MusketHawk","floor":33,"turns":5},{"damage":1,"enemies":"Orb Walker","floor":35,"turns":4},{"damage":27,"enemies":"3 Shapes","floor":36,"turns":3},{"damage":44,"enemies":"2 Orb Walkers","floor":38,"turns":3},{"damage":7,"enemies":"Spire Growth","floor":39,"turns":3},{"damage":16,"enemies":"Nemesis","floor":40,"turns":3},{"damage":6,"enemies":"4 Shapes","floor":47,"turns":1},{"damage":3,"enemies":"infinitespire:MassOfShapes","floor":50,"turns":1},{"damage":0,"enemies":"Time Eater","floor":51,"turns":1}],"seed_played":"-1572517306545810124","potions_obtained":[{"floor":12,"key":"ElixirPotion"},{"floor":14,"key":"Strength Potion"},{"floor":16,"key":"Swift Potion"},{"floor":18,"key":"FairyPotion"},{"floor":25,"key":"EntropicBrew"}],"is_trial":false,"path_per_floor":["M","M","?","$","?","R","E","?","T","E","$","M","E","M","R","B",null,"M","M","?","M","M","E","R","E","T","R","E","?","M","M","R","B",null,"M","M","?","?","M","E","?","R","T","R","AVR","?","M","$","R","B","B",null],"character_chosen":"IRONCLAD","items_purchased":["Chemical X","Ginger","Spot Weakness","Finesse","Inflame","Flash of Steel","Bottled Flame","Sling"],"campfire_rested":0,"item_purchase_floors":[0,0,0,0,4,11,48,48],"current_hp_per_floor":[70,75,75,75,75,75,70,51,51,24,24,30,26,18,18,21,68,72,82,74,65,42,32,44,26,26,38,45,45,48,38,50,33,83,89,76,76,42,42,37,37,52,52,67,67,67,71,71,86,89,95],"gold":150,"neow_bonus":"","is_daily":false,"chose_seed":false,"campfire_upgraded":7,"win_rate":0.0,"timestamp":1612375709,"path_taken":["M","M","?","?","?","R","E","?","T","E","$","M","E","M","R","BOSS","M","M","?","?","M","E","R","E","T","R","E","?","M","?","R","BOSS","M","M","?","?","M","E","?","R","T","R","AVR","?","M","$","R","BOSS","BOSS"],"items_purchased_type":["Relic","Relic","Card","Card","Card","Card","Relic","Relic"],"build_version":"2020-12-22","purchased_purges":3,"victory":true,"max_hp_per_floor":[75,75,75,75,75,75,75,75,75,78,78,81,81,84,84,84,84,84,87,87,87,87,87,87,90,90,90,90,90,96,99,99,99,99,99,106,106,109,109,113,107,107,107,107,107,107,110,110,110,110,110],"card_choices":[{"not_picked":["Thunderclap","Havoc"],"picked":"Iron Wave","floor":1},{"not_picked":["Flex","Perfected Strike"],"picked":"Iron Wave","floor":2},{"not_picked":["Pommel Strike","Dual Wield"],"picked":"Feed","floor":7},{"not_picked":["infinitespire:DeathsTouch","infinitespire:Menacing"],"picked":"infinitespire:Execution","floor":8},{"not_picked":["Burning Pact","Pommel Strike","Intimidate","Deadly Poison"],"picked":"SKIP","floor":10},{"not_picked":["Perfected Strike","Havoc","Warcry","Dodge and Roll"],"picked":"SKIP","floor":12},{"not_picked":["Perfected Strike","Shrug It Off","Caltrops"],"picked":"Iron Wave","floor":13},{"not_picked":["Dropkick","Thunderclap","Disarm"],"picked":"Dagger Spray","floor":14},{"not_picked":["Brutality","Double Tap","Immolate"],"picked":"Adrenaline","floor":16},{"not_picked":["Metallicize","Burning Pact","Thunderclap","Bane"],"picked":"SKIP","floor":18},{"not_picked":["Iron Wave","Entrench","Clash"],"picked":"Dagger Spray","floor":19},{"not_picked":["Havoc","Flame Barrier","Clash","Choke"],"picked":"SKIP","floor":21},{"not_picked":["Thunderclap","Bloodletting+1","Shockwave","Underhanded Strike"],"picked":"SKIP","floor":22},{"not_picked":["Clash","Double Tap","Acrobatics"],"picked":"Battle Trance+1","floor":23},{"not_picked":["Metallicize","Inflame","Die Die Die"],"picked":"Feed","floor":25},{"not_picked":["Perfected Strike","True Grit","Choke"],"picked":"Spot Weakness","floor":28},{"not_picked":["Twin Strike","Sword Boomerang","Sentinel","Choke"],"picked":"SKIP","floor":30},{"not_picked":["Combust","Anger","Dual Wield","Quick Slash"],"picked":"SKIP","floor":31},{"not_picked":["Juggernaut","Demon Form","Storm of Steel"],"picked":"Offering","floor":33},{"not_picked":["hubris:ReadiedAction","Cleave+1","Thunderclap","Concentrate"],"picked":"SKIP","floor":35},{"not_picked":["Evolve","Sever Soul+1","Clash","Acrobatics"],"picked":"SKIP","floor":36},{"not_picked":["Forethought","Mind Blast"],"picked":"hubris:EnhanceAbility","floor":37},{"not_picked":["Headbutt","Seeing Red","Clash"],"picked":"Cloak And Dagger","floor":39},{"not_picked":["Hemokinesis+1","Ghostly Armor","Burning Pact+1"],"picked":"Blade Dance","floor":40},{"not_picked":["Searing Blow","Twin Strike","hubris:ReadiedAction","Heel Hook"],"picked":"SKIP","floor":47}],"player_experience":223648,"relics_obtained":[{"floor":7,"key":"hubris:DisguiseKit"},{"floor":9,"key":"Oddly Smooth Stone"},{"floor":10,"key":"reliquary:PurpleTingedLeaf"},{"floor":13,"key":"Art of War"},{"floor":23,"key":"Eternal Feather"},{"floor":25,"key":"reliquary:PrincelyHelmet"},{"floor":28,"key":"reliquary:Buckler"},{"floor":38,"key":"Charon\u0027s Ashes"},{"floor":40,"key":"Bottled Tornado"},{"floor":43,"key":"MawBank"}],"event_choices":[{"cards_removed":["Finesse"],"damage_healed":0,"gold_gain":0,"player_choice":"Offered Uncommon","damage_taken":0,"max_hp_gain":0,"max_hp_loss":0,"event_name":"Bonfire Elementals","floor":3,"gold_loss":0},{"damage_healed":0,"gold_gain":50,"player_choice":"Touch","damage_taken":8,"max_hp_gain":0,"max_hp_loss":0,"event_name":"FaceTrader","floor":20,"gold_loss":0},{"damage_healed":0,"gold_gain":0,"cards_transformed":["Strike_R"],"player_choice":"Transformed","damage_taken":0,"max_hp_gain":0,"max_hp_loss":0,"event_name":"Transmorgrifier","floor":29,"gold_loss":0,"cards_obtained":["Disarm"]},{"damage_healed":0,"gold_gain":0,"player_choice":"Memory 1","damage_taken":0,"max_hp_gain":0,"max_hp_loss":0,"event_name":"SensoryStone","floor":37,"gold_loss":0},{"damage_healed":0,"gold_gain":0,"player_choice":"Fight","damage_taken":0,"max_hp_gain":0,"max_hp_loss":0,"event_name":"Mysterious Sphere","floor":38,"gold_loss":0},{"damage_healed":0,"gold_gain":0,"player_choice":"Max HP","damage_taken":0,"max_hp_gain":0,"max_hp_loss":6,"event_name":"Winding Halls","floor":41,"gold_loss":0},{"damage_healed":0,"gold_gain":0,"cards_transformed":["Strike_R"],"player_choice":"Transformed","damage_taken":0,"max_hp_gain":0,"max_hp_loss":0,"event_name":"Transmorgrifier","floor":46,"gold_loss":0,"cards_obtained":["Feed"]}],"is_beta":false,"boss_relics":[{"not_picked":["Empty Cage","hubris:Stopwatch"],"picked":"Coffee Dripper"},{"not_picked":["halation:PinkAlligatorPlush","infinitespire:Burning Sword"],"picked":"Philosopher\u0027s Stone"}],"items_purged_floors":[0,0,48],"is_endless":false,"potions_floor_spawned":[12,14,16,18,19,23,25,35,38,40],"ascension_level":20}}