{"host":"cj3w8v5z0njuqga9","time":1612374408,"event":{"mods":["BaseMod","BetterRewards","Card Forge","Colored Powertips","Custom Start","Minty Spire (QoL Compilation)","Permanent Neow","Relic Stats","Shop Mod","StSLib"],"gold_per_floor":[112,131,131,131,131,163,163,183,183,209,223,256,283,3,3,76,76,89,7,7,23,40,69,69],"floor_reached":23,"language":"ENG","playtime":1137,"items_purged":["Strike_B"],"score":502,"play_id":"1e01dcc5-7f15-4302-acc0-3381bbafed19","local_time":"20210203114648","is_ascension_mode":true,"campfire_choices":[{"data":"Ball Lightning","floor":7,"key":"SMITH"},{"data":"Defragment","floor":15,"key":"SMITH"}],"circlet_count":0,"master_deck":["AscendersBane","Strike_B+1","Strike_B","Strike_B","Defend_B","Defend_B","Defend_B","Zap","Dualcast","Undo","Glacier+1","Ball Lightning+1","Barrage+1","Go for the Eyes","Defragment+1","Fission+1","Coolheaded","Lockon","FTL+1","Conserve Battery"],"relics":["Cracked Core","Hammer of Thor","Seething Fire","Anvil of the Gods","Smiling Mask","FossilizedHelix","Pantograph","MealTicket","Calipers","Whetstone","ClockworkSouvenir","Fusion Hammer","Oddly Smooth Stone"],"acts_visited":["Exordium","TheCity"],"potions_floor_usage":[10,11,12],"damage_taken":[{"damage":7,"enemies":"2 Louse","floor":1,"turns":3},{"damage":0,"enemies":"Jaw Worm","floor":2,"turns":5},{"damage":23,"enemies":"3 Sentries","floor":6,"turns":14},{"damage":0,"enemies":"Cultist","floor":8,"turns":3},{"damage":0,"enemies":"Gremlin Nob","floor":10,"turns":3},{"damage":5,"enemies":"Gremlin Gang","floor":11,"turns":4},{"damage":7,"enemies":"3 Sentries","floor":12,"turns":7},{"damage":0,"enemies":"Slime Boss","floor":16,"turns":7},{"damage":11,"enemies":"2 Thieves","floor":18,"turns":4},{"damage":0,"enemies":"Shell Parasite","floor":21,"turns":4},{"damage":13,"enemies":"Sentry and Sphere","floor":22,"turns":7},{"damage":42,"enemies":"Gremlin Leader","floor":23,"turns":8}],"seed_played":"-5675352895768498602","potions_obtained":[{"floor":6,"key":"ColorlessPotion"},{"floor":10,"key":"EntropicBrew"},{"floor":21,"key":"EssenceOfSteel"}],"is_trial":false,"path_per_floor":["M","M","?","$","?","E","R","M","T","E","M","E","T","$","R","B",null,"M","$","?","M","M","E"],"character_chosen":"DEFECT","items_purchased":["Defragment","ClockworkSouvenir","Lockon"],"campfire_rested":0,"item_purchase_floors":[14,14,19],"current_hp_per_floor":[61,61,54,54,54,31,31,31,31,31,26,19,19,34,34,59,71,60,75,75,75,62,20,20],"gold":69,"neow_bonus":"RANDOM_COMMON_RELIC","is_daily":false,"chose_seed":false,"campfire_upgraded":2,"win_rate":0.0,"timestamp":1612374408,"path_taken":["M","M","?","$","?","E","R","M","T","E","M","E","?","$","R","BOSS","M","$","?","M","M","E"],"items_purchased_type":["Card","Relic","Card"],"build_version":"2020-12-22","purchased_purges":1,"victory":false,"max_hp_per_floor":[75,75,75,75,75,75,75,75,75,75,75,75,75,75,75,75,75,75,75,75,75,75,75,75],"relic_stats":{"counters":[29,145],"Pantograph":25,"MealTicket":30,"Whetstone":["Barrage","Strike_B"],"Smiling Mask":25,"obtain_stats":[{"Lantern":0,"Calipers":12,"Happy Flower":14,"Oddly Smooth Stone":8,"Thread and Needle":0,"Hammer of Thor":0,"Runic Capacitor":0,"Seething Fire":0,"Whetstone":13,"Smiling Mask":0,"White Beast Statue":10,"ClockworkSouvenir":14,"Anchor":0,"Emotion Chip":0,"Busted Crown":17,"Anvil of the Gods":0,"Sundial":23,"Pantograph":9,"MealTicket":10,"Fusion Hammer":17,"Necronomicon":22,"Kunai":9,"Cracked Core":0,"FossilizedHelix":6},{"Lantern":0,"Calipers":24,"Happy Flower":7,"Oddly Smooth Stone":4,"Thread and Needle":0,"Hammer of Thor":0,"Runic Capacitor":0,"Seething Fire":0,"Whetstone":24,"Smiling Mask":17,"White Beast Statue":5,"ClockworkSouvenir":24,"Anchor":0,"Emotion Chip":13,"Busted Crown":8,"Anvil of the Gods":0,"Sundial":12,"Pantograph":21,"MealTicket":22,"Fusion Hammer":25,"Necronomicon":11,"Kunai":4,"Cracked Core":0,"FossilizedHelix":20},{"Lantern":0,"Calipers":115,"Happy Flower":28,"Oddly Smooth Stone":14,"Thread and Needle":0,"Hammer of Thor":0,"Runic Capacitor":0,"Seething Fire":0,"Whetstone":115,"Smiling Mask":76,"White Beast Statue":20,"ClockworkSouvenir":115,"Anchor":0,"Emotion Chip":60,"Busted Crown":40,"Anvil of the Gods":0,"Sundial":57,"Pantograph":101,"MealTicket":104,"Fusion Hammer":122,"Necronomicon":53,"Kunai":14,"Cracked Core":0,"FossilizedHelix":98}]},"card_choices":[{"not_picked":["Gash","FTL"],"picked":"Undo","floor":1},{"not_picked":["Steam","Heatsinks"],"picked":"Glacier","floor":2},{"not_picked":["Turbo","Amplify"],"picked":"Ball Lightning","floor":6},{"not_picked":["Double Energy","Heatsinks"],"picked":"Barrage","floor":8},{"not_picked":["Scrape","Streamline"],"picked":"Go for the Eyes","floor":10},{"not_picked":["Sweeping Beam","Skim","Darkness"],"picked":"SKIP","floor":11},{"not_picked":["Barrage","Tempest","Leap"],"picked":"SKIP","floor":12},{"not_picked":["All For One","Buffer"],"picked":"Fission","floor":16},{"not_picked":["Sweeping Beam","Melter"],"picked":"Coolheaded","floor":18},{"not_picked":["Reprogram+1","Hologram","Redo+1"],"picked":"SKIP","floor":21},{"not_picked":["Barrage+1","Leap"],"picked":"FTL+1","floor":22},{"not_picked":["Streamline","Steam Power"],"picked":"Conserve Battery","floor":23}],"player_experience":377624,"relics_obtained":[{"floor":6,"key":"FossilizedHelix"},{"floor":9,"key":"Pantograph"},{"floor":10,"key":"MealTicket"},{"floor":12,"key":"Calipers"},{"floor":13,"key":"Whetstone"},{"floor":23,"key":"Oddly Smooth Stone"}],"event_choices":[{"cards_removed":["Defend_B"],"damage_healed":0,"gold_gain":0,"player_choice":"Card Removal","damage_taken":7,"max_hp_gain":0,"max_hp_loss":0,"event_name":"Golden Wing","floor":3,"gold_loss":0},{"damage_healed":0,"gold_gain":0,"player_choice":"Grow","damage_taken":0,"max_hp_gain":0,"max_hp_loss":0,"event_name":"Living Wall","floor":5,"gold_loss":0,"cards_upgraded":["Glacier"]},{"damage_healed":0,"gold_gain":0,"player_choice":"Upgraded","damage_taken":0,"max_hp_gain":0,"max_hp_loss":0,"event_name":"Upgrade Shrine","floor":20,"gold_loss":0,"cards_upgraded":["Fission"]}],"is_beta":false,"boss_relics":[{"not_picked":["Coffee Dripper","Sozu"],"picked":"Fusion Hammer"}],"items_purged_floors":[14],"is_endless":false,"potions_floor_spawned":[6,10,21,23],"killed_by":"Gremlin Leader","ascension_level":13}}