{"host":"w6q69c5vmy05l1mm","time":1612342326,"event":{"mods":["BaseMod","Better Third Choice","Colored Map","Colored Powertips","Minty Spire (QoL Compilation)","Replay The Spire","StSLib"],"gold_per_floor":[110,129,12,12,12,44,44,76,100,112,124,156,168,190,202,313,325,325,258,258,258,258,258,258,258,258,258,258,258,258,258,258,258,258],"floor_reached":33,"language":"ENG","playtime":1016,"items_purged":[],"score":559,"play_id":"be0ef018-412e-410a-9e2c-3a9b8af3be86","local_time":"20210203105206","is_ascension_mode":true,"campfire_choices":[{"data":"Uppercut","floor":10.0,"key":"SMITH"},{"data":"Flex","floor":13.0,"key":"SMITH"},{"data":"Bash","floor":15.0,"key":"SMITH"},{"data":"Run Through","floor":23,"key":"SMITH"},{"floor":25,"key":"REST"},{"data":"Perfected Strike","floor":27,"key":"SMITH"},{"data":"Shrug It Off","floor":30,"key":"SMITH"},{"data":"ReplayTheSpireMod:LeadingStrike","floor":32,"key":"SMITH"}],"circlet_count":0,"master_deck":["AscendersBane","Strike_R","Strike_R","Strike_R","Strike_R","Strike_R","Defend_R","Defend_R","Defend_R","Defend_R","Bash+1","Twin Strike","Flex+1","Shrug It Off+1","Uppercut+1","Pommel Strike","Thunderclap","Heavy Blade","Headbutt","Run Through+1","Run Through+1","Perfected Strike+1","ReplayTheSpireMod:LeadingStrike+1"],"relics":["Burning Blood","NeowsBlessing","Replay:Ringing Soul","Eternal Feather","ReplayFunnel","Strawberry","MawBank","Ectoplasm","Oddly Smooth Stone","Regal Pillow","Pantograph","Thread and Needle"],"acts_visited":["Exordium","TheCity"],"potions_floor_usage":[21,22,24,28],"damage_taken":[{"damage":0.0,"enemies":"Cultist","floor":1.0,"turns":1.0},{"damage":0.0,"enemies":"2 Louse","floor":2.0,"turns":1.0},{"damage":0.0,"enemies":"3 Sentries","floor":6.0,"turns":2.0},{"damage":32.0,"enemies":"Lagavulin","floor":8.0,"turns":6.0},{"damage":5.0,"enemies":"Jaw Worm","floor":12.0,"turns":3.0},{"damage":10.0,"enemies":"Gremlin Gang","floor":14.0,"turns":4.0},{"damage":80.0,"enemies":"Hexaghost","floor":16.0,"turns":11.0},{"damage":6,"enemies":"Spheric Guardian","floor":18,"turns":3},{"damage":3,"enemies":"Chosen","floor":20,"turns":3},{"damage":32,"enemies":"Shelled Parasite and Fungi","floor":21,"turns":4},{"damage":24,"enemies":"Cultist and Chosen","floor":22,"turns":4},{"damage":44,"enemies":"Book of Stabbing","floor":24,"turns":5},{"damage":32,"enemies":"Gremlin Leader","floor":28,"turns":6},{"damage":12,"enemies":"Snake Plant","floor":31,"turns":3},{"damage":106,"enemies":"Automaton","floor":33,"turns":10}],"seed_played":"5246972990307821111","potions_obtained":[{"floor":6.0,"key":"DuplicationPotion"},{"floor":12.0,"key":"Regen Potion"},{"floor":14.0,"key":"Cursed Concoction"},{"floor":16.0,"key":"BlessingOfTheForge"},{"floor":21,"key":"SteroidPotion"},{"floor":22,"key":"Regen Potion"}],"is_trial":false,"path_per_floor":["M","M","$","?","T","E","$","E","T","R","$","M","R","M","R","B",null,"M","?","M","M","M","R","E","R","T","R","E","?","R","M","R","B"],"character_chosen":"IRONCLAD","items_purchased":["Shrug It Off","Uppercut"],"campfire_rested":1,"item_purchase_floors":[3,3],"current_hp_per_floor":[78,80,80,62,62,71,71,52,52,61,61,65,74,73,82,8,74,77,77,83,69,51,63,33,92,92,104,78,56,68,65,77,0,0],"gold":258,"neow_bonus":"THREE_ENEMY_KILL","is_daily":false,"chose_seed":false,"campfire_upgraded":7,"win_rate":0.0,"timestamp":1612342326,"path_taken":["M","M","?","?","?","E","$","E","T","R","$","M","R","?","R","BOSS","M","?","M","?","M","R","E","R","T","R","E","?","R","M","R","BOSS"],"items_purchased_type":["Card","Card"],"build_version":"2020-12-22","purchased_purges":0,"victory":false,"max_hp_per_floor":[80,80,80,80,80,83,83,90,90,90,90,93,93,96,96,96,96,99,99,102,105,105,105,108,108,108,108,108,113,113,116,116,116,116],"card_choices":[{"not_picked":["Warcry","True Grit"],"picked":"Twin Strike","floor":1.0},{"not_picked":["Havoc","Corruption"],"picked":"Flex","floor":2.0},{"not_picked":["ReplayTheSpireMod:Limb From Limb","ReplayReversal"],"picked":"Pommel Strike","floor":6.0},{"not_picked":["Ghostly Armor","Life Link","Hemokinesis"],"picked":"SKIP","floor":8.0},{"not_picked":["Bloodletting","Heavy Blade"],"picked":"Thunderclap","floor":12.0},{"not_picked":["Whirlwind","Metallicize"],"picked":"Heavy Blade","floor":14.0},{"not_picked":["Shockwave","True Grit"],"picked":"Headbutt","floor":18},{"not_picked":["Anger","Warcry"],"picked":"Run Through","floor":20},{"not_picked":["Sword Boomerang","True Grit"],"picked":"Run Through+1","floor":21},{"not_picked":["Sword Boomerang","ReplayTheSpireMod:Corrosion Curse","Wild Strike"],"picked":"SKIP","floor":22},{"not_picked":["Second Wind","True Grit"],"picked":"Perfected Strike","floor":24},{"not_picked":["ReplayTheSpireMod:Corrosion Curse","Headbutt","Wild Strike"],"picked":"SKIP","floor":28},{"not_picked":["ReplayTheSpireMod:Stacked","Wild Strike"],"picked":"ReplayTheSpireMod:LeadingStrike","floor":31}],"player_experience":397859,"relics_obtained":[{"floor":5.0,"key":"Eternal Feather"},{"floor":6.0,"key":"ReplayFunnel"},{"floor":8.0,"key":"Strawberry"},{"floor":9.0,"key":"MawBank"},{"floor":24,"key":"Regal Pillow"},{"floor":26,"key":"Pantograph"},{"floor":28,"key":"Thread and Needle"}],"event_choices":[{"damage_healed":0.0,"max_hp_gain":0.0,"max_hp_loss":0.0,"gold_gain":0.0,"event_name":"betterThird:BetterScrap","player_choice":"Relic ","floor":4.0,"gold_loss":0.0,"damage_taken":18.0,"cards_obtained":["ReplayTheSpireMod:Speed Training"]},{"damage_healed":0,"gold_gain":0,"player_choice":"Paid Gold","damage_taken":0,"relics_obtained":["Oddly Smooth Stone"],"max_hp_gain":0,"max_hp_loss":0,"event_name":"WeMeetAgain","floor":19,"gold_loss":67},{"damage_healed":0,"gold_gain":0,"player_choice":"Shed Blood","damage_taken":27,"max_hp_gain":5,"max_hp_loss":0,"event_name":"Forgotten Altar","floor":29,"gold_loss":0}],"is_beta":false,"boss_relics":[{"not_picked":["Abe\u0027s Treasure","Ooze Armor"],"picked":"Ectoplasm"}],"items_purged_floors":[],"is_endless":false,"potions_floor_spawned":[6,12,14,16,20,21,22],"killed_by":"Automaton","ascension_level":12}}