{"host":"hcg2wesxzfo46upw","time":1612391362,"event":{"mods":["2.2 Compatiblity","AchievementEnabler","Act Like it!","Aspiration","BaseMod","Beaked The Cultist","Better Altar","Better Match","Better Note","Better Sensory Stone","Better Skull","Better Third Choice","ChefMod","Clockwork Mod","Conspire","Downfall","Elementarium","Gensokyo","GifTheSpireLib","Glutton Mod","Hubris","Infinite Spire","Jedi Mod","Mad Scientist","Minty Spire (QoL Compilation)","Pale of the Ancients","Reliquary","Replay The Spire","Shade Mod","Spicy Shops","Spikes Relics","StSLib","Stuff the Spire","The Blackbeard","The Bug Knight","The Construct","The Cursed","The Death Knight","The Disciple","The Edgeheg","The Jungle","The Necromancer","The Runesmith","Wandering Minibosses"],"gold_per_floor":[115,115,0,0,0,30,43,70,94,108,137,212,224,237,237,339,339,358,84,99,99,99,99,282,296,296,296,54,327,327,340,340,464,464,508,552,567,567,620,620,9,41,41,41,41,62,162,162,162,162,162,162,162,162,162,162,162,162,162,162],"floor_reached":61,"language":"ENG","playtime":4757,"items_purged":["Regret","Delirium","Shame","ReplayTheSpireMod:Splinters"],"score":1875,"play_id":"6e196425-c060-479b-af96-8f5189a70466","local_time":"20210203232922","is_ascension_mode":false,"campfire_choices":[{"data":"Flex","floor":15,"key":"SMITH"},{"data":"jedi:harder","floor":23,"key":"SMITH"},{"data":"Armaments","floor":27,"key":"SMITH"},{"data":"hubris:StunningStrike","floor":30,"key":"SMITH"},{"floor":32,"key":"DIG"},{"data":"ReplayTheSpireMod:LeadingStrike","floor":40,"key":"SMITH"},{"data":"Impervious","floor":49,"key":"SMITH"},{"data":"Replay:Resounding Blow","floor":55,"key":"SMITH"},{"data":"jedi:fear","floor":57,"key":"SMITH"}],"circlet_count":0,"master_deck":["Strike_R","Strike_R","Strike_R","Strike_R","Strike_R","Defend_R","Defend_R","Defend_R","Defend_R","Bash","Heavy Blade","Enlightenment","ReplayReversal","Exhume","Twin Strike","StuffTheSpire:Incineration","Impervious+1","Cleave","ReplayTheSpireMod:LeadingStrike+1","Flex+1","Offering+1","jedi:fear+1","jedi:harder+1","infinitespire:OneForAll+1","infinitespire:OneForAll+1","Heavy Blade","Thunderclap","Armaments+1","hubris:StunningStrike+1","Pommel Strike","Cleave+1","jedi:harder+1","Dark Embrace+1","Whirlwind+1","jedi:fear+1","Parasite","Clothesline+1","conspire:Banana+1","ReplayReversal+1","Defy Death+1","Havoc+1","Absolvement","True Grit+1","Replay:Resounding Blow+1","Midas Touch+1","Abandon+1"],"relics":["Burning Blood","NeowsBlessing","aspiration:DSix","MiniBlackHole","reliquary:WeakTea","Pet Ghost","aspiration:HummingbirdHeart","aspiration:MobileForge","DollysMirror","aspiration:RitualStick","Ring of Panic","ReplayTheSpireMod:Ring of Addiction","hubris:EmptyBottle","Potion Belt","reliquary:RoseTintedGlasses","wanderingMiniBosses:LockLocket","StuffTheSpire:Nightcore","infinitespire:EvilPickle","ChewingGum","aspiration:HatOfInfinitePower","hubris:CrystalStatue","reliquary:BoilingFlask","Toxic Egg 2","reliquary:Buckler","StuffTheSpire:GreaterSneckoEye","jedi:ominousloannote","Happy Flower","paleoftheancients:Timepiece","CultistMask","paleoftheancients:SoulOfTheTimeEater","Garlic","Pantograph"],"acts_visited":["Exordium","TheCity","TheBeyond","TheBeyond"],"potions_floor_usage":[6,8,13,16,16,18,24,25,28,29,33,33,33,33,33,33,36,42,48,50,50,50,50,52],"damage_taken":[{"damage":0,"enemies":"2 Louse","floor":1,"turns":1},{"damage":0,"enemies":"HollowMod:MossKnight","floor":6,"turns":1},{"damage":2,"enemies":"conspire:RoseBush","floor":7,"turns":1},{"damage":45,"enemies":"Gremlin Nob","floor":8,"turns":4},{"damage":1,"enemies":"Cultist","floor":10,"turns":3},{"damage":3,"enemies":"3 Sentries","floor":11,"turns":8},{"damage":6,"enemies":"Blue Slaver","floor":12,"turns":6},{"damage":3,"enemies":"Exordium Wildlife","floor":13,"turns":3},{"damage":6,"enemies":"Lots of Slimes","floor":14,"turns":2},{"damage":51,"enemies":"Hexaghost","floor":16,"turns":9},{"damage":7,"enemies":"conspire:FuzzyDice","floor":18,"turns":4},{"damage":6,"enemies":"Chosen","floor":20,"turns":3},{"damage":8,"enemies":"Centurion and Healer","floor":24,"turns":7},{"damage":6,"enemies":"Sentry and Sphere","floor":25,"turns":3},{"damage":11,"enemies":"Snake Plant","floor":29,"turns":5},{"damage":0,"enemies":"Chosen and Byrds","floor":31,"turns":3},{"damage":6,"enemies":"Pondfish","floor":33,"turns":6},{"damage":6,"enemies":"Orb Walker","floor":35,"turns":1},{"damage":6,"enemies":"3 Darklings","floor":36,"turns":2},{"damage":0,"enemies":"Writhing Mass","floor":39,"turns":3},{"damage":19,"enemies":"Giant Head","floor":42,"turns":6},{"damage":6,"enemies":"Spire Growth","floor":46,"turns":1},{"damage":0,"enemies":"3 Darklings","floor":48,"turns":2},{"damage":23,"enemies":"hubris:GrandSnecko","floor":50,"turns":6},{"damage":0,"enemies":"hubris:GrandSnecko","floor":51,"turns":3},{"damage":90,"enemies":"hubris:GrandSnecko","floor":52,"turns":7},{"damage":0,"enemies":"hubris:GrandSnecko","floor":56,"turns":2},{"damage":2,"enemies":"paleoftheancients:N","floor":60,"turns":3}],"seed_played":"2057929307944934509","potions_obtained":[{"floor":6,"key":"jedi:hoardpotion"},{"floor":7,"key":"PowerPotion"},{"floor":11,"key":"Strength Potion"},{"floor":12,"key":"LiquidMemories"},{"floor":14,"key":"AttackPotion"},{"floor":16,"key":"Toxic Potion"},{"floor":18,"key":"GamblersBrew"},{"floor":20,"key":"Weak Potion"},{"floor":22,"key":"sneckomod:MuddlingPotion"},{"floor":22,"key":"LiquidMemories"},{"floor":22,"key":"EntropicBrew"},{"floor":29,"key":"Adrenaline Potion"},{"floor":36,"key":"DeathKnight:RimePotion"},{"floor":46,"key":"SmokeBomb"}],"is_trial":false,"path_per_floor":["M","?","?","$","?","E","M","E","T","M","E","M","M","M","R","B",null,"M","$","M","?","?","R","M","M","T","R","$","M","R","M","R","B",null,"M","M","?","?","M","R","$","E","T","?","?","M","$","M","R","B","M","M","?","T","R","M","R","T","?","B",null],"character_chosen":"IRONCLAD","items_purchased":["DollysMirror","jedi:StrikingPotion","hubris:StunningStrike","hubris:CrystalStatue","reliquary:BoilingFlask","conspire:Banana","jedi:ominousloannote","Happy Flower"],"campfire_rested":0,"item_purchase_floors":[19,19,28,41,41,41,47,47],"current_hp_per_floor":[80,80,86,86,86,86,86,47,47,52,55,55,58,58,58,13,86,85,85,85,68,68,68,66,66,66,66,66,61,61,67,67,67,84,84,84,84,84,84,82,82,70,70,70,50,52,52,60,60,83,85,54,54,54,54,75,75,75,75,87],"gold":162,"neow_bonus":"THREE_ENEMY_KILL","is_daily":false,"chose_seed":false,"campfire_upgraded":8,"win_rate":0.0,"timestamp":1612391362,"path_taken":["M","?","?","$","?","E","?","E","T","M","E","M","M","M","R","BOSS","M","$","M","?","?","R","M","M","T","R","$","?","R","?","R","BOSS","M","M","?","?","M","R","$","E","T","?","?","M","?","M","R","BOSS","M","M","?","T","R","M","R","T","?","BOSS"],"items_purchased_type":["Relic","Potion","Card","Relic","Relic","Card","Relic","Relic"],"build_version":"2020-12-22","purchased_purges":4,"victory":true,"max_hp_per_floor":[80,80,86,86,86,86,86,86,86,86,86,86,86,86,86,86,86,86,86,86,86,86,86,86,86,86,86,86,86,86,86,86,84,84,84,84,84,84,84,82,82,83,83,79,79,79,79,81,81,83,85,87,87,87,87,87,87,87,85,87],"card_choices":[{"not_picked":["jedi:fear","Flex"],"picked":"Heavy Blade","floor":1},{"not_picked":["Fire Breathing","Headbutt"],"picked":"StuffTheSpire:Incineration","floor":7},{"not_picked":["Wild Strike","Clash"],"picked":"Impervious","floor":8},{"not_picked":["Pommel Strike","StuffTheSpire:Slingshot"],"picked":"Cleave","floor":10},{"not_picked":["Perfected Strike","StuffTheSpire:BloodClot"],"picked":"ReplayTheSpireMod:LeadingStrike","floor":11},{"not_picked":["Havoc","StuffTheSpire:RockThrow"],"picked":"Flex","floor":12},{"not_picked":["StuffTheSpire:Slingshot","Cleave"],"picked":"Offering","floor":13},{"not_picked":["Second Wind","Body Slam"],"picked":"jedi:fear","floor":14},{"not_picked":["Fiend Fire","Bludgeon"],"picked":"jedi:harder","floor":16},{"not_picked":["jedi:fear","Headbutt+1"],"picked":"infinitespire:OneForAll+1","floor":18},{"not_picked":["Sword Boomerang","infinitespire:OneForAll"],"picked":"Heavy Blade","floor":20},{"not_picked":["StuffTheSpire:Slingshot","Clash+1"],"picked":"Thunderclap","floor":24},{"not_picked":["Clash","Sword Boomerang"],"picked":"Armaments","floor":25},{"not_picked":["hubris:SharpeningStone","Wild Strike"],"picked":"Pommel Strike","floor":29},{"not_picked":["jedi:unlimitedpower","Heavy Blade"],"picked":"Cleave+1","floor":31},{"not_picked":["Impervious","conspire:Purge"],"picked":"jedi:harder","floor":33},{"not_picked":["Run Through","ReplayReversal"],"picked":"Dark Embrace+1","floor":35},{"not_picked":["Sword Boomerang","StuffTheSpire:RockThrow+1"],"picked":"Whirlwind+1","floor":36},{"not_picked":["Life Link","Anger"],"picked":"jedi:fear+1","floor":37},{"not_picked":["Pommel Strike","Disarm"],"picked":"Clothesline+1","floor":39},{"not_picked":["StuffTheSpire:Slingshot+1","Clash"],"picked":"ReplayReversal+1","floor":42},{"not_picked":["StuffTheSpire:RockThrow+1","Headbutt"],"picked":"Defy Death+1","floor":46},{"not_picked":["Armaments+1","Twin Strike"],"picked":"Havoc+1","floor":48},{"not_picked":["Body Slam","Thunderclap"],"picked":"Absolvement","floor":51},{"not_picked":["Headbutt","Carnage"],"picked":"True Grit+1","floor":52},{"not_picked":["Replay:BasicMightCard","Discovery+1"],"picked":"Replay:Resounding Blow","floor":53},{"not_picked":["Jack Of All Trades+1","HandOfGreed"],"picked":"Midas Touch+1","floor":53},{"not_picked":["Sword Boomerang+1","Body Slam+1"],"picked":"Abandon+1","floor":56}],"player_experience":253456,"relics_obtained":[{"floor":6,"key":"MiniBlackHole"},{"floor":8,"key":"reliquary:WeakTea"},{"floor":9,"key":"Pet Ghost"},{"floor":11,"key":"aspiration:HummingbirdHeart"},{"floor":22,"key":"Ring of Panic"},{"floor":22,"key":"ReplayTheSpireMod:Ring of Addiction"},{"floor":22,"key":"hubris:EmptyBottle"},{"floor":22,"key":"Potion Belt"},{"floor":26,"key":"reliquary:RoseTintedGlasses"},{"floor":29,"key":"wanderingMiniBosses:LockLocket"},{"floor":32,"key":"StuffTheSpire:Nightcore"},{"floor":37,"key":"aspiration:HatOfInfinitePower"},{"floor":42,"key":"Toxic Egg 2"},{"floor":43,"key":"reliquary:Buckler"},{"floor":45,"key":"StuffTheSpire:GreaterSneckoEye"},{"floor":52,"key":"paleoftheancients:SoulOfTheTimeEater"},{"floor":54,"key":"Garlic"},{"floor":58,"key":"Pantograph"}],"event_choices":[{"damage_healed":0,"gold_gain":0,"player_choice":"Box","damage_taken":0,"relics_obtained":["aspiration:DSix"],"max_hp_gain":0,"max_hp_loss":0,"event_name":"Big Fish","floor":2,"gold_loss":0,"cards_obtained":["Regret"]},{"damage_healed":0,"gold_gain":0,"player_choice":"RENOUNCE","damage_taken":115,"max_hp_gain":0,"max_hp_loss":0,"event_name":"betterThird:BetterSerpent","floor":3,"gold_loss":115,"cards_obtained":["Enlightenment"]},{"cards_removed":["Bash"],"damage_healed":0,"gold_gain":0,"player_choice":"Give","damage_taken":0,"max_hp_gain":0,"max_hp_loss":0,"event_name":"betterNote:BetterNote","floor":5,"gold_loss":0,"cards_obtained":["Bash"]},{"damage_healed":0,"gold_gain":0,"player_choice":"Max HP","damage_taken":0,"max_hp_gain":0,"max_hp_loss":4,"event_name":"Winding Halls","floor":44,"gold_loss":0},{"damage_healed":0,"gold_gain":4,"player_choice":"1","damage_taken":0,"max_hp_gain":0,"max_hp_loss":0,"event_name":"betterStone:BetterStone","floor":53,"gold_loss":0}],"is_beta":false,"boss_relics":[{"not_picked":["construct:ClawGrip","hubris:ScarierMask"],"picked":"aspiration:MobileForge"},{"not_picked":["Mark of Pain","bronze:MakeshiftBattery"],"picked":"ChewingGum"}],"items_purged_floors":[19,28,41,47],"is_endless":false,"potions_floor_spawned":[6,7,11,12,14,16,18,20,29,31,36,46],"ascension_level":0}}