{"host":"qt3f2jehn8ioqbnt","time":1612389619,"event":{"mods":["Act Like it!","BaseMod","Downfall","Marisa£®ÏF”Í°°ƒß¿Ì…≥£©","Minty Spire (QoL Compilation)","Replay The Spire","StSLib","The Bug Knight"],"gold_per_floor":[109,59,126,153,184,184,184,184,200,247,271,311,337,379,72,114,114,243,243,289,345,345,403,403,403],"floor_reached":24,"language":"ZHS","playtime":2120,"items_purged":[],"score":219,"play_id":"0a74e10f-dc61-4847-a4a0-47436461e7a6","local_time":"20210204060019","is_ascension_mode":false,"campfire_choices":[{"data":"SuperNova","floor":6,"key":"SMITH"},{"data":"MillisecondPulsars","floor":17,"key":"SMITH"}],"circlet_count":0,"master_deck":["Defend_MRS","Defend_MRS","Defend_MRS","MasterSpark","UpSweep","PropBag","WitchOfGreed","DoubleSpark","OortCloud","SuperNova+1","WitchOfGreed","PulseMagic","WitchLeyline","MillisecondPulsars+1","ManaRampage","WitchOfGreed","Bite","Bite","Bite","Bite","Bite"],"relics":["MiniHakkero","ReplayTheSpireMod:DimensionalGlitch","ChewingGum","Oddly Smooth Stone","Replay:Mystery Machine","Shovel","Replay:Bronze Core"],"acts_visited":["Exordium","TheCity"],"potions_floor_usage":[10,12,14,18,18,18,23,24,24],"damage_taken":[{"damage":3,"enemies":"2 Louse","floor":1,"turns":2},{"damage":0,"enemies":"Jaw Worm","floor":4,"turns":3},{"damage":0,"enemies":"Cultist","floor":5,"turns":3},{"damage":7,"enemies":"Red Slaver","floor":9,"turns":3},{"damage":0,"enemies":"Exordium Wildlife","floor":10,"turns":3},{"damage":7,"enemies":"Exordium Thugs","floor":12,"turns":4},{"damage":4,"enemies":"Looter","floor":13,"turns":4},{"damage":6,"enemies":"2 Fungi Beasts","floor":14,"turns":3},{"damage":2,"enemies":"Large Slime","floor":16,"turns":4},{"damage":32,"enemies":"Fading Forest","floor":18,"turns":11},{"damage":28,"enemies":"3 Byrds","floor":20,"turns":5},{"damage":14,"enemies":"Spheric Guardian","floor":21,"turns":5},{"damage":25,"enemies":"Centurion and Healer","floor":23,"turns":7},{"damage":34,"enemies":"Shelled Parasite and Fungi","floor":24,"turns":3}],"seed_played":"-1178545997962645932","potions_obtained":[{"floor":1,"key":"Block Potion"},{"floor":3,"key":"ShroomBrew"},{"floor":4,"key":"Swift Potion"},{"floor":5,"key":"LiquidMemories"},{"floor":10,"key":"BlessingOfTheForge"},{"floor":10,"key":"FearPotion"},{"floor":12,"key":"Explosive Potion"},{"floor":14,"key":"Strength Potion"},{"floor":16,"key":"LiquidMemories"},{"floor":18,"key":"FearPotion"},{"floor":18,"key":"Cursed Concoction"},{"floor":20,"key":"Elixir"},{"floor":20,"key":"FairyPotion"},{"floor":21,"key":"Regen Potion"},{"floor":23,"key":"Elixir"}],"is_trial":false,"path_per_floor":["M","?","?","M","M","R","PTL","PTL","M","M","T","M","M","M","$","M","R","B",null,"M","M","?","M","M"],"character_chosen":"MARISA","items_purchased":["Shovel"],"campfire_rested":0,"item_purchase_floors":[15],"current_hp_per_floor":[72,72,72,72,72,72,72,72,65,65,65,58,54,48,48,46,46,31,75,47,33,33,27,0,0],"gold":403,"neow_bonus":"DOUBLE_BOSS_RELIC","is_daily":false,"chose_seed":false,"campfire_upgraded":2,"win_rate":0.0,"timestamp":1612389619,"path_taken":["M","?","?","M","M","R","PTL","PTL","M","M","T","?","M","M","?","M","R","BOSS","M","M","?","M","M"],"items_purchased_type":["Relic"],"build_version":"2020-12-22","purchased_purges":0,"victory":false,"max_hp_per_floor":[75,75,75,75,75,75,75,75,75,75,75,75,75,75,75,75,75,75,75,75,75,52,52,52,52],"card_choices":[{"not_picked":["MilkyWay","IllusionStar"],"picked":"PropBag","floor":1},{"not_picked":["Acceleration","SporeBomb"],"picked":"WitchOfGreed","floor":3},{"not_picked":["NonDirectionalLaser","DC"],"picked":"DoubleSpark","floor":3},{"not_picked":["6A","WitchOfGreed"],"picked":"OortCloud","floor":4},{"not_picked":["MilkyWay","PowerUp"],"picked":"SuperNova","floor":5},{"not_picked":["NonDirectionalLaser","MachineGunSpark"],"picked":"WitchOfGreed","floor":9},{"not_picked":["IllusionStar","SporeBomb"],"picked":"PulseMagic","floor":10},{"not_picked":["PowerUp","ShootingEcho","ChargeUpSpray"],"picked":"SKIP","floor":12},{"not_picked":["LuminesStrike","GrandCross"],"picked":"WitchLeyline","floor":13},{"not_picked":["StarBarrage","PowerUp"],"picked":"MillisecondPulsars","floor":14},{"not_picked":["Acceleration","GrandCross","IllusionStar"],"picked":"SKIP","floor":16},{"not_picked":["StarDustReverie","BigCrunch"],"picked":"ManaRampage","floor":18},{"not_picked":["GalacticHalo","6A"],"picked":"WitchOfGreed","floor":20},{"not_picked":["ShootingEcho","DoubleSpark","Acceleration"],"picked":"SKIP","floor":21},{"not_picked":["PulseMagic","ShootingEcho","NonDirectionalLaser"],"picked":"SKIP","floor":23}],"player_experience":21232,"relics_obtained":[{"floor":3,"key":"Oddly Smooth Stone"},{"floor":11,"key":"Replay:Mystery Machine"}],"event_choices":[{"cards_removed":["Defend_MRS"],"damage_healed":0,"gold_gain":0,"player_choice":"Card Removal","damage_taken":0,"max_hp_gain":0,"max_hp_loss":0,"event_name":"The Cleric","floor":2,"gold_loss":50},{"damage_healed":0,"gold_gain":0,"player_choice":"Became a vampire","damage_taken":0,"max_hp_gain":0,"max_hp_loss":23,"event_name":"Vampires","floor":22,"gold_loss":0,"cards_obtained":["Bite","Bite","Bite","Bite","Bite"]}],"is_beta":false,"boss_relics":[{"not_picked":["Cursed Key","Tiny House"],"picked":"Replay:Bronze Core"}],"items_purged_floors":[],"is_endless":false,"potions_floor_spawned":[1,10,12,16,20,21,23],"killed_by":"Shelled Parasite and Fungi","ascension_level":0}}