{"host":"p0hktren06injwdf","time":1612370564,"event":{"mods":["AchievementEnabler","BaseMod","Colored Map","DeckTracker","Minty Spire (QoL Compilation)","Permanent Neow","StSLib","SuperFastMode"],"gold_per_floor":[114,126,126,28,38,38,66,66,66,66,66,79,79,91,91,168,168,181,181,32,52,66,66,66,66],"floor_reached":24,"language":"KOR","playtime":428,"items_purged":["Strike_G"],"score":392,"play_id":"4b79fa46-10f0-4a1f-9c86-13783359a265","local_time":"20210204014244","is_ascension_mode":true,"campfire_choices":[{"data":"Noxious Fumes","floor":6.0,"key":"SMITH"},{"data":"Dagger Spray","floor":8.0,"key":"SMITH"},{"data":"Deadly Poison","floor":10.0,"key":"SMITH"},{"data":"Calculated Gamble","floor":13.0,"key":"SMITH"},{"data":"Poisoned Stab","floor":15.0,"key":"SMITH"},{"data":"Footwork","floor":23.0,"key":"SMITH"}],"circlet_count":0,"master_deck":["AscendersBane","Strike_G","Strike_G","Strike_G","Strike_G","Defend_G","Defend_G","Defend_G","Defend_G","Defend_G","Survivor","Neutralize","Poisoned Stab+1","Tactician","Noxious Fumes+1","Deadly Poison+1","Backstab","Dagger Spray+1","Calculated Gamble+1","Crippling Poison","Burst","Calculated Gamble","Ghostly","Ghostly","Ghostly","Footwork+1","Backflip"],"relics":["Ring of the Snake","NeowsBlessing","Ninja Scroll","Bottled Flame","Gremlin Horn","HoveringKite"],"acts_visited":["Exordium","TheCity"],"potions_floor_usage":[24,24],"damage_taken":[{"damage":0.0,"enemies":"Cultist","floor":1.0,"turns":1.0},{"damage":0.0,"enemies":"2 Louse","floor":2.0,"turns":1.0},{"damage":0.0,"enemies":"Small Slimes","floor":5.0,"turns":1.0},{"damage":29.0,"enemies":"Lagavulin","floor":7.0,"turns":6.0},{"damage":0.0,"enemies":"Exordium Thugs","floor":12.0,"turns":1.0},{"damage":6.0,"enemies":"Blue Slaver","floor":14.0,"turns":3.0},{"damage":6.0,"enemies":"Slime Boss","floor":16.0,"turns":7.0},{"damage":17.0,"enemies":"Spheric Guardian","floor":18.0,"turns":4.0},{"damage":3.0,"enemies":"2 Thieves","floor":21.0,"turns":5.0},{"damage":9.0,"enemies":"Snake Plant","floor":22.0,"turns":5.0},{"damage":27,"enemies":"Book of Stabbing","floor":24,"turns":4}],"seed_played":"686079285002758762","potions_obtained":[{"floor":2.0,"key":"Block Potion"},{"floor":14.0,"key":"AttackPotion"},{"floor":16.0,"key":"FearPotion"},{"floor":18.0,"key":"SteroidPotion"},{"floor":22.0,"key":"CunningPotion"}],"is_trial":false,"path_per_floor":["M","M","T","$","M","R","E","R","T","R","?","M","R","M","R","B",null,"M","?","$","M","M","R","E"],"character_chosen":"THE_SILENT","items_purchased":["Noxious Fumes","Deadly Poison","Footwork"],"campfire_rested":0,"item_purchase_floors":[4,4,20],"current_hp_per_floor":[59,59,59,59,59,59,30,30,30,30,52,52,52,46,46,40,60,43,33,33,30,21,21,0,0],"gold":66,"neow_bonus":"THREE_ENEMY_KILL","is_daily":false,"chose_seed":false,"campfire_upgraded":6,"win_rate":0.0,"timestamp":1612370564,"path_taken":["M","?","?","$","M","R","E","R","T","R","?","M","R","M","R","BOSS","M","?","$","M","M","R","E"],"items_purchased_type":["Card","Card","Card"],"build_version":"2020-12-22","purchased_purges":1,"victory":false,"max_hp_per_floor":[66,66,66,66,66,66,66,66,66,66,66,66,66,66,66,66,66,66,33,33,33,33,33,33,33],"card_choices":[{"not_picked":["Outmaneuver","Underhanded Strike"],"picked":"Poisoned Stab","floor":1.0},{"not_picked":["Dagger Throw","Sucker Punch"],"picked":"Tactician","floor":2.0},{"not_picked":["Underhanded Strike","Riddle With Holes"],"picked":"Backstab","floor":5.0},{"not_picked":["PiercingWail","Slice"],"picked":"Dagger Spray","floor":7.0},{"not_picked":["Tactician","Distraction"],"picked":"Calculated Gamble","floor":12.0},{"not_picked":["Dodge and Roll","Deflect"],"picked":"Crippling Poison","floor":14.0},{"not_picked":["Glass Knife","Envenom"],"picked":"Burst","floor":16.0},{"not_picked":["Bane","Blade Dance"],"picked":"Calculated Gamble","floor":18.0},{"not_picked":["Dagger Throw","Well Laid Plans","Quick Slash"],"picked":"SKIP","floor":21.0},{"not_picked":["Outmaneuver","Quick Slash"],"picked":"Backflip","floor":22.0}],"player_experience":982237,"relics_obtained":[{"floor":3.0,"key":"Ninja Scroll"},{"floor":7.0,"key":"Bottled Flame"},{"floor":9.0,"key":"Gremlin Horn"}],"event_choices":[{"damage_healed":22.0,"max_hp_gain":0.0,"max_hp_loss":0.0,"gold_gain":0.0,"event_name":"Big Fish","player_choice":"Banana","floor":11.0,"gold_loss":0.0,"damage_taken":0.0},{"damage_healed":0.0,"max_hp_gain":0.0,"max_hp_loss":33.0,"gold_gain":0.0,"event_name":"Ghosts","player_choice":"Became a Ghost","floor":19.0,"gold_loss":0.0,"damage_taken":0.0,"cards_obtained":["Ghostly","Ghostly","Ghostly"]}],"is_beta":false,"boss_relics":[{"not_picked":["Cursed Key","Empty Cage"],"picked":"HoveringKite"}],"items_purged_floors":[20],"is_endless":false,"potions_floor_spawned":[2,14,16,18,22],"killed_by":"Book of Stabbing","ascension_level":20}}