{"host":"ow6t2dz4xifx6xpt","time":1612376333,"event":{"mods":["Aspiration","BaseMod","Colored Map","Colored Powertips","Conjunction","Conspire","DeckTracker","Defuse TimeMaze Blight","Downfall","Energized Spire","Googly Eyes","Hubris","Infinite Spire","Minty Spire (QoL Compilation)","Replay The Spire","Spikes Relics","StSLib","Wandering Minibosses"],"gold_per_floor":[99,110,110,121,31,44,44,71,71,71,7,7,7,7,25,129,129,129,255,20,69,88,88,167,188,188,203,243,243,260,260,280,379,379,379,391,405,405,559,559,559,569,569,588,255,255,255,255,268,268],"floor_reached":51,"language":"ENG","playtime":4519,"items_purged":["Sickly","hexamod:FirstSeal"],"score":740,"play_id":"90fb4d74-31c4-4397-b7bb-bd65fb324f91","local_time":"20210203131853","is_ascension_mode":false,"campfire_choices":[{"data":"hexamod:HexaLevel","floor":1,"key":"SMITH"},{"floor":9,"key":"REST"},{"data":"hexamod:ForkedFlame","floor":35,"key":"SMITH"},{"data":"hexamod:ForkedFlame","floor":46,"key":"SMITH"}],"circlet_count":0,"master_deck":["hexamod:Strike","hexamod:Strike","hexamod:Strike","hexamod:Strike","hexamod:Defend","hexamod:Defend","hexamod:Defend","hexamod:Defend+1","hexamod:Sear","hexamod:Float","hexamod:HexaLevel+1","hexamod:InspiringFlames","hexamod:SpectersWail","hexamod:NightmareGuise","Parasite","hexamod:EtherealExpedition","Offering","hexamod:Hexaguard","hubris:NaturalOne","hexamod:ForkedFlame+1","hexamod:NightmareGuise+1","hexamod:ForkedFlame+1","hexamod:HeatShield+1","expansioncontent:QuickStudy","hubris:Fate","hexamod:WildfireWeapon"],"relics":["hexamod:SpiritBrand","infinitespire:Broken Mirror","aspiration:SeaSaltIceCream","aspiration:Nostalgia","m_IronCrown","hubris:Icosahedron","aspiration:ArtOfWarUpgrade","Sandwich","aspiration:StickyExplosives_weak","SpikesRelics:ToyHorsey","Blue Candle","hexamod:TheBrokenSeal","Regal Pillow","downfall:RedIOU","wanderingMiniBosses:AbyssPearl","energizedSpire:OgreHead","Mercury Hourglass","Tiny Chest"],"acts_visited":["Exordium","TheCity","TheBeyond"],"potions_floor_usage":[15,16,19,22,27,27,28,28,33,33,50,50],"damage_taken":[{"damage":6,"enemies":"2 Louse","floor":2,"turns":4},{"damage":19,"enemies":"Jaw Worm","floor":4,"turns":6},{"damage":0,"enemies":"downfall:FleeingMerchant","floor":5,"turns":6},{"damage":0,"enemies":"conspire:RoseBush","floor":6,"turns":3},{"damage":13,"enemies":"3 Sentries","floor":8,"turns":8},{"damage":0,"enemies":"downfall:FleeingMerchant","floor":11,"turns":4},{"damage":5,"enemies":"Blue Slaver","floor":15,"turns":5},{"damage":24,"enemies":"IC_STATUS_ARCHETYPE","floor":16,"turns":6},{"damage":18,"enemies":"conspire:FuzzyDice","floor":19,"turns":6},{"damage":7,"enemies":"downfall:FleeingMerchant","floor":20,"turns":4},{"damage":0,"enemies":"conspire:MimicChest","floor":21,"turns":6},{"damage":17,"enemies":"3 Byrds","floor":22,"turns":4},{"damage":6,"enemies":"conspire:HollyBat","floor":25,"turns":7},{"damage":15,"enemies":"Snake Plant","floor":27,"turns":4},{"damage":51,"enemies":"Slavers","floor":28,"turns":5},{"damage":7,"enemies":"Chosen and Byrds","floor":30,"turns":3},{"damage":18,"enemies":"Snecko","floor":32,"turns":6},{"damage":12,"enemies":"DF_ARCHETYPE_CLAW","floor":33,"turns":4},{"damage":7,"enemies":"Orb Walker","floor":36,"turns":2},{"damage":0,"enemies":"3 Shapes","floor":37,"turns":3},{"damage":7,"enemies":"downfall:FleeingMerchant","floor":39,"turns":4},{"damage":7,"enemies":"Spire Growth","floor":42,"turns":3},{"damage":1,"enemies":"3 Darklings","floor":44,"turns":2},{"damage":6,"enemies":"Jaw Worm Horde","floor":49,"turns":3},{"damage":71,"enemies":"SI_POISON_ARCHETYPE","floor":50,"turns":5}],"seed_played":"-5909776016911486344","potions_obtained":[{"floor":4,"key":"FearPotion"},{"floor":8,"key":"Death Potion"},{"floor":16,"key":"Adrenaline Potion"},{"floor":21,"key":"DistilledChaos"},{"floor":22,"key":"EssenceOfSteel"},{"floor":22,"key":"Explosive Potion"},{"floor":27,"key":"Swift Potion"},{"floor":27,"key":"Ancient Potion"},{"floor":30,"key":"champ:CounterPotion"},{"floor":32,"key":"BlessingOfTheForge"},{"floor":33,"key":"AttackPotion"},{"floor":49,"key":"Guardian:BlockOnCardUsePotion"}],"is_trial":false,"path_per_floor":["R","M","?","M","$","M","T","E","R","?","$","T","?","?","M","B",null,"R","M","$","?","M","R","T","M","?","M","E","?","M","$","M","B",null,"R","M","M","?","$","?","T","M","?","M","?","R","?","AVR","M","B",null],"character_chosen":"THE_SPIRIT","items_purchased":["hexamod:FirstSeal","hexamod:FourthSeal","hexamod:Hexaguard","expansioncontent:QuickStudy"],"campfire_rested":1,"item_purchase_floors":[11,20,20,39],"current_hp_per_floor":[70,64,64,45,45,45,45,32,53,70,70,70,70,70,70,52,70,70,70,70,70,59,59,59,66,61,52,80,80,79,79,67,61,80,80,79,80,80,79,79,79,78,57,62,90,90,90,90,90,25],"gold":268,"neow_bonus":"THREE_RARE_CARDS","is_daily":false,"chose_seed":false,"campfire_upgraded":3,"win_rate":0.0,"timestamp":1612376333,"path_taken":["R","M","?","M","$","M","T","E","R","?","$","?","?","?","M","BOSS","R","M","$","?","?","R","T","M","?","M","E","?","M","?","M","BOSS","R","M","M","?","$","?","T","M","?","?","?","R","?","AVR","M","BOSS"],"items_purchased_type":["Card","Card","Card","Card"],"build_version":"2020-12-22","purchased_purges":2,"victory":true,"max_hp_per_floor":[70,70,70,70,70,70,70,70,70,70,70,70,70,70,70,70,70,70,70,70,70,70,70,70,70,70,70,80,80,80,80,80,80,80,80,80,80,80,80,80,80,80,80,80,90,90,90,90,90,90],"card_choices":[{"not_picked":["hexamod:SearingWound","hexamod:UnleashSpirits"],"picked":"hexamod:HexaLevel","floor":0},{"not_picked":["hexamod:EtherealExpedition","hexamod:ExtraCrispy"],"picked":"hexamod:InspiringFlames","floor":2},{"not_picked":["hexamod:InspiringFlames","hexamod:CatchUp","hexamod:BurningTouch"],"picked":"SKIP","floor":4},{"not_picked":["hexamod:UnlimitedPower","hexamod:RainOfEmbers"],"picked":"hexamod:SpectersWail","floor":5},{"not_picked":["hexamod:SwordOfDarkness","hexamod:BacktrackSmack"],"picked":"hexamod:NightmareGuise","floor":6},{"not_picked":["hexamod:ThermalTransfer","hexamod:GhostShield"],"picked":"hexamod:SecondSeal","floor":8},{"not_picked":["hexamod:HexaLevel","hexamod:ShieldOfDarkness"],"picked":"hexamod:EtherealExpedition","floor":11},{"not_picked":["hexamod:BacktrackSmack","Twin Strike","hexamod:InspiringFlames"],"picked":"SKIP","floor":15},{"not_picked":["hexamod:TimeWarp","hexamod:SearingWound"],"picked":"Offering","floor":16},{"not_picked":["hexamod:Firestarter","hexamod:SecondSeal","hexamod:HauntingEcho"],"picked":"SKIP","floor":19},{"not_picked":["hexamod:Firestarter","hexamod:SecondSeal","hexamod:HauntingEcho"],"picked":"SKIP","floor":19},{"not_picked":["hexamod:SwordOfDarkness","hexamod:NecessarySacrifice+1","hexamod:NightmareGuise"],"picked":"SKIP","floor":20},{"not_picked":["hexamod:FastForward","hexamod:SpectersWail"],"picked":"hexamod:FifthSeal","floor":21},{"not_picked":["hexamod:SecondSeal","hexamod:FourthSeal"],"picked":"hexamod:SixthSeal","floor":22},{"not_picked":["hexamod:BurningTouch","hexamod:SpectralAdrenaline","hexamod:InspiringFlames"],"picked":"SKIP","floor":22},{"not_picked":["hexamod:InspiringFlames","hexamod:HeatCrush"],"picked":"hexamod:ForkedFlame","floor":25},{"not_picked":["hexamod:SecondSeal","hexamod:FirstSeal"],"picked":"hexamod:ThirdSeal","floor":27},{"not_picked":["hexamod:BurningTouch","hexamod:HeatCrush","hexamod:ThermalTransfer+1"],"picked":"SKIP","floor":27},{"not_picked":["hexamod:PhantomCloak","hexamod:HauntingEcho"],"picked":"hexamod:NightmareGuise+1","floor":28},{"not_picked":["hexamod:FirstSeal","hexamod:ShieldOfDarkness","hexamod:Firestarter"],"picked":"SKIP","floor":30},{"not_picked":["hexamod:BacktrackSmack","hexamod:AdvancingGuard","hexamod:Firestarter"],"picked":"SKIP","floor":32},{"not_picked":["hexamod:ParanormalForm","hexamod:HexaLevel"],"picked":"hexamod:ForkedFlame","floor":33},{"not_picked":["hexamod:ShieldOfDarkness","hexamod:HauntingEcho+1","hexamod:FastForward"],"picked":"SKIP","floor":36},{"not_picked":["hexamod:Hexaguard","hexamod:FirstSeal","hexamod:HauntingEcho"],"picked":"SKIP","floor":37},{"not_picked":["hexamod:NecessarySacrifice","hexamod:Firestarter+1"],"picked":"hexamod:HeatShield+1","floor":39},{"not_picked":["hexamod:GhostShield","hexamod:HeatShield+1","hexamod:SpectralAdrenaline"],"picked":"SKIP","floor":42},{"not_picked":["infinitespire:Punishment","infinitespire:Starlight"],"picked":"hubris:Fate","floor":43},{"not_picked":["hexamod:BacktrackSmack","hexamod:GhostOfSpirePast+1"],"picked":"hexamod:WildfireWeapon","floor":44},{"not_picked":["hexamod:Rewind+1","hexamod:NightmareStrike","hexamod:WildfireWeapon"],"picked":"SKIP","floor":49}],"player_experience":340427,"relics_obtained":[{"floor":7,"key":"infinitespire:Broken Mirror"},{"floor":8,"key":"Replay:Baseball"},{"floor":12,"key":"aspiration:SeaSaltIceCream"},{"floor":21,"key":"aspiration:StickyExplosives_weak"},{"floor":24,"key":"SpikesRelics:ToyHorsey"},{"floor":28,"key":"Regal Pillow"},{"floor":32,"key":"wanderingMiniBosses:AbyssPearl"},{"floor":41,"key":"Mercury Hourglass"}],"event_choices":[{"damage_healed":17,"gold_gain":0,"player_choice":"Healed and dodged fight","damage_taken":0,"max_hp_gain":0,"max_hp_loss":0,"event_name":"Mushrooms","floor":10,"gold_loss":0,"cards_obtained":["Parasite"]}],"is_beta":false,"boss_relics":[{"not_picked":["Replay:Bronze Core","conspire:RunicOctahedron"],"picked":"Sandwich"},{"not_picked":["Abe\u0027s Treasure","Velvet Choker"],"picked":"energizedSpire:OgreHead"}],"items_purged_floors":[5,20],"is_endless":false,"potions_floor_spawned":[4,8,16,22,25,27,30,32,33,49],"ascension_level":0}}