{"host":"m8d0q1obfsrpi6km","time":1612365440,"event":{"mods":["2.2 Compatiblity","AchievementEnabler","Act Like it!","BaseMod","Better Altar","Better Match","Better Note","Better Sensory Stone","Better Third Choice","BetterRewards","DeckTracker","Fox Events","Gensokyo","Hallownest","Hubris","Infinite Spire","Magitek Elite","Minty Spire (QoL Compilation)","Permanent Neow","Quick Restart","Reliquary","Replay The Spire","Reworked Bosses","Shop Mod","StSLib","SuperFastMode","Synergy Search","The Alterego","The Animator","TheWitcher","Waifu the Spire","??????REMEMod"],"gold_per_floor":[109,109,37,37,61,92,92,105,152,302,302,320,90,99,99,204,204,223,148,148,166,166,166,180,190,190,190,190,217,13,13,13,111,111,131,145,163,19,36,36,36,36,36,86,296,296,296,315,315,315],"floor_reached":51,"language":"ENG","playtime":2761,"items_purged":["Pain","SnafuTest:BlueWhale+1"],"score":763,"play_id":"08a8d6bc-a84c-4a38-9e9c-736aa665ee02","local_time":"20210203161720","is_ascension_mode":false,"campfire_choices":[{"data":"SnafuTest:PowerCrimsonRitual","floor":7.0,"key":"SMITH"},{"floor":15.0,"key":"REST"},{"data":"SnafuTest:Awake","floor":23.0,"key":"SMITH"},{"data":"SnafuTest:BlueWhale","floor":32.0,"key":"SMITH"},{"floor":40,"key":"REST"},{"data":"SnafuTest:SpellIncendiaryShower","floor":46,"key":"SMITH"},{"floor":49,"key":"REST"}],"circlet_count":0,"master_deck":["SnafuTest:DefaultCommonAttack","SnafuTest:DefaultCommonAttack","SnafuTest:DefaultCommonSkill+1","SnafuTest:DefaultCommonSkill","SnafuTest:DefaultCommonSkill","SnafuTest:SignAard","SnafuTest:PowerCrimsonRitual+1","SnafuTest:SpellLifeDrain","SnafuTest:SuddenPuncture","SnafuTest:SpellIncendiaryShower+1","SnafuTest:BombDevilsPuffball","SnafuTest:Awake+1","SnafuTest:TrackingSense+1","SnafuTest:SpellTortoise","SnafuTest:BattleCry","SnafuTest:SignQuen","SnafuTest:PowerEternalFlame","SnafuTest:SignIgni","infinitespire:Fortify","SnafuTest:BombSamum+1","Gensokyo:AllTheWorldsEvil","SnafuTest:SmashingSlash+1","SnafuTest:SignAxii+1"],"relics":["SnafuTest:UnstableMutagenRelic","REME_ComplimentaryCards","reliquary:WeakTea","Gensokyo:YoukaiFlower","infinitespire:Beetle Shell","CaptainsWheel","Boot","ReplayTheSpireMod:CursedCoin","SnafuTest:GriffinRelic","Omamori","Golden_Hairpin","hubris:TinFlute","Gensokyo:SongOfSouls","Dream Catcher","hubris:TenFootPole","Lee\u0027s Waffle","REME_DemonsWealth","Chemical X","hubris:Towel","Turnip","Vajra","Tiny House","Replay:Baseball"],"acts_visited":["Gensokyo:Gensokyo","Gensokyo:Gensokyoer","Gensokyo:Gensokyoest"],"potions_floor_usage":[33,39,50,50],"damage_taken":[{"damage":4.0,"enemies":"Gensokyo:Python","floor":1.0,"turns":4.0},{"damage":26.0,"enemies":"Gensokyo:Mamizou","floor":6.0,"turns":12.0},{"damage":5.0,"enemies":"Gensokyo:Gryphon","floor":8.0,"turns":3.0},{"damage":0.0,"enemies":"Gensokyo:3_Fairies","floor":12.0,"turns":4.0},{"damage":0.0,"enemies":"Gensokyo:3_Kodama","floor":14.0,"turns":2.0},{"damage":25.0,"enemies":"Gensokyo:Kokoro","floor":16.0,"turns":9.0},{"damage":3.0,"enemies":"Gensokyo:CosmicMonolith","floor":18.0,"turns":3.0},{"damage":4.0,"enemies":"Gensokyo:2_Gloops","floor":21.0,"turns":3.0},{"damage":20.0,"enemies":"Gensokyo:Wraith","floor":24.0,"turns":4.0},{"damage":5.0,"enemies":"Gensokyo:Mirror_and_Dog","floor":25.0,"turns":1.0},{"damage":27.0,"enemies":"Gensokyo:Tenshi","floor":29.0,"turns":4.0},{"damage":42,"enemies":"Gensokyo:Eiki","floor":33,"turns":9},{"damage":25,"enemies":"Gensokyo:3_Boulders","floor":35,"turns":4},{"damage":6,"enemies":"Gensokyo:3_Bats","floor":36,"turns":3},{"damage":21,"enemies":"Gensokyo:3_Boulders","floor":37,"turns":3},{"damage":17,"enemies":"Gensokyo:4_Bats","floor":39,"turns":3},{"damage":3,"enemies":"Gensokyo:SeedOfUnknown","floor":45,"turns":6},{"damage":5,"enemies":"Gensokyo:Dusk_and_Dawn","floor":48,"turns":4},{"damage":18,"enemies":"Gensokyo:Yuyuko","floor":50,"turns":7}],"seed_played":"-1609954172321383372","potions_obtained":[{"floor":6.0,"key":"Ancient Potion"},{"floor":14.0,"key":"AttackPotion"},{"floor":16.0,"key":"Adrenaline Potion"},{"floor":24.0,"key":"ColorlessPotion"},{"floor":25.0,"key":"Weak Potion"},{"floor":29.0,"key":"Elixir"},{"floor":35,"key":"DuplicationPotion"},{"floor":36,"key":"Dexterity Potion"},{"floor":44,"key":"FearPotion"}],"is_trial":false,"path_per_floor":["M","?","$","?","T","E","R","M","T","$","?","M","$","M","R","B",null,"M","?","?","M","?","R","M","M","T","$","?","E","$","?","R","B",null,"M","M","M","COS","M","R","?","?","T","AVR","M","R","$","M","R","B",null],"character_chosen":"THE_WITCHER","items_purchased":["SnafuTest:SpellLifeDrain","ReplayTheSpireMod:CursedCoin","SnafuTest:GriffinRelic","SnafuTest:SpellIncendiaryShower","Omamori","Lee\u0027s Waffle","SnafuTest:BattleCry","Replay:Baseball"],"campfire_rested":3,"item_purchase_floors":[3,10,10,13,13,30,30,47],"current_hp_per_floor":[71,71,71,71,71,45,45,40,40,19,19,19,19,19,41,16,75,72,72,69,65,65,65,45,40,40,40,40,13,76,76,76,34,76,51,45,24,24,7,29,29,29,29,34,31,31,21,16,40,40],"gold":315,"neow_bonus":"RANDOM_COMMON_RELIC","is_daily":false,"chose_seed":false,"campfire_upgraded":4,"win_rate":0.0,"timestamp":1612365440,"path_taken":["M","?","$","?","?","E","R","?","T","?","?","M","$","M","R","BOSS","M","?","?","?","?","R","M","M","T","?","?","E","$","?","R","BOSS","M","?","M","COS","?","R","?","?","T","AVR","M","R","?","M","R","BOSS"],"items_purchased_type":["Card","Relic","Relic","Card","Relic","Relic","Card","Relic"],"build_version":"2020-12-22","purchased_purges":2,"victory":true,"max_hp_per_floor":[75,75,75,75,75,75,75,75,75,75,75,75,75,75,75,75,75,75,75,69,69,69,69,69,69,69,69,69,69,76,76,76,76,76,76,76,76,76,76,76,76,76,76,81,81,81,81,81,81,81],"card_choices":[{"not_picked":["SnafuTest:PowerMartialMagical","SnafuTest:PowerFireDamnation"],"picked":"SnafuTest:PowerCrimsonRitual","floor":1.0},{"not_picked":["SnafuTest:Kick","SnafuTest:PowerVainGlory"],"picked":"SnafuTest:BlueWhale","floor":6.0},{"not_picked":["SnafuTest:SpellDispellingPush","SnafuTest:SpellDarkMirror"],"picked":"SnafuTest:SuddenPuncture","floor":8.0},{"not_picked":["SnafuTest:MCSuccubusSeduction","SnafuTest:RecklessBlow"],"picked":"SnafuTest:PayWeaponShop","floor":12.0},{"not_picked":["SnafuTest:CareTaker","SnafuTest:SpellDarkMirror","SnafuTest:UndefeatedNarcissism"],"picked":"SKIP","floor":14.0},{"not_picked":["SnafuTest:BoxingChampion","SnafuTest:PowerMahakam"],"picked":"SnafuTest:Awake","floor":16.0},{"not_picked":["SnafuTest:BombNorthernWind","SnafuTest:SpellBitingFrost","SnafuTest:HermitsErudition+1"],"picked":"SKIP","floor":18.0},{"not_picked":["SnafuTest:Portal+1","SnafuTest:PayGnomePedlar+1"],"picked":"SnafuTest:TrackingSense+1","floor":19.0},{"not_picked":["SnafuTest:WitchHunt","SnafuTest:SpellLivingArmor","SnafuTest:WeddingDance"],"picked":"SKIP","floor":21.0},{"not_picked":["SnafuTest:BloodForBlood","SnafuTest:Offering","SnafuTest:SpellBlindFury"],"picked":"SKIP","floor":24.0},{"not_picked":["SnafuTest:NoPass+1","SnafuTest:PayHappyHour","SnafuTest:BombNorthernWind+1"],"picked":"SKIP","floor":25.0},{"not_picked":["SnafuTest:FlashingEvasion+1","SnafuTest:BloodForBlood"],"picked":"SnafuTest:SpellTortoise","floor":29.0},{"not_picked":["SnafuTest:FreyaBlessing","SnafuTest:LastWish"],"picked":"SnafuTest:PowerEternalFlame","floor":33},{"not_picked":["SnafuTest:FlashingEvasion+1","SnafuTest:PowerProbingFeint+1","SnafuTest:BombDimeritium","hubris:Despair"],"picked":"SKIP","floor":35},{"not_picked":["SnafuTest:SpellGloemGuard","SnafuTest:PowerMartialMagical","SnafuTest:MCPlayGwent+1"],"picked":"SnafuTest:CurseWeakArmy","floor":36},{"not_picked":["SnafuTest:PowerMartialMagical+1","SnafuTest:Portal","animator:Curse_Nutcracker"],"picked":"SnafuTest:SignIgni","floor":37},{"not_picked":["SnafuTest:WitchHunt+1","SnafuTest:SneakKill+1","SnafuTest:PowerCrimsonRitual+1"],"picked":"Shame","floor":39},{"not_picked":["SnafuTest:Shooting+1","SnafuTest:SpellCalcinedMetamorphism","Parasite"],"picked":"SnafuTest:BombSamum+1","floor":44},{"not_picked":["SnafuTest:VitalShield+1","SnafuTest:Meditation+1","SnafuTest:SpellGloemGuard"],"picked":"Gensokyo:AllTheWorldsEvil","floor":45},{"not_picked":["SnafuTest:Siege","SnafuTest:AncestralRitual","Parasite"],"picked":"SnafuTest:SmashingSlash+1","floor":48},{"not_picked":["SnafuTest:PayWeaponShop","SnafuTest:CareTaker+1","hubris:Gluttony"],"picked":"SnafuTest:SignAxii+1","floor":49}],"player_experience":293593,"relics_obtained":[{"floor":5.0,"key":"infinitespire:Beetle Shell"},{"floor":6.0,"key":"CaptainsWheel"},{"floor":9.0,"key":"Boot"},{"floor":26.0,"key":"Dream Catcher"},{"floor":29.0,"key":"hubris:TenFootPole"},{"floor":43,"key":"Turnip"}],"event_choices":[{"damage_healed":0.0,"max_hp_gain":0.0,"max_hp_loss":0.0,"gold_gain":0.0,"event_name":"betterMatch:BetterMatch","player_choice":"2","floor":19.0,"gold_loss":0.0,"damage_taken":0.0,"cards_obtained":["betterMatch:CommonCard"]}],"is_beta":false,"boss_relics":[{"not_picked":["Calling Bell","hubris:ScarierMask"],"picked":"Golden_Hairpin"},{"not_picked":["Empty Cage","Fusion Hammer"],"picked":"REME_DemonsWealth"}],"items_purged_floors":[10,44],"is_endless":false,"potions_floor_spawned":[6,14,16,24,25,29,35,36,45],"ascension_level":0}}