{"host":"phniwng9zo19jwdb","time":1612378260,"event":{"mods":["AchievementEnabler","BaseMod","Colored Powertips","Dark Map","Faster Ascension Climbing","GifTheSpireLib","Minty Spire (QoL Compilation)","Permanent Neow","Rare Cards Sparkle","Relic Filter Mod","StSLib","Weighted Paths"],"gold_per_floor":[118,138,138,149,163,163,193,193,193,225,287,312,346,365,365,365,365],"floor_reached":16,"language":"ENG","playtime":517,"items_purged":[],"score":264,"play_id":"a7913507-4f8c-4b39-897a-f77985d8fbb6","local_time":"20210203195100","is_ascension_mode":true,"campfire_choices":[{"data":"A Thousand Cuts","floor":6.0,"key":"SMITH"},{"data":"After Image","floor":8.0,"key":"SMITH"},{"data":"Tactician","floor":15,"key":"SMITH"}],"circlet_count":0,"master_deck":["AscendersBane","Strike_G","Strike_G","Strike_G","Strike_G","Strike_G","Defend_G","Defend_G","Defend_G","Defend_G","Defend_G","Survivor","Neutralize","Normality","Leg Sweep","Endless Agony","Bane","A Thousand Cuts+1","After Image+1","Cloak And Dagger","Dagger Throw+1","Backflip","Tactician+1","Cloak And Dagger"],"relics":["Ring of the Snake","Du-Vu Doll","SsserpentHead","Boot","Molten Egg 2","WingedGreaves","Pocketwatch","HornCleat"],"acts_visited":["Exordium"],"potions_floor_usage":[12],"damage_taken":[{"damage":1.0,"enemies":"Jaw Worm","floor":1.0,"turns":4.0},{"damage":2.0,"enemies":"Cultist","floor":2.0,"turns":5.0},{"damage":1.0,"enemies":"Small Slimes","floor":4.0,"turns":3.0},{"damage":0.0,"enemies":"Red Slaver","floor":5.0,"turns":3.0},{"damage":17.0,"enemies":"3 Sentries","floor":7.0,"turns":6.0},{"damage":6.0,"enemies":"Lagavulin","floor":10.0,"turns":7.0},{"damage":1.0,"enemies":"Blue Slaver","floor":11.0,"turns":6.0},{"damage":3,"enemies":"Gremlin Nob","floor":12,"turns":3},{"damage":4,"enemies":"3 Sentries","floor":13,"turns":8},{"damage":5,"enemies":"Exordium Wildlife","floor":14,"turns":5},{"damage":24,"enemies":"Slime Boss","floor":16,"turns":3}],"seed_played":"-5559292737943691658","potions_obtained":[{"floor":2.0,"key":"DuplicationPotion"},{"floor":5.0,"key":"LiquidBronze"},{"floor":10.0,"key":"SteroidPotion"},{"floor":11.0,"key":"LiquidBronze"}],"is_trial":false,"path_per_floor":["M","M","?","M","M","R","E","R","T","E","M","E","E","M","R","B"],"character_chosen":"THE_SILENT","items_purchased":[],"campfire_rested":0,"item_purchase_floors":[],"current_hp_per_floor":[58,56,56,55,55,55,38,38,38,32,31,28,24,19,19,0,0],"gold":365,"neow_bonus":"ONE_RARE_RELIC","is_daily":false,"chose_seed":false,"campfire_upgraded":3,"win_rate":0.0,"timestamp":1612378260,"path_taken":["M","M","?","M","M","R","E","R","T","E","?","E","E","M","R","BOSS"],"items_purchased_type":[],"build_version":"2020-12-22","purchased_purges":0,"victory":false,"max_hp_per_floor":[66,66,66,66,66,66,66,66,66,66,66,66,66,66,66,66,66],"card_choices":[{"not_picked":["Dodge and Roll","Caltrops"],"picked":"Leg Sweep","floor":1.0},{"not_picked":["Dagger Spray","Riddle With Holes"],"picked":"Endless Agony","floor":2.0},{"not_picked":["All Out Attack","Dagger Throw"],"picked":"Bane","floor":4.0},{"not_picked":["Backflip","Flying Knee"],"picked":"A Thousand Cuts","floor":5.0},{"not_picked":["Underhanded Strike","Finisher"],"picked":"After Image","floor":7.0},{"not_picked":["PiercingWail","All Out Attack+1"],"picked":"Cloak And Dagger","floor":10.0},{"not_picked":["Underhanded Strike+1","Well Laid Plans"],"picked":"Dagger Throw+1","floor":11.0},{"not_picked":["Quick Slash+1","Unload+1"],"picked":"Backflip","floor":12},{"not_picked":["PiercingWail","Cloak And Dagger"],"picked":"Tactician","floor":13},{"not_picked":["Quick Slash+1","Prepared"],"picked":"Cloak And Dagger","floor":14}],"player_experience":78931,"relics_obtained":[{"floor":7.0,"key":"Boot"},{"floor":9.0,"key":"Molten Egg 2"},{"floor":10.0,"key":"WingedGreaves"},{"floor":12,"key":"Pocketwatch"},{"floor":13,"key":"HornCleat"}],"event_choices":[{"damage_healed":0.0,"max_hp_gain":0.0,"max_hp_loss":0.0,"gold_gain":0.0,"event_name":"FaceTrader","player_choice":"Trade","floor":3.0,"gold_loss":0.0,"damage_taken":0.0,"relics_obtained":["SsserpentHead"]}],"is_beta":false,"boss_relics":[],"items_purged_floors":[],"is_endless":false,"potions_floor_spawned":[2,5,10,11],"killed_by":"Slime Boss","ascension_level":20}}