{"host":"pcbz64t4k17ey4z1","time":1612378055,"event":{"mods":["2.2 Compatiblity","AchievementEnabler","Act Like it!","Aspiration","BaseMod","Beaked The Cultist","Better Match","Better Third Choice","BetterRewards","Card Forge","Colored Map","Colored Powertips","Conspire","Disable Question Mark Monsters","Fireblade Mod","Friendly Minions","Gensokyo","GifTheSpireLib","Glutton Mod","Googly Eyes","Gremlin Mod","Hermit","Hubris","Infinite Spire","Koishi","Marisa????????","Minty Spire (QoL Compilation)","Permanent Neow","Potionbrewer","Quick Restart","Random Character Button","Rare Cards Sparkle","Relic Filter","Replay The Spire","Robot Space Explorer","Shade Mod","Shop Mod","Spicy Shops","StSLib","Stuff the Spire","SuperFastMode","The Cursed","The Druid","The Gatherer","The Hierophant","The IronCluck","The Jungle","The Marked","The Runesmith","Virulent Crown","Waifu the Spire","Wandering Minibosses"],"gold_per_floor":[110,125,50,50,65,78,104,104,104,139,19,34,34,45,45,140,140,158,177,196,210,228,261,261,274,329,360,375,375,406,418,430,442,442],"floor_reached":33,"language":"ENG","playtime":1480,"items_purged":[],"score":547,"play_id":"bff641b5-310b-485c-8575-3430e26613d1","local_time":"20210203184735","is_ascension_mode":true,"campfire_choices":[{"data":"theMarked:Determination","floor":8,"key":"SMITH"},{"data":"theMarked:Seal","floor":15,"key":"SMITH"},{"floor":29,"key":"REST"},{"floor":32,"key":"RECALL"}],"circlet_count":0,"master_deck":["theMarked:Defend+1","theMarked:Defend+1","theMarked:Defend+1","theMarked:Defend+1","theMarked:SoldierOfQuellstein+1","ReplayTheSpireMod:Private Reserves+1","theMarked:BanishingStrike","theMarked:WardOff","theMarked:LightningStrikesTwice+1","theMarked:SuspiciousRaven+1","theMarked:SelfDefenseTraining+1","theMarked:Determination+1","theMarked:FavorableWinds+1","theMarked:Seal+1","theMarked:Memento+1","theMarked:Determination+1","theMarked:DispelDoubt+1","theMarked:BanishingWave"],"relics":["theMarked:ArtifactOfAir","Hammer of Thor","Seething Fire","Anvil of the Gods","Blood Vial","infinitespire:Satchel","StuffTheSpire:Nightcore","hubris:OldNail","Gremlin Food","Matryoshka","infinitespire:Cupcake","Snack Pack","Gremlin Horn","potionbrewer:WarMedal","aspiration:Lifesprig","aspiration:FrozenJewel","infinitespire:FocusingShard","MawBank"],"acts_visited":["Exordium","TheCity"],"potions_floor_usage":[7,16,23,23,27,30,33,33],"damage_taken":[{"damage":1,"enemies":"Jaw Worm","floor":1,"turns":3},{"damage":0,"enemies":"Cultist","floor":2,"turns":2},{"damage":0,"enemies":"conspire:RoseBush","floor":5,"turns":2},{"damage":0,"enemies":"conspire:2 RoseBushes","floor":6,"turns":5},{"damage":15,"enemies":"3 Sentries","floor":7,"turns":6},{"damage":7,"enemies":"Gremlin Nob","floor":10,"turns":4},{"damage":0,"enemies":"Looter","floor":12,"turns":2},{"damage":0,"enemies":"Large Slime","floor":14,"turns":3},{"damage":0,"enemies":"Hexaghost","floor":16,"turns":7},{"damage":0,"enemies":"Spheric Guardian","floor":18,"turns":4},{"damage":0,"enemies":"Chosen","floor":19,"turns":5},{"damage":1,"enemies":"3 Cultists","floor":20,"turns":4},{"damage":0,"enemies":"Snecko","floor":21,"turns":4},{"damage":0,"enemies":"Centurion and Healer","floor":22,"turns":5},{"damage":27,"enemies":"Slavers","floor":23,"turns":6},{"damage":12,"enemies":"Shelled Parasite and Fungi","floor":25,"turns":3},{"damage":0,"enemies":"Replay:Snechameleon","floor":27,"turns":4},{"damage":0,"enemies":"3 Cultists","floor":28,"turns":4},{"damage":0,"enemies":"conspire:Head Lice","floor":30,"turns":3},{"damage":67,"enemies":"Collector","floor":33,"turns":7}],"seed_played":"-3089799567677714544","potions_obtained":[{"floor":1,"key":"potionbrewer:EndurancePotion"},{"floor":5,"key":"potionbrewer:NoxiousPotion"},{"floor":14,"key":"LifebloodPotion"},{"floor":19,"key":"SpeedPotion"},{"floor":25,"key":"ColorlessPotion"},{"floor":27,"key":"Languid Potion"},{"floor":28,"key":"GamblersBrew"},{"floor":30,"key":"potionbrewer:BarricadePotion"}],"is_trial":false,"path_per_floor":["M","M","?","?","M","M","E","R","T","E","$","M","$","M","R","B",null,"M","M","M","M","M","E","T","M","T","E","M","R","E","?","R","B"],"character_chosen":"THE_DEFAULT","items_purchased":["Blood Vial","ReplayTheSpireMod:Private Reserves","infinitespire:Satchel","Matryoshka"],"campfire_rested":1,"item_purchase_floors":[0,0,0,11],"current_hp_per_floor":[69,70,70,70,70,70,55,55,55,50,50,52,52,54,54,56,70,70,70,69,70,70,43,43,33,33,35,37,58,60,60,60,0,0],"gold":442,"neow_bonus":"","is_daily":false,"chose_seed":false,"campfire_upgraded":2,"win_rate":0.0,"timestamp":1612378055,"path_taken":["M","M","?","?","M","M","E","R","T","E","?","M","?","M","R","BOSS","M","M","M","M","M","E","?","M","T","E","M","R","E","?","R","BOSS"],"items_purchased_type":["Relic","Card","Relic","Relic"],"build_version":"2020-12-22","purchased_purges":0,"victory":false,"max_hp_per_floor":[70,70,70,70,70,70,70,70,70,70,70,70,70,70,70,70,70,70,70,70,70,70,70,70,70,70,70,70,70,70,70,70,70,70],"card_choices":[{"not_picked":["theMarked:TakeCover","theMarked:TwofoldDefense"],"picked":"theMarked:BanishingStrike","floor":1},{"not_picked":["theMarked:Parkour","theMarked:Seal"],"picked":"theMarked:WardOff","floor":2},{"not_picked":["theMarked:CreepingChasm+1","theMarked:EnhanceMovement+1"],"picked":"theMarked:LightningStrikesTwice+1","floor":3},{"not_picked":["theMarked:ThrowWeapon+1","theMarked:Snap+1"],"picked":"theMarked:SuspiciousRaven+1","floor":3},{"not_picked":["theMarked:Improvise","theMarked:HeightenedSenses"],"picked":"theMarked:SelfDefenseTraining","floor":5},{"not_picked":["theMarked:RepellingDischarge","theMarked:SwordAndMagic"],"picked":"theMarked:Determination","floor":6},{"not_picked":["theMarked:ChainLightning","theMarked:Static"],"picked":"theMarked:ElectricStrings","floor":7},{"not_picked":["theMarked:Parkour","theMarked:Improvise"],"picked":"theMarked:FavorableWinds","floor":10},{"not_picked":["theMarked:HeightenedSenses","theMarked:ChainLightning","theMarked:TwofoldDefense"],"picked":"SKIP","floor":12},{"not_picked":["theMarked:Frustration","theMarked:BanishingStrike"],"picked":"theMarked:Seal","floor":14},{"not_picked":["theMarked:Frustration+1","theMarked:BanishingStrike"],"picked":"theMarked:Memento+1","floor":18},{"not_picked":["theMarked:Aftermath+1","theMarked:Frustration"],"picked":"theMarked:Determination","floor":19},{"not_picked":["theMarked:ElectricStrings","theMarked:SwordAndMagic","theMarked:Improvise"],"picked":"SKIP","floor":20},{"not_picked":["theMarked:Aftermath","theMarked:Frustration+1","theMarked:RepellingDischarge"],"picked":"SKIP","floor":21},{"not_picked":["theMarked:Maelstrom+1","theMarked:SelfDefenseTraining","theMarked:Opportunist"],"picked":"SKIP","floor":22},{"not_picked":["theMarked:Heritage","theMarked:BanishingStrike"],"picked":"theMarked:DispelDoubt","floor":23},{"not_picked":["theMarked:TunnelVision","theMarked:BanishingWave","theMarked:Memento"],"picked":"SKIP","floor":25},{"not_picked":["theMarked:Maelstrom","theMarked:AttractMetal","theMarked:Overcharge"],"picked":"SKIP","floor":27},{"not_picked":["theMarked:ResourceFulStrike","theMarked:HeightenedSenses","theMarked:GodGivenPower+1"],"picked":"SKIP","floor":28},{"not_picked":["theMarked:BanishingStrike","theMarked:ElectricStrings"],"picked":"theMarked:BanishingWave","floor":30}],"player_experience":3401500,"relics_obtained":[{"floor":7,"key":"hubris:OldNail"},{"floor":10,"key":"Gremlin Food"},{"floor":23,"key":"Snack Pack"},{"floor":24,"key":"Gremlin Horn"},{"floor":24,"key":"potionbrewer:WarMedal"},{"floor":26,"key":"aspiration:Lifesprig"},{"floor":26,"key":"aspiration:FrozenJewel"},{"floor":27,"key":"infinitespire:FocusingShard"},{"floor":30,"key":"MawBank"}],"event_choices":[{"damage_healed":0,"gold_gain":0,"player_choice":"2","damage_taken":0,"max_hp_gain":0,"max_hp_loss":0,"event_name":"betterMatch:BetterMatch","floor":3,"gold_loss":0,"cards_obtained":["betterMatch:UncommonCard","betterMatch:RareCard"]}],"is_beta":false,"boss_relics":[{"not_picked":["ReplayTheSpireMod:SealedPack","Sozu"],"picked":"infinitespire:Cupcake"}],"items_purged_floors":[],"is_endless":false,"potions_floor_spawned":[1,5,14,19,25,27,28,30],"killed_by":"Collector","ascension_level":1}}