{"host":"1q02rw1wpi0nrsss","time":1612356548,"event":{"mods":["AchievementEnabler","BaseMod","Better Note","Custom Start","Dark Map","DeckTracker","Disable Question Mark Monsters","Hermit","Minty Spire (QoL Compilation)","Permanent Neow","Quick Restart","Rare Cards Sparkle","Relic Stats","StSLib"],"gold_per_floor":[111,111,129,139,153,187,200,200,226,226,226,237,262,275,275,275,275],"floor_reached":16,"language":"ENG","playtime":944,"items_purged":[],"score":114,"play_id":"c610dea0-ba8d-4812-8353-4b42bdd909be","local_time":"20210203044908","is_ascension_mode":false,"campfire_choices":[{"data":"hermit:Dive","floor":8,"key":"SMITH"},{"data":"hermit:Dive","floor":10,"key":"SMITH"},{"data":"hermit:BigShot","floor":15,"key":"SMITH"}],"circlet_count":0,"master_deck":["hermit:Strike_Hermit","hermit:Strike_Hermit","hermit:Strike_Hermit","hermit:Strike_Hermit","hermit:Defend_Hermit","hermit:Defend_Hermit","hermit:Defend_Hermit","hermit:Defend_Hermit","hermit:Snapshot","hermit:Covet","Enlightenment","hermit:TakeAim","hermit:Dive+1","hermit:Dive+1","hermit:BigShot+1","hermit:ShadowCloak","hermit:TrackingShot"],"relics":["hermit:Momento","MealTicket","Bronze Scales","Vajra","Bag of Marbles"],"acts_visited":["Exordium"],"potions_floor_usage":[6,6,13,16],"damage_taken":[{"damage":0,"enemies":"Small Slimes","floor":1,"turns":3},{"damage":1,"enemies":"Cultist","floor":3,"turns":3},{"damage":2,"enemies":"2 Louse","floor":4,"turns":2},{"damage":4,"enemies":"Looter","floor":5,"turns":5},{"damage":19,"enemies":"3 Sentries","floor":6,"turns":12},{"damage":5,"enemies":"Exordium Wildlife","floor":7,"turns":8},{"damage":0,"enemies":"2 Fungi Beasts","floor":12,"turns":4},{"damage":4,"enemies":"Gremlin Nob","floor":13,"turns":6},{"damage":0,"enemies":"3 Louse","floor":14,"turns":4},{"damage":32,"enemies":"Slime Boss","floor":16,"turns":10}],"seed_played":"-9153003924142107575","potions_obtained":[{"floor":3,"key":"Fire Potion"},{"floor":5,"key":"Explosive Potion"},{"floor":6,"key":"Block Potion"},{"floor":13,"key":"Explosive Potion"}],"is_trial":false,"path_per_floor":["M","?","M","M","M","E","M","R","T","R","?","M","E","M","R","B"],"character_chosen":"HERMIT","items_purchased":[],"campfire_rested":0,"item_purchase_floors":[],"current_hp_per_floor":[75,75,74,72,68,49,44,44,44,44,44,44,40,40,40,8,8],"gold":275,"neow_bonus":"RANDOM_COMMON_RELIC","is_daily":false,"chose_seed":false,"campfire_upgraded":3,"win_rate":0.0,"timestamp":1612356548,"path_taken":["M","?","?","M","M","E","M","R","T","R","?","M","E","M","R","BOSS"],"items_purchased_type":[],"build_version":"2020-12-22","purchased_purges":0,"victory":false,"max_hp_per_floor":[75,75,75,75,75,75,75,75,75,75,75,75,75,75,75,75,75],"relic_stats":{"counters":[10,57],"Bronze Scales":[63],"MealTicket":0,"obtain_stats":[{"Bronze Scales":6,"Vajra":9,"MealTicket":0,"Bag of Marbles":13,"hermit:Momento":0},{"Bronze Scales":5,"Vajra":6,"MealTicket":0,"Bag of Marbles":8,"hermit:Momento":0},{"Bronze Scales":25,"Vajra":33,"MealTicket":0,"Bag of Marbles":43,"hermit:Momento":0}]},"card_choices":[{"not_picked":["hermit:SprayPray","hermit:Shortfuse","hermit:Coalescence"],"picked":"SKIP","floor":1},{"not_picked":["hermit:Snipe","hermit:Maintenance"],"picked":"hermit:TakeAim","floor":3},{"not_picked":["hermit:LoneWolf","hermit:Malice"],"picked":"hermit:Dive","floor":4},{"not_picked":["hermit:Roulette","hermit:DeadMansHand","hermit:HoleUp"],"picked":"SKIP","floor":5},{"not_picked":["hermit:Gestalt","hermit:HighNoon"],"picked":"hermit:Dive","floor":6},{"not_picked":["hermit:SprayPray","hermit:Manifest","hermit:BodyArmor"],"picked":"SKIP","floor":7},{"not_picked":["hermit:Glare","hermit:Determination"],"picked":"hermit:BigShot","floor":12},{"not_picked":["hermit:Midnight","hermit:BigShot"],"picked":"hermit:ShadowCloak","floor":13},{"not_picked":["hermit:Desperado","hermit:Cheat"],"picked":"hermit:TrackingShot","floor":14}],"player_experience":263566,"relics_obtained":[{"floor":6,"key":"Bronze Scales"},{"floor":9,"key":"Vajra"},{"floor":13,"key":"Bag of Marbles"}],"event_choices":[{"damage_healed":0,"gold_gain":0,"player_choice":"1 cards matched","damage_taken":0,"max_hp_gain":0,"max_hp_loss":0,"event_name":"Match and Keep!","floor":2,"gold_loss":0,"cards_obtained":["Enlightenment"]},{"damage_healed":0,"gold_gain":0,"player_choice":"1 cards matched","damage_taken":0,"max_hp_gain":0,"max_hp_loss":0,"event_name":"Match and Keep!","floor":2,"gold_loss":0,"cards_obtained":["Enlightenment"]},{"cards_removed":["Enlightenment"],"damage_healed":0,"gold_gain":0,"player_choice":"Give","damage_taken":0,"max_hp_gain":0,"max_hp_loss":0,"event_name":"betterNote:BetterNote","floor":11,"gold_loss":0,"cards_obtained":["None"]}],"is_beta":false,"boss_relics":[],"items_purged_floors":[],"is_endless":false,"potions_floor_spawned":[3,5,6,13],"killed_by":"Slime Boss","ascension_level":0}}