{"host":"zdahj580pq9zy75i","time":1612371016,"event":{"mods":["BaseMod","Colored Map","Minty Spire (QoL Compilation)","StSLib"],"gold_per_floor":[114,114,74,87,97,130,157,157,157],"floor_reached":8,"language":"ENG","playtime":307,"items_purged":[],"score":112,"play_id":"b59166e0-0643-4a60-9e67-a00e0f23db51","local_time":"20210203115016","is_ascension_mode":true,"campfire_choices":[],"circlet_count":0,"master_deck":["AscendersBane","Strike_B","Strike_B","Strike_B","Strike_B","Defend_B","Defend_B","Defend_B","Defend_B","Zap","Dualcast","All For One","Sweeping Beam","Cold Snap","Genetic Algorithm"],"relics":["Cracked Core","Tiny Chest","Pen Nib"],"acts_visited":["Exordium"],"potions_floor_usage":[6,8],"damage_taken":[{"damage":25,"enemies":"Small Slimes","floor":1,"turns":3},{"damage":3,"enemies":"2 Louse","floor":4,"turns":3},{"damage":1,"enemies":"Cultist","floor":5,"turns":3},{"damage":27,"enemies":"3 Sentries","floor":6,"turns":7},{"damage":26,"enemies":"Lagavulin","floor":8,"turns":3}],"seed_played":"-8696785919649943204","potions_obtained":[{"floor":3,"key":"PowerPotion"},{"floor":3,"key":"FocusPotion"}],"is_trial":false,"path_per_floor":["M","?","?","M","M","E","T","E"],"character_chosen":"DEFECT","items_purchased":[],"campfire_rested":0,"item_purchase_floors":[],"current_hp_per_floor":[21,44,44,41,40,13,13,0,0],"gold":157,"neow_bonus":"THREE_RARE_CARDS","is_daily":false,"chose_seed":false,"campfire_upgraded":0,"win_rate":0.0,"timestamp":1612371016,"path_taken":["M","?","?","M","?","E","?","E"],"items_purchased_type":[],"build_version":"2020-12-22","purchased_purges":0,"victory":false,"max_hp_per_floor":[71,71,71,71,71,71,71,71,71],"card_choices":[{"not_picked":["Creative AI","Reboot"],"picked":"All For One","floor":0},{"not_picked":["Barrage","Hello World"],"picked":"Sweeping Beam","floor":1},{"not_picked":["Undo","Rebound","Hello World"],"picked":"SKIP","floor":4},{"not_picked":["Beam Cell","Go for the Eyes"],"picked":"Cold Snap","floor":5},{"not_picked":["Rebound","Recycle"],"picked":"Genetic Algorithm","floor":6}],"player_experience":773043,"relics_obtained":[{"floor":6,"key":"Tiny Chest"},{"floor":7,"key":"Pen Nib"}],"event_choices":[{"damage_healed":23,"gold_gain":0,"player_choice":"Banana","damage_taken":0,"max_hp_gain":0,"max_hp_loss":0,"event_name":"Big Fish","floor":2,"gold_loss":0},{"damage_healed":0,"gold_gain":0,"player_choice":"Bought 3 Potions","damage_taken":0,"max_hp_gain":0,"max_hp_loss":0,"event_name":"The Woman in Blue","floor":3,"gold_loss":0}],"is_beta":false,"boss_relics":[],"items_purged_floors":[],"is_endless":false,"potions_floor_spawned":[4],"killed_by":"Lagavulin","ascension_level":20}}