{"host":"hlz9nytggqnehs39","time":1612325365,"event":{"mods":["BaseMod","Highlight Path","Minty Spire (QoL Compilation)","Relic Stats"],"gold_per_floor":[219,236,250,250,120,120,147,165,165,165,165],"floor_reached":10,"language":"ENG","playtime":297,"items_purged":[],"score":102,"play_id":"1673bcee-a7ed-4f6f-8189-141b7ebb29c8","local_time":"20210203050925","is_ascension_mode":true,"campfire_choices":[{"data":"Sunder","floor":6,"key":"SMITH"}],"circlet_count":0,"master_deck":["AscendersBane","Strike_B","Strike_B","Strike_B","Defend_B","Defend_B","Defend_B","Defend_B","Zap","Dualcast","Barrage","Conserve Battery","Cold Snap","Sunder+1","Coolheaded","Undo"],"relics":["Cracked Core","Blood Vial","Meat on the Bone"],"acts_visited":["Exordium"],"potions_floor_usage":[10],"damage_taken":[{"damage":7,"enemies":"2 Louse","floor":1,"turns":3},{"damage":5,"enemies":"Small Slimes","floor":2,"turns":3},{"damage":6,"enemies":"Jaw Worm","floor":3,"turns":4},{"damage":23,"enemies":"Lagavulin","floor":7,"turns":6},{"damage":11,"enemies":"Exordium Wildlife","floor":8,"turns":2},{"damage":31,"enemies":"Gremlin Nob","floor":10,"turns":3}],"seed_played":"-7395785775748780306","potions_obtained":[{"floor":2,"key":"PotionOfCapacity"},{"floor":8,"key":"EssenceOfDarkness"}],"is_trial":false,"path_per_floor":["M","M","M","?","$","R","E","M","T","E"],"character_chosen":"DEFECT","items_purchased":["Sunder","FocusPotion"],"campfire_rested":0,"item_purchase_floors":[5,5],"current_hp_per_floor":[61,56,50,43,43,43,20,11,11,0,0],"gold":165,"neow_bonus":"HUNDRED_GOLD","is_daily":false,"chose_seed":false,"campfire_upgraded":1,"win_rate":0.0,"timestamp":1612325365,"path_taken":["M","M","M","?","$","R","E","M","T","E"],"items_purchased_type":["Card","Potion"],"build_version":"2020-12-22","purchased_purges":0,"victory":false,"max_hp_per_floor":[75,75,75,75,75,75,75,75,75,75,75],"relic_stats":{"Blood Vial":4,"counters":[6,21],"obtain_stats":[{"Blood Vial":7,"Cracked Core":0,"Meat on the Bone":9},{"Blood Vial":4,"Cracked Core":0,"Meat on the Bone":5},{"Blood Vial":16,"Cracked Core":0,"Meat on the Bone":18}],"Meat on the Bone":0},"card_choices":[{"not_picked":["Hologram","Turbo"],"picked":"Barrage","floor":1},{"not_picked":["Stack","Reprogram"],"picked":"Conserve Battery","floor":2},{"not_picked":["Double Energy","Storm"],"picked":"Cold Snap","floor":3},{"not_picked":["Barrage","Turbo"],"picked":"Coolheaded","floor":7},{"not_picked":["Barrage","Gash"],"picked":"Undo","floor":8}],"player_experience":411634,"relics_obtained":[{"floor":7,"key":"Blood Vial"},{"floor":9,"key":"Meat on the Bone"}],"event_choices":[{"cards_removed":["Strike_B"],"damage_healed":0,"gold_gain":0,"player_choice":"Card Removal","damage_taken":7,"max_hp_gain":0,"max_hp_loss":0,"event_name":"Golden Wing","floor":4,"gold_loss":0}],"is_beta":false,"boss_relics":[],"items_purged_floors":[],"is_endless":false,"potions_floor_spawned":[2,8],"killed_by":"Gremlin Nob","ascension_level":10}}