{"host":"xcjf5gtp2l6zn2ds","time":1612330980,"event":{"mods":["BaseMod","Colored Map","Downfall","Minty Spire (QoL Compilation)","Replay The Spire","StSLib"],"gold_per_floor":[99,99,99,249,349,349,349,54,71,91,122,132,32,32,50,155,155,55,70,85,101,101,101,101,121,121,140,160,178,178,211,227,323,323,223,235,251,268,279,309,335,335,355,355,22,75,108,108,119,119,119,119],"floor_reached":50,"language":"ENG","playtime":4386,"items_purged":[],"score":682,"play_id":"fd576b20-8a9a-4a85-ac67-d7d1d2f9647a","local_time":"20210202234300","is_ascension_mode":true,"campfire_choices":[{"data":"champ:Taunt","floor":1,"key":"SMITH"},{"floor":13,"key":"RECALL"},{"data":"champ:HoldFirm","floor":18,"key":"SMITH"},{"data":"champ:Backstep","floor":23,"key":"SMITH"},{"data":"champ:DefensiveStyle","floor":30,"key":"SMITH"},{"data":"champ:FlashCut","floor":35,"key":"SMITH"},{"floor":42,"key":"REST"},{"data":"champ:ArenaPreparation","floor":44,"key":"SMITH"}],"circlet_count":0,"master_deck":["champ:Strike","champ:Strike","champ:Strike","champ:Strike","champ:Defend","champ:Defend","champ:Defend","champ:Defend","champ:Execute","champ:Taunt+1","champ:BringItOn","champ:Circumvent","downfall:Icky","CurseOfTheBell","CurseOfTheBell","champ:Backstep+1","champ:ArenaPreparation+1","champ:BringItOn","champ:DefensiveStyle+1","champ:TornadoPunch","champ:StanceDance+1","champ:HoldFirm+1","champ:StanceDance+1","champ:FlashCut+1","Parasite","champ:IronFortress+1","champ:FocusedDefense","champ:FocusedDefense","champ:BringItOn"],"relics":["champ:ChampionCrown","downfall:HeartsMalice","CloakClasp","downfall:ExtraCursedBell","ReplayFunnel","Divine Protection","champ:GladiatorsBookOfMartialProwess","champ:BerserkersGuideToSlaughter","Gremlin Horn","downfall:HeartBlessingBlue","Replay:Bronze Core","downfall:HeartBlessingRed","CaptainsWheel","Pocketwatch","Painkiller Herb","downfall:HeartBlessingGreen","Dream Catcher","Pet Ghost","Bird Faced Urn","Ornamental Fan"],"acts_visited":["Exordium","TheCity","TheBeyond"],"potions_floor_usage":[25,25,36,36,39,50,50,50],"damage_taken":[{"damage":0,"enemies":"Cultist","floor":2,"turns":1},{"damage":0,"enemies":"Jaw Worm","floor":3,"turns":1},{"damage":0,"enemies":"Jaw Worm","floor":5,"turns":1},{"damage":2,"enemies":"downfall:FleeingMerchant","floor":8,"turns":4},{"damage":11,"enemies":"2 Louse","floor":9,"turns":4},{"damage":0,"enemies":"Blue Slaver","floor":10,"turns":2},{"damage":0,"enemies":"Lagavulin","floor":11,"turns":6},{"damage":0,"enemies":"Large Slime","floor":12,"turns":6},{"damage":15,"enemies":"Gremlin Gang","floor":15,"turns":5},{"damage":13,"enemies":"SI_SHIV_ARCHETYPE","floor":16,"turns":11},{"damage":2,"enemies":"Shell Parasite","floor":19,"turns":6},{"damage":0,"enemies":"Spheric Guardian","floor":20,"turns":5},{"damage":0,"enemies":"Centurion and Healer","floor":21,"turns":7},{"damage":5,"enemies":"Sentry and Sphere","floor":25,"turns":7},{"damage":0,"enemies":"Cultist and Chosen","floor":27,"turns":6},{"damage":0,"enemies":"Snecko","floor":28,"turns":4},{"damage":17,"enemies":"Centurion and Healer","floor":29,"turns":9},{"damage":0,"enemies":"Book of Stabbing","floor":31,"turns":5},{"damage":5,"enemies":"Snake Plant","floor":32,"turns":4},{"damage":39,"enemies":"IC_MUSHROOM_ARCHETYPE","floor":33,"turns":15},{"damage":0,"enemies":"3 Darklings","floor":36,"turns":5},{"damage":0,"enemies":"Orb Walker","floor":37,"turns":3},{"damage":4,"enemies":"Writhing Mass","floor":38,"turns":5},{"damage":3,"enemies":"Transient","floor":39,"turns":5},{"damage":16,"enemies":"R_Hoarder","floor":40,"turns":9},{"damage":0,"enemies":"4 Shapes","floor":43,"turns":6},{"damage":40,"enemies":"2 Orb Walkers","floor":46,"turns":6},{"damage":0,"enemies":"Reptomancer","floor":47,"turns":6},{"damage":0,"enemies":"Jaw Worm Horde","floor":49,"turns":4},{"damage":122,"enemies":"WA_ARCHETYPE_DIVINITY","floor":50,"turns":5}],"seed_played":"-8495861537900238087","potions_obtained":[{"floor":9,"key":"Adrenaline Potion"},{"floor":10,"key":"FearPotion"},{"floor":15,"key":"AttackPotion"},{"floor":25,"key":"FearPotion"},{"floor":28,"key":"SteroidPotion"},{"floor":37,"key":"Fire Potion"},{"floor":46,"key":"Block Potion"},{"floor":47,"key":"BlessingOfTheForge"}],"is_trial":false,"path_per_floor":["R","M","M","?","?","?","T","$","M","M","E","M","R","?","M","B",null,"R","M","M","M","?","R","T","M","?","M","M","M","R","E","M","B",null,"T","?","?","?","?","E","T","T","?","T","?","?","E","?","?","B"],"character_chosen":"THE_CHAMP","items_purchased":["champ:BerserkersGuideToSlaughter","champ:ArenaPreparation","champ:BringItOn"],"campfire_rested":1,"item_purchase_floors":[8,8,8],"current_hp_per_floor":[90,90,90,90,90,90,90,90,90,90,90,90,100,100,85,82,100,100,100,100,100,100,100,100,95,95,100,100,100,100,100,95,88,100,100,100,100,100,100,89,89,100,100,100,113,88,92,92,104,0,0,0],"gold":119,"neow_bonus":"THREE_ENEMY_KILL","is_daily":false,"chose_seed":false,"campfire_upgraded":6,"win_rate":0.0,"timestamp":1612330980,"path_taken":["R","M","?","?","?","?","T","?","M","M","E","M","R","?","M","BOSS","R","M","M","?","?","R","T","M","?","?","M","M","R","E","M","BOSS","T","?","?","?","?","E","T","T","?","T","?","?","E","?","?","BOSS"],"items_purchased_type":["Relic","Card","Card"],"build_version":"2020-12-22","purchased_purges":0,"victory":false,"max_hp_per_floor":[90,90,90,90,90,90,90,90,90,90,90,90,100,100,100,100,100,100,100,100,100,100,100,100,100,100,100,100,100,100,100,100,100,100,100,100,100,100,100,100,100,100,100,100,113,113,113,113,113,113,113,113],"card_choices":[{"not_picked":["champ:PerfectedStrike","champ:PreciseThrust"],"picked":"champ:BringItOn","floor":2},{"not_picked":["champ:EnGarde","champ:AdrenalArmor"],"picked":"champ:Circumvent","floor":3},{"not_picked":["champ:IronFortress","champ:PerfectedStrike"],"picked":"champ:Backstep","floor":8},{"not_picked":["champ:SteelEdge","champ:Backstep"],"picked":"champ:DefensiveStyle","floor":9},{"not_picked":["champ:Shatter","champ:Backstep","champ:FanOfKnives"],"picked":"SKIP","floor":10},{"not_picked":["champ:BerserkersShout","champ:EnGarde"],"picked":"champ:TornadoPunch","floor":11},{"not_picked":["champ:ViciousMockery","champ:BerserkerStyle"],"picked":"champ:StanceDance","floor":12},{"not_picked":["champ:PerfectedStrike","champ:FanOfKnives","champ:EnGarde"],"picked":"SKIP","floor":15},{"not_picked":["champ:SwordThrow","champ:StrikeOfGenius"],"picked":"champ:HoldFirm","floor":16},{"not_picked":["champ:Circumvent","champ:ViciousMockery+1","champ:FancyFootwork"],"picked":"SKIP","floor":19},{"not_picked":["champ:FanOfKnives","champ:ShieldSlam","champ:TornadoPunch"],"picked":"SKIP","floor":20},{"not_picked":["champ:FocusedBerserking+1","champ:FlashCut+1"],"picked":"champ:BringItOn+1","floor":21},{"not_picked":["champ:Shatter+1","champ:AdrenalArmor","champ:Encircle"],"picked":"SKIP","floor":25},{"not_picked":["champ:BladeFlurry","champ:AdrenalArmor","champ:TornadoPunch"],"picked":"SKIP","floor":27},{"not_picked":["champ:GutPunch","champ:RapidStrikes"],"picked":"champ:StanceDance+1","floor":28},{"not_picked":["champ:Improvising","champ:BerserkersShout","champ:Duel"],"picked":"SKIP","floor":29},{"not_picked":["champ:GladiatorStyle","champ:SteelEdge"],"picked":"champ:FlashCut","floor":31},{"not_picked":["champ:CrownThrow+1","champ:GladiatorStyle+1","champ:EndlessRage"],"picked":"SKIP","floor":32},{"not_picked":["champ:Circumvent+1","champ:EnGarde","champ:EndlessRage"],"picked":"SKIP","floor":36},{"not_picked":["champ:HeartStrike+1","champ:TornadoPunch","champ:FanOfKnives+1"],"picked":"SKIP","floor":37},{"not_picked":["champ:RecklessLeap","champ:DefensiveShout","champ:PreciseThrust+1"],"picked":"SKIP","floor":38},{"not_picked":["champ:CrookedStrike+1","champ:RapidStrikes","champ:FlashCut"],"picked":"SKIP","floor":39},{"not_picked":["champ:StanceDance+1","champ:Lariat+1"],"picked":"champ:IronFortress+1","floor":40},{"not_picked":["champ:Devastate","champ:Shatter+1"],"picked":"champ:FocusedDefense","floor":43},{"not_picked":["champ:PreciseThrust","champ:FancyFootwork"],"picked":"champ:FocusedDefense","floor":46},{"not_picked":["champ:PerfectedStrike+1","champ:RecklessLeap+1","champ:Endure"],"picked":"SKIP","floor":47},{"not_picked":["champ:EnGarde+1","champ:Shatter"],"picked":"champ:BringItOn","floor":49}],"player_experience":36588,"relics_obtained":[{"floor":5,"key":"CloakClasp"},{"floor":6,"key":"ReplayFunnel"},{"floor":6,"key":"Divine Protection"},{"floor":6,"key":"champ:GladiatorsBookOfMartialProwess"},{"floor":11,"key":"Gremlin Horn"},{"floor":24,"key":"CaptainsWheel"},{"floor":31,"key":"Pocketwatch"},{"floor":40,"key":"Dream Catcher"},{"floor":41,"key":"Pet Ghost"},{"floor":46,"key":"Bird Faced Urn"},{"floor":47,"key":"Ornamental Fan"}],"event_choices":[{"damage_healed":0,"gold_gain":0,"player_choice":"Forge","damage_taken":0,"max_hp_gain":0,"max_hp_loss":0,"event_name":"Accursed Blacksmith","floor":14,"gold_loss":0,"cards_upgraded":["champ:StanceDance"]},{"damage_healed":0,"gold_gain":0,"player_choice":"Ignored","damage_taken":0,"max_hp_gain":0,"max_hp_loss":0,"event_name":"Ghosts","floor":22,"gold_loss":0},{"damage_healed":0,"gold_gain":0,"player_choice":"Fight","damage_taken":0,"max_hp_gain":0,"max_hp_loss":0,"event_name":"Mysterious Sphere","floor":46,"gold_loss":0},{"cards_removed":["champ:BringItOn"],"damage_healed":0,"gold_gain":0,"player_choice":"Removed Skill","damage_taken":0,"max_hp_gain":0,"max_hp_loss":0,"event_name":"Falling","floor":48,"gold_loss":0}],"is_beta":false,"boss_relics":[{"not_picked":["Snecko Eye","Replay:Drink Me"],"picked":"Replay:Bronze Core"},{"not_picked":["Velvet Choker","bronze:MakeshiftBattery"],"picked":"Painkiller Herb"}],"items_purged_floors":[],"is_endless":false,"potions_floor_spawned":[9,10,12,15,19,25,28,31,33,37,39,46,47],"killed_by":"WA_ARCHETYPE_DIVINITY","ascension_level":1}}