{"host":"yans4pr1zf0lm9bx","time":1612393948,"event":{"mods":["AchievementEnabler","BaseMod","Downfall","Minty Spire (QoL Compilation)","StSLib","SuperFastMode","slay the spire mod where everything is the same but ironclad has a cowboy hat"],"gold_per_floor":[99,109,109,109,125,143,191,191,191,47,73,73,91,106,118,217,217,117,132,132,149,169,197,197,0,28,28,28,54,69,69,81,180,180,80,92,108,163,163,63,63,48,67,93,109,119,129,281,301,301,301,301],"floor_reached":50,"language":"ENG","playtime":3205,"items_purged":["Pain","champ:Strike","Normality"],"score":640,"play_id":"a80c2813-d2b3-4051-a7fd-3886b02b6c58","local_time":"20210203181228","is_ascension_mode":true,"campfire_choices":[{"data":"champ:Taunt","floor":1,"key":"SMITH"},{"data":"champ:Lariat","floor":8,"key":"SMITH"},{"floor":18,"key":"RECALL"},{"data":"champ:SwordSigil","floor":28,"key":"SMITH"},{"data":"champ:GladiatorForm","floor":35,"key":"SMITH"},{"data":"champ:ArenaPreparation","floor":40,"key":"SMITH"}],"circlet_count":0,"master_deck":["champ:Strike+1","champ:Defend","champ:Defend+1","champ:Defend+1","champ:Execute","champ:Taunt+1","champ:PreemptiveStrike","champ:Lariat+1","champ:RageSigil","champ:RageSigil","champ:BringItOn","champ:SwordSigil+1","champ:FlashCut","champ:SetATrap","champ:Improvising","champ:Lariat+1","champ:HeavySlash","champ:RageSigil","champ:ShieldSigil+1","champ:ViciousMockery","champ:FocusedDefense","champ:DefensiveStyle","Slimebound:CheckThePlaybook","champ:GladiatorForm+1","champ:ArenaPreparation+1","champ:FalseCounter+1","champ:RisingSlash+1","champ:EnGarde+1","champ:RapidStrikes","champ:CalledShot+1"],"relics":["Sozu","WarpedTongs","Omamori","champ:FightingForDummies","SlaversCollar","downfall:HeartBlessingGreen","Bag of Marbles","StrikeDummy","Tiny Chest","Cursed Key","downfall:HeartBlessingRed","Gambling Chip","downfall:HeartBlessingBlue","Girya","Pen Nib"],"acts_visited":["Exordium","TheCity","TheBeyond"],"potions_floor_usage":[],"damage_taken":[{"damage":19,"enemies":"2 Louse","floor":2,"turns":3},{"damage":0,"enemies":"Small Slimes","floor":5,"turns":3},{"damage":14,"enemies":"Cultist","floor":6,"turns":5},{"damage":22,"enemies":"downfall:FleeingMerchant","floor":10,"turns":4},{"damage":26,"enemies":"3 Sentries","floor":11,"turns":13},{"damage":10,"enemies":"Large Slime","floor":13,"turns":5},{"damage":0,"enemies":"2 Fungi Beasts","floor":14,"turns":3},{"damage":21,"enemies":"Exordium Wildlife","floor":15,"turns":3},{"damage":24,"enemies":"DF_ARCHETYPE_STREAMLINE","floor":16,"turns":8},{"damage":32,"enemies":"Spheric Guardian","floor":19,"turns":7},{"damage":10,"enemies":"Shell Parasite","floor":21,"turns":4},{"damage":10,"enemies":"Snake Plant","floor":22,"turns":4},{"damage":10,"enemies":"Book of Stabbing","floor":23,"turns":5},{"damage":10,"enemies":"downfall:FleeingMerchant","floor":25,"turns":4},{"damage":34,"enemies":"Gremlin Leader","floor":26,"turns":8},{"damage":10,"enemies":"Shelled Parasite and Fungi","floor":30,"turns":2},{"damage":13,"enemies":"Shelled Parasite and Fungi","floor":31,"turns":5},{"damage":0,"enemies":"Snecko","floor":32,"turns":4},{"damage":0,"enemies":"WA_ARCHETYPE_CALM","floor":33,"turns":4},{"damage":3,"enemies":"3 Darklings","floor":36,"turns":3},{"damage":10,"enemies":"Orb Walker","floor":37,"turns":3},{"damage":0,"enemies":"2 Orb Walkers","floor":38,"turns":2},{"damage":33,"enemies":"downfall:FleeingMerchant","floor":42,"turns":4},{"damage":45,"enemies":"4 Shapes","floor":43,"turns":10},{"damage":46,"enemies":"Transient","floor":45,"turns":5},{"damage":0,"enemies":"Jaw Worm Horde","floor":46,"turns":4},{"damage":10,"enemies":"Writhing Mass","floor":47,"turns":3},{"damage":5,"enemies":"downfall:FleeingMerchant","floor":48,"turns":3},{"damage":0,"enemies":"3 Darklings","floor":49,"turns":3},{"damage":18,"enemies":"IC_BLOCK_ARCHETYPE","floor":50,"turns":3}],"seed_played":"-6429652122102684105","potions_obtained":[],"is_trial":false,"path_per_floor":["R","M","?","?","M","M","T","R","?","$","E","?","M","M","M","B",null,"R","M","?","M","M","E","T","$","E","?","R","T","M","?","M","B",null,"R","M","M","?","?","R","T","$","M","T","M","M","M","$","M","B"],"character_chosen":"THE_CHAMP","items_purchased":["champ:BringItOn","champ:DefensiveStyle","champ:RapidStrikes"],"campfire_rested":0,"item_purchase_floors":[10,25,48],"current_hp_per_floor":[90,81,81,81,81,77,77,77,65,63,57,57,57,57,46,32,90,90,88,88,88,88,88,88,88,64,64,64,64,64,61,61,61,90,90,87,87,87,87,97,97,84,64,64,18,18,18,18,18,0,0,0],"gold":301,"neow_bonus":"BOSS_RELIC","is_daily":false,"chose_seed":false,"campfire_upgraded":5,"win_rate":0.0,"timestamp":1612393948,"path_taken":["R","M","?","?","?","M","T","R","?","$","E","?","?","M","M","BOSS","R","M","?","M","?","E","T","$","E","?","R","?","M","?","M","BOSS","R","M","M","?","?","R","T","$","M","?","M","M","M","$","M","BOSS"],"items_purchased_type":["Card","Card","Card"],"build_version":"2020-12-22","purchased_purges":3,"victory":false,"max_hp_per_floor":[90,90,90,90,90,90,90,90,90,90,90,90,90,90,90,90,90,90,90,90,90,90,90,90,90,90,90,90,90,90,90,90,90,90,90,90,90,90,90,100,100,100,100,100,100,100,100,100,100,100,100,100],"card_choices":[{"not_picked":["champ:Shatter","champ:RecklessLeap"],"picked":"champ:PreemptiveStrike","floor":2},{"not_picked":["champ:Haymaker","champ:RapidStrikes"],"picked":"champ:Lariat","floor":5},{"not_picked":["champ:BringItOn","champ:Shatter"],"picked":"champ:RageSigil","floor":6},{"not_picked":["champ:SkillfulDodge","champ:FocusedDefense"],"picked":"champ:RageSigil","floor":10},{"not_picked":["champ:BringItOn","champ:FaceSlap"],"picked":"champ:SwordSigil","floor":11},{"not_picked":["champ:CalledShot","champ:ArenaPreparation"],"picked":"champ:FlashCut","floor":13},{"not_picked":["champ:AdrenalArmor","champ:TornadoPunch","champ:PreciseThrust"],"picked":"SKIP","floor":14},{"not_picked":["champ:GladiatorStyle","champ:HeartStrike"],"picked":"champ:SetATrap","floor":15},{"not_picked":["champ:SwordThrow","champ:EnchantSword"],"picked":"champ:Improvising","floor":16},{"not_picked":["champ:GladiatorStyle","champ:BladeFlurry"],"picked":"champ:Lariat+1","floor":19},{"not_picked":["champ:ShieldSlam","champ:Haymaker"],"picked":"champ:RageSigil","floor":21},{"not_picked":["champ:GutPunch+1","champ:BladeFlurry"],"picked":"champ:ShieldSigil+1","floor":22},{"not_picked":["champ:BringItOn","champ:CrownThrow"],"picked":"champ:ViciousMockery","floor":23},{"not_picked":["champ:LastStand","champ:Endure+1"],"picked":"champ:FocusedDefense","floor":25},{"not_picked":["champ:TornadoPunch","champ:FocusedBerserking","champ:ViciousMockery"],"picked":"SKIP","floor":26},{"not_picked":["champ:TornadoPunch","champ:SwordSigil","champ:BerserkersShout+1"],"picked":"SKIP","floor":30},{"not_picked":["champ:FanOfKnives+1","champ:BerserkersShout","champ:Haymaker"],"picked":"SKIP","floor":32},{"not_picked":["champ:HoldFirm","champ:EnchantSword"],"picked":"champ:GladiatorForm","floor":33},{"not_picked":["champ:GutPunch+1","champ:Duel","champ:Encircle"],"picked":"SKIP","floor":36},{"not_picked":["champ:Circumvent+1","champ:SwordSigil"],"picked":"champ:ArenaPreparation","floor":37},{"not_picked":["champ:Backstep","champ:CrownThrow","champ:FanOfKnives+1"],"picked":"SKIP","floor":42},{"not_picked":["champ:PerfectedStrike","champ:Backstep","champ:BerserkersShout+1"],"picked":"SKIP","floor":43},{"not_picked":["champ:HeartStrike","champ:FocusedDefense"],"picked":"champ:FalseCounter+1","floor":45},{"not_picked":["champ:GladiatorStyle","champ:FlashCut","champ:RecklessLeap+1"],"picked":"SKIP","floor":46},{"not_picked":["champ:DeathBlow","champ:FaceSlap"],"picked":"champ:RisingSlash+1","floor":47},{"not_picked":["champ:Parry","champ:BringItOn+1"],"picked":"champ:EnGarde+1","floor":48},{"not_picked":["champ:TornadoPunch","champ:DefensiveShout"],"picked":"champ:CalledShot+1","floor":49}],"player_experience":321677,"relics_obtained":[{"floor":7,"key":"Lantern"},{"floor":11,"key":"champ:FightingForDummies"},{"floor":23,"key":"Bag of Marbles"},{"floor":26,"key":"StrikeDummy"},{"floor":29,"key":"Tiny Chest"},{"floor":38,"key":"Gambling Chip"},{"floor":41,"key":"Girya"},{"floor":44,"key":"Pen Nib"}],"event_choices":[{"damage_healed":0,"gold_gain":0,"player_choice":"Rummage","damage_taken":0,"relics_obtained":["WarpedTongs"],"max_hp_gain":0,"max_hp_loss":0,"event_name":"Accursed Blacksmith","floor":4,"gold_loss":0,"cards_obtained":["Pain"]},{"damage_healed":0,"gold_gain":0,"player_choice":"Success","damage_taken":12,"relics_obtained":["Omamori"],"max_hp_gain":0,"max_hp_loss":0,"event_name":"Scrap Ooze","floor":9,"gold_loss":0},{"cards_removed":["downfall:Malfunctioning"],"damage_healed":0,"gold_gain":0,"player_choice":"Card Removal","damage_taken":0,"max_hp_gain":0,"max_hp_loss":0,"event_name":"The Cleric","floor":12,"gold_loss":0},{"damage_healed":0,"gold_gain":0,"player_choice":"Fight","damage_taken":0,"max_hp_gain":0,"max_hp_loss":0,"event_name":"Mysterious Sphere","floor":38,"gold_loss":0},{"cards_removed":["champ:Defend"],"damage_healed":0,"gold_gain":0,"player_choice":"Removed Skill","damage_taken":0,"max_hp_gain":0,"max_hp_loss":0,"event_name":"Falling","floor":39,"gold_loss":0}],"is_beta":false,"boss_relics":[{"not_picked":["Coffee Dripper","Philosopher\u0027s Stone"],"picked":"SlaversCollar"},{"not_picked":["champ:PowerArmor","Tiny House"],"picked":"Cursed Key"}],"items_purged_floors":[10,25,48],"is_endless":false,"potions_floor_spawned":[2,5,13,16,22,23,26,31,32,36,43,45,47],"killed_by":"IC_BLOCK_ARCHETYPE","ascension_level":1}}