{"host":"tj0gkcptyee3rmkt","time":1612360883,"event":{"mods":["BaseMod","Colored Powertips","Duelist Mod","Minty Spire (QoL Compilation)","Replay The Spire","Shop Mod","Spicy Shops","StSLib","Yuri Mod"],"gold_per_floor":[111,111,286,141,151,151,166,68,94,112,7,7,42,93,93,196,196,211,211,231,249,249,277,277,296,343,75,107,120,120,137,137,235,235,250,250,260,310,17,48,67,67,67,0,25,25,36,49,49,49],"floor_reached":51,"language":"ZHS","playtime":2174,"items_purged":["Doubt"],"score":970,"play_id":"f275e9eb-2e03-46ca-a1cb-fc7468f94bb7","local_time":"20210203220123","is_ascension_mode":false,"campfire_choices":[{"data":"yuri:yuriQuickStrike","floor":6,"key":"SMITH"},{"data":"yuri:BookGreen","floor":15,"key":"SMITH"},{"data":"yuri:yuriStab","floor":24,"key":"SMITH"},{"data":"yuri:BookBlue","floor":30,"key":"SMITH"},{"floor":32,"key":"DIG"},{"data":"yuri:MPose","floor":42,"key":"SMITH"},{"data":"yuri:MPose","floor":49,"key":"SMITH"}],"circlet_count":0,"master_deck":["yuri:yuriStrike","yuri:yuriStrike+1","yuri:yuriStrike","yuri:yuriStrike","yuri:yuriStrike","yuri:yuriDefend","yuri:yuriDefend","yuri:yuriDefend","yuri:yuriDefend","yuri:yuriDefend+1","yuri:Oolong","yuri:yuriStab+1","yuri:Stare","yuri:yuriQuickStrike+1","yuri:BookBlue+1","yuri:MPose+1","yuri:ReactiveMadness","yuri:Spin","yuri:BookGreen+1","yuri:CalmingAura","yuri:BlackTea","yuri:BookGreen+1","yuri:HoldBack","yuri:yuriDefend","yuri:NerfBat","yuri:ThrowingKnives+1","Shame","yuri:ThrowingKnives","yuri:TPose+1","Shame","yuri:BookPurple","yuri:WickedSlash","yuri:GlitchedStrike","yuri:HoldBack+1","yuri:DistillInsanity","Amnesia","CommonCold","theDuelist:GravekeeperCurse","yuri:BookRed+1","yuri:ThornRemove+1","yuri:SeeingDouble","yuri:SeeingDouble","yuri:SeeingDouble","Replay:BasicMightCard","yuri:GrowingInsanity+1","yuri:BookGreen+1","Hallucinations","yuri:MultiDip","yuri:DebugCard+1","Parasite","yuri:MPose+1"],"relics":["yuri:yuriKnife","NeowsBlessing","Gambling Chip","MealTicket","Gremlin Food","Replay:Grab Bag","Cursed Key","Philosopher\u0027s Stone","yuri:BookOfBooks","CaptainsWheel","Toy Ornithopter","Replay:Mystery Machine","Oddly Smooth Stone","Bottled Tornado","Replay:WaspNest","Replay:Ancient Bell","Anchor","Onion Ring","TungstenRod","FossilizedHelix","ReplayTheSpireMod:TigerMarble","StoneCalendar","Replay:Bottled Flurry","Red Mask","yuri:GlitchPowder"],"acts_visited":["Exordium","TheCity","TheBeyond"],"potions_floor_usage":[20,20,33,33,37,50,50,50],"damage_taken":[{"damage":0,"enemies":"Jaw Worm","floor":1,"turns":1},{"damage":0,"enemies":"2 Louse","floor":5,"turns":1},{"damage":0,"enemies":"Cultist","floor":7,"turns":1},{"damage":2,"enemies":"Looter","floor":10,"turns":2},{"damage":19,"enemies":"Replay:BlueRogue","floor":13,"turns":4},{"damage":21,"enemies":"Slime Boss","floor":16,"turns":8},{"damage":14,"enemies":"Spheric Guardian","floor":18,"turns":4},{"damage":12,"enemies":"3 Byrds","floor":20,"turns":2},{"damage":10,"enemies":"Centurion and Healer","floor":21,"turns":5},{"damage":7,"enemies":"theDuelist:KaibaA2","floor":23,"turns":4},{"damage":13,"enemies":"Snecko","floor":25,"turns":3},{"damage":14,"enemies":"Book of Stabbing","floor":28,"turns":4},{"damage":0,"enemies":"3 Cultists","floor":29,"turns":3},{"damage":4,"enemies":"Cultist and Chosen","floor":31,"turns":3},{"damage":18,"enemies":"Automaton","floor":33,"turns":6},{"damage":4,"enemies":"Orb Walker","floor":35,"turns":3},{"damage":9,"enemies":"3 Darklings","floor":37,"turns":3},{"damage":9,"enemies":"2 Orb Walkers","floor":38,"turns":3},{"damage":26,"enemies":"Giant Head","floor":40,"turns":8},{"damage":28,"enemies":"Spire Growth","floor":41,"turns":4},{"damage":3,"enemies":"Nemesis","floor":45,"turns":5},{"damage":2,"enemies":"Transient","floor":47,"turns":5},{"damage":8,"enemies":"Writhing Mass","floor":48,"turns":5},{"damage":83,"enemies":"Awakened One","floor":50,"turns":11}],"seed_played":"-1753127347541884287","potions_obtained":[{"floor":13,"key":"Death Potion"},{"floor":16,"key":"FearPotion"},{"floor":18,"key":"AttackPotion"},{"floor":21,"key":"Languid Potion"},{"floor":25,"key":"BlessingOfTheForge"},{"floor":29,"key":"Venom Potion"},{"floor":31,"key":"PowerPotion"},{"floor":35,"key":"EssenceOfSteel"},{"floor":41,"key":"Weak Potion"},{"floor":48,"key":"Energy Potion"}],"is_trial":false,"path_per_floor":["M","?","?","$","M","R","M","$","T","M","$","?","E","?","R","B",null,"M","?","M","M","?","E","R","M","T","$","E","M","R","M","R","B",null,"M","?","M","?","$","E","M","R","T","?","E","$","M","M","R","B",null],"character_chosen":"YURI","items_purchased":["yuri:yuriQuickStrike","yuri:ReactiveMadness","yuri:BookGreen","yuri:BookPurple","Oddly Smooth Stone","yuri:WickedSlash","yuri:SeeingDouble","ReplayTheSpireMod:TigerMarble","Replay:BasicMightCard"],"campfire_rested":0,"item_purchase_floors":[4,8,11,27,27,27,39,39,39],"current_hp_per_floor":[80,47,47,47,51,51,55,55,55,57,72,56,41,41,41,24,80,66,66,58,52,52,49,49,40,40,55,45,49,49,49,49,45,80,76,76,74,65,80,54,37,37,37,37,44,59,68,60,60,6],"gold":49,"neow_bonus":"THREE_ENEMY_KILL","is_daily":false,"chose_seed":false,"campfire_upgraded":6,"win_rate":0.0,"timestamp":1612360883,"path_taken":["M","?","?","$","M","R","M","?","T","M","$","?","E","?","R","BOSS","M","?","?","M","?","E","R","M","T","$","E","M","R","M","R","BOSS","M","?","?","?","$","E","M","R","T","?","E","?","M","?","R","BOSS"],"items_purchased_type":["Card","Card","Card","Card","Relic","Card","Card","Relic","Card"],"build_version":"2020-12-22","purchased_purges":1,"victory":true,"max_hp_per_floor":[80,80,80,80,80,80,80,80,80,80,80,80,80,80,80,80,80,80,80,80,80,80,80,80,80,80,80,80,80,80,80,80,80,80,80,80,80,80,80,80,80,80,80,80,80,80,80,80,80,80],"card_choices":[{"not_picked":["yuri:yuriHeavyStrike","yuri:ThrowBook"],"picked":"yuri:Stare","floor":1},{"not_picked":["yuri:ReloadGame","yuri:DebugCard"],"picked":"yuri:BookBlue","floor":5},{"not_picked":["yuri:yuriHeavyStrike","yuri:TPose"],"picked":"yuri:MPose","floor":7},{"not_picked":["yuri:InduceGlitch","yuri:MPose"],"picked":"yuri:Spin","floor":10},{"not_picked":["yuri:StealPen","yuri:RecklessStrike"],"picked":"yuri:CalmingAura","floor":13},{"not_picked":["yuri:GhostForm","yuri:ExploitStrike"],"picked":"yuri:BlackTea","floor":16},{"not_picked":["yuri:BookRed+1","yuri:BookBlue+1","yuri:BookPurple+1"],"picked":"yuri:BookGreen+1","floor":17},{"not_picked":["yuri:GlitchedStrike","yuri:Parry"],"picked":"yuri:HoldBack","floor":18},{"not_picked":["yuri:ChibiInvasion","yuri:WickedSlash"],"picked":"yuri:NerfBat","floor":20},{"not_picked":["yuri:yuriHeavyStrike","yuri:HeavierStrike"],"picked":"yuri:ThrowingKnives+1","floor":21},{"not_picked":["yuri:Skip","yuri:yuriHeavyStrike"],"picked":"yuri:ThrowingKnives","floor":23},{"not_picked":["yuri:ConsumeGlitch","yuri:StealPen"],"picked":"yuri:TPose+1","floor":25},{"not_picked":["yuri:NerfBat+1","yuri:GhostForm"],"picked":"yuri:GlitchedStrike","floor":28},{"not_picked":["yuri:Stalk","yuri:Stare","yuri:RecklessStrike"],"picked":"SKIP","floor":29},{"not_picked":["yuri:WickedSlash","yuri:TPose"],"picked":"yuri:HoldBack+1","floor":31},{"not_picked":["yuri:DisableStrike","yuri:RemoveSafetyChecks"],"picked":"yuri:DistillInsanity","floor":33},{"not_picked":["theDuelist:CurseAnubis","Overencumbered"],"picked":"Amnesia","floor":34},{"not_picked":["Doubt","Spreading Infection"],"picked":"CommonCold","floor":34},{"not_picked":["Overencumbered","Pain"],"picked":"theDuelist:GravekeeperCurse","floor":34},{"not_picked":["yuri:ChibiInvasion","yuri:yuriHeavyStrike+1"],"picked":"yuri:BookRed","floor":35},{"not_picked":["yuri:GlitchedStrike","yuri:DeepBreathing+1"],"picked":"yuri:ThornRemove+1","floor":37},{"not_picked":["yuri:ThrowBook","yuri:HoldBack+1"],"picked":"yuri:SeeingDouble","floor":38},{"not_picked":["yuri:ReloadGame","yuri:Spin"],"picked":"yuri:GrowingInsanity+1","floor":40},{"not_picked":["yuri:yuriQuickStrike+1","yuri:NerfBat"],"picked":"yuri:BookGreen+1","floor":41},{"not_picked":["yuri:CalmingAura+1","yuri:StealPen+1"],"picked":"yuri:MultiDip","floor":45},{"not_picked":["yuri:RecklessStrike+1","yuri:GlitchedStrike"],"picked":"yuri:DebugCard+1","floor":47},{"not_picked":["yuri:yuriHeavyStrike+1","yuri:Stalk"],"picked":"yuri:MPose","floor":48}],"player_experience":36627,"relics_obtained":[{"floor":9,"key":"MealTicket"},{"floor":13,"key":"Gremlin Food"},{"floor":23,"key":"Toy Ornithopter"},{"floor":26,"key":"Replay:Mystery Machine"},{"floor":28,"key":"Bottled Tornado"},{"floor":32,"key":"Replay:WaspNest"},{"floor":38,"key":"FossilizedHelix"},{"floor":40,"key":"StoneCalendar"},{"floor":43,"key":"Replay:Bottled Flurry"},{"floor":45,"key":"yuri:GlitchPowder"}],"event_choices":[{"damage_healed":0,"gold_gain":0,"player_choice":"Success","damage_taken":33,"relics_obtained":["Gambling Chip"],"max_hp_gain":0,"max_hp_loss":0,"event_name":"Scrap Ooze","floor":2,"gold_loss":0},{"damage_healed":0,"gold_gain":175,"player_choice":"AGREE","damage_taken":0,"max_hp_gain":0,"max_hp_loss":0,"event_name":"Liars Game","floor":3,"gold_loss":0,"cards_obtained":["Doubt"]},{"damage_healed":0,"gold_gain":0,"player_choice":"Entered Light","damage_taken":16,"max_hp_gain":0,"max_hp_loss":0,"event_name":"Shining Light","floor":12,"gold_loss":0,"cards_upgraded":["yuri:yuriStrike","yuri:yuriDefend"]},{"damage_healed":0,"gold_gain":51,"player_choice":"Gained Gold","damage_taken":0,"max_hp_gain":0,"max_hp_loss":0,"event_name":"Golden Wing","floor":14,"gold_loss":0},{"damage_healed":0,"gold_gain":0,"player_choice":"Copied","damage_taken":0,"max_hp_gain":0,"max_hp_loss":0,"event_name":"Duplicator","floor":19,"gold_loss":0,"cards_obtained":["yuri:yuriDefend"]},{"damage_healed":0,"gold_gain":0,"player_choice":"Upgraded","damage_taken":0,"max_hp_gain":0,"max_hp_loss":0,"event_name":"Upgrade Shrine","floor":36,"gold_loss":0,"cards_upgraded":["yuri:BookRed"]},{"damage_healed":0,"gold_gain":0,"player_choice":"Fight","damage_taken":0,"max_hp_gain":0,"max_hp_loss":0,"event_name":"Mysterious Sphere","floor":38,"gold_loss":0},{"damage_healed":0,"gold_gain":0,"player_choice":"Paid","damage_taken":0,"relics_obtained":["Red Mask"],"max_hp_gain":0,"max_hp_loss":0,"event_name":"Tomb of Lord Red Mask","floor":44,"gold_loss":67}],"is_beta":false,"boss_relics":[{"not_picked":["Painkiller Herb","Astrolabe"],"picked":"Replay:Grab Bag"},{"not_picked":["Sozu","Velvet Choker"],"picked":"Cursed Key"},{"not_picked":["Coffee Dripper","Runic Dome"],"picked":"Philosopher\u0027s Stone"},{"not_picked":["Calling Bell","Kintsugi"],"picked":"yuri:BookOfBooks"},{"not_picked":["Replay:Wanted Poster","yuri:PortraitOfMarkov"],"picked":"Replay:Ancient Bell"},{"not_picked":["Simple Rune","ReplayFunnel"],"picked":"Anchor"},{"not_picked":["InkBottle","Quantum Egg"],"picked":"Onion Ring"},{"not_picked":["Torii","Thread and Needle"],"picked":"TungstenRod"}],"items_purged_floors":[4],"is_endless":false,"potions_floor_spawned":[13,16,18,21,25,29,31,33,35,41,48],"ascension_level":0}}