{"host":"xb2tau8pgi8aflss","time":1612362521,"event":{"mods":["AchievementEnabler","BaseMod","Minty Spire (QoL Compilation)","StSLib","SuperFastMode"],"gold_per_floor":[109,34,0,0,20,20,20,20,47,77,89,100,115,147,147,243,243,257,78,105,105,105,105,121,138,164,214,214,231,231,243,243,343,343,358,458,477,477,477],"floor_reached":38,"language":"KOR","playtime":984,"items_purged":["Strike_P","Strike_P"],"score":552,"play_id":"e90a1729-3ff3-4ae6-b100-2a19f50a5c43","local_time":"20210203232841","is_ascension_mode":true,"campfire_choices":[{"data":"Vigilance","floor":6,"key":"SMITH"},{"data":"Judgement","floor":8,"key":"SMITH"},{"data":"EmptyFist","floor":15,"key":"SMITH"},{"data":"Vault","floor":23,"key":"SMITH"},{"floor":28,"key":"REST"},{"data":"Adaptation","floor":30,"key":"SMITH"},{"floor":32,"key":"REST"}],"circlet_count":0,"master_deck":["Strike_P","Strike_P","Defend_P","Defend_P","Defend_P","Eruption+1","Vigilance+1","Judgement+1","CrushJoints","Indignation","ClearTheMind","EmptyFist+1","BowlingBash","Vault+1","Adaptation+1","Protect+1","Omniscience"],"relics":["PureWater","Bag of Preparation","Du-Vu Doll","Boot","VioletLotus","Red Mask","Molten Egg 2","Smiling Mask","Cursed Key"],"acts_visited":["Exordium","TheCity","TheBeyond"],"potions_floor_usage":[13,20,25,33,33,33],"damage_taken":[{"damage":2,"enemies":"Cultist","floor":1,"turns":3},{"damage":4,"enemies":"Jaw Worm","floor":5,"turns":2},{"damage":10,"enemies":"3 Sentries","floor":10,"turns":5},{"damage":0,"enemies":"Small Slimes","floor":11,"turns":1},{"damage":0,"enemies":"Blue Slaver","floor":12,"turns":2},{"damage":15,"enemies":"Large Slime","floor":13,"turns":5},{"damage":0,"enemies":"Gremlin Nob","floor":14,"turns":2},{"damage":26,"enemies":"Slime Boss","floor":16,"turns":6},{"damage":0,"enemies":"Spheric Guardian","floor":18,"turns":1},{"damage":24,"enemies":"Masked Bandits","floor":20,"turns":4},{"damage":4,"enemies":"2 Thieves","floor":24,"turns":5},{"damage":15,"enemies":"Shelled Parasite and Fungi","floor":25,"turns":4},{"damage":0,"enemies":"Sentry and Sphere","floor":29,"turns":4},{"damage":6,"enemies":"3 Cultists","floor":31,"turns":4},{"damage":175,"enemies":"Automaton","floor":33,"turns":9},{"damage":0,"enemies":"3 Darklings","floor":35,"turns":5},{"damage":0,"enemies":"3 Shapes","floor":37,"turns":4},{"damage":73,"enemies":"Transient","floor":38,"turns":6}],"seed_played":"-984025660451243121","potions_obtained":[{"floor":1,"key":"Strength Potion"},{"floor":10,"key":"StancePotion"},{"floor":11,"key":"FairyPotion"},{"floor":16,"key":"EntropicBrew"},{"floor":20,"key":"Block Potion"},{"floor":25,"key":"GamblersBrew"}],"is_trial":false,"path_per_floor":["M","$","$","?","M","R","$","R","T","E","M","M","M","E","R","B",null,"M","$","?","?","T","R","M","M","T","?","R","M","R","M","R","B",null,"M","?","M","M"],"character_chosen":"WATCHER","items_purchased":["Indignation","Adaptation"],"campfire_rested":2,"item_purchase_floors":[3,19],"current_hp_per_floor":[63,63,63,63,59,59,59,59,59,49,49,49,34,34,34,8,51,51,51,27,27,27,27,23,8,8,8,27,27,27,21,40,19,54,54,54,54,0,0],"gold":477,"neow_bonus":"THREE_RARE_CARDS","is_daily":false,"chose_seed":false,"campfire_upgraded":5,"win_rate":0.0,"timestamp":1612362521,"path_taken":["M","?","$","?","?","R","?","R","T","E","M","M","M","E","R","BOSS","M","$","?","?","?","R","M","M","T","?","R","M","R","?","R","BOSS","M","?","M","M"],"items_purchased_type":["Card","Card"],"build_version":"2020-12-22","purchased_purges":2,"victory":false,"max_hp_per_floor":[65,65,65,65,65,65,65,65,65,65,65,65,65,65,65,65,65,65,65,65,65,65,65,65,65,65,65,65,65,65,65,65,65,65,65,65,65,65,65],"card_choices":[{"not_picked":["Alpha","Brilliance"],"picked":"Judgement","floor":0},{"not_picked":["Nirvana","DeceiveReality"],"picked":"CrushJoints","floor":1},{"not_picked":["Sanctity","Worship","Swivel"],"picked":"SKIP","floor":5},{"not_picked":["DeceiveReality","LikeWater"],"picked":"ClearTheMind","floor":10},{"not_picked":["Study","SashWhip","WreathOfFlame"],"picked":"SKIP","floor":11},{"not_picked":["ThirdEye","Evaluate"],"picked":"EmptyFist","floor":12},{"not_picked":["Alpha","PathToVictory"],"picked":"BowlingBash","floor":13},{"not_picked":["ThirdEye","Evaluate","Halt"],"picked":"SKIP","floor":14},{"not_picked":["DeusExMachina","SpiritShield"],"picked":"Vault","floor":16},{"not_picked":["ThirdEye","FlyingSleeves+1","Protect"],"picked":"SKIP","floor":18},{"not_picked":["ReachHeaven","Evaluate"],"picked":"Protect+1","floor":20},{"not_picked":["Halt","ThirdEye+1","Pray"],"picked":"SKIP","floor":24},{"not_picked":["Sanctity+1","BattleHymn","Prostrate"],"picked":"SKIP","floor":25},{"not_picked":["CrushJoints+1","PathToVictory","FollowUp+1"],"picked":"SKIP","floor":29},{"not_picked":["SandsOfTime+1","SashWhip+1","Protect+1"],"picked":"SKIP","floor":31},{"not_picked":["ConjureBlade","Ragnarok+1"],"picked":"Omniscience","floor":33},{"not_picked":["ClearTheMind","JustLucky+1","LikeWater+1"],"picked":"SKIP","floor":35},{"not_picked":["CarveReality+1","ThirdEye+1","FlurryOfBlows+1"],"picked":"SKIP","floor":37}],"player_experience":755485,"relics_obtained":[{"floor":9,"key":"Bag of Preparation"},{"floor":10,"key":"Du-Vu Doll"},{"floor":14,"key":"Boot"},{"floor":20,"key":"Red Mask"},{"floor":22,"key":"Molten Egg 2"},{"floor":26,"key":"Smiling Mask"}],"event_choices":[{"damage_healed":0,"gold_gain":0,"player_choice":"Grow","damage_taken":0,"max_hp_gain":0,"max_hp_loss":0,"event_name":"Living Wall","floor":4,"gold_loss":0,"cards_upgraded":["Eruption"]},{"damage_healed":0,"gold_gain":0,"player_choice":"Fought Bandits","damage_taken":0,"max_hp_gain":0,"max_hp_loss":0,"event_name":"Masked Bandits","floor":20,"gold_loss":0},{"cards_removed":["Defend_P"],"damage_healed":0,"gold_gain":0,"player_choice":"Elegance","damage_taken":0,"max_hp_gain":0,"max_hp_loss":0,"event_name":"Back to Basics","floor":21,"gold_loss":0},{"damage_healed":0,"gold_gain":100,"player_choice":"Bet on Murderer","damage_taken":0,"max_hp_gain":0,"max_hp_loss":0,"event_name":"The Joust","floor":27,"gold_loss":50},{"damage_healed":0,"gold_gain":100,"player_choice":"Pray","damage_taken":0,"max_hp_gain":0,"max_hp_loss":0,"event_name":"Golden Shrine","floor":36,"gold_loss":0}],"is_beta":false,"boss_relics":[{"not_picked":["Ectoplasm","SlaversCollar"],"picked":"VioletLotus"},{"not_picked":["Snecko Eye","Runic Dome"],"picked":"Cursed Key"}],"items_purged_floors":[2,19],"is_endless":false,"potions_floor_spawned":[1,10,11,16,20,25,31],"killed_by":"Transient","ascension_level":7}}