{"host":"zsnmfqgcm92hlreo","time":1612335838,"event":{"mods":["AchievementEnabler","Act Like it!","BaseMod","Bestiary","Block Reminder","Colored Map","Colored Powertips","Hermit","Jorbs\u0027s Wanderer Trilogy","Minty Spire (QoL Compilation)","Permanent Neow","Quick Restart","Relic Stats","StSLib","Weighted Paths"],"gold_per_floor":[20,31,43,58,58,77,77,88,162,188,198,224,224,240,240,316,316,335,335,307,307,307,307],"floor_reached":22,"language":"ENG","playtime":1411,"items_purged":[],"score":400,"play_id":"5c9e4268-9151-493d-b98e-747d8e66514d","local_time":"20210203010358","is_ascension_mode":true,"campfire_choices":[{"floor":13.0,"key":"REST"},{"data":"Vigilance","floor":15.0,"key":"SMITH"}],"circlet_count":0,"master_deck":["AscendersBane","Strike_P+1","Strike_P+1","Strike_P+1","Strike_P+1","Defend_P+1","Defend_P+1","Defend_P+1","Defend_P+1","Eruption","Vigilance+1","LessonLearned+1","BowlingBash+1","BowlingBash","CutThroughFate","Weave","Protect+1","ThirdEye","LikeWater+1","FlurryOfBlows","CutThroughFate","ConjureBlade","EmptyBody+1","LikeWater+1"],"relics":["PureWater","Omamori","Mummified Hand","Calipers","Anchor","SlaversCollar"],"acts_visited":["Exordium","TheCity"],"potions_floor_usage":[22],"damage_taken":[{"damage":2.0,"enemies":"Small Slimes","floor":1.0,"turns":5.0},{"damage":0.0,"enemies":"Cultist","floor":2.0,"turns":2.0},{"damage":4.0,"enemies":"Jaw Worm","floor":3.0,"turns":3.0},{"damage":0.0,"enemies":"2 Fungi Beasts","floor":4.0,"turns":2.0},{"damage":3.0,"enemies":"Looter","floor":6.0,"turns":2.0},{"damage":8.0,"enemies":"Large Slime","floor":8.0,"turns":5.0},{"damage":13.0,"enemies":"Lagavulin","floor":10.0,"turns":6.0},{"damage":0.0,"enemies":"Blue Slaver","floor":11.0,"turns":4.0},{"damage":8.0,"enemies":"3 Sentries","floor":12.0,"turns":8.0},{"damage":0.0,"enemies":"Red Slaver","floor":14.0,"turns":8.0},{"damage":16.0,"enemies":"Hexaghost","floor":16.0,"turns":9.0},{"damage":40.0,"enemies":"Shell Parasite","floor":18.0,"turns":8.0},{"damage":12.0,"enemies":"2 Thieves","floor":20.0,"turns":4.0},{"damage":38,"enemies":"Masked Bandits","floor":22,"turns":3}],"seed_played":"7364022969550646426","potions_obtained":[{"floor":1.0,"key":"Ambrosia"},{"floor":4.0,"key":"StancePotion"},{"floor":12.0,"key":"BlessingOfTheForge"},{"floor":18.0,"key":"GamblersBrew"}],"is_trial":false,"path_per_floor":["M","M","M","M","$","M","?","M","T","E","M","E","R","M","R","B",null,"M","?","M","?","?"],"character_chosen":"WATCHER","items_purchased":[],"campfire_rested":1,"item_purchase_floors":[],"current_hp_per_floor":[59,59,55,55,55,52,52,44,44,31,31,23,43,43,43,27,58,18,18,6,6,0,0],"gold":307,"neow_bonus":"THREE_RARE_CARDS","is_daily":false,"chose_seed":false,"campfire_upgraded":1,"win_rate":0.0,"timestamp":1612335838,"path_taken":["M","M","M","M","$","M","?","M","T","E","M","E","R","M","R","BOSS","M","?","?","?","?"],"items_purchased_type":[],"build_version":"2020-12-22","purchased_purges":0,"victory":false,"max_hp_per_floor":[68,68,68,68,68,68,68,68,68,68,68,68,68,68,68,68,68,68,68,68,68,68,68],"relic_stats":{"counters":[14,69],"Mummified Hand":[6],"obtain_stats":[{"SlaversCollar":17,"Anchor":12,"Calipers":10,"Mummified Hand":9,"Omamori":7,"PureWater":0},{"SlaversCollar":11,"Anchor":9,"Calipers":7,"Mummified Hand":6,"Omamori":5,"PureWater":0},{"SlaversCollar":54,"Anchor":37,"Calipers":25,"Mummified Hand":19,"Omamori":14,"PureWater":0}]},"card_choices":[{"not_picked":["SpiritShield","Establishment"],"picked":"LessonLearned","floor":0.0},{"not_picked":["ThirdEye","Evaluate"],"picked":"BowlingBash","floor":1.0},{"not_picked":["ForeignInfluence","FearNoEvil"],"picked":"BowlingBash","floor":2.0},{"not_picked":["SashWhip","ThirdEye"],"picked":"CutThroughFate","floor":3.0},{"not_picked":["WaveOfTheHand","JustLucky"],"picked":"Weave","floor":4.0},{"not_picked":["Prostrate","SashWhip"],"picked":"Protect","floor":6.0},{"not_picked":["Protect","BowlingBash"],"picked":"ThirdEye","floor":8.0},{"not_picked":["Scrawl","Halt"],"picked":"LikeWater","floor":10.0},{"not_picked":["Indignation","ClearTheMind"],"picked":"FlurryOfBlows","floor":11.0},{"not_picked":["Halt","ForeignInfluence"],"picked":"CutThroughFate","floor":12.0},{"not_picked":["PathToVictory","ClearTheMind","Evaluate"],"picked":"SKIP","floor":14.0},{"not_picked":["LessonLearned","MasterReality"],"picked":"ConjureBlade","floor":16.0},{"not_picked":["Study","Indignation"],"picked":"EmptyBody+1","floor":18.0},{"not_picked":["Consecrate","BowlingBash","ClearTheMind"],"picked":"SKIP","floor":20.0}],"player_experience":1001809,"relics_obtained":[{"floor":7.0,"key":"Omamori"},{"floor":9.0,"key":"Mummified Hand"},{"floor":10.0,"key":"Calipers"},{"floor":12.0,"key":"Anchor"}],"event_choices":[{"damage_healed":0.0,"max_hp_gain":0.0,"max_hp_loss":0.0,"gold_gain":0.0,"event_name":"Wheel of Change","player_choice":"Relic","floor":7.0,"gold_loss":0.0,"damage_taken":0.0},{"damage_healed":0.0,"max_hp_gain":0.0,"max_hp_loss":0.0,"gold_gain":0.0,"event_name":"Duplicator","player_choice":"Copied","floor":19.0,"gold_loss":0.0,"damage_taken":0.0,"cards_obtained":["LikeWater"]},{"damage_healed":0.0,"max_hp_gain":0.0,"max_hp_loss":0.0,"gold_gain":0.0,"event_name":"Back to Basics","player_choice":"Simplicity","floor":21.0,"gold_loss":0.0,"damage_taken":0.0,"cards_upgraded":["Strike_P","Strike_P","Defend_P","Defend_P"]},{"damage_healed":0,"gold_gain":0,"player_choice":"Fought Bandits","damage_taken":0,"max_hp_gain":0,"max_hp_loss":0,"event_name":"Masked Bandits","floor":22,"gold_loss":0}],"is_beta":false,"boss_relics":[{"not_picked":["Ectoplasm","Busted Crown"],"picked":"SlaversCollar"}],"items_purged_floors":[],"is_endless":false,"potions_floor_spawned":[1,4,10,12,18],"killed_by":"Masked Bandits","ascension_level":20}}