{"host":"928gv66myv2vlnsd","time":1612371358,"event":{"mods":["BaseMod","Highlight Path","Minty Spire (QoL Compilation)","StSLib"],"gold_per_floor":[115,132,132,132,143,174,174,207,207,85,160,176,176,186,186,186,186],"floor_reached":16,"language":"ENG","playtime":576,"items_purged":["Strike_B"],"score":165,"play_id":"5a1c37f8-bc97-4b27-b9e5-cce149ce84aa","local_time":"20210203115558","is_ascension_mode":true,"campfire_choices":[{"floor":7,"key":"REST"},{"data":"1","floor":13,"key":"LIFT"},{"floor":15,"key":"REST"}],"circlet_count":0,"master_deck":["AscendersBane","Defend_B","Defend_B+1","Defend_B","Defend_B","Zap+1","Dualcast","Barrage","Gash","Tempest","Hologram","Hologram","Chill","Cold Snap","Leap"],"relics":["Empty Cage","MealTicket","Girya","The Courier"],"acts_visited":["Exordium"],"potions_floor_usage":[6,16],"damage_taken":[{"damage":1,"enemies":"Small Slimes","floor":1,"turns":5},{"damage":10,"enemies":"2 Louse","floor":2,"turns":4},{"damage":9,"enemies":"Jaw Worm","floor":5,"turns":5},{"damage":16,"enemies":"Gremlin Nob","floor":6,"turns":3},{"damage":14,"enemies":"Lagavulin","floor":8,"turns":7},{"damage":0,"enemies":"Looter","floor":12,"turns":4},{"damage":8,"enemies":"Large Slime","floor":14,"turns":6},{"damage":47,"enemies":"Slime Boss","floor":16,"turns":10}],"seed_played":"-6516900745087702576","potions_obtained":[{"floor":2,"key":"CultistPotion"},{"floor":12,"key":"DuplicationPotion"}],"is_trial":false,"path_per_floor":["M","M","?","?","M","E","R","E","T","$","?","M","R","M","R","B"],"character_chosen":"DEFECT","items_purchased":["Chill"],"campfire_rested":2,"item_purchase_floors":[10],"current_hp_per_floor":[67,57,50,35,26,10,32,18,18,33,22,22,22,14,36,0,0],"gold":186,"neow_bonus":"BOSS_RELIC","is_daily":false,"chose_seed":false,"campfire_upgraded":0,"win_rate":0.0,"timestamp":1612371358,"path_taken":["M","M","?","?","M","E","R","E","T","$","?","M","R","M","R","BOSS"],"items_purchased_type":["Card"],"build_version":"2020-12-22","purchased_purges":1,"victory":false,"max_hp_per_floor":[75,75,75,75,75,75,75,75,75,75,75,75,75,75,75,75,75],"card_choices":[{"not_picked":["Rebound","Stack"],"picked":"Barrage","floor":1},{"not_picked":["Storm","Conserve Battery"],"picked":"Gash","floor":2},{"not_picked":["Stack","Barrage"],"picked":"Tempest","floor":5},{"not_picked":["Static Discharge","Beam Cell"],"picked":"Hologram","floor":6},{"not_picked":["Genetic Algorithm","Storm"],"picked":"Hologram","floor":8},{"not_picked":["Amplify","Melter"],"picked":"Cold Snap","floor":12},{"not_picked":["Stack","Steam"],"picked":"Leap","floor":14}],"player_experience":1425467,"relics_obtained":[{"floor":6,"key":"MealTicket"},{"floor":8,"key":"Girya"},{"floor":9,"key":"The Courier"}],"event_choices":[{"cards_removed":["Strike_B"],"damage_healed":0,"gold_gain":0,"player_choice":"Card Removal","damage_taken":7,"max_hp_gain":0,"max_hp_loss":0,"event_name":"Golden Wing","floor":3,"gold_loss":0},{"damage_healed":0,"gold_gain":0,"player_choice":"Entered Light","damage_taken":15,"max_hp_gain":0,"max_hp_loss":0,"event_name":"Shining Light","floor":4,"gold_loss":0,"cards_upgraded":["Zap","Defend_B"]},{"damage_healed":0,"gold_gain":75,"player_choice":"Gather Gold","damage_taken":11,"max_hp_gain":0,"max_hp_loss":0,"event_name":"World of Goop","floor":11,"gold_loss":0}],"is_beta":false,"boss_relics":[],"items_purged_floors":[10],"is_endless":false,"potions_floor_spawned":[2,12],"killed_by":"Slime Boss","ascension_level":10}}