{"host":"2ty4h143nj8vwezc","time":1612332697,"event":{"mods":["BaseMod","Colored Map","Googly Eyes","Highlight Path","Minty Spire (QoL Compilation)","Quick Restart","StSLib"],"gold_per_floor":[116,116,134,114,73,73,102,102,127,127,141,141,66,82,82,82,82],"floor_reached":16,"language":"ENG","playtime":536,"items_purged":["Strike_G"],"score":196,"play_id":"de2d0a36-5cd7-44fd-a744-ba9ad848b40e","local_time":"20210203011137","is_ascension_mode":true,"campfire_choices":[{"data":"Catalyst","floor":6,"key":"SMITH"},{"floor":8,"key":"REST"},{"floor":10,"key":"REST"},{"data":"Noxious Fumes","floor":12,"key":"SMITH"},{"floor":15,"key":"REST"}],"circlet_count":0,"master_deck":["AscendersBane","Strike_G","Strike_G","Strike_G","Defend_G","Defend_G","Defend_G","Defend_G","Defend_G","Survivor","Neutralize","Catalyst+1","Leg Sweep","Noxious Fumes+1","Night Terror","PiercingWail","PiercingWail"],"relics":["Philosopher\u0027s Stone","Bag of Marbles","Ancient Tea Set"],"acts_visited":["Exordium"],"potions_floor_usage":[7,7,16,16],"damage_taken":[{"damage":4,"enemies":"Small Slimes","floor":1,"turns":5},{"damage":0,"enemies":"Jaw Worm","floor":3,"turns":8},{"damage":50,"enemies":"3 Sentries","floor":7,"turns":11},{"damage":7,"enemies":"Cultist","floor":11,"turns":5},{"damage":2,"enemies":"Looter","floor":14,"turns":5},{"damage":67,"enemies":"Hexaghost","floor":16,"turns":12}],"seed_played":"-456949193171328597","potions_obtained":[{"floor":3,"key":"Dexterity Potion"},{"floor":4,"key":"Fruit Juice"},{"floor":11,"key":"Weak Potion"},{"floor":14,"key":"AttackPotion"}],"is_trial":false,"path_per_floor":["M","?","M","?","$","R","E","R","T","R","M","R","$","M","R","B"],"character_chosen":"THE_SILENT","items_purchased":["Noxious Fumes"],"campfire_rested":3,"item_purchase_floors":[5],"current_hp_per_floor":[55,55,55,55,55,55,10,31,31,52,45,45,45,43,64,0,0],"gold":82,"neow_bonus":"BOSS_RELIC","is_daily":false,"chose_seed":false,"campfire_upgraded":2,"win_rate":0.0,"timestamp":1612332697,"path_taken":["M","?","M","?","$","R","E","R","T","R","M","R","$","?","R","BOSS"],"items_purchased_type":["Card"],"build_version":"2020-12-22","purchased_purges":1,"victory":false,"max_hp_per_floor":[66,66,66,66,66,66,71,71,71,71,71,71,71,71,71,71,71],"card_choices":[{"not_picked":["Acrobatics","Flechettes"],"picked":"Catalyst","floor":1},{"not_picked":["Deflect","Cloak And Dagger","Dodge and Roll"],"picked":"SKIP","floor":3},{"not_picked":["Leg Sweep","Backflip"],"picked":"Night Terror","floor":7},{"not_picked":["Prepared","Acrobatics"],"picked":"PiercingWail","floor":11},{"not_picked":["Underhanded Strike","Flechettes"],"picked":"PiercingWail","floor":14}],"player_experience":343902,"relics_obtained":[{"floor":7,"key":"Bag of Marbles"},{"floor":9,"key":"Ancient Tea Set"}],"event_choices":[{"damage_healed":0,"gold_gain":0,"cards_transformed":["Strike_G"],"player_choice":"Change","damage_taken":0,"max_hp_gain":0,"max_hp_loss":0,"event_name":"Living Wall","floor":2,"gold_loss":0,"cards_obtained":["Leg Sweep"]},{"damage_healed":0,"gold_gain":0,"player_choice":"Bought 1 Potion","damage_taken":0,"max_hp_gain":0,"max_hp_loss":0,"event_name":"The Woman in Blue","floor":4,"gold_loss":0}],"is_beta":false,"boss_relics":[],"items_purged_floors":[13],"is_endless":false,"potions_floor_spawned":[3,11,14],"killed_by":"Hexaghost","ascension_level":20}}