{"host":"7cp3z5w0tcrrm8ys","time":1612351155,"event":{"mods":["AchievementEnabler","BaseMod","DeckTracker","Minty Spire (QoL Compilation)","StSLib","SuperFastMode"],"gold_per_floor":[14,14,32,57,76,76,99,134,134,160,172,184,221,60,60,149,149,149,149,163,163,187,187,220,239,239,239,239,239],"floor_reached":28,"language":"KOR","playtime":618,"items_purged":[],"score":484,"play_id":"1503e6ff-7e86-4bc5-860a-ced8b7cec255","local_time":"20210203201915","is_ascension_mode":true,"campfire_choices":[{"data":"Armaments","floor":6,"key":"SMITH"},{"data":"Magnetism","floor":11,"key":"SMITH"},{"data":"Flame Barrier","floor":15,"key":"SMITH"},{"data":"Corruption","floor":23,"key":"SMITH"},{"floor":27,"key":"REST"}],"circlet_count":0,"master_deck":["AscendersBane","Strike_R","Strike_R","Strike_R","Strike_R","Strike_R","Defend_R","Defend_R","Defend_R","Defend_R","Bash","Magnetism+1","Twin Strike","Cleave","Armaments+1","Dropkick","Dark Embrace+1","Flame Barrier+1","Corruption+1","Body Slam","Shockwave","Sentinel","Disarm+1"],"relics":["Burning Blood","Golden Idol","Toy Ornithopter","MawBank","PreservedInsect","Philosopher\u0027s Stone","MutagenicStrength","Juzu Bracelet","Darkstone Periapt"],"acts_visited":["Exordium","TheCity"],"potions_floor_usage":[7,16,18,25],"damage_taken":[{"damage":9,"enemies":"Jaw Worm","floor":1,"turns":5},{"damage":5,"enemies":"2 Louse","floor":3,"turns":3},{"damage":0,"enemies":"Cultist","floor":4,"turns":2},{"damage":7,"enemies":"2 Fungi Beasts","floor":5,"turns":4},{"damage":13,"enemies":"Blue Slaver","floor":7,"turns":5},{"damage":50,"enemies":"3 Sentries","floor":8,"turns":9},{"damage":9,"enemies":"Exordium Wildlife","floor":10,"turns":4},{"damage":1,"enemies":"2 Fungi Beasts","floor":13,"turns":4},{"damage":20,"enemies":"The Guardian","floor":16,"turns":10},{"damage":0,"enemies":"2 Thieves","floor":18,"turns":1},{"damage":19,"enemies":"Chosen","floor":20,"turns":6},{"damage":14,"enemies":"Centurion and Healer","floor":22,"turns":6},{"damage":30,"enemies":"Slavers","floor":24,"turns":5},{"damage":16,"enemies":"Snake Plant","floor":25,"turns":4},{"damage":60,"enemies":"Sentry and Sphere","floor":28,"turns":5}],"seed_played":"646021077017707791","potions_obtained":[{"floor":4,"key":"FairyPotion"},{"floor":5,"key":"AttackPotion"},{"floor":10,"key":"AttackPotion"},{"floor":16,"key":"SmokeBomb"},{"floor":24,"key":"ColorlessPotion"}],"is_trial":false,"path_per_floor":["M","?","M","M","M","R","M","E","T","M","R","?","M","$","R","B",null,"M","?","M","?","M","R","E","M","T","R","M"],"character_chosen":"IRONCLAD","items_purchased":["PreservedInsect"],"campfire_rested":1,"item_purchase_floors":[14],"current_hp_per_floor":[65,65,66,68,67,67,60,16,16,13,13,13,18,18,18,9,53,64,64,51,51,43,43,19,14,14,34,0,0],"gold":239,"neow_bonus":"RANDOM_COLORLESS_2","is_daily":false,"chose_seed":false,"campfire_upgraded":4,"win_rate":0.0,"timestamp":1612351155,"path_taken":["M","?","M","M","M","R","M","E","T","M","R","?","?","$","R","BOSS","M","?","M","?","M","R","E","M","T","R","M"],"items_purchased_type":["Relic"],"build_version":"2020-12-22","purchased_purges":0,"victory":false,"max_hp_per_floor":[75,68,68,68,68,68,68,68,68,68,68,68,68,68,68,68,68,68,68,68,68,68,68,68,68,68,68,68,68],"card_choices":[{"not_picked":["Master of Strategy","Panache"],"picked":"Magnetism","floor":0},{"not_picked":["Wild Strike","Headbutt"],"picked":"Twin Strike","floor":1},{"not_picked":["Pommel Strike","Warcry"],"picked":"Cleave","floor":3},{"not_picked":["Uppercut","Thunderclap"],"picked":"Armaments","floor":4},{"not_picked":["Dual Wield","Seeing Red"],"picked":"Dropkick","floor":5},{"not_picked":["Anger","Burning Pact"],"picked":"Dark Embrace","floor":7},{"not_picked":["Cleave","Juggernaut","Havoc"],"picked":"SKIP","floor":8},{"not_picked":["Shrug It Off","Wild Strike"],"picked":"Flame Barrier","floor":10},{"not_picked":["True Grit","Cleave","Sword Boomerang"],"picked":"SKIP","floor":13},{"not_picked":["Double Tap","Bludgeon"],"picked":"Corruption","floor":16},{"not_picked":["Wild Strike","Burning Pact"],"picked":"Body Slam","floor":20},{"not_picked":["Heavy Blade","Uppercut"],"picked":"Shockwave","floor":22},{"not_picked":["Armaments","Burning Pact"],"picked":"Sentinel","floor":24},{"not_picked":["Carnage","Iron Wave"],"picked":"Disarm+1","floor":25}],"player_experience":806828,"relics_obtained":[{"floor":8,"key":"Toy Ornithopter"},{"floor":9,"key":"MawBank"},{"floor":24,"key":"Juzu Bracelet"},{"floor":26,"key":"Darkstone Periapt"}],"event_choices":[{"damage_healed":0,"gold_gain":0,"player_choice":"Lose Max HP","damage_taken":0,"relics_obtained":["Golden Idol"],"max_hp_gain":0,"max_hp_loss":7,"event_name":"Golden Idol","floor":2,"gold_loss":0},{"damage_healed":0,"gold_gain":0,"player_choice":"Forge","damage_taken":0,"max_hp_gain":0,"max_hp_loss":0,"event_name":"Accursed Blacksmith","floor":12,"gold_loss":0,"cards_upgraded":["Dark Embrace"]},{"damage_healed":0,"gold_gain":0,"player_choice":"Inject Mutagens","damage_taken":0,"relics_obtained":["MutagenicStrength"],"max_hp_gain":0,"max_hp_loss":0,"event_name":"Drug Dealer","floor":19,"gold_loss":0},{"damage_healed":0,"gold_gain":0,"player_choice":"Ignored","damage_taken":0,"max_hp_gain":0,"max_hp_loss":0,"event_name":"Ghosts","floor":21,"gold_loss":0}],"is_beta":false,"boss_relics":[{"not_picked":["Runic Pyramid","Velvet Choker"],"picked":"Philosopher\u0027s Stone"}],"items_purged_floors":[],"is_endless":false,"potions_floor_spawned":[4,5,10,16,24],"killed_by":"Sentry and Sphere","ascension_level":20}}