{"host":"fwes8e3a36usabj9","time":1612332689,"event":{"mods":["BaseMod","Colored Map","Colored Powertips","Minty Spire (QoL Compilation)"],"gold_per_floor":[115,131,145,158,177,177,197,232,258,258,271,287,63,63,63,160,160,171,181,194,194,194],"floor_reached":21,"language":"ENG","playtime":3572,"items_purged":[],"score":243,"play_id":"52092f8b-2224-4a7e-ac36-8daf36ceca3f","local_time":"20210202221129","is_ascension_mode":true,"campfire_choices":[{"data":"Genetic Algorithm","floor":6.0,"key":"SMITH"},{"floor":15,"key":"REST"}],"circlet_count":0,"master_deck":["Strike_B","Strike_B","Strike_B","Strike_B","Defend_B","Defend_B","Defend_B","Defend_B","Zap","Dualcast","Master of Strategy","Reprogram+1","Ball Lightning","Conserve Battery","Go for the Eyes","Genetic Algorithm+1","Turbo","White Noise","Fusion","Hello World","Scrape","Echo Form","Gash+1","Redo+1","Gash"],"relics":["Cracked Core","Akabeko","Strawberry","Happy Flower","Smiling Mask","Philosopher\u0027s Stone"],"acts_visited":["Exordium","TheCity"],"potions_floor_usage":[8,8,16,16,20],"damage_taken":[{"damage":0.0,"enemies":"Small Slimes","floor":1.0,"turns":2.0},{"damage":0.0,"enemies":"Cultist","floor":2.0,"turns":3.0},{"damage":2.0,"enemies":"2 Louse","floor":3.0,"turns":2.0},{"damage":8.0,"enemies":"Gremlin Gang","floor":4.0,"turns":6.0},{"damage":11.0,"enemies":"Lots of Slimes","floor":5.0,"turns":4.0},{"damage":3.0,"enemies":"Blue Slaver","floor":7.0,"turns":4.0},{"damage":19,"enemies":"Gremlin Nob","floor":8,"turns":4},{"damage":0,"enemies":"2 Fungi Beasts","floor":11,"turns":3},{"damage":6,"enemies":"Exordium Wildlife","floor":12,"turns":4},{"damage":17,"enemies":"The Guardian","floor":16,"turns":9},{"damage":27,"enemies":"2 Thieves","floor":18,"turns":4},{"damage":8,"enemies":"Chosen","floor":19,"turns":5},{"damage":28,"enemies":"Snecko","floor":20,"turns":6},{"damage":4,"enemies":"3 Cultists","floor":21,"turns":2}],"seed_played":"8727026608849233444","potions_obtained":[{"floor":5.0,"key":"FearPotion"},{"floor":7.0,"key":"DistilledChaos"},{"floor":8,"key":"GamblersBrew"},{"floor":11,"key":"FocusPotion"},{"floor":12,"key":"SteroidPotion"},{"floor":18,"key":"SkillPotion"}],"is_trial":false,"path_per_floor":["M","M","M","M","M","R","M","E","T","?","M","M","$","?","R","B",null,"M","M","M","M"],"character_chosen":"DEFECT","items_purchased":["Scrape","Happy Flower"],"campfire_rested":1,"item_purchase_floors":[13,13],"current_hp_per_floor":[68,68,66,58,47,47,44,25,32,32,32,26,26,26,48,31,64,37,29,1,0,0],"gold":194,"neow_bonus":"RANDOM_COLORLESS_2","is_daily":false,"chose_seed":false,"campfire_upgraded":1,"win_rate":0.0,"timestamp":1612332689,"path_taken":["M","M","M","M","M","R","M","E","T","?","?","M","$","?","R","BOSS","M","?","?","M"],"items_purchased_type":["Card","Relic"],"build_version":"2020-12-22","purchased_purges":0,"victory":false,"max_hp_per_floor":[68,68,68,68,68,68,68,68,75,75,75,75,75,75,75,75,75,75,75,75,75,75],"card_choices":[{"not_picked":["Secret Weapon","Transmutation"],"picked":"Master of Strategy","floor":0.0},{"not_picked":["Compile Driver","Undo"],"picked":"Reprogram","floor":1.0},{"not_picked":["Storm","Coolheaded"],"picked":"Ball Lightning","floor":2.0},{"not_picked":["Stack","Turbo"],"picked":"Conserve Battery","floor":3.0},{"not_picked":["Cold Snap","Ball Lightning"],"picked":"Go for the Eyes","floor":4.0},{"not_picked":["Thunder Strike","Consume"],"picked":"Genetic Algorithm","floor":5.0},{"not_picked":["Storm","Blizzard"],"picked":"Turbo","floor":7.0},{"not_picked":["Glacier","Coolheaded"],"picked":"White Noise","floor":8},{"not_picked":["Turbo","Compile Driver"],"picked":"Fusion","floor":11},{"not_picked":["Darkness","Rainbow"],"picked":"Hello World","floor":12},{"not_picked":["Electrodynamics","Thunder Strike"],"picked":"Echo Form","floor":16},{"not_picked":["FTL+1","Storm"],"picked":"Gash+1","floor":18},{"not_picked":["Capacitor","Compile Driver"],"picked":"Redo+1","floor":19},{"not_picked":["Lockon+1","Genetic Algorithm"],"picked":"Gash","floor":20}],"player_experience":721018,"relics_obtained":[{"floor":8,"key":"Akabeko"},{"floor":9,"key":"Strawberry"}],"event_choices":[{"damage_healed":0,"gold_gain":0,"player_choice":"Upgraded","damage_taken":0,"max_hp_gain":0,"max_hp_loss":0,"event_name":"Upgrade Shrine","floor":10,"gold_loss":0,"cards_upgraded":["Reprogram"]},{"damage_healed":0,"gold_gain":0,"player_choice":"Gave Potion","damage_taken":0,"relics_obtained":["Smiling Mask"],"max_hp_gain":0,"max_hp_loss":0,"event_name":"WeMeetAgain","floor":14,"gold_loss":0}],"is_beta":false,"boss_relics":[{"not_picked":["Coffee Dripper","SlaversCollar"],"picked":"Philosopher\u0027s Stone"}],"items_purged_floors":[],"is_endless":false,"potions_floor_spawned":[5,7,8,11,12,18],"killed_by":"3 Cultists","ascension_level":6}}