{"host":"92wx9z21c4p52du4","time":1612392954,"event":{"mods":["BaseMod","Downfall","Hermit","Minty Spire (QoL Compilation)","Reliquary","StSLib","The Hierophant"],"gold_per_floor":[99,116,130,130,140,140,140,171,190,201,201,216,246,246,264,264,264,264],"floor_reached":16,"language":"ENG","playtime":641,"items_purged":[],"score":104,"play_id":"83a49e7c-9dd5-4de1-8230-359cf542e7f3","local_time":"20210203165554","is_ascension_mode":false,"campfire_choices":[{"data":"bronze:Replicate","floor":1,"key":"SMITH"},{"data":"bronze:CloningBeam","floor":6,"key":"SMITH"},{"floor":11,"key":"REST"}],"circlet_count":0,"master_deck":["bronze:Strike","bronze:Strike","bronze:Strike","bronze:Strike","bronze:Defend","bronze:Defend","bronze:Defend","bronze:Defend","bronze:Replicate+1","bronze:Goto","bronze:CloningBeam+1","bronze:BronzeArmor","bronze:ForceShield","bronze:Branch","bronze:BugBarrage","bronze:Verify","bronze:Overload","bronze:Terminator"],"relics":["bronze:BronzeCore","WingedGreaves","Bottled Flame","reliquary:OuijaBoard","Singing Bowl","downfall:ShatteredFragment"],"acts_visited":["Exordium"],"potions_floor_usage":[8,8,9,15],"damage_taken":[{"damage":1,"enemies":"Cultist","floor":2,"turns":3},{"damage":3,"enemies":"2 Louse","floor":3,"turns":3},{"damage":2,"enemies":"Small Slimes","floor":5,"turns":3},{"damage":36,"enemies":"Lagavulin","floor":8,"turns":6},{"damage":0,"enemies":"Gremlin Gang","floor":9,"turns":3},{"damage":4,"enemies":"Blue Slaver","floor":10,"turns":4},{"damage":0,"enemies":"3 Louse","floor":12,"turns":2},{"damage":0,"enemies":"Red Slaver","floor":15,"turns":3},{"damage":15,"enemies":"SI_SHIV_ARCHETYPE","floor":16,"turns":5}],"seed_played":"5714605339333999242","potions_obtained":[{"floor":2,"key":"Guardian:BlockOnCardUsePotion"},{"floor":4,"key":"Block Potion"},{"floor":4,"key":"LiquidMemories"},{"floor":5,"key":"DuplicationPotion"},{"floor":8,"key":"Explosive Potion"},{"floor":9,"key":"Energy Potion"}],"is_trial":false,"path_per_floor":["R","M","M","?","M","R","T","E","M","M","R","M","?","?","M","B"],"character_chosen":"THE_AUTOMATON","items_purchased":[],"campfire_rested":1,"item_purchase_floors":[],"current_hp_per_floor":[63,62,59,59,57,57,57,21,21,17,35,35,35,14,14,0,0,0],"gold":264,"neow_bonus":"ONE_RARE_RELIC","is_daily":false,"chose_seed":false,"campfire_upgraded":2,"win_rate":0.0,"timestamp":1612392954,"path_taken":["R","M","M","?","M","R","T","E","M","?","R","M","?","?","M","BOSS"],"items_purchased_type":[],"build_version":"2020-12-22","purchased_purges":0,"victory":false,"max_hp_per_floor":[63,63,63,63,63,63,63,63,63,63,63,63,63,63,63,63,63,63],"card_choices":[{"not_picked":["bronze:NullPointer","bronze:Separator"],"picked":"bronze:CloningBeam","floor":2},{"not_picked":["bronze:Deprecate","bronze:Backtrace"],"picked":"bronze:BronzeArmor","floor":3},{"not_picked":["bronze:Shield","bronze:FineTuning"],"picked":"bronze:ForceShield","floor":5},{"not_picked":["bronze:DelayedGuard","bronze:Backtrace"],"picked":"bronze:Branch","floor":8},{"not_picked":["bronze:Invalidate","bronze:WhirlingStrike"],"picked":"bronze:BugBarrage","floor":9},{"not_picked":["bronze:BitShift","bronze:CutThrough"],"picked":"bronze:Verify","floor":10},{"not_picked":["bronze:BronzeArmor","bronze:Fortify"],"picked":"bronze:Overload","floor":12},{"not_picked":["bronze:Invalidate","bronze:Shield"],"picked":"bronze:Terminator","floor":15}],"player_experience":249043,"relics_obtained":[{"floor":7,"key":"Bottled Flame"},{"floor":8,"key":"reliquary:OuijaBoard"}],"event_choices":[{"damage_healed":0,"gold_gain":0,"player_choice":"Got Potions","damage_taken":0,"max_hp_gain":0,"max_hp_loss":0,"event_name":"Lab","floor":4,"gold_loss":0}],"is_beta":false,"boss_relics":[],"items_purged_floors":[],"is_endless":false,"potions_floor_spawned":[2,5,8,9],"killed_by":"SI_SHIV_ARCHETYPE","ascension_level":0}}