{"host":"qdfumeom6htv8yxl","time":1612370434,"event":{"mods":["AchievementEnabler","BaseMod","Bestiary","Block Reminder","Colored Powertips","Highlight Path","Minty Spire (QoL Compilation)","Quick Restart","Relic Stats"],"gold_per_floor":[119,44,3,3,21,54,73,73,97,155,179,29,29,40,40,119,119,132,132,149,44,44,44,44,94,94,94,94,94],"floor_reached":28,"language":"ENG","playtime":3217,"items_purged":["Bite"],"score":499,"play_id":"091e8c2f-aeff-414b-b9e2-5e8a4dbd3067","local_time":"20210203104034","is_ascension_mode":true,"campfire_choices":[{"data":"Capacitor","floor":8.0,"key":"SMITH"},{"floor":13.0,"key":"REST"},{"floor":15.0,"key":"REST"},{"floor":23,"key":"REST"},{"data":"Beam Cell","floor":27,"key":"SMITH"}],"circlet_count":0,"master_deck":["AscendersBane","Defend_B","Defend_B","Defend_B","Defend_B","Zap","Dualcast","Capacitor+1","Glacier","Ball Lightning","Ball Lightning","Go for the Eyes","Leap","Core Surge","Thunder Strike","Barrage","Bite","Bite","Bite","Bite","Beam Cell+1","Coolheaded"],"relics":["Cracked Core","NeowsBlessing","Omamori","Art of War","Akabeko","Juzu Bracelet","SlaversCollar","Ancient Tea Set","Ornamental Fan"],"acts_visited":["Exordium","TheCity"],"potions_floor_usage":[16,28],"damage_taken":[{"damage":0.0,"enemies":"Small Slimes","floor":1.0,"turns":1.0},{"damage":0.0,"enemies":"2 Louse","floor":5.0,"turns":1.0},{"damage":0.0,"enemies":"Lagavulin","floor":6.0,"turns":1.0},{"damage":2.0,"enemies":"Jaw Worm","floor":7.0,"turns":3.0},{"damage":37.0,"enemies":"Lagavulin Event","floor":10.0,"turns":6.0},{"damage":3.0,"enemies":"3 Louse","floor":14.0,"turns":5.0},{"damage":60,"enemies":"Slime Boss","floor":16,"turns":8},{"damage":15,"enemies":"Shell Parasite","floor":18,"turns":7},{"damage":33,"enemies":"3 Byrds","floor":20,"turns":7},{"damage":37,"enemies":"Colosseum Slavers","floor":28,"turns":7},{"damage":12,"enemies":"Colosseum Nobs","floor":28,"turns":3}],"seed_played":"-8940161056958413486","potions_obtained":[{"floor":1.0,"key":"Regen Potion"},{"floor":6.0,"key":"SteroidPotion"},{"floor":10.0,"key":"PowerPotion"}],"is_trial":false,"path_per_floor":["M","?","$","?","M","E","M","R","T","?","T","$","R","M","R","B",null,"M","?","M","$","?","R","?","?","T","R","?"],"character_chosen":"DEFECT","items_purchased":["Glacier","Core Surge","Beam Cell"],"campfire_rested":3,"item_purchase_floors":[3,12,21],"current_hp_per_floor":[64,64,64,64,64,64,62,62,62,25,25,25,46,43,64,4,54,39,39,18,18,18,32,32,32,32,32,16,16],"gold":94,"neow_bonus":"THREE_ENEMY_KILL","is_daily":false,"chose_seed":false,"campfire_upgraded":2,"win_rate":0.0,"timestamp":1612370434,"path_taken":["M","?","$","?","M","E","M","R","T","?","?","?","R","M","R","BOSS","M","?","M","$","?","R","?","?","T","R","?"],"items_purchased_type":["Card","Card","Card"],"build_version":"2020-12-22","purchased_purges":1,"victory":false,"max_hp_per_floor":[71,71,71,71,71,71,71,71,71,71,71,71,71,71,71,71,71,71,49,49,49,49,49,49,49,49,49,49,49],"relic_stats":{"counters":[11,49],"Ornamental Fan":[4],"Art of War":[5],"Juzu Bracelet":1,"obtain_stats":[{"SlaversCollar":17,"NeowsBlessing":0,"Ornamental Fan":26,"Omamori":6,"Art of War":9,"Juzu Bracelet":11,"Cracked Core":0,"Ancient Tea Set":22,"Akabeko":10},{"SlaversCollar":7,"NeowsBlessing":0,"Ornamental Fan":9,"Omamori":3,"Art of War":4,"Juzu Bracelet":5,"Cracked Core":0,"Ancient Tea Set":9,"Akabeko":5},{"SlaversCollar":25,"NeowsBlessing":0,"Ornamental Fan":39,"Omamori":3,"Art of War":6,"Juzu Bracelet":12,"Cracked Core":0,"Ancient Tea Set":39,"Akabeko":12}]},"card_choices":[{"not_picked":["Storm","Undo"],"picked":"Capacitor","floor":1.0},{"not_picked":["Stack","Rebound"],"picked":"Ball Lightning","floor":5.0},{"not_picked":["Gash","Chill"],"picked":"Ball Lightning","floor":6.0},{"not_picked":["Scrape","Ball Lightning"],"picked":"Go for the Eyes","floor":7.0},{"not_picked":["Tempest","Streamline"],"picked":"Leap","floor":10.0},{"not_picked":["Reprogram","Leap","Turbo"],"picked":"SKIP","floor":14.0},{"not_picked":["Rainbow","All For One"],"picked":"Thunder Strike","floor":16},{"not_picked":["Streamline","Cold Snap"],"picked":"Barrage","floor":18},{"not_picked":["Leap","Rebound","Rip and Tear"],"picked":"SKIP","floor":20}],"player_experience":1976183,"relics_obtained":[{"floor":6.0,"key":"Omamori"},{"floor":9.0,"key":"Art of War"},{"floor":10.0,"key":"Akabeko"},{"floor":11.0,"key":"Juzu Bracelet"},{"floor":26,"key":"Ornamental Fan"}],"event_choices":[{"cards_removed":["Strike_B"],"damage_healed":0.0,"max_hp_gain":0.0,"max_hp_loss":0.0,"gold_gain":0.0,"event_name":"The Cleric","player_choice":"Card Removal","floor":2.0,"gold_loss":75.0,"damage_taken":0.0},{"damage_healed":0.0,"max_hp_gain":0.0,"max_hp_loss":0.0,"gold_gain":0.0,"event_name":"Liars Game","player_choice":"Ignored","floor":4.0,"gold_loss":0.0,"damage_taken":0.0},{"damage_healed":0.0,"max_hp_gain":0.0,"max_hp_loss":0.0,"gold_gain":0.0,"event_name":"Dead Adventurer","player_choice":"Searched \u00271\u0027 times","floor":10.0,"gold_loss":0.0,"damage_taken":0.0},{"damage_healed":0,"gold_gain":0,"player_choice":"Became a vampire","damage_taken":0,"max_hp_gain":0,"max_hp_loss":22,"event_name":"Vampires","floor":19,"gold_loss":0,"cards_obtained":["Bite","Bite","Bite","Bite","Bite"]},{"damage_healed":0,"gold_gain":0,"player_choice":"Stole Relic","damage_taken":0,"relics_obtained":["Ancient Tea Set"],"max_hp_gain":0,"max_hp_loss":0,"event_name":"Addict","floor":22,"gold_loss":0,"cards_obtained":["Shame"]},{"damage_healed":0,"gold_gain":0,"player_choice":"Read","damage_taken":0,"max_hp_gain":0,"max_hp_loss":0,"event_name":"The Library","floor":24,"gold_loss":0,"cards_obtained":["Coolheaded"]},{"damage_healed":0,"gold_gain":50,"player_choice":"Stole From Cult","damage_taken":0,"max_hp_gain":0,"max_hp_loss":0,"event_name":"Nest","floor":25,"gold_loss":0},{"damage_healed":0,"gold_gain":0,"player_choice":"Fight","damage_taken":0,"max_hp_gain":0,"max_hp_loss":0,"event_name":"Colosseum","floor":28,"gold_loss":0},{"damage_healed":0,"gold_gain":0,"player_choice":"Fought Nobs","damage_taken":0,"max_hp_gain":0,"max_hp_loss":0,"event_name":"Colosseum","floor":28,"gold_loss":0}],"is_beta":false,"boss_relics":[{"not_picked":["Coffee Dripper","Nuclear Battery"],"picked":"SlaversCollar"}],"items_purged_floors":[21],"is_endless":false,"potions_floor_spawned":[1,6,10,28],"killed_by":"Colosseum Nobs","ascension_level":20}}