{"host":"15dd7v8o90xso62x","time":1612319138,"event":{"mods":["BaseMod","Minty Spire (QoL Compilation)","Quick Restart","StSLib","SuperFastMode"],"gold_per_floor":[119,38,38,52,52,90,108,127,196,196,236,236,249,249,249,249,249],"floor_reached":16,"language":"KOR","playtime":419,"items_purged":[],"score":270,"play_id":"0f84fb8c-fd71-4fb6-a454-6cfdd34c5d93","local_time":"20210203112538","is_ascension_mode":true,"campfire_choices":[{"data":"Cloak And Dagger","floor":10.0,"key":"SMITH"},{"data":"Cloak And Dagger","floor":15,"key":"SMITH"}],"circlet_count":0,"master_deck":["AscendersBane","Strike_G","Strike_G","Strike_G+1","Strike_G","Strike_G+1","Defend_G","Defend_G","Defend_G","Defend_G","Survivor","Neutralize","Dash","Accuracy","PiercingWail","Cloak And Dagger+1","Cloak And Dagger+1","Tactician","Terror","Backstab","Backflip","Crippling Poison"],"relics":["Ring of the Snake","NeowsBlessing","Golden Idol","Prayer Wheel","Pear","Whetstone","Dream Catcher"],"acts_visited":["Exordium"],"potions_floor_usage":[],"damage_taken":[{"damage":0.0,"enemies":"Cultist","floor":1.0,"turns":1.0},{"damage":0.0,"enemies":"Jaw Worm","floor":4.0,"turns":1.0},{"damage":0.0,"enemies":"Gremlin Nob","floor":6.0,"turns":1.0},{"damage":2.0,"enemies":"Small Slimes","floor":7.0,"turns":4.0},{"damage":0.0,"enemies":"2 Fungi Beasts","floor":8.0,"turns":5.0},{"damage":7.0,"enemies":"3 Sentries","floor":11.0,"turns":8.0},{"damage":4.0,"enemies":"Red Slaver","floor":13.0,"turns":3.0},{"damage":35,"enemies":"Hexaghost","floor":16,"turns":9}],"seed_played":"-8092993490913826227","potions_obtained":[{"floor":4.0,"key":"AttackPotion"},{"floor":6.0,"key":"Explosive Potion"}],"is_trial":false,"path_per_floor":["M","$","?","M","?","E","M","M","T","R","E","T","M","?","R","B"],"character_chosen":"THE_SILENT","items_purchased":["Accuracy"],"campfire_rested":0,"item_purchase_floors":[2],"current_hp_per_floor":[59,59,59,59,36,36,34,34,44,44,37,37,33,33,33,0,0],"gold":249,"neow_bonus":"THREE_ENEMY_KILL","is_daily":false,"chose_seed":false,"campfire_upgraded":2,"win_rate":0.0,"timestamp":1612319138,"path_taken":["M","$","?","M","?","E","M","M","T","R","E","?","?","?","R","BOSS"],"items_purchased_type":["Card"],"build_version":"2020-12-22","purchased_purges":0,"victory":false,"max_hp_per_floor":[66,66,66,66,66,66,66,66,76,76,76,76,76,76,76,76,76],"card_choices":[{"not_picked":["Acrobatics","Prepared"],"picked":"Dash","floor":1.0},{"not_picked":["Endless Agony","Night Terror"],"picked":"PiercingWail","floor":4.0},{"not_picked":["Bane","Sucker Punch"],"picked":"Cloak And Dagger","floor":6.0},{"not_picked":["Acrobatics","Outmaneuver"],"picked":"Cloak And Dagger","floor":7.0},{"not_picked":["Bane","Dodge and Roll","Noxious Fumes"],"picked":"SKIP","floor":7.0},{"not_picked":["Slice","Choke"],"picked":"Tactician","floor":8.0},{"not_picked":["Expertise","Sucker Punch"],"picked":"Terror","floor":8.0},{"not_picked":["Night Terror","Poisoned Stab"],"picked":"Backstab","floor":11.0},{"not_picked":["Eviscerate","Heel Hook"],"picked":"Backflip","floor":13.0},{"not_picked":["Expertise","Catalyst"],"picked":"Crippling Poison","floor":13.0}],"player_experience":934646,"relics_obtained":[{"floor":6.0,"key":"Prayer Wheel"},{"floor":9.0,"key":"Pear"},{"floor":11.0,"key":"Whetstone"},{"floor":12.0,"key":"Dream Catcher"}],"event_choices":[{"damage_healed":0.0,"max_hp_gain":0.0,"max_hp_loss":0.0,"gold_gain":0.0,"event_name":"Liars Game","player_choice":"Ignored","floor":3.0,"gold_loss":0.0,"damage_taken":0.0},{"damage_healed":0.0,"max_hp_gain":0.0,"max_hp_loss":0.0,"gold_gain":0.0,"event_name":"Golden Idol","player_choice":"Take Damage","floor":5.0,"gold_loss":0.0,"damage_taken":23.0,"relics_obtained":["Golden Idol"]},{"cards_removed":["Defend_G"],"damage_healed":0,"gold_gain":0,"player_choice":"Forget","damage_taken":0,"max_hp_gain":0,"max_hp_loss":0,"event_name":"Living Wall","floor":14,"gold_loss":0}],"is_beta":false,"boss_relics":[],"items_purged_floors":[],"is_endless":false,"potions_floor_spawned":[4,6,8],"killed_by":"Hexaghost","ascension_level":20}}