{"host":"nug5xkek4sujf8as","time":1612374261,"event":{"mods":["Act Like it!","Aspiration","BaseMod","Booster Modes","CapriCore","Colored Powertips","Conspire","Energized Spire","Gensokyo","Minty Spire (QoL Compilation)","Permanent Neow","Quick Restart","Replay The Spire","Shop Mod","Spicy Shops","StSLib","【功能Mod】混沌之环修复补丁","【遗物卡牌】REMEMod","篝火指南"],"gold_per_floor":[115,125,140,140,160,187,0,30,57,57,92,92,92,167,4,77,77,88,188,10,30,1,1,19,19,19],"floor_reached":25,"language":"ZHS","playtime":1118,"items_purged":["Pain","Strike_B"],"score":542,"play_id":"9d840bf3-6807-43f0-ab8d-74eb52ef84a7","local_time":"20210204014421","is_ascension_mode":true,"campfire_choices":[{"data":"Apotheosis","floor":10.0,"key":"SMITH"},{"floor":13.0,"key":"RECALL"},{"data":"1","floor":23,"key":"LIFT"}],"circlet_count":0,"master_deck":["AscendersBane","Strike_B","Strike_B","Strike_B","Defend_B","Defend_B","Defend_B","Defend_B","Zap+1","Dualcast","Limit Break","Consume","BootSequence","Hologram","Meteor Strike","ReplayTheSpireMod:Calculation Training","Apotheosis+1","Turbo","Echo Form","Amplify","ReplayTheSpireMod:Reroute Power","ReplayTheSpireMod:Omega Cannon","Reprogram","Gensokyo:TarnishedGold","Crystallizer","Overencumbered","Coolheaded"],"relics":["Cracked Core","REME_ComplimentaryCards","Sizzling Blood","WarpedTongs","The Courier","Membership Card","FossilizedHelix","REME_HandOfSuture","Runic Capacitor","MerchantsRug","Girya","Inserter","Dead Branch","aspiration:HatOfInfinitePower","Medical Kit","ReplayTheSpireMod:CursedCoin","Carrot","ClockworkSouvenir"],"acts_visited":["Exordium","Gensokyo:Gensokyoer"],"potions_floor_usage":[19],"damage_taken":[{"damage":1.0,"enemies":"Cultist","floor":1.0,"turns":3.0},{"damage":5.0,"enemies":"conspire:RoseBush","floor":2.0,"turns":3.0},{"damage":10.0,"enemies":"Small Slimes","floor":3.0,"turns":3.0},{"damage":7.0,"enemies":"Blue Slaver","floor":5.0,"turns":3.0},{"damage":44.0,"enemies":"3 Sentries","floor":6.0,"turns":6.0},{"damage":0.0,"enemies":"Gremlin Nob","floor":8.0,"turns":3.0},{"damage":0.0,"enemies":"3 Sentries","floor":11.0,"turns":5.0},{"damage":0,"enemies":"Slime Boss","floor":16,"turns":9},{"damage":10,"enemies":"Gensokyo:AngelMirror","floor":18,"turns":4},{"damage":49,"enemies":"Gensokyo:AngelMirror","floor":19,"turns":13},{"damage":0,"enemies":"Gensokyo:CosmicMonolith","floor":21,"turns":2},{"damage":0,"enemies":"Gensokyo:Swordslinger","floor":24,"turns":6},{"damage":22,"enemies":"Gensokyo:Tenshi","floor":25,"turns":3}],"seed_played":"4864628711075137","potions_obtained":[{"floor":2.0,"key":"Fire Potion"},{"floor":3.0,"key":"DuplicationPotion"},{"floor":8.0,"key":"FearPotion"},{"floor":18,"key":"Adrenaline Potion"},{"floor":19,"key":"SpeedPotion"}],"is_trial":false,"path_per_floor":["M","M","M","?","M","E","R","E","T","R","E","?","R","?","R","B",null,"M","?","COS","M","$","R","M","E"],"character_chosen":"DEFECT","items_purchased":["Membership Card","Apotheosis","Runic Capacitor","MerchantsRug","Girya","ReplayTheSpireMod:Reroute Power","ReplayTheSpireMod:CursedCoin","Carrot","ClockworkSouvenir","Coolheaded"],"campfire_rested":0,"item_purchase_floors":[7,7,15,15,15,15,22,22,22,22],"current_hp_per_floor":[71,70,64,64,61,21,21,25,25,25,29,29,29,18,18,22,62,56,11,11,15,15,15,19,0,0],"gold":19,"neow_bonus":"NOSTALGIA","is_daily":false,"chose_seed":false,"campfire_upgraded":1,"win_rate":0.0,"timestamp":1612374261,"path_taken":["M","M","?","?","?","E","R","E","T","R","E","?","R","?","R","BOSS","M","?","COS","M","$","R","M","E"],"items_purchased_type":["Relic","Card","Relic","Relic","Relic","Card","Relic","Relic","Relic","Card"],"build_version":"2020-12-22","purchased_purges":2,"victory":false,"max_hp_per_floor":[75,75,75,75,75,75,75,75,75,75,75,75,75,75,75,75,75,75,75,75,75,75,75,75,75,75],"card_choices":[{"not_picked":["Gash","Rebound"],"picked":"Consume","floor":1.0},{"not_picked":["Conserve Battery","Sweeping Beam"],"picked":"BootSequence","floor":2.0},{"not_picked":["Leap","BasicCrystalCard"],"picked":"Hologram","floor":3.0},{"not_picked":["Steam","Double Energy"],"picked":"Meteor Strike","floor":5.0},{"not_picked":["ReplayTheSpireMod:GoodbyeWorld","Turbo"],"picked":"ReplayTheSpireMod:Calculation Training","floor":6.0},{"not_picked":["ReplayTheSpireMod:Dual Polarity","Barrage"],"picked":"Turbo","floor":8.0},{"not_picked":["Amplify","Thunder Strike"],"picked":"Echo Form","floor":11.0},{"not_picked":["REME_DataAnalysis","Storm"],"picked":"Amplify","floor":11.0},{"not_picked":["Machine Learning","Multi-Cast"],"picked":"ReplayTheSpireMod:Omega Cannon","floor":16},{"not_picked":["Cold Snap","Beam Cell"],"picked":"Reprogram","floor":18},{"not_picked":["Streamline","Compile Driver+1"],"picked":"Crystallizer","floor":21},{"not_picked":["Cold Snap","Fusion","Rebound+1"],"picked":"SKIP","floor":24}],"player_experience":769890,"relics_obtained":[{"floor":6.0,"key":"The Courier"},{"floor":8.0,"key":"FossilizedHelix"},{"floor":9.0,"key":"REME_HandOfSuture"},{"floor":11.0,"key":"conspire:GiftBox"},{"floor":19,"key":"Dead Branch"},{"floor":19,"key":"aspiration:HatOfInfinitePower"}],"event_choices":[{"damage_healed":0.0,"max_hp_gain":0.0,"max_hp_loss":0.0,"gold_gain":0.0,"event_name":"Accursed Blacksmith","player_choice":"Rummage","floor":4.0,"gold_loss":0.0,"damage_taken":0.0,"relics_obtained":["WarpedTongs"],"cards_obtained":["Pain"]},{"damage_healed":0.0,"max_hp_gain":0.0,"max_hp_loss":0.0,"gold_gain":75.0,"event_name":"World of Goop","player_choice":"Gather Gold","floor":14.0,"gold_loss":0.0,"damage_taken":11.0}],"is_beta":false,"boss_relics":[{"not_picked":["Abe\u0027s Treasure","Replay:Ancient Bell"],"picked":"Inserter"}],"items_purged_floors":[7,15],"is_endless":false,"potions_floor_spawned":[2,3,8,18,19],"killed_by":"Gensokyo:Tenshi","ascension_level":14}}