{"host":"ydh61a5ftgdajrbo","time":1612355696,"event":{"mods":["BaseMod","CapriCore","Colored Map","Downfall","Marisa¡]Ãú«B¡@Å]²z¨F¡^","Minty Spire (QoL Compilation)","Spire Arcade","StSLib","The Cursed","The Immortal","The Servant 0.9.4"],"gold_per_floor":[115,115,65,80,155,155,155,166,166,196,271,305,318,329,329,425,425,436,461,242,259,259,259,285,297,333,365,388,425,450,475,487,602,614,641,673,697,723,306,306,317,329,383,394,413,423,456,456,456,456],"floor_reached":51,"language":"ZHS","playtime":3598,"items_purged":["Defend_S","Defend_S"],"score":860,"play_id":"9e07f21e-a2c2-4276-8af7-f3ed97a9c20b","local_time":"20210203203456","is_ascension_mode":false,"campfire_choices":[{"data":"SilverBlades","floor":7.0,"key":"SMITH"},{"data":"Moonlight","floor":15.0,"key":"SMITH"},{"floor":23.0,"key":"RECALL"},{"floor":32.0,"key":"REST"},{"floor":40,"key":"REST"},{"floor":49,"key":"REST"}],"circlet_count":0,"master_deck":["Strike_S","Strike_S+1","Defend_S+1","Defend_S","KidneyShot","Exchange+1","Potential","SilverBlades+1","DoubleEdge","Moonlight+1","GearUp+1","Alleviate+1","Defy+1","Initiator","FastForward+1","Spin","WasteNot","SilverBlades","Luminosity","Barrier+1","BestPractice","GearUp+1","Embodiment","Starlight+1","BottledTime+1","Defy+1","Moonlight+1","Parasite","SurpressingFire","Luminosity+1"],"relics":["Uniform","Akabeko","Orichalcum","Slimebound:PreparedRelic","Toxic Egg 2","Pantograph","Fusion Hammer","Red Mask","Tiny Chest","MawBank","Lantern","Toy Ornithopter","StoneMask","Ancient Tea Set","War Paint","Whetstone","Boot","Bag of Marbles"],"acts_visited":["Exordium","TheCity","TheBeyond"],"potions_floor_usage":[50,50],"damage_taken":[{"damage":0.0,"enemies":"2 Louse","floor":1.0,"turns":2.0},{"damage":0.0,"enemies":"Jaw Worm","floor":4.0,"turns":1.0},{"damage":0.0,"enemies":"Cultist","floor":8.0,"turns":3.0},{"damage":10.0,"enemies":"3 Sentries","floor":10.0,"turns":5.0},{"damage":0.0,"enemies":"Gremlin Nob","floor":12.0,"turns":3.0},{"damage":0.0,"enemies":"3 Louse","floor":13.0,"turns":2.0},{"damage":9.0,"enemies":"Exordium Thugs","floor":14.0,"turns":4.0},{"damage":0.0,"enemies":"The Guardian","floor":16.0,"turns":9.0},{"damage":2.0,"enemies":"Spheric Guardian","floor":18.0,"turns":4.0},{"damage":0.0,"enemies":"Masked Bandits","floor":19.0,"turns":4.0},{"damage":0.0,"enemies":"Shell Parasite","floor":21.0,"turns":3.0},{"damage":0.0,"enemies":"Book of Stabbing","floor":24.0,"turns":4.0},{"damage":1.0,"enemies":"Centurion and Healer","floor":27.0,"turns":6.0},{"damage":0.0,"enemies":"Snake Plant","floor":28.0,"turns":2.0},{"damage":31.0,"enemies":"Slavers","floor":29.0,"turns":5.0},{"damage":0.0,"enemies":"Snecko","floor":30.0,"turns":3.0},{"damage":0.0,"enemies":"Shelled Parasite and Fungi","floor":31.0,"turns":4.0},{"damage":72.0,"enemies":"Collector","floor":33.0,"turns":12.0},{"damage":31.0,"enemies":"3 Shapes","floor":35.0,"turns":5.0},{"damage":1.0,"enemies":"Orb Walker","floor":36.0,"turns":5.0},{"damage":16.0,"enemies":"4 Shapes","floor":37.0,"turns":3.0},{"damage":12,"enemies":"3 Darklings","floor":38,"turns":4},{"damage":0,"enemies":"Writhing Mass","floor":41,"turns":6},{"damage":6,"enemies":"Sphere and 2 Shapes","floor":42,"turns":6},{"damage":1,"enemies":"Jaw Worm Horde","floor":44,"turns":5},{"damage":18,"enemies":"Writhing Mass","floor":45,"turns":5},{"damage":0,"enemies":"Spire Growth","floor":46,"turns":5},{"damage":29,"enemies":"Giant Head","floor":47,"turns":7},{"damage":22,"enemies":"Donu and Deca","floor":50,"turns":9}],"seed_played":"-6118053196606697866","potions_obtained":[{"floor":4.0,"key":"AttackPotion"},{"floor":13.0,"key":"SkillPotion"},{"floor":16.0,"key":"Fire Potion"},{"floor":18.0,"key":"PowerPotion"},{"floor":24.0,"key":"SkillPotion"},{"floor":28.0,"key":"Dexterity Potion"},{"floor":29.0,"key":"Regen Potion"},{"floor":33.0,"key":"DistilledChaos"},{"floor":35.0,"key":"Fire Potion"}],"is_trial":false,"path_per_floor":["M","?","?","M","?","T","R","M","T","E","?","E","M","M","R","B",null,"M","?","$","M","?","R","E","$","T","M","M","E","M","M","R","B",null,"M","M","M","M","$","R","M","M","T","M","M","M","E","T","R","B",null],"character_chosen":"THE_SERVANT","items_purchased":["Tiny Chest","Ancient Tea Set","War Paint","Defy+1"],"campfire_rested":3,"item_purchase_floors":[20,39,39,39],"current_hp_per_floor":[65,70,70,70,59,59,59,59,59,49,42,42,42,33,33,58,70,68,68,68,68,68,68,68,68,68,67,67,36,36,36,57,23,70,48,50,46,37,37,60,63,66,66,74,59,62,36,36,62,81],"gold":456,"neow_bonus":"RANDOM_COMMON_RELIC","is_daily":false,"chose_seed":false,"campfire_upgraded":2,"win_rate":0.0,"timestamp":1612355696,"path_taken":["M","?","?","M","?","?","R","?","T","E","?","E","M","M","R","BOSS","M","?","$","M","?","R","E","$","T","M","M","E","M","M","R","BOSS","M","M","M","M","$","R","?","?","T","M","M","M","E","?","R","BOSS"],"items_purchased_type":["Relic","Relic","Relic","Card"],"build_version":"2020-12-22","purchased_purges":2,"victory":true,"max_hp_per_floor":[65,70,70,70,70,70,70,70,70,70,70,70,70,70,70,70,70,70,70,70,70,70,70,70,70,70,70,70,70,70,70,70,70,70,73,74,78,79,79,79,80,83,83,86,87,88,89,89,89,91],"card_choices":[{"not_picked":["Unruled","WasteNot"],"picked":"Potential","floor":1.0},{"not_picked":["Rearm","Starlight"],"picked":"SilverBlades","floor":4.0},{"not_picked":["Snipe","Replace"],"picked":"DoubleEdge","floor":8.0},{"not_picked":["FastForward+1","TimeWarp"],"picked":"Moonlight","floor":10.0},{"not_picked":["Read+1","ForgedInTime+1"],"picked":"GearUp+1","floor":12.0},{"not_picked":["Replace+1","FanOfKnives"],"picked":"Alleviate+1","floor":13.0},{"not_picked":["Advance+1","Unruled"],"picked":"Defy+1","floor":14.0},{"not_picked":["Deny+1","FlawlessForm"],"picked":"Initiator","floor":16.0},{"not_picked":["Replace+1","Ricochet"],"picked":"FastForward+1","floor":18.0},{"not_picked":["SpecialFormula+1","Defy+1"],"picked":"Spin","floor":19.0},{"not_picked":["DoubleEdge+1","Rewind+1"],"picked":"WasteNot","floor":21.0},{"not_picked":["SurpressingFire+1","Ricochet+1"],"picked":"SilverBlades","floor":24.0},{"not_picked":["DualDimension+1","FanOfKnives+1"],"picked":"Luminosity","floor":27.0},{"not_picked":["Shuttle+1","Comet","Defy+1"],"picked":"SKIP","floor":28.0},{"not_picked":["Rearm+1","ReturningBlade+1"],"picked":"Barrier+1","floor":29.0},{"not_picked":["Defy+1","BottledTime+1"],"picked":"BestPractice","floor":30.0},{"not_picked":["WasteNot","Spin"],"picked":"GearUp+1","floor":31.0},{"not_picked":["TheWorld+1","PendulumOfEternity"],"picked":"Embodiment","floor":33.0},{"not_picked":["SpecialFormula+1","Rewind+1"],"picked":"Starlight","floor":35.0},{"not_picked":["Ricochet","FastForward+1"],"picked":"BottledTime+1","floor":36.0},{"not_picked":["Unruled","Gouge+1","SilverBlades"],"picked":"SKIP","floor":37.0},{"not_picked":["ShatteredReality","Alleviate+1","Ricochet+1"],"picked":"SKIP","floor":38},{"not_picked":["RealityMarble","Snipe","Rearm+1"],"picked":"SKIP","floor":41},{"not_picked":["Spin+1","Collapse","DoubleEdge+1"],"picked":"SKIP","floor":42},{"not_picked":["ReturningBlade+1","Revamp+1"],"picked":"Moonlight+1","floor":44},{"not_picked":["StarChef","SilverBlades","Alleviate+1"],"picked":"SKIP","floor":45},{"not_picked":["Duplication+1","Alleviate+1"],"picked":"SurpressingFire","floor":46},{"not_picked":["TimeWarp","RealityMarble"],"picked":"Luminosity+1","floor":47}],"player_experience":347721,"relics_obtained":[{"floor":6.0,"key":"Orichalcum"},{"floor":9.0,"key":"Slimebound:PreparedRelic"},{"floor":10.0,"key":"Toxic Egg 2"},{"floor":12.0,"key":"Pantograph"},{"floor":19.0,"key":"Red Mask"},{"floor":24.0,"key":"MawBank"},{"floor":26.0,"key":"Lantern"},{"floor":29.0,"key":"Toy Ornithopter"},{"floor":43,"key":"Whetstone"},{"floor":47,"key":"Boot"},{"floor":48,"key":"Bag of Marbles"}],"event_choices":[{"damage_healed":0.0,"max_hp_gain":5.0,"max_hp_loss":0.0,"gold_gain":0.0,"event_name":"Big Fish","player_choice":"Donut","floor":2.0,"gold_loss":0.0,"damage_taken":0.0},{"cards_removed":["Strike_S"],"damage_healed":0.0,"max_hp_gain":0.0,"max_hp_loss":0.0,"gold_gain":0.0,"event_name":"The Cleric","player_choice":"Card Removal","floor":3.0,"gold_loss":50.0,"damage_taken":0.0},{"damage_healed":0.0,"max_hp_gain":0.0,"max_hp_loss":0.0,"gold_gain":75.0,"event_name":"World of Goop","player_choice":"Gather Gold","floor":5.0,"gold_loss":0.0,"damage_taken":11.0},{"damage_healed":0.0,"max_hp_gain":0.0,"max_hp_loss":0.0,"gold_gain":75.0,"event_name":"FaceTrader","player_choice":"Touch","floor":11.0,"gold_loss":0.0,"damage_taken":7.0},{"damage_healed":0.0,"max_hp_gain":0.0,"max_hp_loss":0.0,"gold_gain":0.0,"event_name":"Masked Bandits","player_choice":"Fought Bandits","floor":19.0,"gold_loss":0.0,"damage_taken":0.0},{"cards_removed":["Strike_S"],"damage_healed":0.0,"max_hp_gain":0.0,"max_hp_loss":0.0,"gold_gain":0.0,"event_name":"Wheel of Change","player_choice":"Card Removal","floor":22.0,"gold_loss":0.0,"damage_taken":0.0}],"is_beta":false,"boss_relics":[{"not_picked":["expansioncontent:StudyCardRelic","SlaversCollar"],"picked":"Fusion Hammer"},{"not_picked":["SacredBark","Pandora\u0027s Box"],"picked":"StoneMask"}],"items_purged_floors":[20,39],"is_endless":false,"potions_floor_spawned":[4,13,16,18,24,28,29,33,35,41,44,46,47],"ascension_level":0}}