{"host":"rtczl7o4e2em2rmi","time":1612319279,"event":{"mods":["AchievementEnabler","BaseMod","Bestiary","Block Reminder","Filter the Spire","Minty Spire (QoL Compilation)","Permanent Neow","Relic Filter","Relic Stats","StSLib"],"gold_per_floor":[116,70,83,83,8,41,41,70,70,81,256,256,256,281,281,359,359,370,390,406,3,3,3,33,45,122,122,122,77,91,14,14,14,14],"floor_reached":33,"language":"ZHS","playtime":1519,"items_purged":["Pain"],"score":464,"play_id":"5cc7b0b5-f321-4340-823c-5b21307cfa0d","local_time":"20210202212759","is_ascension_mode":true,"campfire_choices":[{"floor":7.0,"key":"REST"},{"floor":13.0,"key":"REST"},{"data":"Fusion","floor":15.0,"key":"SMITH"},{"floor":23.0,"key":"REST"},{"floor":32,"key":"REST"}],"circlet_count":0,"master_deck":["AscendersBane","Strike_B","Strike_B","Strike_B","Strike_B","Defend_B","Defend_B","Defend_B","Defend_B","Zap","Dualcast","Reboot","Conserve Battery","Ball Lightning","FTL","Defragment","Conserve Battery","Electrodynamics","Fusion+1","Machine Learning","Ball Lightning","Streamline+1","Conserve Battery","Creative AI","Shame","Coolheaded","Hologram+1","Cold Snap","Cold Snap","Loop"],"relics":["Cracked Core","WarpedTongs","Turnip","MealTicket","Art of War","Inserter","Runic Capacitor","Ginger","Boot","Toy Ornithopter","Nloth\u0027s Gift"],"acts_visited":["TheCity"],"potions_floor_usage":[],"damage_taken":[{"damage":1.0,"enemies":"Cultist","floor":1.0,"turns":3.0},{"damage":4.0,"enemies":"2 Louse","floor":3.0,"turns":3.0},{"damage":29.0,"enemies":"Gremlin Nob","floor":6.0,"turns":4.0},{"damage":25.0,"enemies":"3 Sentries","floor":8.0,"turns":6.0},{"damage":2.0,"enemies":"Jaw Worm","floor":10.0,"turns":2.0},{"damage":21.0,"enemies":"Gremlin Nob","floor":14.0,"turns":4.0},{"damage":22.0,"enemies":"Hexaghost","floor":16.0,"turns":10.0},{"damage":16.0,"enemies":"Shell Parasite","floor":18.0,"turns":7.0},{"damage":2.0,"enemies":"Chosen","floor":19.0,"turns":3.0},{"damage":15.0,"enemies":"Sentry and Sphere","floor":20.0,"turns":4.0},{"damage":52.0,"enemies":"Slavers","floor":24.0,"turns":5.0},{"damage":12.0,"enemies":"Cultist and Chosen","floor":25.0,"turns":4.0},{"damage":29,"enemies":"Snake Plant","floor":30,"turns":4},{"damage":58,"enemies":"Automaton","floor":33,"turns":6}],"seed_played":"8326566989228552184","potions_obtained":[{"floor":6.0,"key":"PowerPotion"},{"floor":8.0,"key":"Regen Potion"},{"floor":16.0,"key":"SkillPotion"},{"floor":18.0,"key":"Dexterity Potion"},{"floor":24.0,"key":"Fruit Juice"},{"floor":25.0,"key":"SpeedPotion"}],"is_trial":false,"path_per_floor":["M","$","M","?","$","E","R","E","T","M","?","?","R","E","R","B",null,"M","M","M","$","?","R","E","M","T","?","?","$","M","$","R","B"],"character_chosen":"DEFECT","items_purchased":["Ball Lightning","Runic Capacitor","Creative AI","SmokeBomb","Cold Snap","Loop"],"campfire_rested":4,"item_purchase_floors":[2,21,21,21,29,31],"current_hp_per_floor":[67,67,63,63,63,34,56,31,31,29,29,22,44,35,35,13,60,44,42,27,42,42,64,17,5,5,31,31,46,17,32,56,0,0],"gold":14,"neow_bonus":"ONE_RANDOM_RARE_CARD","is_daily":false,"chose_seed":false,"campfire_upgraded":1,"win_rate":0.0,"timestamp":1612319279,"path_taken":["M","?","M","?","$","E","R","E","T","?","?","?","R","E","R","BOSS","M","M","M","$","?","R","E","M","T","?","?","$","M","$","R","BOSS"],"items_purchased_type":["Card","Relic","Card","Potion","Card","Card"],"build_version":"2020-12-22","purchased_purges":1,"victory":false,"max_hp_per_floor":[75,75,75,75,75,75,75,75,75,75,75,75,75,75,75,75,75,75,75,75,75,75,75,80,80,80,80,80,80,80,80,80,80,80],"relic_stats":{"Inserter":[16],"counters":[14,65],"MealTicket":45,"Turnip":[13],"Art of War":[4],"Nloth\u0027s Gift":0,"Ginger":[7],"Boot":[7],"obtain_stats":[{"Inserter":17,"MealTicket":9,"Turnip":8,"Art of War":14,"Runic Capacitor":21,"Nloth\u0027s Gift":28,"Bottled Lightning":6,"Ginger":22,"Cracked Core":0,"Boot":24,"Toy Ornithopter":26,"WarpedTongs":4},{"Inserter":7,"MealTicket":4,"Turnip":4,"Art of War":6,"Runic Capacitor":10,"Nloth\u0027s Gift":12,"Bottled Lightning":3,"Ginger":10,"Cracked Core":0,"Boot":11,"Toy Ornithopter":12,"WarpedTongs":2},{"Inserter":32,"MealTicket":16,"Turnip":16,"Art of War":22,"Runic Capacitor":46,"Nloth\u0027s Gift":55,"Bottled Lightning":10,"Ginger":46,"Cracked Core":0,"Boot":51,"Toy Ornithopter":55,"WarpedTongs":6}],"Toy Ornithopter":0,"WarpedTongs":[59]},"card_choices":[{"not_picked":["Recycle","Beam Cell"],"picked":"Conserve Battery","floor":1.0},{"not_picked":["Conserve Battery","Beam Cell"],"picked":"FTL","floor":3.0},{"not_picked":["Hologram","Auto Shields"],"picked":"Defragment","floor":6.0},{"not_picked":["Go for the Eyes","Lockon"],"picked":"Conserve Battery","floor":8.0},{"not_picked":["Compile Driver","Sweeping Beam"],"picked":"Electrodynamics","floor":10.0},{"not_picked":["Consume","Hyperbeam"],"picked":"Fusion","floor":14.0},{"not_picked":["Hyperbeam","Buffer"],"picked":"Machine Learning","floor":16.0},{"not_picked":["Leap","Hologram"],"picked":"Ball Lightning","floor":18.0},{"not_picked":["Rip and Tear","Heatsinks+1"],"picked":"Streamline+1","floor":19.0},{"not_picked":["Gash","Rip and Tear"],"picked":"Conserve Battery","floor":20.0},{"not_picked":["Conserve Battery","Lockon"],"picked":"Coolheaded","floor":24.0},{"not_picked":["Leap","Ball Lightning"],"picked":"Hologram+1","floor":25.0},{"not_picked":["Turbo","Go for the Eyes"],"picked":"Cold Snap","floor":30}],"player_experience":531211,"relics_obtained":[{"floor":6.0,"key":"Bottled Lightning"},{"floor":8.0,"key":"Turnip"},{"floor":9.0,"key":"MealTicket"},{"floor":14.0,"key":"Art of War"},{"floor":24.0,"key":"Boot"},{"floor":26.0,"key":"Toy Ornithopter"}],"event_choices":[{"damage_healed":0.0,"max_hp_gain":0.0,"max_hp_loss":0.0,"gold_gain":0.0,"event_name":"Accursed Blacksmith","player_choice":"Rummage","floor":4.0,"gold_loss":0.0,"damage_taken":0.0,"relics_obtained":["WarpedTongs"],"cards_obtained":["Pain"]},{"damage_healed":0.0,"max_hp_gain":0.0,"max_hp_loss":0.0,"gold_gain":175.0,"event_name":"Liars Game","player_choice":"AGREE","floor":11.0,"gold_loss":0.0,"damage_taken":0.0,"cards_obtained":["Doubt"]},{"cards_removed":["Doubt"],"damage_healed":0.0,"max_hp_gain":0.0,"max_hp_loss":0.0,"gold_gain":0.0,"event_name":"Golden Wing","player_choice":"Card Removal","floor":12.0,"gold_loss":0.0,"damage_taken":7.0},{"damage_healed":0.0,"max_hp_gain":0.0,"max_hp_loss":0.0,"gold_gain":0.0,"event_name":"Addict","player_choice":"Stole Relic","floor":22.0,"gold_loss":0.0,"damage_taken":0.0,"relics_obtained":["Ginger"],"cards_obtained":["Shame"]},{"damage_healed":26,"gold_gain":0,"player_choice":"Heal","damage_taken":0,"max_hp_gain":0,"max_hp_loss":0,"event_name":"The Library","floor":27,"gold_loss":0},{"damage_healed":0,"gold_gain":0,"player_choice":"Traded Relic","damage_taken":0,"relics_obtained":["Nloth\u0027s Gift"],"max_hp_gain":0,"max_hp_loss":0,"event_name":"N\u0027loth","floor":28,"relics_lost":["Bottled Lightning"],"gold_loss":0}],"is_beta":false,"boss_relics":[{"not_picked":["Philosopher\u0027s Stone","Astrolabe"],"picked":"Inserter"}],"items_purged_floors":[5],"is_endless":false,"potions_floor_spawned":[6,8,16,18,24,25],"killed_by":"Automaton","ascension_level":13}}