{"host":"k7udt7atmcuzf6l0","time":1612316377,"event":{"mods":["AchievementEnabler","BaseMod","BetterRewards","Colored Map","Colored Powertips","Highlight Path","Minty Spire (QoL Compilation)","Quick Restart","Rare Cards Sparkle","Relic Stats","StSLib","UnlockEverythingMod"],"gold_per_floor":[129,304,358,388,22,57,91,143,143,200,239,239,320,374,374,500,500,536,61,61,61,105,105,105,105],"floor_reached":24,"language":"ZHS","playtime":947,"items_purged":["Doubt"],"score":202,"play_id":"fdc80482-dbbb-4d13-bd36-b4f93aab9a49","local_time":"20210203093937","is_ascension_mode":false,"campfire_choices":[{"data":"Armaments","floor":12.0,"key":"SMITH"},{"data":"Flex","floor":15.0,"key":"SMITH"},{"data":"Berserk","floor":23,"key":"SMITH"}],"circlet_count":0,"master_deck":["Strike_R","Strike_R","Strike_R","Strike_R","Strike_R","Defend_R","Defend_R","Defend_R","Defend_R","Bash","HandOfGreed","Flex+1","Burning Pact","Pommel Strike","Armaments+1","Berserk+1","Clash","Seeing Red","Bloodletting","Headbutt","Exhume","CurseOfTheBell","Secret Weapon","Thunderclap","Shrug It Off+1"],"relics":["Burning Blood","Question Card","Blood Vial","Meat on the Bone","Calling Bell","Happy Flower","Paper Frog","Incense Burner","Bottled Tornado"],"acts_visited":["Exordium","TheCity"],"potions_floor_usage":[21],"damage_taken":[{"damage":6.0,"enemies":"Jaw Worm","floor":1.0,"turns":3.0},{"damage":0.0,"enemies":"2 Louse","floor":3.0,"turns":5.0},{"damage":10.0,"enemies":"Small Slimes","floor":4.0,"turns":3.0},{"damage":42.0,"enemies":"Gremlin Nob","floor":6.0,"turns":5.0},{"damage":15.0,"enemies":"Looter","floor":7.0,"turns":4.0},{"damage":8.0,"enemies":"2 Fungi Beasts","floor":10.0,"turns":5.0},{"damage":15.0,"enemies":"Red Slaver","floor":11.0,"turns":4.0},{"damage":12.0,"enemies":"Lots of Slimes","floor":13.0,"turns":7.0},{"damage":14.0,"enemies":"3 Louse","floor":14.0,"turns":6.0},{"damage":24.0,"enemies":"The Guardian","floor":16.0,"turns":9.0},{"damage":39,"enemies":"Chosen","floor":18,"turns":7},{"damage":0,"enemies":"Shell Parasite","floor":21,"turns":1},{"damage":39,"enemies":"Snake Plant","floor":22,"turns":4},{"damage":31,"enemies":"Book of Stabbing","floor":24,"turns":2}],"seed_played":"657143683226858461","potions_obtained":[{"floor":4.0,"key":"SmokeBomb"},{"floor":6.0,"key":"Fire Potion"},{"floor":14.0,"key":"Swift Potion"}],"is_trial":false,"path_per_floor":["M","?","M","M","$","E","M","?","T","M","M","R","M","M","R","B",null,"M","$","?","M","M","R","E"],"character_chosen":"IRONCLAD","items_purchased":["Question Card","Armaments","Bottled Tornado","Secret Weapon","Thunderclap"],"campfire_rested":0,"item_purchase_floors":[5,5,19,19,19],"current_hp_per_floor":[72,72,72,68,68,32,25,25,25,37,42,42,50,44,44,40,72,51,51,38,46,27,27,0,0],"gold":105,"neow_bonus":"RANDOM_COLORLESS_2","is_daily":false,"chose_seed":false,"campfire_upgraded":3,"win_rate":0.0,"timestamp":1612316377,"path_taken":["M","?","M","M","$","E","M","?","T","M","M","R","M","M","R","BOSS","M","$","?","M","M","R","E"],"items_purchased_type":["Relic","Card","Relic","Card","Card"],"build_version":"2020-12-22","purchased_purges":1,"victory":false,"max_hp_per_floor":[72,72,72,72,72,72,72,72,72,72,72,72,72,72,72,72,72,72,72,77,77,77,77,77,77],"relic_stats":{"Blood Vial":18,"Happy Flower":[4],"counters":[14,65],"Question Card":10,"obtain_stats":[{"Blood Vial":6,"Calling Bell":17,"Happy Flower":17,"Incense Burner":17,"Bottled Tornado":19,"Question Card":5,"Burning Blood":0,"Meat on the Bone":9,"Paper Frog":17},{"Blood Vial":4,"Calling Bell":10,"Happy Flower":10,"Incense Burner":10,"Bottled Tornado":11,"Question Card":3,"Burning Blood":0,"Meat on the Bone":5,"Paper Frog":10},{"Blood Vial":16,"Calling Bell":51,"Happy Flower":51,"Incense Burner":51,"Bottled Tornado":58,"Question Card":11,"Burning Blood":0,"Meat on the Bone":20,"Paper Frog":51}],"Burning Blood":72,"Meat on the Bone":72},"card_choices":[{"not_picked":["Panache","Mayhem"],"picked":"HandOfGreed","floor":0.0},{"not_picked":["Perfected Strike","Cleave"],"picked":"Flex","floor":1.0},{"not_picked":["Feel No Pain","Dropkick"],"picked":"Burning Pact","floor":3.0},{"not_picked":["Wild Strike","Anger"],"picked":"Pommel Strike","floor":4.0},{"not_picked":["Twin Strike","Clothesline","Searing Blow"],"picked":"Berserk","floor":6.0},{"not_picked":["Burning Pact","Armaments","Wild Strike"],"picked":"Clash","floor":7.0},{"not_picked":["Sentinel","Rampage","Pommel Strike"],"picked":"Seeing Red","floor":10.0},{"not_picked":["Evolve","Disarm","Twin Strike"],"picked":"Bloodletting","floor":11.0},{"not_picked":["Shrug It Off","Hemokinesis","Impervious","Havoc"],"picked":"SKIP","floor":13.0},{"not_picked":["Warcry","Pommel Strike","Searing Blow"],"picked":"Headbutt","floor":14.0},{"not_picked":["Impervious","Demon Form","Corruption"],"picked":"Exhume","floor":16.0},{"not_picked":["Burning Pact","Intimidate","Rupture","Havoc"],"picked":"SKIP","floor":18},{"not_picked":["Carnage","True Grit","Heavy Blade"],"picked":"Shrug It Off+1","floor":22}],"player_experience":41529,"relics_obtained":[{"floor":6.0,"key":"Blood Vial"},{"floor":9.0,"key":"Meat on the Bone"},{"floor":17,"key":"Happy Flower"},{"floor":17,"key":"Paper Frog"},{"floor":17,"key":"Incense Burner"}],"event_choices":[{"damage_healed":0.0,"max_hp_gain":0.0,"max_hp_loss":0.0,"gold_gain":175.0,"event_name":"Liars Game","player_choice":"AGREE","floor":2.0,"gold_loss":0.0,"damage_taken":0.0,"cards_obtained":["Doubt"]},{"damage_healed":0.0,"max_hp_gain":0.0,"max_hp_loss":0.0,"gold_gain":52.0,"event_name":"Golden Wing","player_choice":"Gained Gold","floor":8.0,"gold_loss":0.0,"damage_taken":0.0},{"damage_healed":0,"gold_gain":0,"player_choice":"Shed Blood","damage_taken":18,"max_hp_gain":5,"max_hp_loss":0,"event_name":"Forgotten Altar","floor":20,"gold_loss":0}],"is_beta":false,"boss_relics":[{"not_picked":["Black Blood","Runic Dome"],"picked":"Calling Bell"}],"items_purged_floors":[5],"is_endless":false,"potions_floor_spawned":[4,6,14,21],"killed_by":"Book of Stabbing","ascension_level":0}}