{"host":"Kdaddybrian","time":1612332510,"event":{"mods":["AchievementEnabler","BaseMod","Bestiary","Colored Powertips","Minty Spire (QoL Compilation)","Potion Indicator Mod","Quick Restart","Rare Cards Sparkle","Relic Stats","StSLib","Uncapped"],"gold_per_floor":[13,27,27,42,53,53,87,87,87,97,97,132,145,171,171,274,274,291,206,22,39,74,99,110,110,110,110,122,122,22,33,33,135,135,155,166,166,182,196,196,221,221,221,221,250,250,250,250,250,250,250,250,17,17,17],"floor_reached":54,"language":"ENG","playtime":2833,"items_purged":["Strike_P","Regret"],"score":1013,"play_id":"adfdb378-5a51-4070-a932-97528d075cc9","local_time":"20210203010830","is_ascension_mode":true,"campfire_choices":[{"data":"ThirdEye","floor":6,"key":"SMITH"},{"floor":8,"key":"REST"},{"floor":11,"key":"REST"},{"floor":15,"key":"REST"},{"floor":25,"key":"REST"},{"floor":27,"key":"REST"},{"floor":29,"key":"REST"},{"data":"Scrawl","floor":32,"key":"SMITH"},{"floor":40,"key":"RECALL"},{"data":"Omniscience","floor":42,"key":"SMITH"},{"floor":44,"key":"REST"},{"data":"TalkToTheHand","floor":46,"key":"SMITH"},{"data":"DeusExMachina","floor":49,"key":"SMITH"},{"floor":52,"key":"REST"}],"circlet_count":0,"master_deck":["Strike_P+1","Strike_P+1","Defend_P+1","Defend_P+1","Defend_P+1","Defend_P+1","Eruption+1","Vigilance+1","LessonLearned+1","BowlingBash","SashWhip","ThirdEye+1","BowlingBash+1","FlurryOfBlows+1","Swivel+1","ForeignInfluence+1","Scrawl+1","FearNoEvil+1","Omniscience+1","Consecrate","TalkToTheHand+1","Protect+1","ThirdEye","JustLucky","EmptyBody","EmptyFist+1","EmptyMind+1","DevaForm+1","Conclude+1","Discovery","Finesse+1","Meditate","FlurryOfBlows","Shame","DeusExMachina+1","Decay","LikeWater","BattleHymn"],"relics":["PureWater","Akabeko","Blue Candle","Turnip","Lantern","Cursed Key","Gremlin Horn","Red Mask","Shuriken","InkBottle","Sozu","Bottled Flame","Oddly Smooth Stone","The Courier","Bronze Scales"],"acts_visited":["Exordium","TheCity","TheBeyond","TheEnding"],"potions_floor_usage":[16,16,33,50],"damage_taken":[{"damage":0,"enemies":"2 Louse","floor":1,"turns":6},{"damage":6,"enemies":"Cultist","floor":2,"turns":4},{"damage":0,"enemies":"Jaw Worm","floor":4,"turns":3},{"damage":9,"enemies":"Exordium Wildlife","floor":5,"turns":4},{"damage":21,"enemies":"3 Sentries","floor":7,"turns":9},{"damage":4,"enemies":"Blue Slaver","floor":10,"turns":6},{"damage":34,"enemies":"Gremlin Nob","floor":12,"turns":5},{"damage":0,"enemies":"3 Louse","floor":13,"turns":3},{"damage":2,"enemies":"3 Sentries","floor":14,"turns":4},{"damage":51,"enemies":"Hexaghost","floor":16,"turns":12},{"damage":3,"enemies":"Spheric Guardian","floor":18,"turns":3},{"damage":5,"enemies":"Shell Parasite","floor":21,"turns":7},{"damage":13,"enemies":"Masked Bandits","floor":22,"turns":7},{"damage":22,"enemies":"Book of Stabbing","floor":23,"turns":8},{"damage":0,"enemies":"Snecko","floor":24,"turns":6},{"damage":4,"enemies":"Cultist and Chosen","floor":28,"turns":8},{"damage":1,"enemies":"Centurion and Healer","floor":31,"turns":4},{"damage":7,"enemies":"Automaton","floor":33,"turns":4},{"damage":0,"enemies":"3 Shapes","floor":35,"turns":5},{"damage":1,"enemies":"3 Darklings","floor":36,"turns":3},{"damage":0,"enemies":"4 Shapes","floor":38,"turns":4},{"damage":4,"enemies":"Writhing Mass","floor":39,"turns":5},{"damage":0,"enemies":"Giant Head","floor":41,"turns":6},{"damage":1,"enemies":"Reptomancer","floor":45,"turns":3},{"damage":56,"enemies":"Donu and Deca","floor":50,"turns":10},{"damage":74,"enemies":"Shield and Spear","floor":54,"turns":3}],"seed_played":"-553838765550574080","potions_obtained":[{"floor":2,"key":"EssenceOfSteel"},{"floor":4,"key":"StancePotion"},{"floor":14,"key":"ColorlessPotion"},{"floor":21,"key":"LiquidMemories"},{"floor":28,"key":"EssenceOfSteel"},{"floor":33,"key":"Swift Potion"}],"is_trial":false,"path_per_floor":["M","M","?","M","M","R","E","R","T","M","R","E","M","E","R","B",null,"M","?","$","M","?","E","M","R","T","R","M","R","$","M","R","B",null,"M","M","?","M","M","R","E","R","T","R","E","R","?","T","R","B",null,"R","$","E"],"character_chosen":"WATCHER","items_purchased":["TalkToTheHand","Study","LikeWater","Bronze Scales","BattleHymn"],"campfire_rested":8,"item_purchase_floors":[20,20,53,53,53],"current_hp_per_floor":[65,59,59,59,50,50,29,50,50,46,67,33,33,31,52,1,54,51,51,51,46,33,11,11,32,32,53,49,70,70,69,69,62,70,70,69,59,59,55,55,55,55,55,72,71,71,71,71,71,15,58,72,72,0,0],"gold":17,"neow_bonus":"THREE_RARE_CARDS","is_daily":false,"chose_seed":false,"campfire_upgraded":5,"win_rate":0.0,"timestamp":1612332510,"path_taken":["M","M","?","M","M","R","E","R","T","M","R","E","?","E","R","BOSS","M","?","$","M","?","E","M","R","T","R","M","R","$","M","R","BOSS","M","M","?","M","M","R","E","R","T","R","E","R","?","?","R","BOSS","R","$","E"],"items_purchased_type":["Card","Card","Card","Relic","Card"],"build_version":"2020-12-18","purchased_purges":2,"victory":false,"max_hp_per_floor":[72,72,72,72,72,72,72,72,72,72,72,72,72,72,72,72,72,72,72,72,72,72,72,72,72,72,72,72,72,72,72,72,72,72,72,72,72,72,72,72,72,72,72,72,72,72,72,72,72,72,72,72,72,72,72],"relic_stats":{"Sozu":2,"Gremlin Horn":[17,17],"counters":[26,142],"Shuriken":[50],"Blue Candle":[5],"Bronze Scales":[21],"Turnip":[9],"Cursed Key":3,"obtain_stats":[{"Lantern":14,"Gremlin Horn":19,"Blue Candle":9,"Oddly Smooth Stone":45,"The Courier":48,"Cursed Key":17,"Akabeko":7,"Sozu":34,"Bottled Flame":41,"Shuriken":23,"Bronze Scales":53,"Turnip":12,"Red Mask":22,"PureWater":0,"InkBottle":26},{"Lantern":9,"Gremlin Horn":11,"Blue Candle":5,"Oddly Smooth Stone":24,"The Courier":24,"Cursed Key":10,"Akabeko":5,"Sozu":18,"Bottled Flame":23,"Shuriken":14,"Bronze Scales":25,"Turnip":7,"Red Mask":13,"PureWater":0,"InkBottle":15},{"Lantern":44,"Gremlin Horn":59,"Blue Candle":26,"Oddly Smooth Stone":129,"The Courier":129,"Cursed Key":56,"Akabeko":26,"Sozu":103,"Bottled Flame":126,"Shuriken":81,"Bronze Scales":139,"Turnip":37,"Red Mask":73,"PureWater":0,"InkBottle":87}],"InkBottle":[33]},"card_choices":[{"not_picked":["Alpha","Vault"],"picked":"LessonLearned","floor":0},{"not_picked":["PathToVictory","Prostrate","BowlingBash"],"picked":"SKIP","floor":1},{"not_picked":["PathToVictory","Prostrate"],"picked":"BowlingBash","floor":1},{"not_picked":["ThirdEye","SignatureMove"],"picked":"SashWhip","floor":2},{"not_picked":["ClearTheMind","Prostrate"],"picked":"ThirdEye","floor":4},{"not_picked":["Judgement","Vengeance"],"picked":"BowlingBash","floor":5},{"not_picked":["Crescendo","Prostrate"],"picked":"FlurryOfBlows","floor":7},{"not_picked":["WaveOfTheHand","Collect"],"picked":"Swivel","floor":10},{"not_picked":["Pray","Protect"],"picked":"ForeignInfluence","floor":12},{"not_picked":["BattleHymn","Collect"],"picked":"Scrawl","floor":13},{"not_picked":["SashWhip","Crescendo"],"picked":"FearNoEvil","floor":14},{"not_picked":["Judgement","Blasphemy"],"picked":"Omniscience","floor":16},{"not_picked":["Vengeance","FollowUp+1"],"picked":"Consecrate","floor":18},{"not_picked":["Consecrate+1","Evaluate+1"],"picked":"Protect+1","floor":21},{"not_picked":["SashWhip","TalkToTheHand"],"picked":"ThirdEye","floor":22},{"not_picked":["FollowUp+1","ForeignInfluence+1"],"picked":"JustLucky","floor":23},{"not_picked":["Vengeance","SashWhip"],"picked":"EmptyBody","floor":24},{"not_picked":["Halt","Prostrate"],"picked":"EmptyFist+1","floor":28},{"not_picked":["CutThroughFate+1","Establishment"],"picked":"EmptyMind+1","floor":31},{"not_picked":["Vault","Brilliance"],"picked":"DevaForm","floor":33},{"not_picked":["EmptyFist","Evaluate","JustLucky"],"picked":"SKIP","floor":35},{"not_picked":["Perseverance","TalkToTheHand"],"picked":"Conclude","floor":36},{"not_picked":["Flash of Steel","HandOfGreed"],"picked":"Discovery","floor":37},{"not_picked":["Dramatic Entrance","Magnetism"],"picked":"Finesse","floor":37},{"not_picked":["WheelKick+1","FlyingSleeves+1"],"picked":"Meditate","floor":38},{"not_picked":["Prostrate+1","CutThroughFate+1","Crescendo"],"picked":"SKIP","floor":39},{"not_picked":["Swivel","Evaluate"],"picked":"FlurryOfBlows","floor":41},{"not_picked":["Evaluate","FlyingSleeves+1"],"picked":"DeusExMachina","floor":45}],"player_experience":2999982,"relics_obtained":[{"floor":7,"key":"Akabeko"},{"floor":9,"key":"Blue Candle"},{"floor":12,"key":"Turnip"},{"floor":14,"key":"Lantern"},{"floor":22,"key":"Red Mask"},{"floor":23,"key":"Shuriken"},{"floor":26,"key":"InkBottle"},{"floor":41,"key":"Bottled Flame"},{"floor":45,"key":"Oddly Smooth Stone"},{"floor":48,"key":"The Courier"}],"event_choices":[{"cards_removed":["Strike_P"],"damage_healed":0,"gold_gain":0,"player_choice":"Card Removal","damage_taken":0,"max_hp_gain":0,"max_hp_loss":0,"event_name":"Wheel of Change","floor":3,"gold_loss":0},{"damage_healed":0,"gold_gain":0,"player_choice":"Obtained Relic","damage_taken":0,"relics_obtained":["Gremlin Horn"],"max_hp_gain":0,"max_hp_loss":0,"event_name":"Addict","floor":19,"gold_loss":85},{"damage_healed":0,"gold_gain":0,"player_choice":"Fought Bandits","damage_taken":0,"max_hp_gain":0,"max_hp_loss":0,"event_name":"Masked Bandits","floor":22,"gold_loss":0},{"damage_healed":0,"gold_gain":0,"player_choice":"Memory 3","damage_taken":10,"max_hp_gain":0,"max_hp_loss":0,"event_name":"SensoryStone","floor":37,"gold_loss":0},{"cards_removed":["Study"],"damage_healed":0,"gold_gain":0,"player_choice":"Removed Power","damage_taken":0,"max_hp_gain":0,"max_hp_loss":0,"event_name":"Falling","floor":47,"gold_loss":0}],"is_beta":true,"boss_relics":[{"not_picked":["Ectoplasm","Runic Dome"],"picked":"Cursed Key"},{"not_picked":["SlaversCollar","Black Star"],"picked":"Sozu"}],"items_purged_floors":[20,30],"is_endless":false,"potions_floor_spawned":[2,4,14,21,28,31,33,36,45],"killed_by":"Shield and Spear","ascension_level":6}}