{"host":"ufpbcvppfed80z13","time":1612396667,"event":{"mods":["BaseMod","Minty Spire (QoL Compilation)","Replay The Spire","StSLib"],"gold_per_floor":[115,290,64,77,96,96,128,143,143,143,178,195,195,207,207,305,305,315,299,29,29,29],"floor_reached":21,"language":"ENG","playtime":1081,"items_purged":["Doubt"],"score":349,"play_id":"9499ef34-e653-44d1-8d83-8f7da38b156a","local_time":"20210203235747","is_ascension_mode":true,"campfire_choices":[{"data":"Bash","floor":6,"key":"SMITH"},{"data":"Armaments","floor":10,"key":"SMITH"},{"data":"Flex","floor":13,"key":"SMITH"},{"data":"True Grit","floor":15,"key":"SMITH"}],"circlet_count":0,"master_deck":["Strike_R","Strike_R+1","Strike_R","Strike_R","Strike_R","Defend_R","Defend_R","Defend_R+1","Defend_R","Bash+1","True Grit+1","Rampage","True Grit","Thunderclap","Iron Wave","Power Through","Armaments+1","Feel No Pain","ReplayTheSpireMod:Stacked","Flex+1","Defy Death","Berserk","Sword Boomerang","ReplayTheSpireMod:Strike From Hell","Disarm"],"relics":["Burning Blood","NeowsBlessing","Magic Flower","Pondfish Scales","Pocketwatch","Coffee Dripper","Simple Rune"],"acts_visited":["Exordium","TheCity"],"potions_floor_usage":[16,16,16,21,21],"damage_taken":[{"damage":0,"enemies":"Cultist","floor":1,"turns":1},{"damage":0,"enemies":"Small Slimes","floor":4,"turns":1},{"damage":0,"enemies":"Jaw Worm","floor":5,"turns":1},{"damage":27,"enemies":"Replay:BlueRogue","floor":7,"turns":7},{"damage":15,"enemies":"2 Fungi Beasts","floor":8,"turns":5},{"damage":19,"enemies":"Lagavulin","floor":11,"turns":9},{"damage":2,"enemies":"Blue Slaver","floor":12,"turns":5},{"damage":18,"enemies":"Gremlin Gang","floor":14,"turns":7},{"damage":0,"enemies":"Slime Boss","floor":16,"turns":8},{"damage":56,"enemies":"3 Byrds","floor":18,"turns":9},{"damage":20,"enemies":"2 Thieves","floor":19,"turns":4},{"damage":15,"enemies":"Shelled Parasite and Fungi","floor":21,"turns":2}],"seed_played":"-3538252636672353834","potions_obtained":[{"floor":1,"key":"Strength Potion"},{"floor":7,"key":"Dexterity Potion"},{"floor":8,"key":"Strength Potion"},{"floor":19,"key":"FearPotion"}],"is_trial":false,"path_per_floor":["M","?","$","M","M","R","E","M","T","R","E","M","R","M","R","B",null,"M","M","$","M"],"character_chosen":"IRONCLAD","items_purchased":["Rampage","True Grit","Thunderclap","Simple Rune","Disarm","Dexterity Potion"],"campfire_rested":0,"item_purchase_floors":[3,3,3,20,20,20],"current_hp_per_floor":[78,78,78,80,80,80,59,53,53,53,43,50,50,41,41,50,73,26,15,15,0,0],"gold":29,"neow_bonus":"THREE_ENEMY_KILL","is_daily":false,"chose_seed":false,"campfire_upgraded":4,"win_rate":0.0,"timestamp":1612396667,"path_taken":["M","?","$","M","M","R","E","M","T","R","E","M","R","M","R","BOSS","M","M","$","M"],"items_purchased_type":["Card","Card","Card","Relic","Card","Potion"],"build_version":"2020-12-22","purchased_purges":1,"victory":false,"max_hp_per_floor":[80,80,80,80,80,80,80,80,80,80,80,80,80,80,80,80,80,80,80,80,80,80],"card_choices":[{"not_picked":["Seeing Red","Wild Strike"],"picked":"True Grit","floor":1},{"not_picked":["Wild Strike","Twin Strike"],"picked":"Iron Wave","floor":4},{"not_picked":["Power Through","Thunderclap","Sever Soul"],"picked":"SKIP","floor":5},{"not_picked":["Thunderclap","Sever Soul"],"picked":"Power Through","floor":5},{"not_picked":["Rage","Run Through"],"picked":"Armaments","floor":7},{"not_picked":["Perfected Strike","Sever Soul"],"picked":"Feel No Pain","floor":8},{"not_picked":["Combust","Life Link"],"picked":"ReplayTheSpireMod:Stacked","floor":11},{"not_picked":["Warcry","Armaments"],"picked":"Flex","floor":12},{"not_picked":["Armaments","Run Through"],"picked":"Defy Death","floor":14},{"not_picked":["Double Tap","Barricade"],"picked":"Berserk","floor":16},{"not_picked":["Anger","Bloodletting"],"picked":"Sword Boomerang","floor":18},{"not_picked":["Evolve","Twin Strike"],"picked":"ReplayTheSpireMod:Strike From Hell","floor":19}],"player_experience":99109,"relics_obtained":[{"floor":7,"key":"Magic Flower"},{"floor":9,"key":"Pondfish Scales"},{"floor":11,"key":"Pocketwatch"}],"event_choices":[{"damage_healed":0,"gold_gain":175,"player_choice":"AGREE","damage_taken":0,"max_hp_gain":0,"max_hp_loss":0,"event_name":"Liars Game","floor":2,"gold_loss":0,"cards_obtained":["Doubt"]}],"is_beta":false,"boss_relics":[{"not_picked":["Empty Cage","ReplayTheSpireMod:DimensionalGlitch"],"picked":"Coffee Dripper"}],"items_purged_floors":[3],"is_endless":false,"potions_floor_spawned":[1,7,8,11,12,19],"killed_by":"Shelled Parasite and Fungi","ascension_level":9}}