{"host":"Doisman","time":1612365815,"event":{"mods":["AchievementEnabler","BaseMod","Better Note","Curses Come First","Minty Spire (QoL Compilation)","Permanent Neow","Relic Stats","Replay The Spire","StSLib"],"gold_per_floor":[118,129,144,144,54,54,70,102,102,102,102,121,121,131,131,226,226,245,20,20,33,33,68,83,114,162,162,162,162,177,193,193,294,294,294],"floor_reached":34,"language":"ENG","playtime":1473,"items_purged":[],"score":464,"play_id":"a3d808af-a54c-42a7-b99b-e9b3389d7013","local_time":"20210203092335","is_ascension_mode":true,"campfire_choices":[{"data":"Bash","floor":6,"key":"SMITH"},{"data":"Flash of Steel","floor":10,"key":"SMITH"},{"data":"Offering","floor":27,"key":"SMITH"},{"data":"Whirlwind","floor":29,"key":"SMITH"},{"floor":32,"key":"REST"}],"circlet_count":0,"master_deck":["Strike_R","Strike_R","Strike_R","Strike_R","Defend_R","Defend_R","Defend_R","Defend_R","Bash+1","Burning Pact","Evolve","Flash of Steel+1","Corruption","Whirlwind+1","Offering+1","ReplayTheSpireMod:Stacked","Power Through","Bash+1","Rage","Infernal Blade","Headbutt","Uppercut","Demon Form"],"relics":["Burning Blood","Unceasing Top","Replay:Baseball","Toy Ornithopter","Sundial","Snecko Eye","Oddly Smooth Stone","Chameleon Ring","Bottled Flame","PreservedInsect"],"acts_visited":["Exordium","TheCity"],"potions_floor_usage":[16,16,16,23,23,31,33,33,33],"damage_taken":[{"damage":0,"enemies":"Small Slimes","floor":1,"turns":3},{"damage":1,"enemies":"Jaw Worm","floor":2,"turns":5},{"damage":2,"enemies":"2 Louse","floor":3,"turns":6},{"damage":21,"enemies":"Large Slime","floor":7,"turns":8},{"damage":28,"enemies":"Gremlin Nob","floor":8,"turns":4},{"damage":0,"enemies":"Gremlin Gang","floor":12,"turns":5},{"damage":5,"enemies":"Looter","floor":14,"turns":3},{"damage":0,"enemies":"Slime Boss","floor":16,"turns":3},{"damage":6,"enemies":"Chosen","floor":18,"turns":4},{"damage":6,"enemies":"2 Thieves","floor":21,"turns":4},{"damage":32,"enemies":"Book of Stabbing","floor":23,"turns":6},{"damage":15,"enemies":"3 Cultists","floor":24,"turns":6},{"damage":12,"enemies":"Replay:Snechameleon","floor":25,"turns":4},{"damage":6,"enemies":"Snake Plant","floor":30,"turns":3},{"damage":4,"enemies":"Centurion and Healer","floor":31,"turns":6},{"damage":53,"enemies":"Automaton","floor":33,"turns":7}],"seed_played":"3588447522154038990","potions_obtained":[{"floor":1,"key":"Death Potion"},{"floor":8,"key":"SmokeBomb"},{"floor":14,"key":"AttackPotion"},{"floor":15,"key":"Fire Potion"},{"floor":15,"key":"LifebloodPotion"},{"floor":16,"key":"Milkshake"},{"floor":18,"key":"Block Potion"},{"floor":21,"key":"LifebloodPotion"},{"floor":28,"key":"SkillPotion"},{"floor":28,"key":"EntropicBrew"},{"floor":33,"key":"LiquidMemories"}],"is_trial":false,"path_per_floor":["M","M","M","?","$","R","M","E","T","R","?","M","?","M","R","B",null,"M","$","?","M","?","E","M","E","T","R","?","R","M","M","R","B",null],"character_chosen":"IRONCLAD","items_purchased":["Flash of Steel","Oddly Smooth Stone","Power Through"],"campfire_rested":1,"item_purchase_floors":[5,19,19],"current_hp_per_floor":[62,67,71,71,71,71,56,34,34,34,27,33,33,34,34,55,80,80,80,80,80,80,64,55,49,49,49,49,49,49,56,80,33,33,33],"gold":294,"neow_bonus":"ONE_RARE_RELIC","is_daily":false,"chose_seed":false,"campfire_upgraded":4,"win_rate":0.0,"timestamp":1612365815,"path_taken":["M","M","M","?","?","R","M","E","T","R","?","M","?","?","R","BOSS","M","$","?","M","?","E","M","E","T","R","?","R","M","?","R","BOSS"],"items_purchased_type":["Card","Relic","Card"],"build_version":"2020-12-18","purchased_purges":0,"victory":false,"max_hp_per_floor":[80,80,80,80,80,80,80,80,80,80,80,80,80,80,80,80,80,80,80,80,80,80,80,80,80,80,80,80,80,80,80,80,80,80,80],"relic_stats":{"counters":[16,77],"Sundial":[14],"Snecko Eye":[72,66,79,82],"PreservedInsect":0,"obtain_stats":[{"Replay:Baseball":8,"Bottled Flame":25,"Chameleon Ring":23,"Sundial":13,"Snecko Eye":17,"Oddly Smooth Stone":19,"PreservedInsect":26,"Burning Blood":0,"Unceasing Top":0,"Toy Ornithopter":9},{"Replay:Baseball":5,"Bottled Flame":13,"Chameleon Ring":11,"Sundial":6,"Snecko Eye":8,"Oddly Smooth Stone":9,"PreservedInsect":13,"Burning Blood":0,"Unceasing Top":0,"Toy Ornithopter":5},{"Replay:Baseball":26,"Bottled Flame":61,"Chameleon Ring":51,"Sundial":31,"Snecko Eye":37,"Oddly Smooth Stone":41,"PreservedInsect":61,"Burning Blood":0,"Unceasing Top":0,"Toy Ornithopter":26}],"Burning Blood":96,"Unceasing Top":[3],"Toy Ornithopter":30},"card_choices":[{"not_picked":["Sever Soul","Warcry"],"picked":"Burning Pact","floor":1},{"not_picked":["Twin Strike","Warcry"],"picked":"Evolve","floor":2},{"not_picked":["Thunderclap","Run Through","True Grit"],"picked":"SKIP","floor":3},{"not_picked":["ReplayTheSpireMod:Limb From Limb","Life Link","ReplayTheSpireMod:Strike From Hell"],"picked":"SKIP","floor":7},{"not_picked":["Run Through","Defy Death"],"picked":"Corruption","floor":8},{"not_picked":["Iron Wave","Body Slam","Sword Boomerang"],"picked":"SKIP","floor":12},{"not_picked":["Whirlwind","Perfected Strike","Twin Strike"],"picked":"SKIP","floor":14},{"not_picked":["Perfected Strike","Twin Strike"],"picked":"Whirlwind","floor":14},{"not_picked":["Fiend Fire","Corruption"],"picked":"Offering","floor":16},{"not_picked":["Heavy Blade","Body Slam+1"],"picked":"ReplayTheSpireMod:Stacked","floor":18},{"not_picked":["Iron Wave","Anger"],"picked":"Rage","floor":21},{"not_picked":["Havoc","Combust"],"picked":"Infernal Blade","floor":23},{"not_picked":["Clash","Pommel Strike"],"picked":"Headbutt","floor":24},{"not_picked":["Intimidate","Heavy Blade","Hemokinesis"],"picked":"SKIP","floor":25},{"not_picked":["Run Through","Havoc"],"picked":"Uppercut","floor":30},{"not_picked":["Headbutt","Havoc","Replay:Undeath\u0027s Touch"],"picked":"SKIP","floor":31},{"not_picked":["Reaper","Demonic Infusion"],"picked":"Demon Form","floor":33}],"player_experience":1073596,"relics_obtained":[{"floor":8,"key":"Replay:Baseball"},{"floor":9,"key":"Toy Ornithopter"},{"floor":23,"key":"Chameleon Ring"},{"floor":25,"key":"Bottled Flame"},{"floor":26,"key":"PreservedInsect"}],"event_choices":[{"cards_removed":["Strike_R"],"damage_healed":0,"gold_gain":0,"player_choice":"Card Removal","damage_taken":7,"max_hp_gain":0,"max_hp_loss":0,"event_name":"Golden Wing","floor":11,"gold_loss":0},{"damage_healed":0,"gold_gain":0,"player_choice":"Gave Potion","damage_taken":0,"relics_obtained":["Sundial"],"max_hp_gain":0,"max_hp_loss":0,"event_name":"WeMeetAgain","floor":13,"gold_loss":0},{"damage_healed":0,"gold_gain":0,"player_choice":"Copied","damage_taken":0,"max_hp_gain":0,"max_hp_loss":0,"event_name":"Duplicator","floor":20,"gold_loss":0,"cards_obtained":["Bash"]},{"damage_healed":0,"gold_gain":0,"player_choice":"Ignored","damage_taken":0,"max_hp_gain":0,"max_hp_loss":0,"event_name":"betterNote:BetterNote","floor":22,"gold_loss":0,"cards_obtained":["Bash"]},{"damage_healed":0,"gold_gain":0,"player_choice":"Got Potions","damage_taken":0,"max_hp_gain":0,"max_hp_loss":0,"event_name":"Lab","floor":28,"gold_loss":0}],"is_beta":true,"boss_relics":[{"not_picked":["SacredBark","Black Star"],"picked":"Snecko Eye"}],"items_purged_floors":[],"is_endless":false,"potions_floor_spawned":[1,8,14,16,18,21,30,33],"ascension_level":1}}