{"host":"nsc6ozq3atyrdr3m","time":1612386837,"event":{"mods":["BaseMod","Colored Map","Minty Spire (QoL Compilation)"],"gold_per_floor":[116,128,53,53,328,328,361,361,361,388,388,417,443,469,469,556,556,572,581,581,597,390,390,390,390,390],"floor_reached":25,"language":"FRA","playtime":505,"items_purged":["Writhe","Regret"],"score":458,"play_id":"8328ac8f-2ebd-4c90-a881-41e60d91c958","local_time":"20210203221357","is_ascension_mode":true,"campfire_choices":[{"data":"Hemokinesis","floor":6,"key":"SMITH"},{"data":"Pommel Strike","floor":8,"key":"SMITH"},{"floor":11,"key":"REST"},{"floor":15,"key":"REST"},{"floor":24,"key":"REST"}],"circlet_count":0,"master_deck":["AscendersBane","Strike_R","Strike_R","Strike_R","Strike_R","Strike_R","Defend_R","Defend_R","Defend_R","Defend_R","Bash","Pommel Strike+1","Hemokinesis+1","Sever Soul","Rage","Brutality","Heavy Blade","Reaper","Doubt"],"relics":["Burning Blood","TungstenRod","Mummified Hand","CeramicFish","Juzu Bracelet","Cursed Key","Pantograph"],"acts_visited":["Exordium","TheCity"],"potions_floor_usage":[7,16,16,16,23,25],"damage_taken":[{"damage":6,"enemies":"Jaw Worm","floor":1,"turns":3},{"damage":5,"enemies":"Cultist","floor":2,"turns":4},{"damage":24,"enemies":"Lagavulin","floor":7,"turns":5},{"damage":7,"enemies":"2 Louse","floor":10,"turns":2},{"damage":31,"enemies":"Gremlin Nob","floor":12,"turns":4},{"damage":10,"enemies":"2 Fungi Beasts","floor":13,"turns":3},{"damage":10,"enemies":"Blue Slaver","floor":14,"turns":3},{"damage":62,"enemies":"The Guardian","floor":16,"turns":8},{"damage":41,"enemies":"Shell Parasite","floor":18,"turns":6},{"damage":24,"enemies":"Spheric Guardian","floor":21,"turns":5},{"damage":0,"enemies":"Slavers","floor":23,"turns":1},{"damage":55,"enemies":"Book of Stabbing","floor":25,"turns":4}],"seed_played":"8003709543696516233","potions_obtained":[{"floor":1,"key":"Regen Potion"},{"floor":2,"key":"LiquidMemories"},{"floor":12,"key":"EntropicBrew"},{"floor":21,"key":"Block Potion"}],"is_trial":false,"path_per_floor":["M","M","$","?","?","R","E","R","T","M","R","E","M","M","R","B",null,"M","T","?","M","$","E","R","E"],"character_chosen":"IRONCLAD","items_purchased":["SmokeBomb"],"campfire_rested":3,"item_purchase_floors":[22],"current_hp_per_floor":[68,69,69,69,69,69,51,51,51,50,72,47,43,39,61,20,61,32,32,32,18,18,24,46,0,0],"gold":390,"neow_bonus":"ONE_RARE_RELIC","is_daily":false,"chose_seed":false,"campfire_upgraded":2,"win_rate":0.0,"timestamp":1612386837,"path_taken":["M","M","$","?","?","R","E","R","T","M","R","E","M","M","R","BOSS","M","?","?","M","$","E","R","E"],"items_purchased_type":["Potion"],"build_version":"2020-12-22","purchased_purges":2,"victory":false,"max_hp_per_floor":[75,75,75,75,75,75,75,75,75,75,75,75,75,75,75,75,75,75,75,75,75,75,75,75,75,75],"card_choices":[{"not_picked":["True Grit","Shockwave"],"picked":"Pommel Strike","floor":1},{"not_picked":["Wild Strike","Disarm"],"picked":"Hemokinesis","floor":2},{"not_picked":["Berserk","Shrug It Off"],"picked":"Sever Soul","floor":7},{"not_picked":["Sword Boomerang","Anger"],"picked":"Rage","floor":10},{"not_picked":["Havoc","Anger","Shrug It Off"],"picked":"SKIP","floor":12},{"not_picked":["Havoc","Body Slam"],"picked":"Brutality","floor":13},{"not_picked":["Perfected Strike","Sword Boomerang"],"picked":"Heavy Blade","floor":14},{"not_picked":["Brutality","Double Tap"],"picked":"Reaper","floor":16},{"not_picked":["Havoc","True Grit+1","Body Slam"],"picked":"SKIP","floor":18},{"not_picked":["Havoc","Feel No Pain","Iron Wave"],"picked":"SKIP","floor":21}],"player_experience":373588,"relics_obtained":[{"floor":7,"key":"Mummified Hand"},{"floor":9,"key":"CeramicFish"},{"floor":12,"key":"Juzu Bracelet"},{"floor":19,"key":"Pantograph"}],"event_choices":[{"damage_healed":0,"gold_gain":0,"player_choice":"Leave","damage_taken":0,"max_hp_gain":0,"max_hp_loss":0,"event_name":"The Cleric","floor":4,"gold_loss":0},{"damage_healed":0,"gold_gain":275,"player_choice":"Desecrate","damage_taken":0,"max_hp_gain":0,"max_hp_loss":0,"event_name":"Golden Shrine","floor":5,"gold_loss":0,"cards_obtained":["Regret"]},{"damage_healed":0,"gold_gain":0,"player_choice":"Ignored","damage_taken":0,"max_hp_gain":0,"max_hp_loss":0,"event_name":"Vampires","floor":20,"gold_loss":0}],"is_beta":false,"boss_relics":[{"not_picked":["Runic Cube","Busted Crown"],"picked":"Cursed Key"}],"items_purged_floors":[3,22],"is_endless":false,"potions_floor_spawned":[1,2,12,13,21],"killed_by":"Book of Stabbing","ascension_level":20}}