{"host":"lne8wiuoeo5kx55p","time":1612326151,"event":{"mods":["BaseMod","Colored Map","Colored Powertips","Googly Eyes","Minty Spire (QoL Compilation)"],"gold_per_floor":[119,119,119,144,144,177,196,196,196,196,196,209,222,25,25,145,145,158,0,16,37,37,37,37,37],"floor_reached":24,"language":"ZHS","playtime":2161,"items_purged":["Strike_R"],"score":296,"play_id":"541be35e-7a52-4b5e-a307-149a26c9291b","local_time":"20210203122231","is_ascension_mode":false,"campfire_choices":[{"data":"Fire Breathing","floor":8,"key":"SMITH"},{"floor":11,"key":"REST"},{"data":"Body Slam","floor":15,"key":"SMITH"},{"data":"Barricade","floor":23,"key":"SMITH"}],"circlet_count":0,"master_deck":["Strike_R","Strike_R","Strike_R","Strike_R","Defend_R","Defend_R","Defend_R","Defend_R","Bash","Fire Breathing+1","Body Slam+1","Reaper","Feel No Pain","Enlightenment+1","Dual Wield+1","Shrug It Off+1","Sever Soul","Second Wind+1","Barricade+1","CurseOfTheBell","Bloodletting+1","Magnetism","Infernal Blade+1","Rage+1","Armaments+1"],"relics":["Burning Blood","Golden Idol","Self Forming Clay","Kunai","Toxic Egg 2","Membership Card","Calling Bell","Nunchaku","HornCleat","Unceasing Top","SsserpentHead"],"acts_visited":["TheCity"],"potions_floor_usage":[6,16],"damage_taken":[{"damage":12,"enemies":"Small Slimes","floor":1,"turns":4},{"damage":5,"enemies":"2 Louse","floor":4,"turns":3},{"damage":69,"enemies":"Lagavulin","floor":6,"turns":11},{"damage":7,"enemies":"Cultist","floor":7,"turns":4},{"damage":13,"enemies":"Exordium Wildlife","floor":12,"turns":5},{"damage":23,"enemies":"Gremlin Gang","floor":13,"turns":7},{"damage":36,"enemies":"Slime Boss","floor":16,"turns":8},{"damage":32,"enemies":"3 Byrds","floor":18,"turns":9},{"damage":12,"enemies":"Shell Parasite","floor":20,"turns":9},{"damage":20,"enemies":"Chosen and Byrds","floor":21,"turns":9},{"damage":46,"enemies":"Book of Stabbing","floor":24,"turns":6}],"seed_played":"-7774358106893156425","potions_obtained":[{"floor":4,"key":"SteroidPotion"},{"floor":13,"key":"PowerPotion"}],"is_trial":false,"path_per_floor":["M","?","?","M","?","E","M","R","T","?","R","M","M","$","R","B",null,"M","$","M","M","?","R","E"],"character_chosen":"IRONCLAD","items_purchased":["Membership Card","Second Wind+1","Magnetism","Infernal Blade+1"],"campfire_rested":1,"item_purchase_floors":[14,14,19,19],"current_hp_per_floor":[74,79,79,79,76,13,16,16,16,16,39,40,39,39,39,13,79,57,57,51,43,43,43,0,0],"gold":37,"neow_bonus":"THREE_CARDS","is_daily":false,"chose_seed":false,"campfire_upgraded":3,"win_rate":0.0,"timestamp":1612326151,"path_taken":["M","?","?","M","?","E","M","R","T","?","R","M","M","$","R","BOSS","M","$","M","?","?","R","E"],"items_purchased_type":["Relic","Card","Card","Card"],"build_version":"2020-12-22","purchased_purges":1,"victory":false,"max_hp_per_floor":[80,85,79,79,79,79,79,79,79,79,79,79,79,79,79,79,79,79,79,79,79,79,79,79,79],"card_choices":[{"not_picked":["Flex","Perfected Strike"],"picked":"True Grit","floor":0.0},{"not_picked":["Iron Wave","True Grit"],"picked":"Fire Breathing","floor":1},{"not_picked":["Perfected Strike","Headbutt"],"picked":"Body Slam","floor":4},{"not_picked":["Body Slam","Clothesline"],"picked":"Reaper","floor":6},{"not_picked":["Combust","Whirlwind"],"picked":"Feel No Pain","floor":7},{"not_picked":["Whirlwind","Blood for Blood"],"picked":"Shrug It Off+1","floor":12},{"not_picked":["Clash","Warcry+1"],"picked":"Sever Soul","floor":13},{"not_picked":["Limit Break+1","Feed"],"picked":"Barricade","floor":16},{"not_picked":["Clothesline","Anger"],"picked":"Bloodletting+1","floor":18},{"not_picked":["Rupture","Sword Boomerang"],"picked":"Rage+1","floor":20},{"not_picked":["Combust","Rage+1"],"picked":"Armaments+1","floor":21}],"player_experience":4624,"relics_obtained":[{"floor":6,"key":"Kunai"},{"floor":9,"key":"Toxic Egg 2"},{"floor":17,"key":"Nunchaku"},{"floor":17,"key":"HornCleat"},{"floor":17,"key":"Unceasing Top"}],"event_choices":[{"damage_healed":0,"gold_gain":0,"player_choice":"Donut","damage_taken":0,"max_hp_gain":5,"max_hp_loss":0,"event_name":"Big Fish","floor":2,"gold_loss":0},{"damage_healed":0,"gold_gain":0,"player_choice":"Lose Max HP","damage_taken":0,"relics_obtained":["Golden Idol"],"max_hp_gain":0,"max_hp_loss":6,"event_name":"Golden Idol","floor":3,"gold_loss":0},{"damage_healed":0,"gold_gain":0,"player_choice":"Success","damage_taken":3,"relics_obtained":["Self Forming Clay"],"max_hp_gain":0,"max_hp_loss":0,"event_name":"Scrap Ooze","floor":5,"gold_loss":0},{"damage_healed":0,"gold_gain":0,"player_choice":"2 cards matched","damage_taken":0,"max_hp_gain":0,"max_hp_loss":0,"event_name":"Match and Keep!","floor":10,"gold_loss":0,"cards_obtained":["Enlightenment","Dual Wield"]},{"damage_healed":0,"gold_gain":0,"player_choice":"Trade","damage_taken":0,"relics_obtained":["SsserpentHead"],"max_hp_gain":0,"max_hp_loss":0,"event_name":"FaceTrader","floor":22,"gold_loss":0}],"is_beta":false,"boss_relics":[{"not_picked":["Runic Dome","Runic Cube"],"picked":"Calling Bell"}],"items_purged_floors":[19],"is_endless":false,"potions_floor_spawned":[4,13],"killed_by":"Book of Stabbing","ascension_level":0}}