{"host":"pgm1p3lvdjflie30","time":1612370252,"event":{"mods":["ATMod(阿瑾Mod)","AchievementEnabler","Aspiration","BaseMod","Challenge The Spire","Colored Map","Colored Powertips","Conspire","Dark Map","Dota2Spire","Downfall","Energized Spire","GungeonMod","Hermit","Highlight Path","HornydragonMod","Minty Spire (QoL Compilation)","MostiFishMod","Quarter Circle Forward PUNCH!","Quick Restart","Reimu（博???）","Relic Stats","Replay The Spire","Robot Space Explorer","Spicy Shops","StSLib","TestMod","The Blackbeard","The Bug Knight","The Cursed","The Hayseed","The IronCluck","The Jungle","The Runesmith","Waifu the Spire","Yakumo Yukari mod","【?物卡牌】REMEMod","篝火指南"],"gold_per_floor":[113,113,113,143,318,318,347,347,347,347,361,361,378,395,395,522,522,538,538,538,538,24,24,24,36,36,69,90,118,118,130,130,226,226,242,242,34,49,49,81,128,88,157,185,185,234,252,271,271,271,271],"floor_reached":50,"language":"ZHS","playtime":2695,"items_purged":["Writhe"],"score":819,"play_id":"4fa495e6-7e1b-4f35-9cfa-f2c09e15f6d3","local_time":"20210204003732","is_ascension_mode":true,"campfire_choices":[{"floor":6,"key":"RECALL"},{"data":"Slimebound:Nibble","floor":8,"key":"SMITH"},{"data":"TheSimpletonMod:Haymaker","floor":10,"key":"SMITH"},{"data":"TheSimpletonMod:Thresh","floor":12,"key":"SMITH"},{"data":"TheSimpletonMod:KeenEdge","floor":15,"key":"SMITH"},{"floor":23,"key":"DIG"},{"floor":30,"key":"REST"},{"floor":49,"key":"REST"}],"circlet_count":0,"master_deck":["TheSimpletonMod:Strike_TheSimpleton","TheSimpletonMod:Strike_TheSimpleton","TheSimpletonMod:Strike_TheSimpleton","TheSimpletonMod:Strike_TheSimpleton","TheSimpletonMod:Haymaker+1","TheSimpletonMod:ReapAndSow+1","Slimebound:Nibble+1","AT_FamilyPortrait+1","TheSimpletonMod:RootDown+1","MostiFishMod:SpreadingSpore+1","Replay:Poison Smokescreen+1","TheSimpletonMod:CloseScrape+1","TheSimpletonMod:HitTheSack+1","TheSimpletonMod:Thresh+1","TheSimpletonMod:KeenEdge+1","TheSimpletonMod:SlashAndBurn+1","TheSimpletonMod:SaltTheEarth+1","TheSimpletonMod:CloseScrape+1","TheSimpletonMod:Sunchoke+1","TheSimpletonMod:PestManagement+1","TheSimpletonMod:VineRipen+1","TheSimpletonMod:SaltTheEarth+1","TheSimpletonMod:DoubleBarrel+1","TheSimpletonMod:Fecundity+1","TheSimpletonMod:SpiceUp+1","TheSimpletonMod:Pruning+1","TheSimpletonMod:Sunseed+1","TheSimpletonMod:OnionBloom+1","TheSimpletonMod:Corn+1","TheSimpletonMod:PestManagement+1","TheSimpletonMod:Sunseed+1","Parasite","TheSimpletonMod:CropDiversity","TheSimpletonMod:BumperCrop+1"],"relics":["TheSimpletonMod:SpudOfTheInnocent","TheSimpletonMod:NightSoil","TheSimpletonMod:TheHarvester","AT_ATBox","REME_ComplimentaryCards","DaveBox","testmod-TestBox","GreenFoldingFan","testmod-Hope","NeowsBlessing","SynthV:TestCard","Dota2Spire:MagicBottle","Simple Rune","Replay:Bottled Snecko","testmod-NegativeEmotionEnhancer","theJungle:SpiritDisease","Shovel","testmod-Charity","Dota2Spire:EchoSabre","qcfpunch:Army_Boots","Spirit Poop","aspiration:ChemicalBlood","Pocketwatch","Orichalcum","TheSimpletonMod:GourdCharm","Juzu Bracelet","AT_Kusabimaru","Frozen Egg 2","Blue Candle","StoneCalendar"],"acts_visited":["Exordium","Exordium","TheBeyond"],"potions_floor_usage":[11,16,27,27,27,27,29,31,31,31,31,31,33,33,33,33,33,33,37,37,38,38,40,41,44,44,44,45,45,45,45,45,45,45,45,45,47,47,47,48,50,50,50],"damage_taken":[{"damage":2,"enemies":"Cultist","floor":1,"turns":1},{"damage":4,"enemies":"Jaw Worm","floor":4,"turns":2},{"damage":2,"enemies":"3 Sentries","floor":7,"turns":1},{"damage":2,"enemies":"Jaw Worm","floor":11,"turns":1},{"damage":9,"enemies":"Small Slimes","floor":13,"turns":3},{"damage":9,"enemies":"Blue Slaver","floor":14,"turns":2},{"damage":19,"enemies":"Slime Boss","floor":16,"turns":7},{"damage":14,"enemies":"theJungle:GiantWrat","floor":18,"turns":4},{"damage":4,"enemies":"theJungle:MUSHROOMGANG","floor":25,"turns":1},{"damage":9,"enemies":"theJungle:2_Phrogs","floor":27,"turns":3},{"damage":81,"enemies":"theJungle:MamaSnecko","floor":29,"turns":5},{"damage":55,"enemies":"theJungle:2_Flameangoes","floor":31,"turns":4},{"damage":25,"enemies":"theJungle:FunGuy","floor":33,"turns":7},{"damage":42,"enemies":"3 Darklings","floor":35,"turns":5},{"damage":11,"enemies":"Orb Walker","floor":38,"turns":3},{"damage":37,"enemies":"R_Hoarder","floor":40,"turns":9},{"damage":2,"enemies":"2 Orb Walkers","floor":41,"turns":1},{"damage":63,"enemies":"Nemesis","floor":44,"turns":4},{"damage":116,"enemies":"Nemesis","floor":45,"turns":14},{"damage":56,"enemies":"Mind Bloom Boss Battle","floor":46,"turns":5},{"damage":32,"enemies":"Writhing Mass","floor":47,"turns":4},{"damage":55,"enemies":"Spire Growth","floor":48,"turns":4},{"damage":83,"enemies":"conspire:OrnateMirror","floor":50,"turns":1}],"seed_played":"4969574374775725216","potions_obtained":[{"floor":7,"key":"Explosive Potion"},{"floor":11,"key":"Strength Potion"},{"floor":14,"key":"REME_GoldPotion"},{"floor":27,"key":"conspire:TimeTravelPotion"},{"floor":31,"key":"SkillPotion"},{"floor":32,"key":"Death Potion"},{"floor":32,"key":"LifebloodPotion"},{"floor":35,"key":"Fire Potion"},{"floor":42,"key":"conspire:TimeTravelPotion"},{"floor":42,"key":"SteroidPotion"},{"floor":42,"key":"Guardian:BlockOnCardUsePotion"},{"floor":47,"key":"Adrenaline Potion"},{"floor":48,"key":"DistilledChaos"}],"is_trial":false,"path_per_floor":["M","?","?","?","?","R","E","R","T","R","M","R","M","M","R","B",null,"M","?","?","?","$","R","$","M","T","E","?","E","R","M","R_BF","B",null,"M","?","$","M","$","E","?","?","T","E","?","?","M","M","R_BF","B"],"character_chosen":"THE_SIMPLETON","items_purchased":["testmod-Charity","Dota2Spire:EchoSabre","Adrenaline Potion","Fire Potion","Fruit Juice"],"campfire_rested":2,"item_purchase_floors":[22,22,22,22,37],"current_hp_per_floor":[75,75,75,75,75,75,75,75,75,75,75,75,75,75,75,75,75,76,76,76,76,76,76,76,78,78,80,81,21,45,43,43,55,87,73,65,75,83,83,96,105,105,106,71,109,81,65,29,63,0,0],"gold":271,"neow_bonus":"THREE_ENEMY_KILL","is_daily":false,"chose_seed":false,"campfire_upgraded":4,"win_rate":0.0,"timestamp":1612370252,"path_taken":["M","?","?","?","?","R","E","R","T","R","?","R","?","M","R","BOSS","M","?","?","?","$","R","$","M","T","E","?","E","R","?","R_BF","BOSS","M","?","?","M","?","E","?","?","T","E","?","?","M","M","R_BF","BOSS"],"items_purchased_type":["Relic","Relic","Potion","Potion","Potion"],"build_version":"2020-12-22","purchased_purges":1,"victory":false,"max_hp_per_floor":[75,75,75,75,75,75,75,75,75,75,75,75,75,75,75,75,75,76,76,76,76,76,76,76,78,78,80,81,83,83,85,85,87,87,89,89,99,101,101,103,105,105,106,108,109,111,113,115,115,115,115],"relic_stats":{"Shovel":1,"counters":[23,89],"Blue Candle":[0],"StoneCalendar":[0],"Juzu Bracelet":2,"Orichalcum":[150],"obtain_stats":[{"Dota2Spire:EchoSabre":22,"AT_ATBox":0,"DaveBox":0,"Spirit Poop":26,"StoneCalendar":46,"DemoMod:GlassGuonStoneRelic":4,"testmod-NegativeEmotionEnhancer":17,"Juzu Bracelet":40,"testmod-Charity":22,"TheSimpletonMod:TheHarvester":0,"Dota2Spire:MagicBottle":2,"GreenFoldingFan":0,"Shovel":20,"AT_Kusabimaru":41,"TheSimpletonMod:SpudOfTheInnocent":0,"Replay:Bottled Snecko":9,"TheSimpletonMod:NightSoil":0,"aspiration:ChemicalBlood":27,"qcfpunch:Army_Boots":23,"testmod-TestBox":0,"NeowsBlessing":0,"Blue Candle":44,"theJungle:SpiritDisease":19,"Orichalcum":29,"Frozen Egg 2":43,"TheSimpletonMod:GourdCharm":34,"SynthV:TestCard":1,"testmod-Hope":0,"Simple Rune":7,"REME_ComplimentaryCards":0,"Pocketwatch":28},{"Dota2Spire:EchoSabre":8,"AT_ATBox":0,"DaveBox":0,"Spirit Poop":9,"StoneCalendar":20,"DemoMod:GlassGuonStoneRelic":2,"testmod-NegativeEmotionEnhancer":7,"Juzu Bracelet":16,"testmod-Charity":8,"TheSimpletonMod:TheHarvester":0,"Dota2Spire:MagicBottle":1,"GreenFoldingFan":0,"Shovel":8,"AT_Kusabimaru":17,"TheSimpletonMod:SpudOfTheInnocent":0,"Replay:Bottled Snecko":3,"TheSimpletonMod:NightSoil":0,"aspiration:ChemicalBlood":10,"qcfpunch:Army_Boots":8,"testmod-TestBox":0,"NeowsBlessing":0,"Blue Candle":18,"theJungle:SpiritDisease":8,"Orichalcum":11,"Frozen Egg 2":17,"TheSimpletonMod:GourdCharm":13,"SynthV:TestCard":1,"testmod-Hope":0,"Simple Rune":3,"REME_ComplimentaryCards":0,"Pocketwatch":10},{"Dota2Spire:EchoSabre":21,"AT_ATBox":0,"DaveBox":0,"Spirit Poop":22,"StoneCalendar":80,"DemoMod:GlassGuonStoneRelic":3,"testmod-NegativeEmotionEnhancer":17,"Juzu Bracelet":56,"testmod-Charity":21,"TheSimpletonMod:TheHarvester":0,"Dota2Spire:MagicBottle":1,"GreenFoldingFan":0,"Shovel":21,"AT_Kusabimaru":57,"TheSimpletonMod:SpudOfTheInnocent":0,"Replay:Bottled Snecko":4,"TheSimpletonMod:NightSoil":0,"aspiration:ChemicalBlood":25,"qcfpunch:Army_Boots":21,"testmod-TestBox":0,"NeowsBlessing":0,"Blue Candle":61,"theJungle:SpiritDisease":21,"Orichalcum":29,"Frozen Egg 2":57,"TheSimpletonMod:GourdCharm":40,"SynthV:TestCard":1,"testmod-Hope":0,"Simple Rune":4,"REME_ComplimentaryCards":0,"Pocketwatch":25}],"Pocketwatch":[9]},"card_choices":[{"not_picked":["TheSimpletonMod:SpiceUp","TheSimpletonMod:Squash"],"picked":"TheSimpletonMod:RootDown","floor":1},{"not_picked":["TheSimpletonMod:DoubleBarrel","TheSimpletonMod:DoubleDigging","TheSimpletonMod:Mulch","TheSimpletonMod:CullingStrike"],"picked":"TheSimpletonMod:CloseScrape","floor":4},{"not_picked":["TheSimpletonMod:CloseScrape","TheSimpletonMod:Fertilaser","TheSimpletonMod:SaladShooter","TheSimpletonMod:Ferment"],"picked":"TheSimpletonMod:HitTheSack","floor":7},{"not_picked":["TheSimpletonMod:Rake","TheSimpletonMod:OnionBloom","TheSimpletonMod:StockTheCellar","TheSimpletonMod:BumperCrop"],"picked":"TheSimpletonMod:Thresh","floor":11},{"not_picked":["TheSimpletonMod:Ferment","TheSimpletonMod:SaladShooter","TheSimpletonMod:SpiceUp","TheSimpletonMod:DigIn"],"picked":"TheSimpletonMod:KeenEdge","floor":13},{"not_picked":["TheSimpletonMod:Fertilaser","TheSimpletonMod:Ferment","TheSimpletonMod:Corn","TheSimpletonMod:Innovate"],"picked":"TheSimpletonMod:SlashAndBurn","floor":14},{"not_picked":["TheSimpletonMod:Biorefinement","TheSimpletonMod:Spinach","TheSimpletonMod:DesperatePlunge","TheSimpletonMod:BirdFeeder"],"picked":"TheSimpletonMod:SaltTheEarth","floor":16},{"not_picked":["TheSimpletonMod:SaladShooter","TheSimpletonMod:Rototilling+1","TheSimpletonMod:SoilSample","TheSimpletonMod:Pruning+1"],"picked":"TheSimpletonMod:CloseScrape","floor":18},{"not_picked":["TheSimpletonMod:Aerate+1","TheSimpletonMod:Sunseed","TheSimpletonMod:Swelter","TheSimpletonMod:CullingStrike"],"picked":"TheSimpletonMod:Sunchoke","floor":25},{"not_picked":["TheSimpletonMod:StockTheCellar","TheSimpletonMod:Aerate","TheSimpletonMod:SoilSample+1","TheSimpletonMod:DigIn"],"picked":"TheSimpletonMod:PestManagement","floor":27},{"not_picked":["TheSimpletonMod:SaladShooter","TheSimpletonMod:DoubleBarrel+1","TheSimpletonMod:SlashAndBurn","TheSimpletonMod:Rototilling"],"picked":"TheSimpletonMod:VineRipen","floor":28},{"not_picked":["TheSimpletonMod:CullingStrike+1","TheSimpletonMod:SoilSample","TheSimpletonMod:SlashAndBurn","TheSimpletonMod:SpiceUp"],"picked":"TheSimpletonMod:SaltTheEarth","floor":29},{"not_picked":["TheSimpletonMod:SlashAndBurn+1","TheSimpletonMod:Biorefinement","TheSimpletonMod:SeedCoat+1","TheSimpletonMod:VineRipen"],"picked":"TheSimpletonMod:DoubleBarrel+1","floor":31},{"not_picked":["TheSimpletonMod:TakeHeart","TheSimpletonMod:Spinach","TheSimpletonMod:FlashPasteurize","TheSimpletonMod:FanTheFlames"],"picked":"TheSimpletonMod:Fecundity","floor":33},{"not_picked":["TheSimpletonMod:Squash+1","TheSimpletonMod:Fertilaser","TheSimpletonMod:Mulch","TheSimpletonMod:ToughenUp+1"],"picked":"TheSimpletonMod:SpiceUp+1","floor":35},{"not_picked":["TheSimpletonMod:ResearchGrant","TheSimpletonMod:SpiceUp+1","TheSimpletonMod:RootDown+1","TheSimpletonMod:StockTheCellar"],"picked":"TheSimpletonMod:Pruning+1","floor":38},{"not_picked":["TheSimpletonMod:CullingStrike","TheSimpletonMod:RootDown+1","TheSimpletonMod:Fertilaser+1","TheSimpletonMod:Swelter"],"picked":"TheSimpletonMod:Sunseed","floor":40},{"not_picked":["TheSimpletonMod:Aerate","TheSimpletonMod:Mulch","TheSimpletonMod:Biorefinement","TheSimpletonMod:SaladShooter+1"],"picked":"TheSimpletonMod:OnionBloom+1","floor":41},{"not_picked":["TheSimpletonMod:Aerate","TheSimpletonMod:CullingStrike+1","TheSimpletonMod:CloseScrape+1","TheSimpletonMod:SlashAndBurn+1"],"picked":"TheSimpletonMod:Corn+1","floor":44},{"not_picked":["TheSimpletonMod:SoilSample","TheSimpletonMod:Mulch","TheSimpletonMod:Rototilling","TheSimpletonMod:RootDown"],"picked":"TheSimpletonMod:PestManagement+1","floor":45},{"not_picked":["TheSimpletonMod:GoToMarket+1","TheSimpletonMod:OnionBloom+1","TheSimpletonMod:Sunchoke","TheSimpletonMod:Mulch+1"],"picked":"TheSimpletonMod:Sunseed+1","floor":46},{"not_picked":["TheSimpletonMod:CloseScrape+1","TheSimpletonMod:Swelter+1","TheSimpletonMod:Sunchoke","TheSimpletonMod:SlashAndBurn"],"picked":"TheSimpletonMod:CropDiversity","floor":47},{"not_picked":["TheSimpletonMod:ControlledBurn","TheSimpletonMod:PestManagement","TheSimpletonMod:DigIn+1","TheSimpletonMod:Pruning"],"picked":"TheSimpletonMod:BumperCrop+1","floor":48}],"player_experience":380542,"relics_obtained":[{"floor":1,"key":"SynthV:TestCard"},{"floor":7,"key":"Simple Rune"},{"floor":9,"key":"Replay:Bottled Snecko"},{"floor":23,"key":"qcfpunch:Army_Boots"},{"floor":26,"key":"Spirit Poop"},{"floor":27,"key":"aspiration:ChemicalBlood"},{"floor":28,"key":"Pocketwatch"},{"floor":29,"key":"Orichalcum"},{"floor":40,"key":"Juzu Bracelet"},{"floor":41,"key":"AT_Kusabimaru"},{"floor":43,"key":"Frozen Egg 2"},{"floor":44,"key":"Blue Candle"},{"floor":46,"key":"StoneCalendar"}],"event_choices":[{"damage_healed":0,"gold_gain":0,"player_choice":"Box","damage_taken":0,"relics_obtained":["Dota2Spire:MagicBottle"],"max_hp_gain":0,"max_hp_loss":0,"event_name":"Big Fish","floor":2,"gold_loss":0,"cards_obtained":["Regret"]},{"damage_healed":0,"gold_gain":175,"player_choice":"AGREE","damage_taken":0,"max_hp_gain":0,"max_hp_loss":0,"event_name":"Liars Game","floor":5,"gold_loss":0,"cards_obtained":["Doubt"]},{"damage_healed":0,"gold_gain":0,"player_choice":"Ignored","damage_taken":0,"max_hp_gain":0,"max_hp_loss":0,"event_name":"?自己的盒子","floor":21,"gold_loss":0},{"damage_healed":0,"gold_gain":0,"player_choice":"Damaged","damage_taken":8,"max_hp_gain":0,"max_hp_loss":0,"event_name":"Wheel of Change","floor":36,"gold_loss":0},{"damage_healed":0,"gold_gain":0,"player_choice":"Fight","damage_taken":0,"max_hp_gain":0,"max_hp_loss":0,"event_name":"Mysterious Sphere","floor":41,"gold_loss":0},{"damage_healed":0,"gold_gain":0,"player_choice":"Bought 3 Potions","damage_taken":0,"max_hp_gain":0,"max_hp_loss":0,"event_name":"The Woman in Blue","floor":42,"gold_loss":0},{"damage_healed":0,"gold_gain":0,"player_choice":"Fight","damage_taken":0,"max_hp_gain":0,"max_hp_loss":0,"event_name":"MindBloom","floor":46,"gold_loss":0}],"is_beta":false,"boss_relics":[{"not_picked":["RhineFirstAidKit","FixedStarFall"],"picked":"testmod-NegativeEmotionEnhancer"},{"not_picked":["Painkiller Herb","testmod-KeyOfTheVoid"],"picked":"TheSimpletonMod:GourdCharm"}],"items_purged_floors":[22],"is_endless":false,"potions_floor_spawned":[7,11,14,27,31,35,45,47,48],"killed_by":"conspire:OrnateMirror","ascension_level":2}}