{"host":"gsef4mntx4mq50d0","time":1612320643,"event":{"mods":["Act Like it!","Arknights","Aspiration","BaseMod","Colored Map","Downfall","GifTheSpireLib","Hallownest","HololiveMod","Hubris","Infinite Spire","MarisaÅiñ∂âJÅ@ñÇóùçπÅj","Minty Spire (QoL Compilation)","SIMod","StSLib","The Alterego","The Bug Knight","The Exalted","The Forsaken","The Servant 0.9.4","TheSwordswoman"],"gold_per_floor":[112,122,122,122,122,152,152,168,168,193,173,191,191,208,208,312,312,325,240,240,251,251,251,276,276,276,276,291,302,335,353,353,353,353],"floor_reached":33,"language":"ENG","playtime":1782,"items_purged":[],"score":295,"play_id":"4f3bbbd0-e2b0-442e-9670-de0de946f1b3","local_time":"20210203125043","is_ascension_mode":false,"campfire_choices":[{"floor":7,"key":"REST"},{"floor":13,"key":"REST"},{"data":"Flex","floor":15,"key":"SMITH"},{"floor":23,"key":"REST"},{"floor":25,"key":"REST"},{"floor":27,"key":"RECALL"},{"floor":32,"key":"REST"}],"circlet_count":0,"master_deck":["Strike_R","Strike_R","Strike_R","Strike_R","Strike_R","Defend_R","Defend_R","Defend_R","Defend_R","Bash","Flex+1","Inflame","infinitespire:Collect","Ghostly Armor","Warcry","Clothesline","Disarm","Sever Soul","Demon Form","hubris:ReadiedAction","theForsaken:PlagueCurse","Bloodletting","Corruption","Armaments","Uppercut","Power Through","Anger"],"relics":["Burning Blood","aspiration:Nostalgia","Cracked Core","hubris:Towel","Pyrelight","hubris:BottledRain","aspiration:FetidBarrel","infinitespire:WardingShard","hubris:ScarierMask","Calipers","theForsaken:PlagueMask","Regal Pillow","Matryoshka"],"acts_visited":["Exordium","TheCity"],"potions_floor_usage":[12,16,16,16,24,33],"damage_taken":[{"damage":7,"enemies":"Small Slimes","floor":1,"turns":4},{"damage":6,"enemies":"2 Louse","floor":2,"turns":2},{"damage":34,"enemies":"3 Sentries","floor":6,"turns":8},{"damage":11,"enemies":"Jaw Worm","floor":8,"turns":2},{"damage":18,"enemies":"Gremlin Nob","floor":10,"turns":3},{"damage":7,"enemies":"Exordium Wildlife","floor":12,"turns":2},{"damage":15,"enemies":"3 Louse","floor":14,"turns":3},{"damage":38,"enemies":"The Guardian","floor":16,"turns":9},{"damage":40,"enemies":"Shell Parasite","floor":18,"turns":6},{"damage":18,"enemies":"3 Byrds","floor":21,"turns":4},{"damage":38,"enemies":"Book of Stabbing","floor":24,"turns":8},{"damage":30,"enemies":"Snake Plant","floor":28,"turns":5},{"damage":8,"enemies":"Snecko","floor":29,"turns":6},{"damage":22,"enemies":"HollowMod:Nosk","floor":30,"turns":6},{"damage":6,"enemies":"Chosen and Byrds","floor":31,"turns":7},{"damage":64,"enemies":"Collector","floor":33,"turns":5}],"seed_played":"4041631282888224283","potions_obtained":[{"floor":2,"key":"Weak Potion"},{"floor":6,"key":"DuplicationPotion"},{"floor":8,"key":"LiquidMemories"},{"floor":12,"key":"FearPotion"},{"floor":21,"key":"SkillPotion"},{"floor":28,"key":"Swift Potion"}],"is_trial":false,"path_per_floor":["M","M","?","?","?","E","R","M","T","E","?","M","R","M","R","B",null,"M","?","?","M","?","R","E","R","T","R","M","M","E","M","R","B"],"character_chosen":"IRONCLAD","items_purchased":[],"campfire_rested":5,"item_purchase_floors":[],"current_hp_per_floor":[79,79,79,59,59,31,55,50,50,38,38,37,61,52,52,20,80,46,46,46,34,19,44,12,52,52,52,28,26,10,10,50,0,0],"gold":353,"neow_bonus":"NOSTALGIA","is_daily":false,"chose_seed":false,"campfire_upgraded":1,"win_rate":0.0,"timestamp":1612320643,"path_taken":["M","M","?","?","?","E","R","M","T","E","?","M","R","M","R","BOSS","M","?","?","M","?","R","E","R","T","R","M","?","E","M","R","BOSS"],"items_purchased_type":[],"build_version":"2020-12-22","purchased_purges":0,"victory":false,"max_hp_per_floor":[80,80,80,80,80,80,80,80,80,80,80,80,80,80,80,80,80,80,80,80,80,85,85,85,85,85,85,85,85,85,85,85,85,85],"card_choices":[{"not_picked":["hubris:CleavingFinish","Cleave"],"picked":"Flex","floor":1},{"not_picked":["Warcry","Perfected Strike"],"picked":"Inflame","floor":2},{"not_picked":["infinitespire:NeuralNetwork","infinitespire:Execution"],"picked":"infinitespire:Collect","floor":4},{"not_picked":["Sword Boomerang","Immolate"],"picked":"Ghostly Armor","floor":6},{"not_picked":["Body Slam","Feel No Pain"],"picked":"Warcry","floor":8},{"not_picked":["Infernal Blade","Body Slam"],"picked":"Clothesline","floor":10},{"not_picked":["Thunderclap","Carnage"],"picked":"Disarm","floor":12},{"not_picked":["Perfected Strike","Burning Pact"],"picked":"Sever Soul","floor":14},{"not_picked":["Berserk","Barricade"],"picked":"Demon Form","floor":16},{"not_picked":["Clothesline","Juggernaut"],"picked":"hubris:ReadiedAction","floor":18},{"not_picked":["Clothesline+1","Searing Blow"],"picked":"Bloodletting","floor":21},{"not_picked":["Clash","Heavy Blade"],"picked":"Corruption","floor":24},{"not_picked":["Headbutt+1","Battle Trance"],"picked":"Armaments","floor":28},{"not_picked":["Sword Boomerang","Iron Wave"],"picked":"Uppercut","floor":29},{"not_picked":["Dual Wield","Berserk"],"picked":"Power Through","floor":30},{"not_picked":["Heavy Blade+1","Hemokinesis+1"],"picked":"Anger","floor":31}],"player_experience":182564,"relics_obtained":[{"floor":6,"key":"hubris:BottledRain"},{"floor":9,"key":"aspiration:FetidBarrel"},{"floor":10,"key":"infinitespire:WardingShard"},{"floor":24,"key":"Regal Pillow"},{"floor":30,"key":"Matryoshka"}],"event_choices":[{"damage_healed":0,"gold_gain":0,"player_choice":"Left Gold","damage_taken":0,"max_hp_gain":0,"max_hp_loss":0,"event_name":"World of Goop","floor":11,"gold_loss":20},{"damage_healed":0,"gold_gain":0,"player_choice":"Obtained Relic","damage_taken":0,"relics_obtained":["Calipers"],"max_hp_gain":0,"max_hp_loss":0,"event_name":"Addict","floor":19,"gold_loss":85},{"damage_healed":0,"gold_gain":0,"player_choice":"Obtain Plague Curse","damage_taken":0,"max_hp_gain":0,"max_hp_loss":0,"event_name":"Plague Doctor","floor":20,"gold_loss":0,"cards_obtained":["theForsaken:PlagueCurse"]},{"damage_healed":0,"gold_gain":0,"player_choice":"Shed Blood","damage_taken":20,"max_hp_gain":5,"max_hp_loss":0,"event_name":"Forgotten Altar","floor":22,"gold_loss":0}],"is_beta":false,"boss_relics":[{"not_picked":["Hololive_ChaosS","Astrolabe"],"picked":"hubris:ScarierMask"}],"items_purged_floors":[],"is_endless":false,"potions_floor_spawned":[2,6,8,12,21,28],"killed_by":"Collector","ascension_level":0}}