{"host":"92wx9z21c4p52du4","time":1612373883,"event":{"mods":["BaseMod","Downfall","Hermit","Minty Spire (QoL Compilation)","Reliquary","StSLib","The Hierophant"],"gold_per_floor":[99,109,119,294,48,48,48,77,97,113,123,136,36,55,65,168,168,168,178,178,178,178,16,16,32,51,70,89,89,2,34,45,148,148,148,167,179,179,179,51,51,69,69,119,129,129,40,73,84,84],"floor_reached":51,"language":"ENG","playtime":3645,"items_purged":["Doubt","Guardian:Defend_Guardian"],"score":778,"play_id":"27ada73d-dc6d-4809-b8fc-2aa86c9daf5e","local_time":"20210203113803","is_ascension_mode":false,"campfire_choices":[{"data":"Guardian:TwinSlam","floor":1,"key":"SMITH"},{"data":"Guardian:ShieldSpikes","floor":6,"key":"SMITH"},{"data":"Guardian:PrismaticBeam","floor":13,"key":"SMITH"},{"data":"Guardian:StasisField","floor":18,"key":"SMITH"},{"data":"Guardian:DonusPower","floor":29,"key":"SMITH"},{"data":"Guardian:PiercingHide","floor":35,"key":"SMITH"},{"data":"Guardian:TimeCapacitor","floor":43,"key":"SMITH"},{"data":"Guardian:FierceBash","floor":46,"key":"SMITH"}],"circlet_count":0,"master_deck":["Guardian:Defend_Guardian","Guardian:Defend_Guardian","Guardian:CurlUp","Guardian:TwinSlam+1","Guardian:PrismaticBeam+1","Guardian:ShieldSpikes+1","Guardian:SpikerProtocol","Guardian:SpikerProtocol","Guardian:Recover","Guardian:TimeSifter","Guardian:ShieldCharger","Guardian:ShieldSpikes","Guardian:BaubleBeam","Guardian:MultiBeam","Guardian:BronzeOrb","Guardian:StasisField+1","Guardian:PiercingHide+1","Slimebound:Tackle+1","Slimebound:Tackle+1","Slimebound:Tackle+1","Guardian:GatlingBeam","Guardian:DonusPower+1","Guardian:BronzeOrb","Guardian:SpikerProtocol","Guardian:PiercingHide","Guardian:BronzeOrb","Guardian:Incinerate","Guardian:VentSteam+1","Guardian:GatlingBeam","Guardian:Incinerate+1","Guardian:DonusPower+1","Guardian:RollAttack+1","Guardian:FierceBash+1","Guardian:TimeCapacitor+1","Guardian:PolyBeam+1","Guardian:DecasProtection+1","Guardian:SpikerProtocol+1","Guardian:AncientConstruct","Guardian:ShieldCharger+1","Guardian:Gem_Lightblue","Guardian:SpikerProtocol","Guardian:Gem_Red","Guardian:Gem_Blue","Guardian:TimeCapacitor+1"],"relics":["Guardian:ModeShifterPlus","Strawberry","Bronze Scales","Art of War","downfall:HeartBlessingGreen","SlaversCollar","Eternal Feather","Prayer Wheel","reliquary:Aerogel","Bird Faced Urn","Unceasing Top","reliquary:WeakTea"],"acts_visited":["Exordium","TheCity","TheBeyond"],"potions_floor_usage":[11,11,16,16,23,30,30,31,45,48],"damage_taken":[{"damage":1,"enemies":"Cultist","floor":2,"turns":3},{"damage":2,"enemies":"2 Louse","floor":3,"turns":3},{"damage":0,"enemies":"downfall:FleeingMerchant","floor":5,"turns":4},{"damage":17,"enemies":"Lagavulin","floor":8,"turns":9},{"damage":8,"enemies":"Jaw Worm","floor":9,"turns":4},{"damage":6,"enemies":"Large Slime","floor":10,"turns":9},{"damage":12,"enemies":"Exordium Thugs","floor":11,"turns":4},{"damage":0,"enemies":"Exordium Wildlife","floor":12,"turns":6},{"damage":0,"enemies":"Red Slaver","floor":14,"turns":4},{"damage":0,"enemies":"2 Fungi Beasts","floor":15,"turns":3},{"damage":37,"enemies":"IC_STATUS_ARCHETYPE","floor":16,"turns":10},{"damage":0,"enemies":"Shell Parasite","floor":19,"turns":5},{"damage":0,"enemies":"downfall:FleeingMerchant","floor":23,"turns":4},{"damage":0,"enemies":"3 Byrds","floor":25,"turns":3},{"damage":3,"enemies":"Snecko","floor":26,"turns":6},{"damage":0,"enemies":"Shelled Parasite and Fungi","floor":27,"turns":5},{"damage":4,"enemies":"Centurion and Healer","floor":28,"turns":8},{"damage":0,"enemies":"downfall:FleeingMerchant","floor":30,"turns":4},{"damage":8,"enemies":"Slavers","floor":31,"turns":4},{"damage":5,"enemies":"Snake Plant","floor":32,"turns":3},{"damage":3,"enemies":"SI_MIRROR_ARCHETYPE","floor":33,"turns":9},{"damage":22,"enemies":"3 Shapes","floor":36,"turns":6},{"damage":2,"enemies":"3 Darklings","floor":37,"turns":4},{"damage":0,"enemies":"downfall:FleeingMerchant","floor":40,"turns":3},{"damage":0,"enemies":"Jaw Worm Horde","floor":42,"turns":4},{"damage":0,"enemies":"Jaw Worm Horde","floor":44,"turns":7},{"damage":24,"enemies":"4 Shapes","floor":45,"turns":4},{"damage":0,"enemies":"Giant Head","floor":48,"turns":7},{"damage":0,"enemies":"Maw","floor":49,"turns":8},{"damage":1,"enemies":"WA_ARCHETYPE_DIVINITY","floor":50,"turns":12}],"seed_played":"5096456440564226913","potions_obtained":[{"floor":3,"key":"Explosive Potion"},{"floor":8,"key":"BlessingOfTheForge"},{"floor":9,"key":"Energy Potion"},{"floor":15,"key":"Dexterity Potion"},{"floor":19,"key":"LiquidBronze"},{"floor":25,"key":"champ:CounterPotion"},{"floor":27,"key":"Dexterity Potion"},{"floor":28,"key":"GamblersBrew"},{"floor":31,"key":"SneckoOil"},{"floor":44,"key":"Swift Potion"},{"floor":45,"key":"Guardian:AcceleratePotion"},{"floor":48,"key":"GamblersBrew"},{"floor":49,"key":"SneckoOil"}],"is_trial":false,"path_per_floor":["R","M","M","?","$","R","T","E","M","M","M","M","R","M","M","B",null,"R","M","?","?","?","$","T","M","M","M","M","R","$","E","M","B",null,"R","M","M","?","?","$","T","M","R","?","M","R","$","E","M","B",null],"character_chosen":"GUARDIAN","items_purchased":["Guardian:Gem_Blue","Guardian:SpikerProtocol","Guardian:Recover","Guardian:Gem_Lightblue","Guardian:BronzeOrb","Guardian:FierceBash","Guardian:TimeCapacitor","Guardian:Gem_Fragmented","reliquary:Aerogel","Guardian:Gem_Lightblue","Guardian:SpikerProtocol"],"campfire_rested":0,"item_purchase_floors":[5,5,5,23,30,40,40,40,40,47,47],"current_hp_per_floor":[87,86,84,84,84,84,84,67,59,53,41,41,41,41,41,4,87,87,87,87,87,87,87,87,87,84,84,80,87,87,79,74,71,87,87,65,63,63,63,63,63,65,86,87,63,84,84,87,87,86],"gold":84,"neow_bonus":"RANDOM_COMMON_RELIC","is_daily":false,"chose_seed":false,"campfire_upgraded":8,"win_rate":0.0,"timestamp":1612373883,"path_taken":["R","M","?","?","$","R","T","E","M","M","M","M","R","M","M","BOSS","R","M","?","?","?","$","T","M","?","M","M","R","$","E","M","BOSS","R","M","M","?","?","$","T","?","R","?","M","R","?","E","M","BOSS"],"items_purchased_type":["Card","Card","Card","Card","Card","Card","Card","Card","Relic","Card","Card"],"build_version":"2020-12-22","purchased_purges":2,"victory":true,"max_hp_per_floor":[87,87,87,87,87,87,87,87,87,87,87,87,87,87,87,87,87,87,87,87,87,87,87,87,87,87,87,87,87,87,87,87,87,87,87,87,87,87,87,87,87,87,87,87,87,87,87,87,87,87],"card_choices":[{"not_picked":["Guardian:RollAttack","Guardian:Reroute"],"picked":"Guardian:PrismaticBeam","floor":2},{"not_picked":["Guardian:ChargeCore","Guardian:TemporalStrike"],"picked":"Guardian:ShieldSpikes","floor":3},{"not_picked":["Guardian:Recover","Guardian:TimeBomb"],"picked":"Guardian:SpikerProtocol","floor":5},{"not_picked":["Guardian:Gem_Green","Guardian:PrimingBeam"],"picked":"Guardian:TimeSifter","floor":8},{"not_picked":["Guardian:VentSteam","Guardian:TemporalStrike"],"picked":"Guardian:ShieldCharger","floor":9},{"not_picked":["Guardian:ShieldCharger","Guardian:Reroute"],"picked":"Guardian:ShieldSpikes","floor":10},{"not_picked":["Guardian:Gem_Lightblue","Guardian:Emergency"],"picked":"Guardian:BaubleBeam","floor":11},{"not_picked":["Guardian:RefractedBeam","Guardian:Gem_Cyan"],"picked":"Guardian:Gem_Purple","floor":12},{"not_picked":["Guardian:EvasiveProtocol","Guardian:TemporalStrike"],"picked":"Guardian:MultiBeam","floor":14},{"not_picked":["Guardian:Suspension","Guardian:RollAttack"],"picked":"Guardian:BronzeOrb","floor":15},{"not_picked":["Guardian:SphericShield","Guardian:HyperBeam_Guardian"],"picked":"Guardian:StasisField","floor":16},{"not_picked":["Guardian:TemporalStrike","Guardian:PolyBeam"],"picked":"Guardian:PiercingHide","floor":19},{"not_picked":["Guardian:PrimingBeam","Guardian:Gem_Green"],"picked":"Guardian:GatlingBeam","floor":23},{"not_picked":["Guardian:ChargeCore","Guardian:GuardianWhirl"],"picked":"Guardian:DonusPower","floor":25},{"not_picked":["Guardian:Suspension","Guardian:PiercingHide"],"picked":"Guardian:BronzeOrb","floor":26},{"not_picked":["Guardian:Reroute+1","Guardian:ShieldSpikes","Guardian:PrimingBeam"],"picked":"SKIP","floor":27},{"not_picked":["Guardian:RefractedBeam","Guardian:Gem_Green"],"picked":"Guardian:SpikerProtocol","floor":28},{"not_picked":["Guardian:ChargeCore+1","Guardian:ShieldCharger"],"picked":"Guardian:PiercingHide","floor":30},{"not_picked":["Guardian:ConstructionForm","Guardian:Planning"],"picked":"Guardian:Incinerate","floor":31},{"not_picked":["Guardian:Gem_Cyan","Guardian:PiercingHide"],"picked":"Guardian:VentSteam+1","floor":32},{"not_picked":["Guardian:DecasProtection","Guardian:CrystalBeam"],"picked":"Guardian:Gem_Red","floor":32},{"not_picked":["Guardian:BaubleBeam","Guardian:SphericShield"],"picked":"Guardian:GatlingBeam","floor":33},{"not_picked":["Guardian:VentSteam+1","Guardian:WalkerClaw+1"],"picked":"Guardian:Incinerate+1","floor":36},{"not_picked":["Guardian:VentSteam","Guardian:Gem_Green"],"picked":"Guardian:Gem_Fragmented","floor":36},{"not_picked":["Guardian:SentryBeam+1","Guardian:Reroute"],"picked":"Guardian:DonusPower+1","floor":37},{"not_picked":["Guardian:TemporalShield","Guardian:DecasProtection"],"picked":"Guardian:Gem_Lightblue","floor":37},{"not_picked":["Guardian:Planning","Guardian:RefractedBeam+1"],"picked":"Guardian:RollAttack+1","floor":40},{"not_picked":["Guardian:RollAttack","Guardian:GuardianWhirl+1"],"picked":"Guardian:PolyBeam+1","floor":42},{"not_picked":["Guardian:RollAttack","Guardian:WalkerClaw+1"],"picked":"Guardian:DecasProtection+1","floor":42},{"not_picked":["Guardian:ShieldCharger+1","Guardian:Gem_Lightblue"],"picked":"Guardian:SpikerProtocol+1","floor":44},{"not_picked":["Guardian:ShieldCharger+1","Guardian:GuardianWhirl+1"],"picked":"Guardian:AncientConstruct","floor":45},{"not_picked":["Guardian:Gem_Cyan","Guardian:PiercingHide+1"],"picked":"Guardian:ShieldCharger+1","floor":45},{"not_picked":["Guardian:Gem_Lightblue","Guardian:Suspension"],"picked":"Guardian:Gem_Red","floor":48},{"not_picked":["Guardian:Reroute+1","Guardian:PiercingHide+1"],"picked":"Guardian:Gem_Blue","floor":49},{"not_picked":["Guardian:BaubleBeam","Guardian:WalkerClaw+1"],"picked":"Guardian:TimeCapacitor+1","floor":49}],"player_experience":231313,"relics_obtained":[{"floor":7,"key":"Bronze Scales"},{"floor":8,"key":"Art of War"},{"floor":24,"key":"Eternal Feather"},{"floor":31,"key":"Prayer Wheel"},{"floor":41,"key":"Bird Faced Urn"},{"floor":44,"key":"Unceasing Top"},{"floor":48,"key":"reliquary:WeakTea"}],"event_choices":[{"damage_healed":0,"gold_gain":0,"player_choice":"Read","damage_taken":0,"max_hp_gain":0,"max_hp_loss":0,"event_name":"The Library","floor":20,"gold_loss":0,"cards_obtained":["Guardian:Gem_Yellow"]},{"cards_removed":["Guardian:Defend_Guardian"],"damage_healed":0,"gold_gain":0,"player_choice":"Removed Skill","damage_taken":0,"max_hp_gain":0,"max_hp_loss":0,"event_name":"Falling","floor":38,"gold_loss":0}],"is_beta":false,"boss_relics":[{"not_picked":["Fusion Hammer","reliquary:RedCape"],"picked":"SlaversCollar"},{"not_picked":["Empty Cage","Guardian:StasisSlotReductionRelic"],"picked":"Guardian:ModeShifterPlus"}],"items_purged_floors":[5,23],"is_endless":false,"potions_floor_spawned":[3,8,9,10,15,19,25,27,28,31,44,45,48,49],"ascension_level":0}}