{"host":"5yoj846f700ld8qy","time":1612381317,"event":{"mods":["AchievementEnabler","Aspiration","BaseMod","Better Altar","Better Match","Better Note","Better Sensory Stone","Better Skull","Better Third Choice","Colored Map","Colored Powertips","Minty Spire (QoL Compilation)","StSLib","UnlockEverythingMod"],"gold_per_floor":[111,36,1,76,76,103,103,103,128,162,162,162,181,14,14,93,93,105,83,46,61,0,0,12,24,47,67,67,97,97,116,116,116,116],"floor_reached":33,"language":"ENG","playtime":1064,"items_purged":["Strike_B"],"score":646,"play_id":"747e889f-4693-43b5-b5eb-c59b63d548df","local_time":"20210203214157","is_ascension_mode":true,"campfire_choices":[{"data":"Zap","floor":8.0,"key":"SMITH"},{"data":"Flash of Steel","floor":12.0,"key":"SMITH"},{"data":"White Noise","floor":15.0,"key":"SMITH"},{"data":"White Noise","floor":23,"key":"SMITH"},{"floor":28,"key":"REST"},{"floor":32,"key":"REST"}],"circlet_count":0,"master_deck":["AscendersBane","Strike_B","Strike_B","Strike_B","Defend_B","Defend_B","Defend_B","Zap+1","Dualcast+1","Cold Snap","Flash of Steel+1","Auto Shields","BootSequence","White Noise+1","Defragment+1","White Noise+1","Reboot","Force Field","Blizzard","Storm+1","Ball Lightning","Hologram","Hologram","Capacitor+1","Echo Form+1"],"relics":["Cracked Core","NeowsBlessing","Frozen Egg 2","aspiration:StickyExplosives_weak","Bag of Marbles","Potion Belt","Nuclear Battery","PreservedInsect","Smiling Mask"],"acts_visited":["Exordium","TheCity"],"potions_floor_usage":[25,27,31],"damage_taken":[{"damage":0.0,"enemies":"2 Louse","floor":1.0,"turns":1.0},{"damage":0.0,"enemies":"3 Sentries","floor":6.0,"turns":1.0},{"damage":0.0,"enemies":"Gremlin Nob","floor":10.0,"turns":1.0},{"damage":0.0,"enemies":"Small Slimes","floor":13.0,"turns":4.0},{"damage":25.0,"enemies":"The Guardian","floor":16.0,"turns":11.0},{"damage":18.0,"enemies":"Chosen","floor":18.0,"turns":5.0},{"damage":0.0,"enemies":"2 Thieves","floor":19.0,"turns":4.0},{"damage":26.0,"enemies":"Snecko","floor":21.0,"turns":5.0},{"damage":5,"enemies":"Centurion and Healer","floor":24,"turns":5},{"damage":0,"enemies":"3 Cultists","floor":25,"turns":2},{"damage":21,"enemies":"Chosen and Byrds","floor":27,"turns":5},{"damage":25,"enemies":"Book of Stabbing","floor":29,"turns":4},{"damage":0,"enemies":"Snake Plant","floor":31,"turns":2},{"damage":27,"enemies":"Automaton","floor":33,"turns":6}],"seed_played":"5921262081663636447","potions_obtained":[{"floor":6.0,"key":"Regen Potion"},{"floor":10.0,"key":"FocusPotion"},{"floor":13.0,"key":"Strength Potion"},{"floor":16.0,"key":"Swift Potion"},{"floor":19.0,"key":"Explosive Potion"},{"floor":27,"key":"SteroidPotion"},{"floor":29,"key":"SkillPotion"},{"floor":31,"key":"Energy Potion"}],"is_trial":false,"path_per_floor":["M","$","?","?","?","E","T","R","T","E","?","R","M","$","R","B",null,"M","M","$","M","?","R","M","M","T","M","R","E","?","M","R","B"],"character_chosen":"DEFECT","items_purchased":["Defragment+1","White Noise","Storm+1"],"campfire_rested":2,"item_purchase_floors":[14,14,20],"current_hp_per_floor":[64,64,71,60,60,60,60,60,60,60,60,60,60,60,60,35,62,44,58,58,32,32,32,27,27,27,6,27,2,2,2,23,0,0],"gold":116,"neow_bonus":"THREE_ENEMY_KILL","is_daily":false,"chose_seed":false,"campfire_upgraded":4,"win_rate":0.0,"timestamp":1612381317,"path_taken":["M","$","?","?","?","E","?","R","T","E","?","R","M","$","R","BOSS","M","M","$","M","?","R","M","M","T","M","R","E","?","M","R","BOSS"],"items_purchased_type":["Card","Card","Card"],"build_version":"2020-12-22","purchased_purges":1,"victory":false,"max_hp_per_floor":[71,71,71,71,71,71,71,71,71,71,71,71,71,71,71,71,71,71,71,71,71,71,71,71,71,71,71,71,71,71,71,71,71,71],"card_choices":[{"not_picked":["Rebound","Redo"],"picked":"Cold Snap","floor":1.0},{"not_picked":["PanicButton","Violence"],"picked":"Flash of Steel","floor":5.0},{"not_picked":["Steam","Go for the Eyes"],"picked":"Auto Shields","floor":6.0},{"not_picked":["Ball Lightning","Redo"],"picked":"BootSequence","floor":10.0},{"not_picked":["Stack","Coolheaded"],"picked":"White Noise","floor":13.0},{"not_picked":["Thunder Strike","Multi-Cast"],"picked":"Reboot","floor":16.0},{"not_picked":["Hello World+1","Storm+1"],"picked":"Force Field","floor":18.0},{"not_picked":["Turbo","Aggregate"],"picked":"Blizzard","floor":19.0},{"not_picked":["Steam","Turbo"],"picked":"Ball Lightning","floor":21.0},{"not_picked":["Rebound","Cold Snap"],"picked":"Hologram","floor":24},{"not_picked":["Rebound","Cold Snap","Leap"],"picked":"SKIP","floor":25},{"not_picked":["Conserve Battery","Gash"],"picked":"Hologram","floor":27},{"not_picked":["Fusion+1","Rip and Tear"],"picked":"Capacitor+1","floor":29},{"not_picked":["Go for the Eyes","Cold Snap"],"picked":"Echo Form+1","floor":31}],"player_experience":427982,"relics_obtained":[{"floor":6.0,"key":"Frozen Egg 2"},{"floor":7.0,"key":"aspiration:StickyExplosives_weak"},{"floor":9.0,"key":"Bag of Marbles"},{"floor":10.0,"key":"Potion Belt"},{"floor":26,"key":"PreservedInsect"},{"floor":29,"key":"Smiling Mask"}],"event_choices":[{"damage_healed":17.0,"max_hp_gain":0.0,"max_hp_loss":0.0,"gold_gain":0.0,"event_name":"The Cleric","player_choice":"Healed","floor":3.0,"gold_loss":35.0,"damage_taken":0.0},{"damage_healed":0.0,"max_hp_gain":0.0,"max_hp_loss":0.0,"gold_gain":75.0,"event_name":"betterThird:BetterGoop","player_choice":"Gold","floor":4.0,"gold_loss":0.0,"damage_taken":11.0},{"damage_healed":0.0,"max_hp_gain":0.0,"max_hp_loss":0.0,"gold_gain":1.0,"event_name":"betterStone:BetterStone","player_choice":"1","floor":5.0,"gold_loss":0.0,"damage_taken":0.0},{"damage_healed":0.0,"max_hp_gain":0.0,"max_hp_loss":0.0,"gold_gain":0.0,"event_name":"Living Wall","player_choice":"Grow","floor":11.0,"gold_loss":0.0,"damage_taken":0.0,"cards_upgraded":["Dualcast"]},{"damage_healed":0,"gold_gain":0,"player_choice":"Paid Fearfully","damage_taken":0,"max_hp_gain":0,"max_hp_loss":0,"event_name":"Masked Bandits","floor":22,"gold_loss":61},{"cards_removed":["Defend_B"],"damage_healed":0,"gold_gain":0,"player_choice":"Offered Basic","damage_taken":0,"max_hp_gain":0,"max_hp_loss":0,"event_name":"Bonfire Elementals","floor":30,"gold_loss":0}],"is_beta":false,"boss_relics":[{"not_picked":["aspiration:PoetsPen_weak","aspiration:RitualDagger"],"picked":"Nuclear Battery"}],"items_purged_floors":[2],"is_endless":false,"potions_floor_spawned":[6,10,13,16,19,27,29,31],"killed_by":"Automaton","ascension_level":20}}