{"host":"xg4r5pv6chpuampg","time":1612349530,"event":{"mods":["AchievementEnabler","BaseMod","Googly Eyes","Minty Spire (QoL Compilation)"],"gold_per_floor":[119,73,91,91,105,131,131,141,141,151,69,69,94,104,104,203,203,222,99,99,117,133,133,148,63,63,63,63,79,97,97,97],"floor_reached":31,"language":"ENG","playtime":1667,"items_purged":[],"score":249,"play_id":"4da79ea9-6871-4e6a-990c-59296e5e43e9","local_time":"20210203135210","is_ascension_mode":false,"campfire_choices":[{"floor":7,"key":"REST"},{"floor":12,"key":"REST"},{"floor":15,"key":"REST"},{"floor":23,"key":"REST"},{"floor":28,"key":"REST"}],"circlet_count":0,"master_deck":["Strike_G","Strike_G","Strike_G","Defend_G","Defend_G","Defend_G","Defend_G","Survivor","Neutralize","Bane","PiercingWail","Flying Knee","Bullet Time","Poisoned Stab","Bane","Noxious Fumes","Bane","Envenom","Poisoned Stab","Deadly Poison+1","Catalyst+1","All Out Attack+1","Poisoned Stab"],"relics":["Ring of the Snake","NeowsBlessing","Smiling Mask","Potion Belt","Eternal Feather","Empty Cage","MutagenicStrength","Regal Pillow","Dream Catcher"],"acts_visited":["Exordium","TheCity"],"potions_floor_usage":[6,6,16,16,16,29,31],"damage_taken":[{"damage":0,"enemies":"Small Slimes","floor":1,"turns":1},{"damage":0,"enemies":"Cultist","floor":3,"turns":1},{"damage":0,"enemies":"2 Louse","floor":5,"turns":1},{"damage":50,"enemies":"3 Sentries","floor":6,"turns":12},{"damage":16,"enemies":"Exordium Wildlife","floor":8,"turns":9},{"damage":4,"enemies":"2 Fungi Beasts","floor":10,"turns":2},{"damage":7,"enemies":"Gremlin Nob","floor":13,"turns":3},{"damage":3,"enemies":"3 Louse","floor":14,"turns":5},{"damage":57,"enemies":"Slime Boss","floor":16,"turns":10},{"damage":27,"enemies":"Chosen","floor":18,"turns":5},{"damage":7,"enemies":"3 Byrds","floor":21,"turns":5},{"damage":38,"enemies":"Shelled Parasite and Fungi","floor":22,"turns":6},{"damage":44,"enemies":"Cultist and Chosen","floor":24,"turns":6},{"damage":6,"enemies":"Centurion and Healer","floor":29,"turns":4},{"damage":34,"enemies":"Snake Plant","floor":30,"turns":5},{"damage":22,"enemies":"Snecko","floor":31,"turns":4}],"seed_played":"-6680798093973667871","potions_obtained":[{"floor":3,"key":"FearPotion"},{"floor":5,"key":"SteroidPotion"},{"floor":6,"key":"Swift Potion"},{"floor":8,"key":"SkillPotion"},{"floor":10,"key":"Explosive Potion"},{"floor":21,"key":"Swift Potion"},{"floor":30,"key":"EssenceOfSteel"}],"is_trial":false,"path_per_floor":["M","$","M","?","M","E","R","M","T","M","$","R","E","M","R","B",null,"M","$","?","M","M","R","M","?","T","?","R","M","M","M"],"character_chosen":"THE_SILENT","items_purchased":["PiercingWail","Noxious Fumes","Bane","Poisoned Stab","FairyPotion"],"campfire_rested":5,"item_purchase_floors":[2,11,11,19,19],"current_hp_per_floor":[70,70,70,70,70,20,41,25,25,21,21,42,35,32,62,5,70,43,43,43,36,19,52,8,8,8,8,56,50,16,0,0],"gold":97,"neow_bonus":"THREE_ENEMY_KILL","is_daily":false,"chose_seed":false,"campfire_upgraded":0,"win_rate":0.0,"timestamp":1612349530,"path_taken":["M","$","M","?","?","E","R","M","T","M","?","R","E","M","R","BOSS","M","$","?","M","M","R","M","?","T","?","R","M","?","M"],"items_purchased_type":["Card","Card","Card","Card","Potion"],"build_version":"2020-12-22","purchased_purges":0,"victory":false,"max_hp_per_floor":[70,70,70,70,70,70,70,70,70,70,70,70,70,70,70,70,70,70,70,70,70,70,70,70,70,70,70,70,70,70,70,70],"card_choices":[{"not_picked":["Dodge and Roll","Flying Knee"],"picked":"Bane","floor":1},{"not_picked":["Escape Plan","Skewer","Caltrops"],"picked":"SKIP","floor":3},{"not_picked":["Dodge and Roll","Masterful Stab"],"picked":"Flying Knee","floor":5},{"not_picked":["Deflect","Blade Dance"],"picked":"Bullet Time","floor":6},{"not_picked":["Blade Dance","Acrobatics"],"picked":"Poisoned Stab","floor":8},{"not_picked":["PiercingWail","Deflect"],"picked":"Bane","floor":10},{"not_picked":["Cloak And Dagger","Acrobatics","Deflect"],"picked":"SKIP","floor":13},{"not_picked":["Sucker Punch","A Thousand Cuts","Slice"],"picked":"SKIP","floor":14},{"not_picked":["Die Die Die","Storm of Steel"],"picked":"Envenom","floor":16},{"not_picked":["Tactician","Blur","Slice"],"picked":"SKIP","floor":18},{"not_picked":["Dodge and Roll+1","Backstab"],"picked":"Deadly Poison+1","floor":21},{"not_picked":["Sucker Punch","Accuracy+1","Endless Agony"],"picked":"SKIP","floor":22},{"not_picked":["Skewer","Dagger Spray","After Image"],"picked":"SKIP","floor":24},{"not_picked":["Skewer","Cloak And Dagger"],"picked":"Catalyst+1","floor":28},{"not_picked":["Caltrops","Well Laid Plans"],"picked":"All Out Attack+1","floor":29},{"not_picked":["Quick Slash","Well Laid Plans"],"picked":"Poisoned Stab","floor":30}],"player_experience":53351,"relics_obtained":[{"floor":6,"key":"Smiling Mask"},{"floor":9,"key":"Potion Belt"},{"floor":13,"key":"Eternal Feather"},{"floor":26,"key":"Dream Catcher"}],"event_choices":[{"cards_removed":["Strike_G"],"damage_healed":0,"gold_gain":0,"player_choice":"Purged","damage_taken":0,"max_hp_gain":0,"max_hp_loss":0,"event_name":"Purifier","floor":4,"gold_loss":0},{"damage_healed":0,"gold_gain":0,"player_choice":"Inject Mutagens","damage_taken":0,"relics_obtained":["MutagenicStrength"],"max_hp_gain":0,"max_hp_loss":0,"event_name":"Drug Dealer","floor":20,"gold_loss":0},{"damage_healed":0,"gold_gain":0,"player_choice":"Obtained Relic","damage_taken":0,"relics_obtained":["Regal Pillow"],"max_hp_gain":0,"max_hp_loss":0,"event_name":"Addict","floor":25,"gold_loss":85},{"damage_healed":0,"gold_gain":0,"player_choice":"Ignored","damage_taken":0,"max_hp_gain":0,"max_hp_loss":0,"event_name":"Ghosts","floor":27,"gold_loss":0}],"is_beta":false,"boss_relics":[{"not_picked":["Cursed Key","Velvet Choker"],"picked":"Empty Cage"}],"items_purged_floors":[],"is_endless":false,"potions_floor_spawned":[3,5,6,8,10,21,30],"killed_by":"Snecko","ascension_level":0}}