{"host":"aw4z6ztdqz1doup7","time":1612382803,"event":{"mods":["AchievementEnabler","BaseMod","Colored Powertips","Minty Spire (QoL Compilation)"],"gold_per_floor":[363,216,216,230,248,248,262,262,262,262,278,296,314,331,331,436,436,447,447,465,478,148,148,148],"floor_reached":23,"language":"ENG","playtime":1413,"items_purged":["Strike_P","Defend_P"],"score":187,"play_id":"71aee4a5-a1d4-454a-ba91-3249594a14b8","local_time":"20210203210643","is_ascension_mode":false,"campfire_choices":[{"data":"Eruption","floor":6,"key":"SMITH"},{"data":"TalkToTheHand","floor":8,"key":"SMITH"},{"data":"Vigilance","floor":10,"key":"SMITH"},{"data":"Tantrum","floor":15,"key":"SMITH"}],"circlet_count":0,"master_deck":["Strike_P","Defend_P","Defend_P","Eruption+1","Vigilance+1","Consecrate","InnerPeace","InnerPeace","TalkToTheHand+1","Tantrum+1","Indignation+1","SandsOfTime+1","Consecrate+1","LikeWater"],"relics":["PureWater","Astrolabe","Oddly Smooth Stone"],"acts_visited":["Exordium","TheCity"],"potions_floor_usage":[14,16,16,23,23],"damage_taken":[{"damage":6,"enemies":"Jaw Worm","floor":1,"turns":4},{"damage":0,"enemies":"Small Slimes","floor":4,"turns":2},{"damage":5,"enemies":"2 Louse","floor":5,"turns":3},{"damage":2,"enemies":"Exordium Thugs","floor":7,"turns":4},{"damage":13,"enemies":"2 Fungi Beasts","floor":11,"turns":3},{"damage":0,"enemies":"Large Slime","floor":12,"turns":4},{"damage":0,"enemies":"3 Louse","floor":13,"turns":3},{"damage":2,"enemies":"Exordium Thugs","floor":14,"turns":4},{"damage":2,"enemies":"The Guardian","floor":16,"turns":5},{"damage":0,"enemies":"Spheric Guardian","floor":18,"turns":2},{"damage":23,"enemies":"Shell Parasite","floor":20,"turns":3},{"damage":17,"enemies":"Chosen and Byrds","floor":21,"turns":4},{"damage":41,"enemies":"Book of Stabbing","floor":23,"turns":5}],"seed_played":"-4422847099597689601","potions_obtained":[{"floor":4,"key":"Strength Potion"},{"floor":5,"key":"SkillPotion"},{"floor":7,"key":"Strength Potion"},{"floor":16,"key":"Regen Potion"},{"floor":18,"key":"Explosive Potion"},{"floor":21,"key":"BlessingOfTheForge"}],"is_trial":false,"path_per_floor":["M","$","?","M","M","R","M","R","T","R","M","M","M","M","R","B",null,"M","?","M","M","$","E"],"character_chosen":"WATCHER","items_purchased":["InnerPeace","LikeWater","Oddly Smooth Stone"],"campfire_rested":0,"item_purchase_floors":[2,22,22],"current_hp_per_floor":[59,59,64,64,59,59,57,57,57,57,44,44,44,42,42,40,70,70,70,47,30,30,0,0],"gold":148,"neow_bonus":"TWO_FIFTY_GOLD","is_daily":false,"chose_seed":false,"campfire_upgraded":4,"win_rate":0.0,"timestamp":1612382803,"path_taken":["M","$","?","M","M","R","M","R","T","R","M","M","M","M","R","BOSS","M","?","M","M","$","E"],"items_purchased_type":["Card","Card","Relic"],"build_version":"2020-12-22","purchased_purges":2,"victory":false,"max_hp_per_floor":[65,65,70,70,70,70,70,70,70,70,70,70,70,70,70,70,70,70,70,70,70,70,70,70],"card_choices":[{"not_picked":["EmptyBody","ClearTheMind"],"picked":"Consecrate","floor":1},{"not_picked":["JustLucky","Adaptation"],"picked":"InnerPeace","floor":4},{"not_picked":["Consecrate","BowlingBash"],"picked":"TalkToTheHand","floor":5},{"not_picked":["SignatureMove","Worship","Ragnarok"],"picked":"SKIP","floor":7},{"not_picked":["FearNoEvil","Consecrate"],"picked":"Tantrum","floor":11},{"not_picked":["WheelKick","Swivel","Evaluate"],"picked":"SKIP","floor":12},{"not_picked":["Evaluate","DeceiveReality","Consecrate"],"picked":"SKIP","floor":13},{"not_picked":["EmptyMind","PathToVictory","FollowUp"],"picked":"SKIP","floor":14},{"not_picked":["FollowUp+1","Evaluate+1","Perseverance"],"picked":"SKIP","floor":18},{"not_picked":["ThirdEye","FlurryOfBlows","Conclude"],"picked":"SKIP","floor":20},{"not_picked":["Weave","FlyingSleeves+1","EmptyFist+1"],"picked":"SKIP","floor":21}],"player_experience":574072,"relics_obtained":[],"event_choices":[{"damage_healed":0,"gold_gain":0,"player_choice":"Donut","damage_taken":0,"max_hp_gain":5,"max_hp_loss":0,"event_name":"Big Fish","floor":3,"gold_loss":0},{"damage_healed":0,"gold_gain":0,"player_choice":"Ignored","damage_taken":0,"max_hp_gain":0,"max_hp_loss":0,"event_name":"The Mausoleum","floor":19,"gold_loss":0}],"is_beta":false,"boss_relics":[{"not_picked":["Fusion Hammer","Pandora\u0027s Box"],"picked":"Astrolabe"}],"items_purged_floors":[2,22],"is_endless":false,"potions_floor_spawned":[4,5,7,12,16,18,21],"killed_by":"Book of Stabbing","ascension_level":0}}