{"host":"dlre6nluqh4zuhws","time":1612328140,"event":{"mods":["BaseMod","Colored Powertips","Highlight Path","Minty Spire (QoL Compilation)","Quick Restart","Replay The Spire","StSLib"],"gold_per_floor":[109,129,129,404,422,448,460,635,659,659,673,691,691,691,691,789,789,803,803,815,825,825,825,835,934,961,134,153,153,153],"floor_reached":29,"language":"ENG","playtime":1238,"items_purged":[],"score":319,"play_id":"e39df0c7-1336-4aec-a852-26cc96c2c0c9","local_time":"20210203115540","is_ascension_mode":true,"campfire_choices":[{"data":"Armaments","floor":15,"key":"SMITH"},{"floor":23,"key":"REST"}],"circlet_count":0,"master_deck":["Strike_R","Strike_R","Strike_R","Defend_R","Defend_R","Defend_R","Defend_R","Bash","Whirlwind","Rampage","Regret","Immolate+1","Armaments+1","Inflame","Doubt","Iron Wave","Wild Strike","Disarm","Pain","Double Tap+1","Abandon","ReplayTheSpireMod:LeadingStrike","Decay","Thunderclap+1","ReplayReversal"],"relics":["Burning Blood","NeowsBlessing","Pen Nib","Ancient Tea Set","CaptainsWheel","WarpedTongs","Philosopher\u0027s Stone","Bag of Preparation","Guide Book","Pocketwatch","Pantograph"],"acts_visited":["Exordium","TheCity"],"potions_floor_usage":[16,16,16,28,29],"damage_taken":[{"damage":0,"enemies":"Cultist","floor":1,"turns":1},{"damage":0,"enemies":"2 Louse","floor":2,"turns":1},{"damage":0,"enemies":"Small Slimes","floor":5,"turns":1},{"damage":30,"enemies":"3 Sentries","floor":6,"turns":3},{"damage":3,"enemies":"2 Fungi Beasts","floor":7,"turns":3},{"damage":15,"enemies":"Exordium Thugs","floor":11,"turns":3},{"damage":5,"enemies":"Blue Slaver","floor":12,"turns":4},{"damage":9,"enemies":"Slime Boss","floor":16,"turns":7},{"damage":14,"enemies":"Chosen","floor":18,"turns":4},{"damage":25,"enemies":"3 Byrds","floor":20,"turns":5},{"damage":50,"enemies":"Shelled Parasite and Fungi","floor":21,"turns":7},{"damage":10,"enemies":"Sentry and Sphere","floor":24,"turns":4},{"damage":24,"enemies":"3 Cultists","floor":28,"turns":4},{"damage":14,"enemies":"Snake Plant","floor":29,"turns":1}],"seed_played":"-3237417089095436960","potions_obtained":[{"floor":2,"key":"PowerPotion"},{"floor":5,"key":"FearPotion"},{"floor":7,"key":"Ancient Potion"},{"floor":12,"key":"Adrenaline Potion"},{"floor":16,"key":"Dexterity Potion"},{"floor":28,"key":"AttackPotion"}],"is_trial":false,"path_per_floor":["M","M","?","?","M","E","M","?","T","?","M","M","T","?","R","B",null,"M","?","M","M","?","R","M","?","T","$","M","M"],"character_chosen":"IRONCLAD","items_purchased":["Guide Book","Pocketwatch","Pantograph","DuplicationPotion","BlessingOfTheForge"],"campfire_rested":1,"item_purchase_floors":[27,27,27,27,27],"current_hp_per_floor":[80,80,80,80,80,56,59,59,59,59,50,51,51,51,51,48,80,72,72,53,9,9,33,29,29,29,29,11,0,0],"gold":153,"neow_bonus":"THREE_ENEMY_KILL","is_daily":false,"chose_seed":false,"campfire_upgraded":1,"win_rate":0.0,"timestamp":1612328140,"path_taken":["M","?","?","?","?","E","M","?","T","?","M","?","?","?","R","BOSS","M","?","M","M","?","R","M","?","T","$","?","M"],"items_purchased_type":["Relic","Relic","Relic","Potion","Potion"],"build_version":"2020-12-13","purchased_purges":0,"victory":false,"max_hp_per_floor":[80,80,80,80,80,80,80,80,80,80,80,80,80,80,80,80,80,80,80,80,80,80,80,80,80,80,80,80,80,80],"card_choices":[{"not_picked":["Replay:Undeath\u0027s Touch","Bloodletting"],"picked":"Whirlwind","floor":1},{"not_picked":["Clash","Body Slam"],"picked":"Rampage","floor":2},{"not_picked":["Clash","Anger"],"picked":"Immolate","floor":5},{"not_picked":["Defy Death","Sword Boomerang"],"picked":"Armaments","floor":6},{"not_picked":["Abandon","Pommel Strike"],"picked":"Inflame","floor":7},{"not_picked":["Evolve","Cleave"],"picked":"Wild Strike","floor":11},{"not_picked":["Massacre","Replay:Undeath\u0027s Touch"],"picked":"Disarm","floor":12},{"not_picked":["Demonic Infusion","Barricade"],"picked":"Double Tap","floor":16},{"not_picked":["ReplayTheSpireMod:LeadingStrike","Seeing Red"],"picked":"Abandon","floor":18},{"not_picked":["Armaments","Body Slam","Warcry+1"],"picked":"SKIP","floor":20},{"not_picked":["Replay:Undeath\u0027s Touch","Reckless Charge","Dark Embrace+1"],"picked":"SKIP","floor":21},{"not_picked":["Flex","Clash"],"picked":"Thunderclap+1","floor":24},{"not_picked":["Sever Soul","Warcry+1"],"picked":"ReplayReversal","floor":28}],"player_experience":51151,"relics_obtained":[{"floor":6,"key":"Pen Nib"},{"floor":9,"key":"Ancient Tea Set"},{"floor":13,"key":"CaptainsWheel"},{"floor":26,"key":"Bag of Preparation"}],"event_choices":[{"damage_healed":0,"gold_gain":275,"player_choice":"Desecrate","damage_taken":0,"max_hp_gain":0,"max_hp_loss":0,"event_name":"Golden Shrine","floor":4,"gold_loss":0,"cards_obtained":["Regret"]},{"damage_healed":0,"gold_gain":175,"player_choice":"AGREE","damage_taken":0,"max_hp_gain":0,"max_hp_loss":0,"event_name":"Liars Game","floor":8,"gold_loss":0,"cards_obtained":["Doubt"]},{"damage_healed":0,"gold_gain":0,"cards_transformed":["Strike_R"],"player_choice":"Transformed","damage_taken":0,"max_hp_gain":0,"max_hp_loss":0,"event_name":"Transmorgrifier","floor":10,"gold_loss":0,"cards_obtained":["Iron Wave"]},{"damage_healed":0,"gold_gain":0,"player_choice":"Rummage","damage_taken":0,"relics_obtained":["WarpedTongs"],"max_hp_gain":0,"max_hp_loss":0,"event_name":"Accursed Blacksmith","floor":14,"gold_loss":0,"cards_obtained":["Pain"]},{"damage_healed":0,"gold_gain":0,"player_choice":"Read","damage_taken":0,"max_hp_gain":0,"max_hp_loss":0,"event_name":"The Library","floor":19,"gold_loss":0,"cards_obtained":["ReplayTheSpireMod:LeadingStrike"]},{"damage_healed":0,"gold_gain":0,"player_choice":"Smashed Altar","damage_taken":0,"max_hp_gain":0,"max_hp_loss":0,"event_name":"Forgotten Altar","floor":22,"gold_loss":0,"cards_obtained":["Decay"]},{"damage_healed":0,"gold_gain":99,"player_choice":"Stole From Cult","damage_taken":0,"max_hp_gain":0,"max_hp_loss":0,"event_name":"Nest","floor":25,"gold_loss":0}],"is_beta":false,"boss_relics":[{"not_picked":["Kintsugi","Sozu"],"picked":"Philosopher\u0027s Stone"}],"items_purged_floors":[],"is_endless":false,"potions_floor_spawned":[2,5,7,12,16,28],"killed_by":"Snake Plant","ascension_level":3}}