{"host":"usru02jcpe2a942d","time":1612314791,"event":{"mods":["ATMod(°¢èªMod)","Act Like it!","BaseMod","Better Note","Better Vampires","Challenge The Spire","Colored Powertips","Conspire","Friendly Minions","GifTheSpireLib","Highlight Path","Hubris","Infinite Spire","Jedi Mod","Minty Spire (QoL Compilation)","MostiFishMod","Pale of the Ancients","Quick Restart","Relic Stats","Reliquary","RumiaBox-Â¶Ã×æ«µÄÉñÃØºÐ×Ó","StSLib","noobMod","¡¾ÒÅÎï¿¨ÅÆ¡¿REMEMod","óô»ðÖ¸ÄÏ"],"gold_per_floor":[116,16,16,30,50,78,78,89,89,100,100,133,144,170,170,271,271,281,296,296,52,52,52,89,101,101,16,37,37,57,87,87,197,197,228,228,228,128,128,161,161,161,161,180,216,282,282,353,48,160],"floor_reached":51,"language":"ZHS","playtime":2386,"items_purged":["conspire:SpireCoStock","Strike_R","Strike_R","Strike_R"],"score":982,"play_id":"dc532d67-4ac3-4386-8e8c-904f33fd0e26","local_time":"20210203091311","is_ascension_mode":false,"campfire_choices":[{"data":"AT_ShrugMaster","floor":7.0,"key":"SMITH"},{"data":"AT_ShrugMaster","floor":15.0,"key":"SMITH"},{"data":"AT_FamilyPortrait","floor":23.0,"key":"SMITH"},{"data":"Barricade","floor":32.0,"key":"SMITH"},{"data":"REME_SingleHolding","floor":41.0,"key":"SMITH"}],"circlet_count":0,"master_deck":["Defend_R","Defend_R","Defend_R","Defend_R","AT_FamilyPortrait+1","REME_SingleHolding+1","conspire:SpireCoStock","infinitespire:Gouge","AT_ShrugMaster+1","Body Slam","AT_ShrugMaster+1","REME_Scribble","Armaments+1","Barricade+1","Dual Wield+1","AT_DrawKnifeCut+1","MostiFishMod:ButterFly","AT_ShrugMaster","Cleave+1","AT_BodySlamDance+1","MostiFishMod:TemporaryOutbreak","hubris:ReadiedAction+1","MostiFishMod:UltimateDefense+1","Disarm+1","Flex","AT_BodySlamDance+1","Discovery","hubris:Insight","Dark Shackles"],"relics":["Burning Blood","DaveBox","ice","REME_ComplimentaryCards","AT_ATBox","ChiXiaoBlade","SynthV:TestCard","reliquary:SilkGlove","Red Skull","hubris:Towel","reliquary:SharkskinSheath","AT_SeraphEmbrace","AT_TrinityForce","Boot","Tiny Chest","conspire:TopHat","Red Skull","reliquary:WeakTea","Astrolabe","reliquary:Sideboard","War Paint","reliquary:Stiletto","reliquary:BallBearing","infinitespire:Magic Flask","REME_ArchaeologicalTools","Frozen Eye"],"acts_visited":["Exordium","TheCity","TheBeyond"],"potions_floor_usage":[],"damage_taken":[{"damage":9.0,"enemies":"2 Louse","floor":1.0,"turns":3.0},{"damage":6.0,"enemies":"Small Slimes","floor":4.0,"turns":4.0},{"damage":6.0,"enemies":"Jaw Worm","floor":5.0,"turns":3.0},{"damage":33.0,"enemies":"3 Sentries","floor":6.0,"turns":11.0},{"damage":9.0,"enemies":"Blue Slaver","floor":8.0,"turns":4.0},{"damage":0.0,"enemies":"Looter","floor":10.0,"turns":3.0},{"damage":20.0,"enemies":"Gremlin Nob","floor":12.0,"turns":4.0},{"damage":4.0,"enemies":"3 Louse","floor":13.0,"turns":3.0},{"damage":2.0,"enemies":"The Guardian","floor":16.0,"turns":6.0},{"damage":22.0,"enemies":"2 Thieves","floor":18.0,"turns":4.0},{"damage":4.0,"enemies":"Chosen","floor":19.0,"turns":4.0},{"damage":4.0,"enemies":"Centurion and Healer","floor":24.0,"turns":4.0},{"damage":2.0,"enemies":"3 Cultists","floor":25.0,"turns":4.0},{"damage":2.0,"enemies":"conspire:HollyBat","floor":28.0,"turns":6.0},{"damage":2.0,"enemies":"Shelled Parasite and Fungi","floor":30.0,"turns":3.0},{"damage":2.0,"enemies":"Nightmare","floor":31.0,"turns":5.0},{"damage":10.0,"enemies":"Collector","floor":33.0,"turns":4.0},{"damage":10.0,"enemies":"3 Darklings","floor":35.0,"turns":3.0},{"damage":2.0,"enemies":"Reptomancer","floor":40.0,"turns":4.0},{"damage":2.0,"enemies":"Orb Walker","floor":44.0,"turns":3.0},{"damage":2.0,"enemies":"Transient","floor":45.0,"turns":5.0},{"damage":14.0,"enemies":"2 Orb Walkers","floor":46.0,"turns":3.0},{"damage":2.0,"enemies":"Sphere and 2 Shapes","floor":48.0,"turns":2.0},{"damage":16,"enemies":"Donu and Deca","floor":50,"turns":4}],"seed_played":"-2224879408490824277","potions_obtained":[{"floor":4.0,"key":"SpeedPotion"},{"floor":6.0,"key":"BlessingOfTheForge"},{"floor":8.0,"key":"Explosive Potion"},{"floor":12.0,"key":"FearPotion"},{"floor":13.0,"key":"Explosive Potion"},{"floor":25.0,"key":"REME_GoldPotion"},{"floor":31.0,"key":"Explosive Potion"},{"floor":36.0,"key":"Energy Potion"},{"floor":48.0,"key":"infinitespire:BlackPotion"}],"is_trial":false,"path_per_floor":["M","?","?","M","M","E","R","M","T","M","?","E","M","T","R","B",null,"M","M","?","$","?","R","M","M","T","?","M","T","M","NM","R","B",null,"M","?","T","$","?","E","R","AVR","T","M","M","?","T","M","R","B",null],"character_chosen":"IRONCLAD","items_purchased":["MostiFishMod:ButterFly","AT_ShrugMaster","Frozen Eye","Flex"],"campfire_rested":0,"item_purchase_floors":[21,21,49,49],"current_hp_per_floor":[85,85,63,63,63,36,36,33,33,39,39,27,32,32,32,38,95,81,87,87,87,87,87,103,105,105,105,107,107,109,111,111,111,113,109,109,109,109,99,109,109,109,109,117,120,114,114,120,120,124],"gold":160,"neow_bonus":"TEN_PERCENT_HP_BONUS","is_daily":false,"chose_seed":false,"campfire_upgraded":5,"win_rate":0.0,"timestamp":1612314791,"path_taken":["M","?","?","M","M","E","R","?","T","M","?","E","M","?","R","BOSS","M","M","?","$","?","R","?","?","T","?","M","?","M","NM","R","BOSS","M","?","?","$","?","E","R","AVR","T","M","?","?","?","M","R","BOSS"],"items_purchased_type":["Card","Card","Relic","Card"],"build_version":"2020-12-22","purchased_purges":4,"victory":true,"max_hp_per_floor":[88,88,88,88,88,88,88,88,88,88,88,90,93,93,93,95,95,97,101,101,101,101,101,103,105,105,105,107,107,109,111,111,113,113,113,113,113,113,113,115,115,115,115,117,120,122,122,124,124,126],"relic_stats":{"counters":[24,99],"Astrolabe":["hubris:ReadiedAction","MostiFishMod:UltimateDefense","Disarm"],"Tiny Chest":2,"War Paint":["AT_BodySlamDance","Armaments"],"Boot":[4],"obtain_stats":[{"AT_SeraphEmbrace":35,"AT_ATBox":0,"reliquary:SilkGlove":6,"DaveBox":0,"ice":0,"AT_ArchangelStaff":14,"Boot":22,"Burning Blood":0,"conspire:TopHat":27,"Frozen Eye":49,"AT_TrinityForce":17,"Tiny Chest":26,"REME_ArchaeologicalTools":47,"Red Skull":9,"reliquary:SharkskinSheath":12,"reliquary:Sideboard":37,"Astrolabe":34,"reliquary:WeakTea":31,"infinitespire:Magic Flask":46,"hubris:Towel":11,"War Paint":40,"SynthV:TestCard":1,"ChiXiaoBlade":0,"reliquary:SculptingSteel":29,"reliquary:Stiletto":42,"reliquary:BallBearing":43,"REME_ComplimentaryCards":0},{"AT_SeraphEmbrace":18,"AT_ATBox":0,"reliquary:SilkGlove":4,"DaveBox":0,"ice":0,"AT_ArchangelStaff":8,"Boot":11,"Burning Blood":0,"conspire:TopHat":13,"Frozen Eye":23,"AT_TrinityForce":9,"Tiny Chest":13,"REME_ArchaeologicalTools":22,"Red Skull":5,"reliquary:SharkskinSheath":7,"reliquary:Sideboard":18,"Astrolabe":17,"reliquary:WeakTea":16,"infinitespire:Magic Flask":22,"hubris:Towel":6,"War Paint":19,"SynthV:TestCard":1,"ChiXiaoBlade":0,"reliquary:SculptingSteel":14,"reliquary:Stiletto":19,"reliquary:BallBearing":19,"REME_ComplimentaryCards":0},{"AT_SeraphEmbrace":77,"AT_ATBox":0,"reliquary:SilkGlove":21,"DaveBox":0,"ice":0,"AT_ArchangelStaff":35,"Boot":49,"Burning Blood":0,"conspire:TopHat":57,"Frozen Eye":95,"AT_TrinityForce":41,"Tiny Chest":57,"REME_ArchaeologicalTools":93,"Red Skull":25,"reliquary:SharkskinSheath":32,"reliquary:Sideboard":78,"Astrolabe":75,"reliquary:WeakTea":71,"infinitespire:Magic Flask":93,"hubris:Towel":28,"War Paint":82,"SynthV:TestCard":3,"ChiXiaoBlade":0,"reliquary:SculptingSteel":63,"reliquary:Stiletto":82,"reliquary:BallBearing":82,"REME_ComplimentaryCards":0}],"Burning Blood":110},"card_choices":[{"not_picked":["Headbutt","Heavy Blade"],"picked":"REME_SingleHolding","floor":1.0},{"not_picked":["infinitespire:SevenWalls","hubris:InfiniteBlow"],"picked":"infinitespire:Gouge","floor":3.0},{"not_picked":["jedi:collectorstrike","Heavy Blade","Iron Wave","Clash"],"picked":"AT_ShrugMaster","floor":4.0},{"not_picked":["Shrug It Off","hubris:ReadiedAction","Ghostly Armor","Havoc"],"picked":"Body Slam","floor":5.0},{"not_picked":["REME_TheLastStrike","Burning Pact","Clothesline","MostiFishMod:DoubleSword"],"picked":"AT_ShrugMaster","floor":6.0},{"not_picked":["Wild Strike","Dual Wield","AT_IchimonjiDouble","Twin Strike","REME_SingleHolding"],"picked":"SKIP","floor":8.0},{"not_picked":["Carnage","hubris:ReadiedAction","Iron Wave","AT_IchimonjiDouble"],"picked":"REME_Scribble","floor":10.0},{"not_picked":["Sentinel","Clothesline","conspire:Charge","Wild Strike"],"picked":"Armaments","floor":12.0},{"not_picked":["Perfected Strike","Headbutt","Blood for Blood","Rampage","Dual Wield"],"picked":"SKIP","floor":13.0},{"not_picked":["MostiFishMod:DarkDeal","Demon Form","Double Tap","MostiFishMod:WingOfPhoenix"],"picked":"Barricade","floor":16.0},{"not_picked":["Sentinel","Clash","hubris:ReadiedAction+1","Iron Wave"],"picked":"Dual Wield+1","floor":18.0},{"not_picked":["jedi:bloodyhammer","Entrench","Intimidate","hubris:ReadiedAction+1"],"picked":"AT_DrawKnifeCut+1","floor":19.0},{"not_picked":["Havoc","Clash+1","Armaments","Metallicize+1","AT_IchimonjiDouble"],"picked":"SKIP","floor":24.0},{"not_picked":["Disarm","Wild Strike","Sentinel","Intimidate","Rupture"],"picked":"SKIP","floor":25.0},{"not_picked":["REME_Cut+1","Heavy Blade","Pommel Strike+1","Reaper"],"picked":"Cleave+1","floor":28.0},{"not_picked":["jedi:fear","Battle Trance","Cleave+1","Wild Strike+1","Warcry"],"picked":"SKIP","floor":30.0},{"not_picked":["Whirlwind","Body Slam+1","Clash","Armaments+1"],"picked":"AT_BodySlamDance","floor":31.0},{"not_picked":["MostiFishMod:ChineseTea","MostiFishMod:KnuckleDown","Limit Break","MostiFishMod:FireWorks"],"picked":"MostiFishMod:TemporaryOutbreak","floor":33.0},{"not_picked":["Sentinel","Dual Wield","jedi:fear","Havoc+1","Shrug It Off+1"],"picked":"SKIP","floor":35.0},{"not_picked":["AT_CelerityRune","AT_PowerWithin","Forethought","Blind"],"picked":"Dark Shackles","floor":39.0},{"not_picked":["Impatience","Blind","Discovery","AT_Homeward"],"picked":"hubris:Insight","floor":39.0},{"not_picked":["MostiFishMod:TheLastGuard","AT_CelerityRune","MostiFishMod:JungleRules","Magnetism"],"picked":"Discovery","floor":39.0},{"not_picked":["Fire Breathing+1","REME_SingleHolding+1","Headbutt","Blood for Blood+1","Perfected Strike+1"],"picked":"SKIP","floor":40.0},{"not_picked":["Clothesline+1","Twin Strike","AT_IchimonjiDouble+1","Headbutt+1","conspire:ExplosiveBarrier"],"picked":"SKIP","floor":44.0},{"not_picked":["jedi:collectorstrike+1","Pommel Strike","AT_CaressingTears","Sword Boomerang+1","Spot Weakness"],"picked":"SKIP","floor":45.0},{"not_picked":["Pommel Strike+1","jedi:fear+1","REME_SingleHolding","Flame Barrier+1"],"picked":"AT_BodySlamDance+1","floor":46.0},{"not_picked":["Carnage","AT_ManFootWork","Fire Breathing+1","Iron Wave+1","Wild Strike+1"],"picked":"SKIP","floor":48.0}],"player_experience":235536,"relics_obtained":[{"floor":1.0,"key":"SynthV:TestCard"},{"floor":6.0,"key":"reliquary:SilkGlove"},{"floor":9.0,"key":"Red Skull"},{"floor":12.0,"key":"reliquary:SharkskinSheath"},{"floor":14.0,"key":"AT_ArchangelStaff"},{"floor":26.0,"key":"Tiny Chest"},{"floor":29.0,"key":"reliquary:SculptingSteel"},{"floor":31.0,"key":"reliquary:WeakTea"},{"floor":37.0,"key":"reliquary:Sideboard"},{"floor":40.0,"key":"War Paint"},{"floor":43.0,"key":"reliquary:BallBearing"},{"floor":46.0,"key":"infinitespire:Magic Flask"},{"floor":47.0,"key":"REME_ArchaeologicalTools"}],"event_choices":[{"damage_healed":0.0,"max_hp_gain":0.0,"max_hp_loss":0.0,"gold_gain":0.0,"event_name":"conspire:Investor","player_choice":"Invest 2","floor":2.0,"gold_loss":0.0,"damage_taken":0.0},{"cards_removed":["AT_ShrugMaster"],"damage_healed":0.0,"max_hp_gain":0.0,"max_hp_loss":0.0,"gold_gain":0.0,"event_name":"betterNote:BetterNote","player_choice":"Give","floor":20.0,"gold_loss":0.0,"damage_taken":0.0,"cards_obtained":["Doubt"]},{"damage_healed":0.0,"max_hp_gain":0.0,"max_hp_loss":0.0,"gold_gain":0.0,"event_name":"WeMeetAgain","player_choice":"Gave Potion","floor":22.0,"gold_loss":0.0,"damage_taken":0.0,"relics_obtained":["Boot"]},{"damage_healed":0.0,"max_hp_gain":0.0,"max_hp_loss":0.0,"gold_gain":0.0,"event_name":"Addict","player_choice":"Obtained Relic","floor":27.0,"gold_loss":85.0,"damage_taken":0.0,"relics_obtained":["conspire:TopHat"]},{"damage_healed":0.0,"max_hp_gain":0.0,"max_hp_loss":0.0,"gold_gain":0.0,"event_name":"Lab","player_choice":"Got Potions","floor":36.0,"gold_loss":0.0,"damage_taken":0.0},{"damage_healed":0.0,"max_hp_gain":0.0,"max_hp_loss":0.0,"gold_gain":0.0,"event_name":"SensoryStone","player_choice":"Memory 3","floor":39.0,"gold_loss":0.0,"damage_taken":10.0},{"damage_healed":0.0,"max_hp_gain":0.0,"max_hp_loss":0.0,"gold_gain":0.0,"event_name":"Mysterious Sphere","player_choice":"Fight","floor":46.0,"gold_loss":0.0,"damage_taken":0.0}],"is_beta":false,"boss_relics":[{"not_picked":["Runic Pyramid","conspire:RunicOctahedron"],"picked":"AT_TrinityForce"},{"not_picked":["EasyGame_NEW","TimeKeys"],"picked":"Astrolabe"}],"items_purged_floors":[21,38,42,49],"is_endless":false,"potions_floor_spawned":[4,6,8,12,13,19,25,31,40,45,46,48],"ascension_level":0}}