{"host":"qdfumeom6htv8yxl","time":1612388962,"event":{"mods":["AchievementEnabler","BaseMod","Bestiary","Block Reminder","Colored Powertips","Highlight Path","Minty Spire (QoL Compilation)","Quick Restart","Relic Stats"],"gold_per_floor":[118,118,118,137,49,49,76,88,149,236,260,29,40,40,40,119,119,134,148,148,73,73,73,106,119,119,119,219,1,1,32,32,106,106,122,139,139,164,180,180,205,205,205,205,205,205,217,230,230,230,230,230],"floor_reached":51,"language":"ENG","playtime":3180,"items_purged":["Defend_B"],"score":1368,"play_id":"919f4384-c626-4d3a-9e53-3f325ef2b56a","local_time":"20210203154922","is_ascension_mode":true,"campfire_choices":[{"data":"Rip and Tear","floor":6.0,"key":"SMITH"},{"data":"Genetic Algorithm","floor":8.0,"key":"SMITH"},{"data":"Reprogram","floor":15.0,"key":"SMITH"},{"floor":23.0,"key":"REST"},{"floor":27.0,"key":"REST"},{"data":"Beam Cell","floor":30.0,"key":"SMITH"},{"data":"Reboot","floor":32.0,"key":"SMITH"},{"data":"1","floor":40.0,"key":"LIFT"},{"data":"2","floor":42.0,"key":"LIFT"},{"data":"3","floor":44.0,"key":"LIFT"},{"floor":45.0,"key":"REST"},{"floor":49.0,"key":"REST"}],"circlet_count":0,"master_deck":["AscendersBane","Strike_B+1","Strike_B+1","Defend_B+1","Defend_B+1","Defend_B+1","Zap","Steam+1","Rip and Tear+1","All For One","Genetic Algorithm+1","Reprogram+1","FTL","Go for the Eyes","Echo Form","Reboot+1","Sweeping Beam","Beam Cell+1","Undo+1","Machine Learning","Skim+1","Gash","Hologram+1"],"relics":["Cracked Core","NeowsBlessing","MawBank","Strawberry","Blue Candle","Oddly Smooth Stone","Empty Cage","WingedGreaves","Toxic Egg 2","Bird Faced Urn","HornCleat","Lee\u0027s Waffle","Centennial Puzzle","Fusion Hammer","Girya","Smiling Mask","Ancient Tea Set"],"acts_visited":["Exordium","TheCity","TheBeyond"],"potions_floor_usage":[51],"damage_taken":[{"damage":0.0,"enemies":"2 Louse","floor":1.0,"turns":1.0},{"damage":0.0,"enemies":"Small Slimes","floor":4.0,"turns":1.0},{"damage":0.0,"enemies":"3 Sentries","floor":7.0,"turns":1.0},{"damage":0.0,"enemies":"Cultist","floor":11.0,"turns":3.0},{"damage":5.0,"enemies":"Exordium Thugs","floor":13.0,"turns":3.0},{"damage":24.0,"enemies":"The Guardian","floor":16.0,"turns":15.0},{"damage":22.0,"enemies":"Shell Parasite","floor":18.0,"turns":5.0},{"damage":29.0,"enemies":"3 Byrds","floor":19.0,"turns":7.0},{"damage":23.0,"enemies":"Book of Stabbing","floor":24.0,"turns":7.0},{"damage":3.0,"enemies":"Snecko","floor":25.0,"turns":8.0},{"damage":8.0,"enemies":"Colosseum Slavers","floor":28.0,"turns":4.0},{"damage":23.0,"enemies":"Colosseum Nobs","floor":28.0,"turns":5.0},{"damage":23.0,"enemies":"Gremlin Leader","floor":31.0,"turns":6.0},{"damage":2.0,"enemies":"Automaton","floor":33.0,"turns":8.0},{"damage":0.0,"enemies":"3 Darklings","floor":35.0,"turns":5.0},{"damage":7.0,"enemies":"3 Shapes","floor":36.0,"turns":3.0},{"damage":11.0,"enemies":"Mind Bloom Boss Battle","floor":38.0,"turns":6.0},{"damage":3.0,"enemies":"Jaw Worm Horde","floor":39.0,"turns":6.0},{"damage":3.0,"enemies":"Nemesis","floor":41.0,"turns":5.0},{"damage":4.0,"enemies":"Writhing Mass","floor":47.0,"turns":6.0},{"damage":12.0,"enemies":"4 Shapes","floor":48.0,"turns":3.0},{"damage":48.0,"enemies":"Time Eater","floor":50.0,"turns":9.0},{"damage":39,"enemies":"Donu and Deca","floor":51,"turns":5}],"seed_played":"-5352755362578658852","potions_obtained":[{"floor":4.0,"key":"Explosive Potion"},{"floor":7.0,"key":"Block Potion"},{"floor":18.0,"key":"EntropicBrew"},{"floor":31.0,"key":"Strength Potion"},{"floor":33.0,"key":"Weak Potion"},{"floor":39.0,"key":"Swift Potion"},{"floor":41.0,"key":"AttackPotion"}],"is_trial":false,"path_per_floor":["M","?","?","M","$","R","E","R","T","T","M","$","M","$","R","B",null,"M","M","?","$","?","R","E","M","T","R","?","$","R","E","R","B",null,"M","M","?","?","M","R","E","R","T","R","R","?","M","M","R","B","B"],"character_chosen":"DEFECT","items_purchased":["All For One","FTL","Oddly Smooth Stone","Lee\u0027s Waffle","Beam Cell"],"campfire_rested":4,"item_purchase_floors":[5,12,12,29,29],"current_hp_per_floor":[64,57,57,57,57,57,57,57,64,64,64,64,59,59,59,35,67,45,16,16,16,16,39,16,13,13,36,5,85,85,62,62,62,79,83,78,78,71,72,72,73,73,73,73,81,81,77,67,81,33,0,0],"gold":230,"neow_bonus":"THREE_ENEMY_KILL","is_daily":false,"chose_seed":false,"campfire_upgraded":5,"win_rate":0.0,"timestamp":1612388962,"path_taken":["M","?","?","?","$","R","E","R","T","?","M","$","M","?","R","BOSS","M","M","?","$","?","R","E","M","T","R","?","?","R","E","R","BOSS","M","M","?","?","M","R","E","R","T","R","R","?","?","M","R","BOSS","BOSS"],"items_purchased_type":["Card","Card","Relic","Relic","Card"],"build_version":"2020-12-22","purchased_purges":1,"victory":false,"max_hp_per_floor":[71,71,71,71,71,71,71,71,78,78,78,78,78,78,78,78,78,78,78,78,78,78,78,78,78,78,78,78,85,85,85,85,85,85,85,85,81,81,81,81,81,81,81,81,81,81,81,81,81,81,81,81],"relic_stats":{"Lee\u0027s Waffle":80,"Centennial Puzzle":[27],"counters":[23,122],"Blue Candle":[0],"Bird Faced Urn":[24],"MawBank":60,"Smiling Mask":0,"obtain_stats":[{"Girya":38,"Lee\u0027s Waffle":29,"NeowsBlessing":0,"Blue Candle":10,"Oddly Smooth Stone":12,"MawBank":7,"Empty Cage":17,"Smiling Mask":41,"Ancient Tea Set":43,"Centennial Puzzle":31,"HornCleat":28,"Strawberry":9,"Bird Faced Urn":28,"WingedGreaves":24,"Fusion Hammer":34,"Toxic Egg 2":26,"Cracked Core":0},{"Girya":17,"Lee\u0027s Waffle":12,"NeowsBlessing":0,"Blue Candle":3,"Oddly Smooth Stone":4,"MawBank":3,"Empty Cage":6,"Smiling Mask":19,"Ancient Tea Set":19,"Centennial Puzzle":13,"HornCleat":12,"Strawberry":3,"Bird Faced Urn":12,"WingedGreaves":9,"Fusion Hammer":14,"Toxic Egg 2":10,"Cracked Core":0},{"Girya":88,"Lee\u0027s Waffle":60,"NeowsBlessing":0,"Blue Candle":3,"Oddly Smooth Stone":6,"MawBank":3,"Empty Cage":24,"Smiling Mask":99,"Ancient Tea Set":99,"Centennial Puzzle":66,"HornCleat":60,"Strawberry":3,"Bird Faced Urn":60,"WingedGreaves":43,"Fusion Hammer":74,"Toxic Egg 2":51,"Cracked Core":0}]},"card_choices":[{"not_picked":["Turbo","Static Discharge"],"picked":"Steam","floor":1.0},{"not_picked":["Redo","Steam"],"picked":"Rip and Tear","floor":4.0},{"not_picked":["Thunder Strike","Redo"],"picked":"Genetic Algorithm","floor":7.0},{"not_picked":["Gash","Compile Driver"],"picked":"Reprogram","floor":11.0},{"not_picked":["Conserve Battery","Streamline"],"picked":"Go for the Eyes","floor":13.0},{"not_picked":["Core Surge","Rainbow"],"picked":"Echo Form","floor":16.0},{"not_picked":["Turbo","Double Energy+1","Tempest"],"picked":"SKIP","floor":18.0},{"not_picked":["Leap+1","Doom and Gloom","Genetic Algorithm"],"picked":"SKIP","floor":19.0},{"not_picked":["Sweeping Beam","Force Field"],"picked":"Reboot","floor":24.0},{"not_picked":["Barrage+1","Leap"],"picked":"Sweeping Beam","floor":25.0},{"not_picked":["Sunder","Glacier+1"],"picked":"Undo+1","floor":31.0},{"not_picked":["Core Surge","Buffer"],"picked":"Machine Learning","floor":33.0},{"not_picked":["Stack+1","Heatsinks"],"picked":"Skim+1","floor":35.0},{"not_picked":["Chaos+1","Reprogram+1"],"picked":"Gash","floor":36.0},{"not_picked":["Glacier+1","Auto Shields+1","Chaos+1"],"picked":"SKIP","floor":39.0},{"not_picked":["Rebound","Barrage+1"],"picked":"Hologram+1","floor":41.0},{"not_picked":["Turbo+1","Rebound+1","Compile Driver"],"picked":"SKIP","floor":47.0},{"not_picked":["Hologram+1","Coolheaded+1","Go for the Eyes"],"picked":"SKIP","floor":48.0}],"player_experience":2008270,"relics_obtained":[{"floor":7.0,"key":"MawBank"},{"floor":9.0,"key":"Strawberry"},{"floor":10.0,"key":"Blue Candle"},{"floor":24.0,"key":"WingedGreaves"},{"floor":26.0,"key":"Toxic Egg 2"},{"floor":28.0,"key":"Bird Faced Urn"},{"floor":28.0,"key":"HornCleat"},{"floor":31.0,"key":"Centennial Puzzle"},{"floor":38.0,"key":"Girya"},{"floor":41.0,"key":"Smiling Mask"},{"floor":43.0,"key":"Ancient Tea Set"}],"event_choices":[{"cards_removed":["Dualcast"],"damage_healed":0.0,"max_hp_gain":0.0,"max_hp_loss":0.0,"gold_gain":0.0,"event_name":"Golden Wing","player_choice":"Card Removal","floor":2.0,"gold_loss":0.0,"damage_taken":7.0},{"damage_healed":0.0,"max_hp_gain":0.0,"max_hp_loss":0.0,"gold_gain":0.0,"event_name":"Upgrade Shrine","player_choice":"Upgraded","floor":3.0,"gold_loss":0.0,"damage_taken":0.0,"cards_upgraded":["Steam"]},{"damage_healed":0.0,"max_hp_gain":0.0,"max_hp_loss":0.0,"gold_gain":0.0,"event_name":"Vampires","player_choice":"Ignored","floor":20.0,"gold_loss":0.0,"damage_taken":0.0},{"damage_healed":0.0,"max_hp_gain":0.0,"max_hp_loss":0.0,"gold_gain":0.0,"event_name":"Back to Basics","player_choice":"Simplicity","floor":22.0,"gold_loss":0.0,"damage_taken":0.0,"cards_upgraded":["Strike_B","Strike_B","Defend_B","Defend_B","Defend_B"]},{"damage_healed":0.0,"max_hp_gain":0.0,"max_hp_loss":0.0,"gold_gain":0.0,"event_name":"Colosseum","player_choice":"Fight","floor":28.0,"gold_loss":0.0,"damage_taken":0.0},{"damage_healed":0.0,"max_hp_gain":0.0,"max_hp_loss":0.0,"gold_gain":0.0,"event_name":"Colosseum","player_choice":"Fought Nobs","floor":28.0,"gold_loss":0.0,"damage_taken":0.0},{"damage_healed":0.0,"max_hp_gain":0.0,"max_hp_loss":4.0,"gold_gain":0.0,"event_name":"Winding Halls","player_choice":"Max HP","floor":37.0,"gold_loss":0.0,"damage_taken":0.0},{"damage_healed":0.0,"max_hp_gain":0.0,"max_hp_loss":0.0,"gold_gain":0.0,"event_name":"MindBloom","player_choice":"Fight","floor":38.0,"gold_loss":0.0,"damage_taken":0.0},{"damage_healed":0.0,"max_hp_gain":0.0,"max_hp_loss":0.0,"gold_gain":0.0,"event_name":"Match and Keep!","player_choice":"0 cards matched","floor":46.0,"gold_loss":0.0,"damage_taken":0.0,"cards_obtained":[]}],"is_beta":false,"boss_relics":[{"not_picked":["Snecko Eye","Astrolabe"],"picked":"Empty Cage"},{"not_picked":["Runic Dome","Inserter"],"picked":"Fusion Hammer"}],"items_purged_floors":[21],"is_endless":false,"potions_floor_spawned":[4,7,18,31,33,35,39,41],"killed_by":"Donu and Deca","ascension_level":20}}