{"host":"0xtpc43j5kblke7u","time":1612331051,"event":{"mods":["AchievementEnabler","BaseMod","Colored Map","Highlight Path","Minty Spire (QoL Compilation)"],"gold_per_floor":[110,120,41,54,67,67,99,99,99,111,111,124,137,166,166,166,166],"floor_reached":16,"language":"ENG","playtime":892,"items_purged":[],"score":171,"play_id":"59ee99c9-ef58-4a2d-9355-1fe3ba7c802e","local_time":"20210203004411","is_ascension_mode":true,"campfire_choices":[{"data":"Blade Dance","floor":6.0,"key":"SMITH"},{"floor":8.0,"key":"REST"},{"data":"A Thousand Cuts","floor":11.0,"key":"SMITH"},{"floor":15,"key":"REST"}],"circlet_count":0,"master_deck":["AscendersBane","Strike_G","Strike_G","Strike_G","Strike_G","Strike_G","Defend_G","Defend_G","Defend_G","Defend_G","Defend_G","Survivor","Neutralize","A Thousand Cuts+1","Cloak And Dagger","Noxious Fumes","PiercingWail","Blade Dance+1","Cloak And Dagger","Poisoned Stab","Blur","Dagger Spray"],"relics":["Ring of the Snake","Centennial Puzzle","Akabeko","Blue Candle"],"acts_visited":["Exordium"],"potions_floor_usage":[14,14],"damage_taken":[{"damage":0.0,"enemies":"Cultist","floor":1.0,"turns":4.0},{"damage":0.0,"enemies":"Small Slimes","floor":2.0,"turns":3.0},{"damage":6.0,"enemies":"2 Louse","floor":4.0,"turns":4.0},{"damage":10.0,"enemies":"2 Fungi Beasts","floor":5.0,"turns":4.0},{"damage":27.0,"enemies":"Lagavulin","floor":7.0,"turns":7.0},{"damage":3.0,"enemies":"Blue Slaver","floor":10.0,"turns":4.0},{"damage":5.0,"enemies":"Exordium Thugs","floor":12.0,"turns":4.0},{"damage":16.0,"enemies":"Looter","floor":13.0,"turns":3.0},{"damage":14,"enemies":"Gremlin Nob","floor":14,"turns":4},{"damage":28,"enemies":"Hexaghost","floor":16,"turns":9}],"seed_played":"-3398586534823652539","potions_obtained":[{"floor":2.0,"key":"PowerPotion"},{"floor":4.0,"key":"ColorlessPotion"},{"floor":7.0,"key":"DistilledChaos"},{"floor":10.0,"key":"Weak Potion"}],"is_trial":false,"path_per_floor":["M","M","$","M","M","R","E","R","T","M","R","M","M","E","R","B"],"character_chosen":"THE_SILENT","items_purchased":["Noxious Fumes"],"campfire_rested":2,"item_purchase_floors":[3],"current_hp_per_floor":[63,63,63,57,47,47,20,41,41,38,38,33,17,3,24,0,0],"gold":166,"neow_bonus":"ONE_RANDOM_RARE_CARD","is_daily":false,"chose_seed":false,"campfire_upgraded":2,"win_rate":0.0,"timestamp":1612331051,"path_taken":["M","M","$","M","?","R","E","R","T","M","R","M","?","E","R","BOSS"],"items_purchased_type":["Card"],"build_version":"2020-12-22","purchased_purges":0,"victory":false,"max_hp_per_floor":[70,70,70,70,70,70,70,70,70,70,70,70,70,70,70,70,70],"card_choices":[{"not_picked":["Finisher","Underhanded Strike"],"picked":"Cloak And Dagger","floor":1.0},{"not_picked":["Outmaneuver","Underhanded Strike","Bane"],"picked":"SKIP","floor":2.0},{"not_picked":["Poisoned Stab","Reflex"],"picked":"PiercingWail","floor":4.0},{"not_picked":["Quick Slash","Calculated Gamble"],"picked":"Blade Dance","floor":5.0},{"not_picked":["Setup","Underhanded Strike"],"picked":"Cloak And Dagger","floor":7.0},{"not_picked":["Eviscerate","Flechettes"],"picked":"Poisoned Stab","floor":10.0},{"not_picked":["Tactician","A Thousand Cuts","PiercingWail"],"picked":"SKIP","floor":12.0},{"not_picked":["Deadly Poison","Deflect"],"picked":"Blur","floor":13.0},{"not_picked":["Cloak And Dagger","Flying Knee"],"picked":"Dagger Spray","floor":14}],"player_experience":664522,"relics_obtained":[{"floor":7.0,"key":"Centennial Puzzle"},{"floor":9.0,"key":"Akabeko"},{"floor":14,"key":"Blue Candle"}],"event_choices":[],"is_beta":false,"boss_relics":[],"items_purged_floors":[],"is_endless":false,"potions_floor_spawned":[2,4,7,10],"killed_by":"Hexaghost","ascension_level":10}}