{"host":"yf7adnp48nk06owi","time":1612378245,"event":{"mods":["AchievementEnabler","BaseMod","Bestiary","Minty Spire (QoL Compilation)","Quick Restart","Reliquary","StSLib","Swap Starting Deck Mod"],"gold_per_floor":[113,128,128,128,140,140,167,167,167,167,194,103,118,118,118,131,131,204,254,269,269,269,283,303,303,329,340,391,472,482,492,511,511,525,525,525,597,597,617,628,284,299,130,159,159,189,189,203,0,0,0,11,11,11,11],"floor_reached":54,"language":"ENG","playtime":1591,"items_purged":["Establishment"],"score":1412,"play_id":"f6084acc-2cd2-4d33-b3a9-ef852d39c319","local_time":"20210203195045","is_ascension_mode":true,"campfire_choices":[{"floor":6.0,"key":"REST"},{"data":"ClearTheMind","floor":8.0,"key":"SMITH"},{"floor":14.0,"key":"REST"},{"data":"Ragnarok","floor":17.0,"key":"SMITH"},{"data":"Ragnarok+1","floor":25.0,"key":"SMITH"},{"floor":33.0,"key":"REST"},{"floor":35.0,"key":"REST"},{"data":"Scrawl","floor":36.0,"key":"SMITH"},{"floor":45,"key":"REST"},{"floor":50,"key":"REST"},{"floor":53,"key":"RECALL"}],"circlet_count":0,"master_deck":["AscendersBane","ReachHeaven+1","ReachHeaven+1","ReachHeaven+2","ReachHeaven+1","Prostrate+1","Prostrate+1","Prostrate+1","Prostrate+1","Prostrate+1","Pray+2","ClearTheMind+2","PanicButton+1","Ragnarok+2","Scrawl+2","ClearTheMind+1","Vault+1","Study+1","DevaForm+1","Meditate+1"],"relics":["PureWater","Shuriken","Darkstone Periapt","reliquary:BallBearing","reliquary:Stiletto","Tiny House","reliquary:Solitaire","Yang","reliquary:ExpiredCoupon","Mummified Hand","Lantern","PreservedInsect","InkBottle","Letter Opener","Red Mask","Mark of the Bloom"],"acts_visited":["Exordium","TheCity","TheBeyond"],"potions_floor_usage":[42],"damage_taken":[{"damage":0.0,"enemies":"Jaw Worm","floor":1.0,"turns":2.0},{"damage":0.0,"enemies":"Small Slimes","floor":2.0,"turns":2.0},{"damage":0.0,"enemies":"Cultist","floor":5.0,"turns":2.0},{"damage":2.0,"enemies":"3 Sentries","floor":7.0,"turns":3.0},{"damage":12.0,"enemies":"Lagavulin","floor":11.0,"turns":3.0},{"damage":0.0,"enemies":"Exordium Wildlife","floor":13.0,"turns":2.0},{"damage":9.0,"enemies":"Red Slaver","floor":16.0,"turns":3.0},{"damage":0.0,"enemies":"Slime Boss","floor":18.0,"turns":2.0},{"damage":0.0,"enemies":"Spheric Guardian","floor":20.0,"turns":2.0},{"damage":0.0,"enemies":"Chosen","floor":23.0,"turns":2.0},{"damage":29.0,"enemies":"Centurion and Healer","floor":24.0,"turns":5.0},{"damage":39.0,"enemies":"Slavers","floor":26.0,"turns":6.0},{"damage":0.0,"enemies":"Snake Plant","floor":27.0,"turns":2.0},{"damage":2.0,"enemies":"Snecko","floor":30.0,"turns":3.0},{"damage":0.0,"enemies":"Shelled Parasite and Fungi","floor":31.0,"turns":2.0},{"damage":0.0,"enemies":"Cultist and Chosen","floor":32.0,"turns":1.0},{"damage":0.0,"enemies":"Centurion and Healer","floor":34.0,"turns":2.0},{"damage":0.0,"enemies":"Automaton","floor":37.0,"turns":3.0},{"damage":0.0,"enemies":"Orb Walker","floor":39.0,"turns":2.0},{"damage":0.0,"enemies":"3 Shapes","floor":40.0,"turns":2.0},{"damage":29,"enemies":"Transient","floor":42,"turns":7},{"damage":41,"enemies":"Nemesis","floor":44,"turns":3},{"damage":0,"enemies":"Giant Head","floor":46,"turns":3},{"damage":0,"enemies":"Spire Growth","floor":48,"turns":1},{"damage":0,"enemies":"Maw","floor":52,"turns":2},{"damage":58,"enemies":"Time Eater","floor":54,"turns":3}],"seed_played":"-7992312148011526181","potions_obtained":[{"floor":7.0,"key":"SteroidPotion"},{"floor":11.0,"key":"CultistPotion"},{"floor":15.0,"key":"LiquidMemories"},{"floor":19.0,"key":"FearPotion"},{"floor":23.0,"key":"Regen Potion"},{"floor":26.0,"key":"Fruit Juice"},{"floor":27.0,"key":"LiquidBronze"},{"floor":34.0,"key":"ColorlessPotion"},{"floor":42,"key":"LiquidBronze"},{"floor":46,"key":"Ambrosia"}],"is_trial":false,"path_per_floor":["M","M","?","?","M","R","E","R","T","T","E","$","M","R","?","M","R","B",null,"M","?","$","M","M","R","E","M","T","T","M","M","M","R","M","R","R","B",null,"M","M","$","M","$","E","R","E","T","M","?","R","?","M","R","B"],"character_chosen":"WATCHER","items_purchased":["PanicButton","Lantern","FairyPotion","PreservedInsect"],"campfire_rested":6,"item_purchase_floors":[12,41,41,43],"current_hp_per_floor":[31,31,36,36,36,57,55,55,55,55,43,43,43,64,64,55,55,55,74,74,74,74,74,45,45,25,25,25,25,23,23,23,47,47,71,71,71,80,80,80,80,51,51,10,34,34,34,34,34,58,58,58,58,0,0],"gold":11,"neow_bonus":"","is_daily":false,"chose_seed":false,"campfire_upgraded":4,"win_rate":0.0,"timestamp":1612378245,"path_taken":["M","M","?","?","M","R","E","R","T","T","E","$","M","R","?","?","R","BOSS","M","?","$","M","M","R","E","M","T","T","M","M","?","R","M","R","R","BOSS","M","M","$","?","$","E","R","E","T","M","?","R","?","M","R","BOSS"],"items_purchased_type":["Card","Relic","Potion","Relic"],"build_version":"2020-12-22","purchased_purges":1,"victory":false,"max_hp_per_floor":[68,68,73,73,73,73,73,73,73,73,73,73,73,73,73,73,73,73,78,78,78,78,78,78,78,83,83,83,83,83,83,83,83,83,83,83,83,83,83,83,83,83,83,83,83,83,83,83,83,83,83,83,83,83,83],"card_choices":[{"not_picked":["EmptyBody","Evaluate","SandsOfTime"],"picked":"SKIP","floor":1.0},{"not_picked":["FollowUp","PathToVictory","CutThroughFate"],"picked":"SKIP","floor":2.0},{"not_picked":["Evaluate","FlyingSleeves"],"picked":"ClearTheMind","floor":5.0},{"not_picked":["FlurryOfBlows","FollowUp","CrushJoints"],"picked":"SKIP","floor":7.0},{"not_picked":["CutThroughFate","Crescendo","Meditate"],"picked":"SKIP","floor":11.0},{"not_picked":["Crescendo","DeceiveReality"],"picked":"Ragnarok","floor":13.0},{"not_picked":["ForeignInfluence","BowlingBash","LikeWater"],"picked":"SKIP","floor":16.0},{"not_picked":["SpiritShield","Omniscience"],"picked":"Establishment","floor":18.0},{"not_picked":["LikeWater","Evaluate","EmptyBody"],"picked":"SKIP","floor":20.0},{"not_picked":["ReachHeaven","CrushJoints","PathToVictory"],"picked":"SKIP","floor":23.0},{"not_picked":["JustLucky","SashWhip"],"picked":"Scrawl","floor":24.0},{"not_picked":["JustLucky","FlyingSleeves","FlurryOfBlows"],"picked":"SKIP","floor":26.0},{"not_picked":["ThirdEye","FlyingSleeves"],"picked":"ClearTheMind","floor":27.0},{"not_picked":["FlurryOfBlows","EmptyBody","Tantrum"],"picked":"SKIP","floor":30.0},{"not_picked":["EmptyMind","Tantrum+1","FlyingSleeves"],"picked":"SKIP","floor":31.0},{"not_picked":["Wireheading","Crescendo","ClearTheMind"],"picked":"SKIP","floor":32.0},{"not_picked":["WreathOfFlame","FlurryOfBlows+1","Perseverance"],"picked":"SKIP","floor":34.0},{"not_picked":["Ragnarok","Omniscience"],"picked":"Vault","floor":37.0},{"not_picked":["Conclude","Protect","WindmillStrike+1"],"picked":"SKIP","floor":39.0},{"not_picked":["Consecrate+1","Crescendo"],"picked":"Study","floor":40.0},{"not_picked":["BattleHymn","Evaluate","WindmillStrike"],"picked":"SKIP","floor":42},{"not_picked":["ThirdEye","Halt"],"picked":"DevaForm","floor":44},{"not_picked":["Establishment","Wireheading+1","Crescendo+1"],"picked":"SKIP","floor":46},{"not_picked":["ClearTheMind","FlyingSleeves"],"picked":"Meditate","floor":48},{"not_picked":["FlyingSleeves","Crescendo","LessonLearned"],"picked":"SKIP","floor":52}],"player_experience":313052,"relics_obtained":[{"floor":7.0,"key":"Shuriken"},{"floor":9.0,"key":"Darkstone Periapt"},{"floor":10.0,"key":"reliquary:BallBearing"},{"floor":11.0,"key":"reliquary:Stiletto"},{"floor":26.0,"key":"Yang"},{"floor":28.0,"key":"reliquary:ExpiredCoupon"},{"floor":29.0,"key":"Mummified Hand"},{"floor":44,"key":"InkBottle"},{"floor":46,"key":"Letter Opener"}],"event_choices":[{"damage_healed":0.0,"max_hp_gain":5.0,"max_hp_loss":0.0,"gold_gain":0.0,"event_name":"Big Fish","player_choice":"Donut","floor":3.0,"gold_loss":0.0,"damage_taken":0.0},{"damage_healed":0.0,"max_hp_gain":0.0,"max_hp_loss":0.0,"gold_gain":0.0,"event_name":"Living Wall","player_choice":"Grow","floor":4.0,"gold_loss":0.0,"damage_taken":0.0,"cards_upgraded":["Pray"]},{"damage_healed":0.0,"max_hp_gain":0.0,"max_hp_loss":0.0,"gold_gain":0.0,"event_name":"Lab","player_choice":"Got Potions","floor":15.0,"gold_loss":0.0,"damage_taken":0.0},{"damage_healed":0.0,"max_hp_gain":0.0,"max_hp_loss":0.0,"gold_gain":0.0,"event_name":"WeMeetAgain","player_choice":"Gave Potion","floor":21.0,"gold_loss":0.0,"damage_taken":0.0,"relics_obtained":["reliquary:Solitaire"]},{"damage_healed":0,"gold_gain":0,"player_choice":"Paid","damage_taken":0,"relics_obtained":["Red Mask"],"max_hp_gain":0,"max_hp_loss":0,"event_name":"Tomb of Lord Red Mask","floor":49,"gold_loss":203},{"damage_healed":0,"gold_gain":0,"player_choice":"Upgrade","damage_taken":0,"relics_obtained":["Mark of the Bloom"],"max_hp_gain":0,"max_hp_loss":0,"event_name":"MindBloom","floor":51,"gold_loss":0,"cards_upgraded":["ReachHeaven","ReachHeaven","ReachHeaven","ReachHeaven","Prostrate","Prostrate","Prostrate","Prostrate","Prostrate","Pray","ClearTheMind","PanicButton","Scrawl","ClearTheMind","Vault","Study","DevaForm","Meditate"]}],"is_beta":false,"boss_relics":[{"not_picked":["Coffee Dripper","Velvet Choker"],"picked":"Tiny House"},{"not_picked":["Snecko Eye","Runic Pyramid","Runic Dome"]}],"items_purged_floors":[41],"is_endless":false,"potions_floor_spawned":[7,11,13,16,23,26,27,34,42,46],"killed_by":"Time Eater","ascension_level":20}}