{"host":"rtw1tnr74gozsrw1","time":1612376003,"event":{"mods":["BaseMod","Colored Map","Colored Powertips","Highlight Path","Minty Spire (QoL Compilation)","StSLib"],"gold_per_floor":[116,116,127,154,173,203,203],"floor_reached":6,"language":"ENG","playtime":138,"items_purged":[],"score":48,"play_id":"d89a6686-1813-497c-97c7-318c53f0400d","local_time":"20210203191323","is_ascension_mode":true,"campfire_choices":[],"circlet_count":0,"master_deck":["Strike_G","Strike_G","Strike_G","Strike_G","Defend_G","Defend_G","Defend_G","Defend_G","Defend_G","Survivor","Neutralize","Deadly Poison","Deadly Poison","Deadly Poison"],"relics":["Ring of the Snake","NeowsBlessing","Bag of Preparation","Meat on the Bone"],"acts_visited":["Exordium"],"potions_floor_usage":[],"damage_taken":[{"damage":0,"enemies":"Small Slimes","floor":1,"turns":1},{"damage":0,"enemies":"Cultist","floor":3,"turns":1},{"damage":0,"enemies":"Jaw Worm","floor":5,"turns":1},{"damage":15,"enemies":"Lagavulin","floor":6,"turns":7}],"seed_played":"-2425850985173434848","potions_obtained":[{"floor":1,"key":"Weak Potion"},{"floor":5,"key":"ColorlessPotion"},{"floor":6,"key":"Explosive Potion"}],"is_trial":false,"path_per_floor":["M","?","M","T","M","E"],"character_chosen":"THE_SILENT","items_purchased":[],"campfire_rested":0,"item_purchase_floors":[],"current_hp_per_floor":[70,70,70,70,70,55,55],"gold":203,"neow_bonus":"THREE_ENEMY_KILL","is_daily":false,"chose_seed":false,"campfire_upgraded":0,"win_rate":0.0,"timestamp":1612376003,"path_taken":["M","?","?","?","M","E"],"items_purchased_type":[],"build_version":"2020-12-22","purchased_purges":0,"victory":false,"max_hp_per_floor":[70,70,70,70,70,70,70],"card_choices":[{"not_picked":["Eviscerate","Quick Slash"],"picked":"Deadly Poison","floor":1},{"not_picked":["Expertise","Eviscerate"],"picked":"Deadly Poison","floor":3},{"not_picked":["Acrobatics","Predator","PiercingWail"],"picked":"SKIP","floor":5},{"not_picked":["Well Laid Plans","Dagger Throw"],"picked":"Deadly Poison","floor":6}],"player_experience":74947,"relics_obtained":[{"floor":4,"key":"Bag of Preparation"},{"floor":6,"key":"Meat on the Bone"}],"event_choices":[{"cards_removed":["Strike_G"],"damage_healed":0,"gold_gain":0,"player_choice":"Offered Basic","damage_taken":0,"max_hp_gain":0,"max_hp_loss":0,"event_name":"Bonfire Elementals","floor":2,"gold_loss":0}],"is_beta":false,"boss_relics":[],"items_purged_floors":[],"is_endless":false,"potions_floor_spawned":[1,5,6],"killed_by":"Lagavulin","ascension_level":1}}