{"host":"6kyqgln1ip325a4v","time":1612365525,"event":{"mods":["BaseMod","Minty Spire (QoL Compilation)"],"gold_per_floor":[117,132,151,151,165,204,204,242,242,242,256,256,256,23,23,151,151,174,192,208,228,143,143,143],"floor_reached":23,"language":"ENG","playtime":919,"items_purged":[],"score":233,"play_id":"2aa6846e-c266-4473-b96c-f0a5149346fb","local_time":"20210203101845","is_ascension_mode":true,"campfire_choices":[{"data":"Inflame","floor":7,"key":"SMITH"},{"floor":10,"key":"REST"},{"floor":12,"key":"REST"},{"data":"Rupture","floor":15,"key":"SMITH"}],"circlet_count":0,"master_deck":["Strike_R","Strike_R","Strike_R","Strike_R","Strike_R","Defend_R","Defend_R","Defend_R+1","Defend_R+1","Bash+1","Inflame+1","Cleave","Rupture+1","Injury","Pummel","Rampage","Juggernaut","Thunderclap","Combust","Limit Break","Pommel Strike","Shrug It Off","Pummel","Pummel+1"],"relics":["Burning Blood","Golden Idol","Letter Opener","Mercury Hourglass","Matryoshka","War Paint","InkBottle","ClockworkSouvenir","Cursed Key","Nunchaku"],"acts_visited":["Exordium","TheCity"],"potions_floor_usage":[19,20,20,23,23],"damage_taken":[{"damage":1,"enemies":"Cultist","floor":1,"turns":3},{"damage":12,"enemies":"2 Louse","floor":2,"turns":3},{"damage":0,"enemies":"Jaw Worm","floor":3,"turns":3},{"damage":0,"enemies":"Large Slime","floor":5,"turns":5},{"damage":40,"enemies":"3 Sentries","floor":6,"turns":7},{"damage":41,"enemies":"Lagavulin","floor":8,"turns":6},{"damage":14,"enemies":"Blue Slaver","floor":11,"turns":4},{"damage":52,"enemies":"The Guardian","floor":16,"turns":9},{"damage":4,"enemies":"Chosen","floor":18,"turns":4},{"damage":25,"enemies":"2 Thieves","floor":19,"turns":3},{"damage":21,"enemies":"Centurion and Healer","floor":20,"turns":5},{"damage":8,"enemies":"Chosen and Byrds","floor":21,"turns":4},{"damage":44,"enemies":"Book of Stabbing","floor":23,"turns":4}],"seed_played":"4558040601965964571","potions_obtained":[{"floor":1,"key":"Ancient Potion"},{"floor":11,"key":"FairyPotion"},{"floor":16,"key":"Strength Potion"},{"floor":18,"key":"AttackPotion"},{"floor":19,"key":"GamblersBrew"},{"floor":20,"key":"Swift Potion"}],"is_trial":false,"path_per_floor":["M","M","M","?","M","E","R","E","T","R","M","R","T","$","R","B",null,"M","M","M","M","?","E"],"character_chosen":"IRONCLAD","items_purchased":["Combust","ClockworkSouvenir"],"campfire_rested":2,"item_purchase_floors":[14,14],"current_hp_per_floor":[80,74,80,80,80,46,46,11,11,35,27,51,51,51,51,29,80,80,61,46,44,44,0,0],"gold":143,"neow_bonus":"UPGRADE_CARD","is_daily":false,"chose_seed":false,"campfire_upgraded":2,"win_rate":0.0,"timestamp":1612365525,"path_taken":["M","?","M","?","M","E","R","E","T","R","M","R","?","$","R","BOSS","M","M","M","M","?","E"],"items_purchased_type":["Card","Relic"],"build_version":"2020-12-22","purchased_purges":0,"victory":false,"max_hp_per_floor":[80,80,80,80,80,80,80,80,80,80,80,80,80,80,80,80,80,80,80,80,80,80,80,80],"card_choices":[{"not_picked":["Armaments","Iron Wave"],"picked":"Inflame","floor":1},{"not_picked":["Seeing Red","Havoc"],"picked":"Cleave","floor":2},{"not_picked":["Body Slam","Second Wind"],"picked":"Rupture","floor":3},{"not_picked":["Inflame","Twin Strike"],"picked":"Pummel","floor":5},{"not_picked":["Searing Blow","Body Slam"],"picked":"Rampage","floor":6},{"not_picked":["Infernal Blade","Armaments"],"picked":"Juggernaut","floor":8},{"not_picked":["Havoc","Perfected Strike"],"picked":"Thunderclap","floor":11},{"not_picked":["Corruption","Barricade"],"picked":"Limit Break","floor":16},{"not_picked":["Clothesline","Thunderclap"],"picked":"Pommel Strike","floor":18},{"not_picked":["Twin Strike","Body Slam"],"picked":"Shrug It Off","floor":19},{"not_picked":["Perfected Strike","Bloodletting"],"picked":"Pummel","floor":20},{"not_picked":["Clothesline","Ghostly Armor"],"picked":"Pummel+1","floor":21}],"player_experience":171062,"relics_obtained":[{"floor":6,"key":"Letter Opener"},{"floor":8,"key":"Mercury Hourglass"},{"floor":9,"key":"Matryoshka"},{"floor":13,"key":"War Paint"},{"floor":13,"key":"InkBottle"}],"event_choices":[{"damage_healed":0,"gold_gain":0,"player_choice":"Take Wound","damage_taken":0,"relics_obtained":["Golden Idol"],"max_hp_gain":0,"max_hp_loss":0,"event_name":"Golden Idol","floor":4,"gold_loss":0,"cards_obtained":["Injury"]},{"damage_healed":0,"gold_gain":0,"player_choice":"Obtained Relic","damage_taken":0,"relics_obtained":["Nunchaku"],"max_hp_gain":0,"max_hp_loss":0,"event_name":"Addict","floor":22,"gold_loss":85}],"is_beta":false,"boss_relics":[{"not_picked":["Philosopher\u0027s Stone","Runic Cube"],"picked":"Cursed Key"}],"items_purged_floors":[],"is_endless":false,"potions_floor_spawned":[1,11,16,18,19,20],"killed_by":"Book of Stabbing","ascension_level":3}}