{"host":"52m1o8iwwagurbjs","time":1612361334,"event":{"mods":["AchievementEnabler","BaseMod","Bestiary","Colored Powertips","GifTheSpireLib","Minty Spire (QoL Compilation)","Quick Restart","RNG Fix","Relic Stats","StSLib"],"gold_per_floor":[111,7,27,102,117,144,144,178,226,226,238,257,283,297,297,397,397,413,413,413],"floor_reached":19,"language":"ENG","playtime":590,"items_purged":[],"score":198,"play_id":"a37e1c32-0f81-4e32-b0d0-24b1f79c52f0","local_time":"20210203090854","is_ascension_mode":true,"campfire_choices":[{"data":"TalkToTheHand","floor":7.0,"key":"SMITH"},{"data":"FlyingSleeves","floor":10.0,"key":"SMITH"},{"floor":15.0,"key":"DIG"}],"circlet_count":0,"master_deck":["Strike_P","Defend_P","Defend_P","Defend_P","Defend_P","Eruption","Vigilance","TalkToTheHand+1","Consecrate","FlyingSleeves+1","Adaptation","FlurryOfBlows","Protect","EmptyMind","MentalFortress","FollowUp","Ragnarok","CarveReality+1","Scrawl+1","Nirvana+1"],"relics":["PureWater","HornCleat","Eternal Feather","Bronze Scales","Shovel","Dream Catcher","Astrolabe"],"acts_visited":["Exordium","TheCity"],"potions_floor_usage":[],"damage_taken":[{"damage":0.0,"enemies":"Small Slimes","floor":1.0,"turns":3.0},{"damage":0.0,"enemies":"Cultist","floor":3.0,"turns":3.0},{"damage":0.0,"enemies":"2 Louse","floor":5.0,"turns":2.0},{"damage":23.0,"enemies":"Gremlin Nob","floor":6.0,"turns":4.0},{"damage":3.0,"enemies":"Lagavulin","floor":8.0,"turns":5.0},{"damage":0.0,"enemies":"2 Fungi Beasts","floor":11.0,"turns":2.0},{"damage":1.0,"enemies":"Blue Slaver","floor":12.0,"turns":3.0},{"damage":13.0,"enemies":"Gremlin Nob","floor":13.0,"turns":3.0},{"damage":0.0,"enemies":"Red Slaver","floor":14.0,"turns":3.0},{"damage":47.0,"enemies":"Slime Boss","floor":16.0,"turns":10.0},{"damage":12.0,"enemies":"Shell Parasite","floor":18.0,"turns":4.0},{"damage":0,"enemies":"2 Thieves","floor":19,"turns":1}],"seed_played":"3626681079401237876","potions_obtained":[{"floor":3.0,"key":"Energy Potion"},{"floor":5.0,"key":"Regen Potion"},{"floor":11.0,"key":"SpeedPotion"}],"is_trial":false,"path_per_floor":["M","$","M","?","M","E","R","E","T","R","M","M","E","M","R","B",null,"M","M"],"character_chosen":"WATCHER","items_purchased":["Consecrate","LiquidMemories"],"campfire_rested":0,"item_purchase_floors":[2,2],"current_hp_per_floor":[79,79,79,68,68,45,45,42,42,51,51,50,37,37,46,14,79,67,67,67],"gold":413,"neow_bonus":"TEN_PERCENT_HP_BONUS","is_daily":false,"chose_seed":false,"campfire_upgraded":2,"win_rate":0.0,"timestamp":1612361334,"path_taken":["M","$","M","?","?","E","R","E","T","R","M","M","E","M","R","BOSS","BOSS","M","M"],"items_purchased_type":["Card","Potion"],"build_version":"2020-12-22","purchased_purges":0,"victory":false,"max_hp_per_floor":[79,79,79,79,79,79,79,79,79,79,79,79,79,79,79,79,79,79,79,79],"relic_stats":{"Dream Catcher":0,"Shovel":1,"counters":[12,43],"Bronze Scales":[48],"Astrolabe":["CarveReality","Scrawl","Nirvana"],"Eternal Feather":18,"obtain_stats":[{"Dream Catcher":15,"HornCleat":6,"Shovel":13,"Bronze Scales":9,"Astrolabe":17,"Eternal Feather":8,"PureWater":0},{"Dream Catcher":9,"HornCleat":4,"Shovel":8,"Bronze Scales":5,"Astrolabe":10,"Eternal Feather":5,"PureWater":0},{"Dream Catcher":28,"HornCleat":12,"Shovel":25,"Bronze Scales":17,"Astrolabe":38,"Eternal Feather":17,"PureWater":0}]},"card_choices":[{"not_picked":["JustLucky","Evaluate"],"picked":"TalkToTheHand","floor":1.0},{"not_picked":["ClearTheMind","Evaluate"],"picked":"FlyingSleeves","floor":3.0},{"not_picked":["SignatureMove","Worship"],"picked":"Adaptation","floor":5.0},{"not_picked":["Protect","CutThroughFate"],"picked":"FlurryOfBlows","floor":6.0},{"not_picked":["Prostrate","Fasting2"],"picked":"Protect","floor":8.0},{"not_picked":["BattleHymn","EmptyBody"],"picked":"EmptyMind","floor":11.0},{"not_picked":["Pray","FlyingSleeves","Consecrate"],"picked":"SKIP","floor":12.0},{"not_picked":["JustLucky","Alpha"],"picked":"MentalFortress","floor":13.0},{"not_picked":["Evaluate","ClearTheMind"],"picked":"FollowUp","floor":14.0},{"not_picked":["Judgement","DevaForm"],"picked":"Ragnarok","floor":16.0},{"not_picked":["Consecrate","PathToVictory","Indignation"],"picked":"SKIP","floor":18.0}],"player_experience":1293913,"relics_obtained":[{"floor":6.0,"key":"HornCleat"},{"floor":8.0,"key":"Eternal Feather"},{"floor":9.0,"key":"Bronze Scales"},{"floor":13.0,"key":"Shovel"},{"floor":15.0,"key":"Dream Catcher"}],"event_choices":[{"damage_healed":0.0,"max_hp_gain":0.0,"max_hp_loss":0.0,"gold_gain":75.0,"event_name":"World of Goop","player_choice":"Gather Gold","floor":4.0,"gold_loss":0.0,"damage_taken":11.0}],"is_beta":false,"boss_relics":[{"not_picked":["SacredBark","Runic Dome"],"picked":"Astrolabe"}],"items_purged_floors":[],"is_endless":false,"potions_floor_spawned":[3,5,11],"killed_by":"2 Thieves","ascension_level":1}}