{"host":"92108ef2q9tm8rod","time":1612351183,"event":{"mods":["BaseMod","Defuse TimeMaze Blight","Minty Spire (QoL Compilation)","StSLib","The Jungle"],"gold_per_floor":[117,117,168,179,70,70,86,97,97,97,124,158,158,185,185,280,280,300,250,261,279,429,429,464,464,464,464,479,506,299,334,334,431,431,449,254,274,274,284,284,284,284,284],"floor_reached":42,"language":"ENG","playtime":2143,"items_purged":["Warcry","Deadly Poison","True Grit+1"],"score":522,"play_id":"b76dac4a-385a-44fd-b334-641e6fb99c3e","local_time":"20210203111943","daily_mods":["SealedDeck","Red Cards","Heirloom","Flight"],"is_ascension_mode":false,"campfire_choices":[{"data":"Body Slam","floor":6.0,"key":"SMITH"},{"data":"Fire Breathing","floor":10.0,"key":"SMITH"},{"floor":13.0,"key":"REST"},{"data":"True Grit","floor":15.0,"key":"SMITH"},{"data":"Adrenaline","floor":23.0,"key":"SMITH"},{"data":"Deflect","floor":25,"key":"SMITH"},{"floor":27,"key":"REST"},{"floor":32,"key":"REST"},{"data":"Iron Wave","floor":40,"key":"SMITH"},{"floor":41,"key":"REST"}],"circlet_count":0,"master_deck":["Backstab","Iron Wave+1","Cleave","Body Slam+1","Deflect+1","Blood for Blood","Fire Breathing+1","Adrenaline+1"],"relics":["Ring of the Serpent","Tough Bandages","FossilizedHelix","Smiling Mask","InkBottle","Bottled Flame","Letter Opener","Bird Faced Urn","Busted Crown","Boot","Peace Pipe","Pocketwatch","Strawberry","Snake Skull","Medical Kit"],"acts_visited":["Exordium","Exordium","TheBeyond"],"potions_floor_usage":[28,29,31,31,39],"damage_taken":[{"damage":0.0,"enemies":"Cultist","floor":1.0,"turns":2.0},{"damage":0.0,"enemies":"2 Louse","floor":4.0,"turns":1.0},{"damage":0.0,"enemies":"Jaw Worm","floor":7.0,"turns":2.0},{"damage":0.0,"enemies":"Lots of Slimes","floor":8.0,"turns":3.0},{"damage":7.0,"enemies":"Lagavulin","floor":11.0,"turns":5.0},{"damage":17.0,"enemies":"Gremlin Nob","floor":12.0,"turns":5.0},{"damage":0.0,"enemies":"3 Sentries","floor":14.0,"turns":3.0},{"damage":40.0,"enemies":"The Guardian","floor":16.0,"turns":8.0},{"damage":0.0,"enemies":"theJungle:Flameango_and_Byrd","floor":18.0,"turns":4.0},{"damage":0.0,"enemies":"theJungle:5_Spyders","floor":20.0,"turns":5.0},{"damage":0.0,"enemies":"theJungle:JungleHuntersEncounter","floor":21.0,"turns":5.0},{"damage":35.0,"enemies":"theJungle:2_Phrogs","floor":24.0,"turns":6.0},{"damage":0,"enemies":"theJungle:2_Flameangoes","floor":28,"turns":4},{"damage":0,"enemies":"theJungle:Cassacara","floor":29,"turns":5},{"damage":46,"enemies":"theJungle:2_Phrogs","floor":31,"turns":10},{"damage":5,"enemies":"theJungle:FunGuy","floor":33,"turns":8},{"damage":0,"enemies":"Orb Walker","floor":35,"turns":3},{"damage":10,"enemies":"3 Darklings","floor":37,"turns":4},{"damage":17,"enemies":"Spire Growth","floor":39,"turns":5},{"damage":107,"enemies":"Giant Head","floor":42,"turns":9}],"seed_played":"3447391923740444223","potions_obtained":[{"floor":11.0,"key":"SkillPotion"},{"floor":14.0,"key":"Fruit Juice"},{"floor":18.0,"key":"SteroidPotion"},{"floor":24,"key":"Swift Potion"},{"floor":28,"key":"Regen Potion"},{"floor":29,"key":"PowerPotion"},{"floor":33,"key":"Weak Potion"},{"floor":39,"key":"Strength Potion"}],"is_trial":true,"path_per_floor":["M","T","?","M","?","R","M","M","T","R","E","E","R","E","R","B",null,"M","$","M","M","?","R","E","R","T","R","M","E","$","E","R","B",null,"M","$","M","?","M","R","R","E"],"character_chosen":"THE_SILENT","items_purchased":["Strawberry","Medical Kit"],"campfire_rested":4,"item_purchase_floors":[30,36],"current_hp_per_floor":[70,70,70,70,70,70,70,70,70,70,63,46,67,72,72,34,75,75,75,75,75,75,75,40,40,40,62,64,75,82,36,60,57,82,82,82,72,72,57,57,81,0,0],"gold":284,"neow_bonus":"","is_daily":false,"chose_seed":false,"campfire_upgraded":6,"win_rate":0.0,"timestamp":1612351183,"path_taken":["M","?","?","M","?","R","M","M","T","R","E","E","R","E","R","BOSS","M","$","M","?","?","R","E","R","T","R","M","E","$","E","R","BOSS","M","$","?","?","M","R","R","E"],"items_purchased_type":["Relic","Relic"],"build_version":"2020-12-22","purchased_purges":3,"victory":false,"max_hp_per_floor":[70,70,70,70,70,70,70,70,70,70,70,70,70,75,75,75,75,75,75,75,75,75,75,75,75,75,75,75,75,82,82,82,82,82,82,82,82,82,82,82,82,82,82],"card_choices":[{"not_picked":["Concentrate","Body Slam","Dark Embrace"],"picked":"SKIP","floor":1.0},{"not_picked":["Terror","PiercingWail","Sword Boomerang"],"picked":"SKIP","floor":4.0},{"not_picked":["Perfected Strike","Outmaneuver","Infinite Blades"],"picked":"SKIP","floor":7.0},{"not_picked":["Clash","Finisher","Poisoned Stab"],"picked":"SKIP","floor":8.0},{"not_picked":["Infinite Blades","Evolve","Metallicize"],"picked":"SKIP","floor":11.0},{"not_picked":["Endless Agony","Infernal Blade","Limit Break"],"picked":"SKIP","floor":12.0},{"not_picked":["Quick Slash","Dodge and Roll","Seeing Red"],"picked":"SKIP","floor":14.0},{"not_picked":["Exhume","Glass Knife"],"picked":"Adrenaline","floor":16.0},{"not_picked":["Ghostly Armor+1"],"picked":"SKIP","floor":18.0},{"not_picked":["Sword Boomerang"],"picked":"SKIP","floor":20.0},{"not_picked":["Bloodletting"],"picked":"SKIP","floor":21.0},{"not_picked":["Perfected Strike"],"picked":"SKIP","floor":24},{"not_picked":["Ghostly Armor"],"picked":"SKIP","floor":28},{"not_picked":["Masterful Stab"],"picked":"SKIP","floor":29},{"not_picked":["Body Slam"],"picked":"SKIP","floor":31},{"not_picked":["Havoc+1"],"picked":"SKIP","floor":35},{"not_picked":["Bouncing Flask"],"picked":"SKIP","floor":37},{"not_picked":["Heel Hook+1"],"picked":"SKIP","floor":39}],"player_experience":3378728,"relics_obtained":[{"floor":2.0,"key":"FossilizedHelix"},{"floor":9.0,"key":"InkBottle"},{"floor":11.0,"key":"Bottled Flame"},{"floor":12.0,"key":"Letter Opener"},{"floor":14.0,"key":"Bird Faced Urn"},{"floor":24,"key":"Boot"},{"floor":26,"key":"Peace Pipe"},{"floor":29,"key":"Pocketwatch"},{"floor":31,"key":"Snake Skull"}],"event_choices":[{"damage_healed":0.0,"max_hp_gain":0.0,"max_hp_loss":0.0,"gold_gain":51.0,"event_name":"Golden Wing","player_choice":"Gained Gold","floor":3.0,"gold_loss":0.0,"damage_taken":0.0},{"damage_healed":0.0,"max_hp_gain":0.0,"max_hp_loss":0.0,"gold_gain":0.0,"event_name":"WeMeetAgain","player_choice":"Paid Gold","floor":5.0,"gold_loss":109.0,"damage_taken":0.0,"relics_obtained":["Smiling Mask"]},{"damage_healed":0,"gold_gain":0,"player_choice":"Ignored","damage_taken":0,"max_hp_gain":0,"max_hp_loss":0,"event_name":"Purifier","floor":38,"gold_loss":0}],"is_beta":false,"boss_relics":[{"not_picked":["Velvet Choker","Cursed Key"],"picked":"Busted Crown"},{"not_picked":["Astrolabe","Empty Cage"],"picked":"Ring of the Serpent"}],"items_purged_floors":[19,30,36],"is_endless":false,"potions_floor_spawned":[11,14,18,24,28,29,33,39],"killed_by":"Giant Head","ascension_level":0}}