{"host":"sc0o2qwpf9j16a4i","time":1612358528,"event":{"mods":["AchievementEnabler","BaseMod","BetterRewards","Block Reminder","Colored Map","Colored Powertips","Custom Start","Highlight Path","Minty Spire (QoL Compilation)","Relic Stats"],"gold_per_floor":[113,113,113,113,131,171,185,223,247,270,270,308,324,345,345,469,469,484,498,413,413,424,455,455,455],"floor_reached":24,"language":"ENG","playtime":603,"items_purged":[],"score":313,"play_id":"17b66be5-ed89-4db7-9ef3-9f13bc6d7e1c","local_time":"20210203152208","daily_mods":["Chimera","Hoarder","Lethality"],"is_ascension_mode":false,"campfire_choices":[{"floor":15,"key":"REST"}],"circlet_count":0,"master_deck":["Bash","Survivor","Zap","Eruption","Strike_R","Strike_G","Strike_B","Defend_R","Defend_G","Defend_P","Sucker Punch","Sucker Punch","Sucker Punch","Blade Dance","Blade Dance","Blade Dance","Noxious Fumes","Noxious Fumes","Noxious Fumes","Deflect","Deflect","Deflect","Storm of Steel","Storm of Steel","Storm of Steel","Leg Sweep","Leg Sweep","Leg Sweep","Footwork","Footwork","Footwork","Bane","Bane","Bane","Dagger Throw","Dagger Throw","Dagger Throw","A Thousand Cuts","A Thousand Cuts","A Thousand Cuts","Accuracy+1","Accuracy+1","Accuracy+1","Acrobatics","Acrobatics","Acrobatics","Backflip+1","Backflip+1","Backflip+1","Corpse Explosion","Corpse Explosion","Corpse Explosion"],"relics":["Ring of the Snake","Bloody Idol","Omamori","WarpedTongs","Strawberry","Sundial","Boot","MealTicket","Black Star","Blood Vial","Du-Vu Doll","Eternal Feather"],"acts_visited":["Exordium","TheCity"],"potions_floor_usage":[8,13,16,23,24,24],"damage_taken":[{"damage":6,"enemies":"Small Slimes","floor":1,"turns":3},{"damage":0,"enemies":"Cultist","floor":5,"turns":2},{"damage":0,"enemies":"Gremlin Nob","floor":6,"turns":2},{"damage":0,"enemies":"2 Louse","floor":7,"turns":1},{"damage":11,"enemies":"3 Sentries","floor":8,"turns":4},{"damage":0,"enemies":"Blue Slaver","floor":10,"turns":1},{"damage":22,"enemies":"Lagavulin","floor":12,"turns":5},{"damage":0,"enemies":"2 Fungi Beasts","floor":13,"turns":3},{"damage":0,"enemies":"Exordium Wildlife","floor":14,"turns":3},{"damage":24,"enemies":"Hexaghost","floor":16,"turns":9},{"damage":0,"enemies":"Chosen","floor":18,"turns":1},{"damage":4,"enemies":"Spheric Guardian","floor":19,"turns":3},{"damage":21,"enemies":"Centurion and Healer","floor":22,"turns":4},{"damage":36,"enemies":"Gremlin Leader","floor":23,"turns":5},{"damage":44,"enemies":"Snecko","floor":24,"turns":6}],"seed_played":"-7869973236350892861","potions_obtained":[{"floor":7,"key":"FearPotion"},{"floor":8,"key":"SteroidPotion"},{"floor":13,"key":"SpeedPotion"},{"floor":16,"key":"LiquidBronze"},{"floor":19,"key":"Poison Potion"},{"floor":23,"key":"Energy Potion"}],"is_trial":true,"path_per_floor":["M","?","?","?","M","E","M","E","T","M","?","E","M","M","R","B",null,"M","M","?","?","M","E","M"],"character_chosen":"THE_SILENT","items_purchased":[],"campfire_rested":1,"item_purchase_floors":[],"current_hp_per_floor":[64,47,35,35,35,42,42,31,31,31,36,14,14,14,38,14,82,82,78,78,78,64,35,0,0],"gold":455,"neow_bonus":"","is_daily":false,"chose_seed":false,"campfire_upgraded":0,"win_rate":0.0,"timestamp":1612358528,"path_taken":["M","?","?","?","M","E","?","E","T","M","?","E","M","M","R","BOSS","M","M","?","?","M","E","M"],"items_purchased_type":[],"build_version":"2020-12-22","purchased_purges":0,"victory":false,"max_hp_per_floor":[70,70,70,70,70,77,77,77,77,77,82,82,82,82,82,82,82,82,82,82,82,82,82,82,82],"relic_stats":{"Blood Vial":6,"counters":[15,52],"Sundial":[0],"Bloody Idol":10,"MealTicket":0,"Eternal Feather":0,"Black Star":1,"Boot":[3],"obtain_stats":[{"Golden Idol":2,"Eternal Feather":23,"Omamori":3,"Boot":9,"WarpedTongs":4,"Blood Vial":20,"Du-Vu Doll":23,"Sundial":8,"Strawberry":6,"Bloody Idol":21,"MealTicket":12,"Black Star":17,"Ring of the Snake":0},{"Golden Idol":1,"Eternal Feather":14,"Omamori":1,"Boot":5,"WarpedTongs":1,"Blood Vial":12,"Du-Vu Doll":14,"Sundial":5,"Strawberry":3,"Bloody Idol":12,"MealTicket":7,"Black Star":10,"Ring of the Snake":0},{"Golden Idol":3,"Eternal Feather":46,"Omamori":3,"Boot":12,"WarpedTongs":3,"Blood Vial":37,"Du-Vu Doll":46,"Sundial":12,"Strawberry":7,"Bloody Idol":37,"MealTicket":18,"Black Star":33,"Ring of the Snake":0}],"Ring of the Snake":[30],"WarpedTongs":[49]},"card_choices":[{"not_picked":["Dodge and Roll","Flechettes"],"picked":"Sucker Punch","floor":1},{"not_picked":["Tactician","Sucker Punch"],"picked":"Blade Dance","floor":5},{"not_picked":["Deadly Poison","Prepared"],"picked":"Noxious Fumes","floor":6},{"not_picked":["Masterful Stab","Underhanded Strike"],"picked":"Deflect","floor":7},{"not_picked":["Slice","Tactician"],"picked":"Storm of Steel","floor":8},{"not_picked":["Setup","Outmaneuver"],"picked":"Leg Sweep","floor":10},{"not_picked":["Backflip","Blur"],"picked":"Footwork","floor":12},{"not_picked":["Underhanded Strike","Dagger Throw"],"picked":"Bane","floor":13},{"not_picked":["Backflip","Eviscerate"],"picked":"Dagger Throw","floor":14},{"not_picked":["Malaise","Glass Knife"],"picked":"A Thousand Cuts","floor":16},{"not_picked":["Prepared","Backflip"],"picked":"Accuracy+1","floor":18},{"not_picked":["Tactician+1","Heel Hook"],"picked":"Acrobatics","floor":19},{"not_picked":["Deadly Poison","Flying Knee"],"picked":"Backflip+1","floor":22},{"not_picked":["Deflect","Storm of Steel"],"picked":"Corpse Explosion","floor":23}],"player_experience":1151368,"relics_obtained":[{"floor":6,"key":"Strawberry"},{"floor":8,"key":"Sundial"},{"floor":9,"key":"Boot"},{"floor":12,"key":"MealTicket"},{"floor":23,"key":"Du-Vu Doll"},{"floor":23,"key":"Eternal Feather"}],"event_choices":[{"damage_healed":0,"gold_gain":0,"player_choice":"Take Damage","damage_taken":17,"relics_obtained":["Golden Idol"],"max_hp_gain":0,"max_hp_loss":0,"event_name":"Golden Idol","floor":2,"gold_loss":0},{"damage_healed":0,"gold_gain":0,"player_choice":"Success","damage_taken":12,"relics_obtained":["Omamori"],"max_hp_gain":0,"max_hp_loss":0,"event_name":"Scrap Ooze","floor":3,"gold_loss":0},{"damage_healed":0,"gold_gain":0,"player_choice":"Rummage","damage_taken":0,"relics_obtained":["WarpedTongs"],"max_hp_gain":0,"max_hp_loss":0,"event_name":"Accursed Blacksmith","floor":4,"gold_loss":0,"cards_obtained":["Pain"]},{"damage_healed":0,"gold_gain":0,"player_choice":"Donut","damage_taken":0,"max_hp_gain":5,"max_hp_loss":0,"event_name":"Big Fish","floor":11,"gold_loss":0},{"damage_healed":0,"gold_gain":0,"player_choice":"Obtained Relic","damage_taken":0,"relics_obtained":["Blood Vial"],"max_hp_gain":0,"max_hp_loss":0,"event_name":"Addict","floor":20,"gold_loss":85},{"damage_healed":0,"gold_gain":0,"player_choice":"Gave Idol","damage_taken":0,"relics_obtained":["Bloody Idol"],"max_hp_gain":0,"max_hp_loss":0,"event_name":"Forgotten Altar","floor":21,"relics_lost":["Golden Idol"],"gold_loss":0}],"is_beta":false,"boss_relics":[{"not_picked":["Runic Dome","SlaversCollar"],"picked":"Black Star"}],"items_purged_floors":[],"is_endless":false,"potions_floor_spawned":[7,8,13,16,19,23],"killed_by":"Snecko","ascension_level":0}}