{"host":"et0ypqa1uh5c1j5j","time":1612344463,"event":{"mods":["BaseMod","Colored Map","Colored Powertips","Downfall","Minty Spire (QoL Compilation)","StSLib"],"gold_per_floor":[99,99,111,131,131,162,185,185,216,216,234,250,250,4,14,114,114,114,114,134,66,83,109,109,124,139,139,139,139],"floor_reached":27,"language":"ENG","playtime":3100,"items_purged":["Slimebound:Strike_Slimebound"],"score":268,"play_id":"58cde5d8-58ab-4845-8dc2-136fbf950902","local_time":"20210203092743","is_ascension_mode":false,"campfire_choices":[{"data":"Slimebound:Split","floor":1,"key":"SMITH"},{"data":"Slimebound:LivingWall","floor":8,"key":"SMITH"},{"data":"Slimebound:LeechEnergy","floor":10,"key":"SMITH"},{"data":"Slimebound:Repurpose","floor":13,"key":"SMITH"},{"data":"Slimebound:LeechEnergy","floor":18,"key":"SMITH"}],"circlet_count":0,"master_deck":["Slimebound:Tackle","Slimebound:Split+1","Slimebound:CorrosiveSpit","Slimebound:ItLooksTasty","Slimebound:LivingWall+1","Slimebound:ViciousTackle","Slimebound:LeechEnergy+1","Slimebound:Repurpose+1","Slimebound:SplitMire","Slimebound:LevelUp","Slimebound:Nibble","Slimebound:LivingWall","Slimebound:LeechLife","Slimebound:RainOfGoop","Slimebound:LeechEnergy+1","Slimebound:LevelUp","Slimebound:GrowthPunch","Slimebound:DisruptingSlam","Slimebound:Schlurp","Slimebound:MassFeed","Slimebound:Repurpose+1","Slimebound:Prepare"],"relics":["Slimebound:AbsorbEndCombat","Boot","Bag of Preparation","Girya","Pandora\u0027s Box","Eternal Feather"],"acts_visited":["Exordium","TheCity"],"potions_floor_usage":[20,23,25,25,26],"damage_taken":[{"damage":7,"enemies":"2 Louse","floor":3,"turns":3},{"damage":0,"enemies":"Small Slimes","floor":4,"turns":4},{"damage":15,"enemies":"Lagavulin","floor":6,"turns":8},{"damage":30,"enemies":"Gremlin Nob","floor":9,"turns":4},{"damage":0,"enemies":"Cultist","floor":11,"turns":4},{"damage":8,"enemies":"Red Slaver","floor":12,"turns":4},{"damage":0,"enemies":"downfall:FleeingMerchant","floor":14,"turns":4},{"damage":11,"enemies":"Exordium Wildlife","floor":15,"turns":3},{"damage":17,"enemies":"IC_STATUS_ARCHETYPE","floor":16,"turns":6},{"damage":5,"enemies":"Spheric Guardian","floor":20,"turns":4},{"damage":5,"enemies":"downfall:FleeingMerchant","floor":21,"turns":4},{"damage":0,"enemies":"Chosen","floor":22,"turns":4},{"damage":54,"enemies":"Slavers","floor":23,"turns":5},{"damage":9,"enemies":"Shelled Parasite and Fungi","floor":25,"turns":3},{"damage":37,"enemies":"Sentry and Sphere","floor":26,"turns":6},{"damage":23,"enemies":"Book of Stabbing","floor":27,"turns":5}],"seed_played":"5381144574571142020","potions_obtained":[{"floor":6,"key":"sneckomod:MuddlingPotion"},{"floor":9,"key":"SkillPotion"},{"floor":12,"key":"Slimebound:ThreeZeroPotion"},{"floor":16,"key":"Fire Potion"},{"floor":23,"key":"PowerPotion"},{"floor":25,"key":"EssenceOfSteel"}],"is_trial":false,"path_per_floor":["R","?","M","M","?","E","T","R","E","R","M","M","R","$","M","B",null,"R","?","M","$","M","E","T","M","M","E"],"character_chosen":"SLIMEBOUND","items_purchased":["Slimebound:LevelUp","Slimebound:Nibble","Slimebound:Prepare"],"campfire_rested":0,"item_purchase_floors":[14,14,21],"current_hp_per_floor":[71,71,66,70,67,60,60,60,38,38,44,42,42,63,54,45,71,71,71,70,68,74,28,28,30,10,0,0,0],"gold":139,"neow_bonus":"TEN_PERCENT_HP_BONUS","is_daily":false,"chose_seed":false,"campfire_upgraded":5,"win_rate":0.0,"timestamp":1612344463,"path_taken":["R","?","M","M","?","E","T","R","E","R","M","M","R","$","M","BOSS","R","?","M","?","M","E","T","M","M","E"],"items_purchased_type":["Card","Card","Card"],"build_version":"2020-12-22","purchased_purges":1,"victory":false,"max_hp_per_floor":[71,71,71,71,71,71,71,71,71,71,71,71,71,71,71,71,71,71,71,71,71,74,74,74,77,80,80,80,80],"card_choices":[{"not_picked":["Slimebound:SlimeBrawl","Slimebound:SplitBruiser"],"picked":"Slimebound:ItLooksTasty","floor":3},{"not_picked":["Slimebound:MegaLick","Slimebound:GoopTackle"],"picked":"Slimebound:LivingWall","floor":4},{"not_picked":["Slimebound:SlimeBarrage","Slimebound:SlimeBrawl"],"picked":"Slimebound:ViciousTackle","floor":6},{"not_picked":["Slimebound:ComboTackle","Slimebound:BestDefense"],"picked":"Slimebound:LeechEnergy","floor":9},{"not_picked":["Slimebound:TongueLash","Slimebound:LeechingTouch"],"picked":"Slimebound:Repurpose","floor":11},{"not_picked":["Slimebound:SlimeSpikes","Slimebound:LeechingTouch","Slimebound:Grow"],"picked":"SKIP","floor":12},{"not_picked":["Slimebound:PressTheAttack","Slimebound:ComboTackle"],"picked":"Slimebound:SplitMire","floor":14},{"not_picked":["Slimebound:SplitMire","Slimebound:OneTwoCombo"],"picked":"Slimebound:LivingWall","floor":15},{"not_picked":["Slimebound:Teamwork","Slimebound:DuplicatedForm"],"picked":"Slimebound:LeechLife","floor":16},{"not_picked":["Slimebound:SlimeSpikes","Slimebound:AcidTongue"],"picked":"Slimebound:Repurpose+1","floor":20},{"not_picked":["Slimebound:ComboTackle","Slimebound:LeechEnergy","Slimebound:SplitBruiser"],"picked":"SKIP","floor":21},{"not_picked":["Slimebound:SplitAcid","Slimebound:LeechEnergy","Slimebound:ComboTackle"],"picked":"SKIP","floor":22},{"not_picked":["Slimebound:RejuvenatingLick","Slimebound:DisruptingSlam","Slimebound:ItLooksTasty+1"],"picked":"SKIP","floor":23},{"not_picked":["Slimebound:Schlurp","Slimebound:HauntingLick","Slimebound:Repurpose"],"picked":"SKIP","floor":25},{"not_picked":["Slimebound:SplitBruiser","Slimebound:SplitAcid+1","Slimebound:Overexert"],"picked":"SKIP","floor":26}],"player_experience":346163,"relics_obtained":[{"floor":6,"key":"MealTicket"},{"floor":7,"key":"Bag of Preparation"},{"floor":9,"key":"Girya"},{"floor":23,"key":"Eternal Feather"}],"event_choices":[{"damage_healed":0,"gold_gain":0,"player_choice":"Success","damage_taken":3,"relics_obtained":["Boot"],"max_hp_gain":0,"max_hp_loss":0,"event_name":"Scrap Ooze","floor":5,"gold_loss":0}],"is_beta":false,"boss_relics":[{"not_picked":["Busted Crown","Fusion Hammer"],"picked":"Pandora\u0027s Box"}],"items_purged_floors":[14],"is_endless":false,"potions_floor_spawned":[6,9,12,16,23,25],"killed_by":"Book of Stabbing","ascension_level":0}}