{"host":"hk3n60c9tb8azi3z","time":1612387532,"event":{"mods":["AchievementEnabler","BaseMod","Minty Spire (QoL Compilation)","Relic Sorter","Relic Stats"],"gold_per_floor":[118,132,149,149,149,183,183,203,228,228,267,10,54,19,19,115,115,140,140,113,192,213,213,213],"floor_reached":23,"language":"ENG","playtime":1195,"items_purged":["Strike_R"],"score":418,"play_id":"da91f2b8-044b-424b-b30f-8009b37d9054","local_time":"20210203222532","is_ascension_mode":true,"campfire_choices":[{"floor":7.0,"key":"REST"},{"data":"Bash","floor":10.0,"key":"SMITH"},{"data":"Uppercut","floor":15,"key":"SMITH"}],"circlet_count":0,"master_deck":["AscendersBane","Bash+1","Cleave","Shrug It Off","Impervious","Twin Strike","Sentinel","Hemokinesis","Burning Pact","Dark Shackles","Uppercut+1","Spot Weakness","Reaper","Burning Pact","Twin Strike","Clothesline","Disarm","Feel No Pain","Pommel Strike","Iron Wave","Whirlwind","Heavy Blade","Feel No Pain"],"relics":["Sozu","Golden Idol","Ancient Tea Set","Art of War","White Beast Statue","Pandora\u0027s Box","Molten Egg 2"],"acts_visited":["Exordium","TheCity"],"potions_floor_usage":[],"damage_taken":[{"damage":10.0,"enemies":"Small Slimes","floor":1.0,"turns":4.0},{"damage":0.0,"enemies":"Cultist","floor":2.0,"turns":2.0},{"damage":2.0,"enemies":"Jaw Worm","floor":3.0,"turns":3.0},{"damage":32.0,"enemies":"Gremlin Nob","floor":6.0,"turns":4.0},{"damage":2.0,"enemies":"3 Louse","floor":8.0,"turns":3.0},{"damage":21.0,"enemies":"3 Sentries","floor":11.0,"turns":9.0},{"damage":5,"enemies":"Lagavulin","floor":13,"turns":6},{"damage":5,"enemies":"The Guardian","floor":16,"turns":10},{"damage":0,"enemies":"3 Byrds","floor":18,"turns":4},{"damage":25,"enemies":"2 Thieves","floor":20,"turns":4},{"damage":12,"enemies":"Chosen and Byrds","floor":22,"turns":6},{"damage":47,"enemies":"Book of Stabbing","floor":23,"turns":4}],"seed_played":"6065737024390246224","potions_obtained":[],"is_trial":false,"path_per_floor":["M","M","M","?","?","E","R","M","T","R","E","$","E","?","R","B",null,"M","?","M","T","M","E"],"character_chosen":"IRONCLAD","items_purchased":["Dark Shackles","Uppercut"],"campfire_rested":1,"item_purchase_floors":[12,12],"current_hp_per_floor":[58,58,56,56,56,24,44,42,42,42,21,21,16,33,33,28,58,61,61,50,50,43,0,0],"gold":213,"neow_bonus":"BOSS_RELIC","is_daily":false,"chose_seed":false,"campfire_upgraded":2,"win_rate":0.0,"timestamp":1612387532,"path_taken":["M","M","M","?","?","E","R","?","T","R","E","$","E","?","R","BOSS","M","?","M","?","?","E"],"items_purchased_type":["Card","Card"],"build_version":"2020-12-22","purchased_purges":1,"victory":false,"max_hp_per_floor":[75,75,75,68,68,68,68,68,68,68,68,68,68,68,68,68,68,68,68,68,68,68,68,68],"relic_stats":{"Sozu":5,"counters":[12,59],"Golden Idol":59,"Pandora\u0027s Box":["Burning Pact","Twin Strike","Clothesline","Disarm","Feel No Pain","Pommel Strike","Iron Wave","Whirlwind"],"Art of War":[3],"obtain_stats":[{"Sozu":0,"Golden Idol":4,"Pandora\u0027s Box":17,"Molten Egg 2":21,"Art of War":11,"Ancient Tea Set":6,"Burning Blood":0,"White Beast Statue":13},{"Sozu":0,"Golden Idol":3,"Pandora\u0027s Box":8,"Molten Egg 2":10,"Art of War":6,"Ancient Tea Set":4,"Burning Blood":0,"White Beast Statue":7},{"Sozu":0,"Golden Idol":9,"Pandora\u0027s Box":41,"Molten Egg 2":49,"Art of War":25,"Ancient Tea Set":13,"Burning Blood":0,"White Beast Statue":31}]},"card_choices":[{"not_picked":["Body Slam","Wild Strike"],"picked":"Cleave","floor":1.0},{"not_picked":["Heavy Blade","Pummel","Second Wind"],"picked":"SKIP","floor":2.0},{"not_picked":["Headbutt","Reckless Charge"],"picked":"Shrug It Off","floor":3.0},{"not_picked":["Heavy Blade","Sword Boomerang"],"picked":"Hemokinesis","floor":6.0},{"not_picked":["Twin Strike","Clash","Sword Boomerang"],"picked":"SKIP","floor":8.0},{"not_picked":["Power Through","Sword Boomerang"],"picked":"Burning Pact","floor":11.0},{"not_picked":["Infernal Blade","Rage"],"picked":"Spot Weakness","floor":13},{"not_picked":["Brutality","Fiend Fire"],"picked":"Reaper","floor":16},{"not_picked":["Body Slam","Iron Wave"],"picked":"Heavy Blade","floor":18},{"not_picked":["Cleave","Iron Wave","Flex"],"picked":"SKIP","floor":20},{"not_picked":["Clothesline+1","Inflame"],"picked":"Feel No Pain","floor":22}],"player_experience":1649537,"relics_obtained":[{"floor":6.0,"key":"Ancient Tea Set"},{"floor":11.0,"key":"Art of War"},{"floor":13,"key":"White Beast Statue"},{"floor":21,"key":"Molten Egg 2"}],"event_choices":[{"damage_healed":0.0,"max_hp_gain":0.0,"max_hp_loss":7.0,"gold_gain":0.0,"event_name":"Golden Idol","player_choice":"Lose Max HP","floor":4.0,"gold_loss":0.0,"damage_taken":0.0,"relics_obtained":["Golden Idol"]},{"damage_healed":0.0,"max_hp_gain":0.0,"max_hp_loss":0.0,"gold_gain":0.0,"event_name":"Match and Keep!","player_choice":"3 cards matched","floor":5.0,"gold_loss":0.0,"damage_taken":0.0,"cards_obtained":["Impervious","Twin Strike","Sentinel"]},{"damage_healed":17,"gold_gain":0,"player_choice":"Healed","damage_taken":0,"max_hp_gain":0,"max_hp_loss":0,"event_name":"The Cleric","floor":14,"gold_loss":35},{"damage_healed":0,"gold_gain":0,"player_choice":"Ignored","damage_taken":0,"max_hp_gain":0,"max_hp_loss":0,"event_name":"Vampires","floor":19,"gold_loss":0}],"is_beta":false,"boss_relics":[{"not_picked":["Ectoplasm","Snecko Eye"],"picked":"Pandora\u0027s Box"}],"items_purged_floors":[12],"is_endless":false,"potions_floor_spawned":[11,16,18,20,22],"killed_by":"Book of Stabbing","ascension_level":20}}