{"host":"5jyeqch4fosnsiz2","time":1612395365,"event":{"mods":["BaseMod","Bestiary","Colored Map","Colored Powertips","Filter the Spire","Minty Spire (QoL Compilation)","Relic Stats","StSLib","Waifu the Spire","ojb\u0027s Better Paths Mod","ojb\u0027s Info Mod"],"gold_per_floor":[115,125,3,26,26,26,54,69,92,92,92,17,33,43,43,146,146,165,165,180,199,159,193,213,213,263,294,309,309,409,105,105,210,210,220,232,232,282,298,329,329,345,345,365,376,30,61,61,61,61,61,61,11,43,43],"floor_reached":56,"language":"ENG","playtime":2218,"items_purged":["Pain","Strike_G","Defend_G"],"score":1462,"play_id":"28e3f7cb-21fc-4309-8308-1764321de1d2","local_time":"20210203183605","is_ascension_mode":false,"campfire_choices":[{"data":"Blade Dance","floor":6,"key":"SMITH"},{"data":"Leg Sweep","floor":10,"key":"SMITH"},{"data":"Footwork","floor":15,"key":"SMITH"},{"data":"Survivor","floor":25,"key":"SMITH"},{"data":"Accuracy","floor":29,"key":"SMITH"},{"floor":32,"key":"REST"},{"floor":41,"key":"RECALL"},{"data":"Blade Dance","floor":49,"key":"SMITH"},{"data":"Caltrops","floor":52,"key":"SMITH"}],"circlet_count":0,"master_deck":["Strike_G","Strike_G","Strike_G","Strike_G+1","Defend_G","Defend_G","Defend_G","Defend_G","Survivor+1","Neutralize","Blade Dance+1","Blade Dance+1","Dagger Spray","Leg Sweep+1","Footwork+1","Acrobatics","Slice+1","After Image+1","Finisher+1","Caltrops+1","Backstab+1","Blur+1","Blade Dance+1","Accuracy+1","Deflect","Dash+1","PiercingWail+1","Dramatic Entrance","Endless Agony+1","Blade Dance+1","Quick Slash"],"relics":["Ring of the Snake","Ancient Tea Set","Oddly Smooth Stone","Odd Mushroom","Pen Nib","WarpedTongs","WristBlade","GremlinMask","Letter Opener","Lantern","Dead Branch","Paper Crane","PreservedInsect","Sozu","Tough Bandages","Smiling Mask","Toxic Egg 2","Ginger","Whetstone","Sundial"],"acts_visited":["Exordium","TheCity","TheBeyond","TheEnding"],"potions_floor_usage":[7,16,16,16,24,30,30,33,55,55],"damage_taken":[{"damage":1,"enemies":"Cultist","floor":1,"turns":5},{"damage":8,"enemies":"Jaw Worm","floor":2,"turns":2},{"damage":3,"enemies":"The Mushroom Lair","floor":7,"turns":3},{"damage":0,"enemies":"Small Slimes","floor":8,"turns":3},{"damage":0,"enemies":"2 Fungi Beasts","floor":13,"turns":3},{"damage":0,"enemies":"Lots of Slimes","floor":14,"turns":3},{"damage":0,"enemies":"Slime Boss","floor":16,"turns":6},{"damage":6,"enemies":"Shell Parasite","floor":18,"turns":3},{"damage":0,"enemies":"3 Byrds","floor":20,"turns":4},{"damage":14,"enemies":"3 Cultists","floor":21,"turns":5},{"damage":22,"enemies":"Slavers","floor":23,"turns":7},{"damage":9,"enemies":"Snake Plant","floor":24,"turns":5},{"damage":0,"enemies":"Book of Stabbing","floor":27,"turns":5},{"damage":9,"enemies":"Snecko","floor":28,"turns":4},{"damage":3,"enemies":"Colosseum Slavers","floor":30,"turns":3},{"damage":4,"enemies":"Colosseum Nobs","floor":30,"turns":3},{"damage":10,"enemies":"Champ","floor":33,"turns":7},{"damage":0,"enemies":"3 Darklings","floor":35,"turns":3},{"damage":0,"enemies":"3 Shapes","floor":36,"turns":2},{"damage":0,"enemies":"Mind Bloom Boss Battle","floor":38,"turns":4},{"damage":0,"enemies":"Writhing Mass","floor":39,"turns":5},{"damage":0,"enemies":"Giant Head","floor":40,"turns":5},{"damage":0,"enemies":"Spire Growth","floor":42,"turns":1},{"damage":0,"enemies":"Jaw Worm Horde","floor":44,"turns":2},{"damage":0,"enemies":"3 Darklings","floor":45,"turns":2},{"damage":0,"enemies":"Reptomancer","floor":47,"turns":3},{"damage":0,"enemies":"Awakened One","floor":50,"turns":9},{"damage":0,"enemies":"Shield and Spear","floor":54,"turns":1},{"damage":40,"enemies":"The Heart","floor":55,"turns":9}],"seed_played":"6853411311488770726","potions_obtained":[{"floor":2,"key":"Energy Potion"},{"floor":7,"key":"Fruit Juice"},{"floor":13,"key":"GamblersBrew"},{"floor":23,"key":"Weak Potion"},{"floor":28,"key":"SkillPotion"},{"floor":30,"key":"EntropicBrew"},{"floor":33,"key":"Swift Potion"}],"is_trial":false,"path_per_floor":["M","M","$","T","?","R","?","M","T","R","?","$","M","M","R","B",null,"M","?","M","M","?","E","M","R","T","E","M","R","?","$","R","B",null,"M","M","?","?","M","E","R","M","T","M","M","$","E","?","R","B",null,"R","$","E","B",null],"character_chosen":"THE_SILENT","items_purchased":["Blade Dance","Dagger Spray","FearPotion","PreservedInsect","Deflect","Ginger","Quick Slash"],"campfire_rested":1,"item_purchase_floors":[3,3,3,31,31,46,53],"current_hp_per_floor":[69,61,61,61,61,61,63,63,63,63,63,63,63,63,63,63,75,69,69,69,55,55,33,24,24,24,24,15,15,8,8,30,20,75,75,75,75,75,75,75,75,75,75,75,75,75,75,71,71,71,71,71,71,71,31],"gold":43,"neow_bonus":"RANDOM_COMMON_RELIC","is_daily":false,"chose_seed":false,"campfire_upgraded":7,"win_rate":0.0,"timestamp":1612395365,"path_taken":["M","M","$","?","?","R","?","M","T","R","?","$","?","M","R","BOSS","M","?","?","M","?","E","?","R","T","E","M","R","?","$","R","BOSS","M","M","?","?","M","E","R","M","T","M","M","$","E","?","R","BOSS","R","$","E","BOSS"],"items_purchased_type":["Card","Card","Potion","Relic","Card","Relic","Card"],"build_version":"2020-12-22","purchased_purges":3,"victory":true,"max_hp_per_floor":[70,70,70,70,70,70,75,75,75,75,75,75,75,75,75,75,75,75,75,75,75,75,75,75,75,75,75,75,75,75,75,75,75,75,75,75,75,75,75,75,75,75,75,75,75,75,75,71,71,71,71,71,71,71,71],"relic_stats":{"counters":[29,117],"Dead Branch":[194],"Pen Nib":[42],"PreservedInsect":251,"Letter Opener":[172],"Ginger":[6],"Whetstone":["Slice","Strike_G"],"Smiling Mask":75,"WarpedTongs":[104],"Sozu":4,"Tough Bandages":[141],"Sundial":[0],"obtain_stats":[{"Lantern":27,"Dead Branch":30,"Oddly Smooth Stone":4,"GremlinMask":19,"Pen Nib":9,"PreservedInsect":31,"Letter Opener":23,"Ginger":46,"Whetstone":47,"Odd Mushroom":7,"Paper Crane":30,"Ancient Tea Set":0,"Smiling Mask":40,"WarpedTongs":11,"Sozu":34,"Tough Bandages":38,"WristBlade":17,"Sundial":54,"Toxic Egg 2":43,"Ring of the Snake":0},{"Lantern":13,"Dead Branch":16,"Oddly Smooth Stone":2,"GremlinMask":8,"Pen Nib":4,"PreservedInsect":16,"Letter Opener":11,"Ginger":25,"Whetstone":26,"Odd Mushroom":3,"Paper Crane":16,"Ancient Tea Set":0,"Smiling Mask":22,"WarpedTongs":4,"Sozu":17,"Tough Bandages":20,"WristBlade":7,"Sundial":28,"Toxic Egg 2":23,"Ring of the Snake":0},{"Lantern":54,"Dead Branch":64,"Oddly Smooth Stone":7,"GremlinMask":28,"Pen Nib":13,"PreservedInsect":64,"Letter Opener":44,"Ginger":95,"Whetstone":98,"Odd Mushroom":10,"Paper Crane":64,"Ancient Tea Set":0,"Smiling Mask":90,"WarpedTongs":13,"Sozu":71,"Tough Bandages":80,"WristBlade":25,"Sundial":108,"Toxic Egg 2":91,"Ring of the Snake":0}],"Ring of the Snake":[58]},"card_choices":[{"not_picked":["Choke","Tactician"],"picked":"Blade Dance","floor":1},{"not_picked":["Deflect","Dodge and Roll","Prepared"],"picked":"SKIP","floor":2},{"not_picked":["Riddle With Holes","Dash"],"picked":"Leg Sweep","floor":7},{"not_picked":["Flying Knee","Deflect"],"picked":"Footwork","floor":8},{"not_picked":["Footwork","Burst"],"picked":"Acrobatics","floor":13},{"not_picked":["Dagger Throw","Underhanded Strike"],"picked":"Slice","floor":14},{"not_picked":["Unload","Burst"],"picked":"After Image","floor":16},{"not_picked":["Outmaneuver","Deflect"],"picked":"Finisher","floor":18},{"not_picked":["Tactician","Infinite Blades"],"picked":"Caltrops","floor":20},{"not_picked":["Tactician","Poisoned Stab+1"],"picked":"Backstab+1","floor":21},{"not_picked":["Underhanded Strike","Slice"],"picked":"Blur+1","floor":23},{"not_picked":["Skewer","Reflex+1"],"picked":"Blade Dance+1","floor":24},{"not_picked":["Blade Dance","Dodge and Roll"],"picked":"Accuracy","floor":27},{"not_picked":["Blade Dance","Slice","Reflex+1"],"picked":"SKIP","floor":28},{"not_picked":["Cloak And Dagger","Leg Sweep+1"],"picked":"Dash+1","floor":35},{"not_picked":["Bane+1","Poisoned Stab"],"picked":"PiercingWail+1","floor":36},{"not_picked":["Trip","PanicButton"],"picked":"Dramatic Entrance","floor":37},{"not_picked":["Poisoned Stab+1","Deadly Poison+1"],"picked":"Endless Agony+1","floor":38},{"not_picked":["PiercingWail+1","Slice+1","Quick Slash"],"picked":"SKIP","floor":39},{"not_picked":["Catalyst","Outmaneuver+1","Tools of the Trade"],"picked":"SKIP","floor":40},{"not_picked":["Distraction","Quick Slash","Dodge and Roll+1"],"picked":"SKIP","floor":42},{"not_picked":["Predator","Sucker Punch+1","Dodge and Roll+1"],"picked":"SKIP","floor":44},{"not_picked":["Footwork+1","Backflip+1","Dodge and Roll+1"],"picked":"SKIP","floor":45},{"not_picked":["Dagger Throw","Well Laid Plans+1"],"picked":"Blade Dance+1","floor":47},{"not_picked":["Bullet Time+1","Underhanded Strike+1","Dodge and Roll+1"],"picked":"SKIP","floor":54}],"player_experience":380107,"relics_obtained":[{"floor":4,"key":"Oddly Smooth Stone"},{"floor":7,"key":"Odd Mushroom"},{"floor":9,"key":"Pen Nib"},{"floor":23,"key":"Letter Opener"},{"floor":27,"key":"Lantern"},{"floor":30,"key":"Dead Branch"},{"floor":30,"key":"Paper Crane"},{"floor":38,"key":"Tough Bandages"},{"floor":40,"key":"Smiling Mask"},{"floor":43,"key":"Toxic Egg 2"},{"floor":47,"key":"Whetstone"},{"floor":54,"key":"Sundial"}],"event_choices":[{"damage_healed":0,"gold_gain":0,"player_choice":"Ignored","damage_taken":0,"max_hp_gain":0,"max_hp_loss":0,"event_name":"Liars Game","floor":5,"gold_loss":0},{"damage_healed":0,"gold_gain":0,"player_choice":"Fought Mushrooms","damage_taken":0,"max_hp_gain":0,"max_hp_loss":0,"event_name":"Mushrooms","floor":7,"gold_loss":0},{"damage_healed":0,"gold_gain":0,"player_choice":"Rummage","damage_taken":0,"relics_obtained":["WarpedTongs"],"max_hp_gain":0,"max_hp_loss":0,"event_name":"Accursed Blacksmith","floor":11,"gold_loss":0,"cards_obtained":["Pain"]},{"damage_healed":0,"gold_gain":0,"player_choice":"Trade","damage_taken":0,"relics_obtained":["GremlinMask"],"max_hp_gain":0,"max_hp_loss":0,"event_name":"FaceTrader","floor":19,"gold_loss":0},{"damage_healed":0,"gold_gain":0,"player_choice":"Upgraded Two","damage_taken":0,"max_hp_gain":0,"max_hp_loss":0,"event_name":"Designer","floor":22,"gold_loss":40,"cards_upgraded":["Finisher","After Image"]},{"damage_healed":0,"gold_gain":0,"player_choice":"Fight","damage_taken":0,"max_hp_gain":0,"max_hp_loss":0,"event_name":"Colosseum","floor":30,"gold_loss":0},{"damage_healed":0,"gold_gain":0,"player_choice":"Fought Nobs","damage_taken":0,"max_hp_gain":0,"max_hp_loss":0,"event_name":"Colosseum","floor":30,"gold_loss":0},{"damage_healed":0,"gold_gain":0,"player_choice":"Memory 1","damage_taken":0,"max_hp_gain":0,"max_hp_loss":0,"event_name":"SensoryStone","floor":37,"gold_loss":0},{"damage_healed":0,"gold_gain":0,"player_choice":"Fight","damage_taken":0,"max_hp_gain":0,"max_hp_loss":0,"event_name":"MindBloom","floor":38,"gold_loss":0},{"damage_healed":0,"gold_gain":0,"player_choice":"Max HP","damage_taken":0,"max_hp_gain":0,"max_hp_loss":4,"event_name":"Winding Halls","floor":48,"gold_loss":0}],"is_beta":false,"boss_relics":[{"not_picked":["Ectoplasm","Fusion Hammer"],"picked":"WristBlade"},{"not_picked":["Runic Pyramid","Pandora\u0027s Box"],"picked":"Sozu"}],"items_purged_floors":[12,31,46],"is_endless":false,"potions_floor_spawned":[2,7,13,23,28,30,30,33,36,38,40,54],"ascension_level":0}}