{"host":"9rexl4trwadr43zo","time":1612338902,"event":{"mods":["BaseMod","Colored Map","Minty Spire (QoL Compilation)"],"gold_per_floor":[111,111,122,132,132,132,149,161,161,180,180,205,205,221,221,317,317,299,312,312,326,326,326],"floor_reached":22,"language":"ENG","playtime":1142,"items_purged":[],"score":207,"play_id":"52c5529c-a5aa-4e29-8bd4-6a101f6f894e","local_time":"20210203075502","is_ascension_mode":true,"campfire_choices":[{"data":"Shrug It Off","floor":6.0,"key":"SMITH"},{"data":"Body Slam","floor":11.0,"key":"SMITH"},{"floor":13.0,"key":"REST"},{"floor":15.0,"key":"REST"}],"circlet_count":0,"master_deck":["Strike_R","Strike_R","Strike_R+1","Strike_R","Strike_R","Defend_R","Defend_R","Defend_R","Defend_R","Bash+1","Shrug It Off+1","Cleave","Body Slam+1","Pommel Strike","Limit Break","Inflame"],"relics":["Burning Blood","Gremlin Horn","Odd Mushroom","Mark of Pain"],"acts_visited":["Exordium","TheCity"],"potions_floor_usage":[16,16,16],"damage_taken":[{"damage":8.0,"enemies":"Jaw Worm","floor":1.0,"turns":4.0},{"damage":2.0,"enemies":"Cultist","floor":3.0,"turns":6.0},{"damage":0.0,"enemies":"2 Louse","floor":4.0,"turns":3.0},{"damage":10.0,"enemies":"Blue Slaver","floor":7.0,"turns":4.0},{"damage":27.0,"enemies":"Lots of Slimes","floor":8.0,"turns":5.0},{"damage":11.0,"enemies":"Looter","floor":10.0,"turns":3.0},{"damage":8.0,"enemies":"The Mushroom Lair","floor":12.0,"turns":4.0},{"damage":20.0,"enemies":"Exordium Thugs","floor":14.0,"turns":5.0},{"damage":50,"enemies":"The Guardian","floor":16,"turns":12},{"damage":23,"enemies":"2 Thieves","floor":18,"turns":4},{"damage":5,"enemies":"3 Byrds","floor":19,"turns":5},{"damage":63,"enemies":"Centurion and Healer","floor":21,"turns":8},{"damage":16,"enemies":"Sentry and Sphere","floor":22,"turns":2}],"seed_played":"4827087799127388004","potions_obtained":[{"floor":3.0,"key":"SteroidPotion"},{"floor":8.0,"key":"PowerPotion"},{"floor":10.0,"key":"Weak Potion"}],"is_trial":false,"path_per_floor":["M","?","M","M","?","R","M","M","T","M","R","?","R","M","R","B",null,"M","M","?","M","M"],"character_chosen":"IRONCLAD","items_purchased":[],"campfire_rested":2,"item_purchase_floors":[],"current_hp_per_floor":[86,78,82,88,70,70,66,45,45,40,40,38,64,50,76,32,88,71,72,64,7,0,0],"gold":326,"neow_bonus":"TEN_PERCENT_HP_BONUS","is_daily":false,"chose_seed":false,"campfire_upgraded":2,"win_rate":0.0,"timestamp":1612338902,"path_taken":["M","?","?","M","?","R","M","M","T","M","R","?","R","M","R","BOSS","M","M","?","M","M"],"items_purchased_type":[],"build_version":"2020-12-22","purchased_purges":0,"victory":false,"max_hp_per_floor":[88,88,88,88,88,88,88,88,88,88,88,88,88,88,88,88,88,88,88,88,88,88,88],"card_choices":[{"not_picked":["Evolve","Infernal Blade"],"picked":"Shrug It Off","floor":1.0},{"not_picked":["Combust","Flex"],"picked":"Cleave","floor":3.0},{"not_picked":["Armaments","Havoc","Shockwave"],"picked":"SKIP","floor":4.0},{"not_picked":["Anger","Perfected Strike"],"picked":"Body Slam","floor":7.0},{"not_picked":["Combust","Carnage"],"picked":"Pommel Strike","floor":8.0},{"not_picked":["Shockwave","Body Slam","Infernal Blade"],"picked":"SKIP","floor":10.0},{"not_picked":["True Grit","Sword Boomerang","Impervious"],"picked":"SKIP","floor":14.0},{"not_picked":["Berserk","Reaper"],"picked":"Limit Break","floor":16},{"not_picked":["Anger","Havoc","Flame Barrier+1"],"picked":"SKIP","floor":18},{"not_picked":["Cleave","Perfected Strike+1","Twin Strike"],"picked":"SKIP","floor":19},{"not_picked":["Ghostly Armor","Clothesline"],"picked":"Inflame","floor":21}],"player_experience":286174,"relics_obtained":[{"floor":9.0,"key":"Gremlin Horn"},{"floor":12.0,"key":"Odd Mushroom"}],"event_choices":[{"damage_healed":0.0,"max_hp_gain":0.0,"max_hp_loss":0.0,"gold_gain":0.0,"event_name":"Wheel of Change","player_choice":"Damaged","floor":2.0,"gold_loss":0.0,"damage_taken":8.0},{"damage_healed":0.0,"max_hp_gain":0.0,"max_hp_loss":0.0,"gold_gain":0.0,"event_name":"Shining Light","player_choice":"Entered Light","floor":5.0,"gold_loss":0.0,"damage_taken":18.0,"cards_upgraded":["Strike_R","Bash"]},{"damage_healed":0.0,"max_hp_gain":0.0,"max_hp_loss":0.0,"gold_gain":0.0,"event_name":"Mushrooms","player_choice":"Fought Mushrooms","floor":12.0,"gold_loss":0.0,"damage_taken":0.0},{"damage_healed":0,"gold_gain":0,"player_choice":"Damaged","damage_taken":8,"max_hp_gain":0,"max_hp_loss":0,"event_name":"Wheel of Change","floor":20,"gold_loss":0}],"is_beta":false,"boss_relics":[{"not_picked":["SlaversCollar","Black Blood"],"picked":"Mark of Pain"}],"items_purged_floors":[],"is_endless":false,"potions_floor_spawned":[3,8,10],"killed_by":"Sentry and Sphere","ascension_level":3}}