{"host":"1qhzi8r9ejho5yph","time":1612348797,"event":{"mods":["AchievementEnabler","BaseMod","Colored Map","Colored Powertips","Highlight Path","Minty Spire (QoL Compilation)","Permanent Neow","Quick Restart","Random Character Button","StSLib","SuperFastMode"],"gold_per_floor":[109,109,109,127,127,127,127,46,128,162,162,192,192,226,226,349,349,373,104,104,104,56,100,100,100,171,195,219,219,58,73,73,201,264,282,346,346,370,54,98,122,122,122,134,166,178,208,16,16,16],"floor_reached":51,"language":"ENG","playtime":1419,"items_purged":["Zap"],"score":870,"play_id":"73ffee3b-81cc-4783-87ff-204d4bb5c190","local_time":"20210203183957","is_ascension_mode":false,"campfire_choices":[{"data":"Hello World","floor":6,"key":"SMITH"},{"data":"Defragment","floor":11,"key":"SMITH"},{"floor":15,"key":"REST"},{"floor":29,"key":"REST"},{"floor":32,"key":"REST"},{"data":"Mind Blast","floor":42,"key":"SMITH"},{"floor":46,"key":"DIG"},{"floor":49,"key":"DIG"}],"circlet_count":0,"master_deck":["Defend_B","Defend_B","Defend_B","Defend_B+1","Dualcast","Go for the Eyes","Hello World+1","Defragment+1","Cold Snap","Scrape+1","Beam Cell","Machine Learning","Multi-Cast+1","Rainbow+1","Gash+1","Beam Cell","FTL","Sweeping Beam","Beam Cell","Go for the Eyes","Stack","Gash","FTL+1","Flash of Steel+1","Amplify","Echo Form","BootSequence","Sunder+1","Doom and Gloom+1","Enlightenment","Coolheaded","Mind Blast+1","Beam Cell+1","Skim+1","Defragment+1","Madness","Madness","Defragment"],"relics":["Cracked Core","Golden Idol","Matryoshka","Art of War","Eternal Feather","Shuriken","Odd Mushroom","Pantograph","Astrolabe","Omamori","Necronomicon","Shovel","PreservedInsect","Bronze Scales","Cables","Tiny House","Bird Faced Urn","Whetstone","Juzu Bracelet","MawBank","CeramicFish","ClockworkSouvenir","Vajra"],"acts_visited":["Exordium","TheCity","TheBeyond"],"potions_floor_usage":[27,33,36,36,50,50,50],"damage_taken":[{"damage":4,"enemies":"Small Slimes","floor":1,"turns":3},{"damage":0,"enemies":"Jaw Worm","floor":4,"turns":4},{"damage":10,"enemies":"Lagavulin","floor":10,"turns":7},{"damage":16,"enemies":"The Mushroom Lair","floor":12,"turns":4},{"damage":13,"enemies":"Gremlin Nob","floor":14,"turns":4},{"damage":0,"enemies":"Slime Boss","floor":16,"turns":10},{"damage":6,"enemies":"Spheric Guardian","floor":18,"turns":4},{"damage":42,"enemies":"Book of Stabbing","floor":23,"turns":5},{"damage":0,"enemies":"Shell Parasite","floor":27,"turns":3},{"damage":7,"enemies":"3 Cultists","floor":28,"turns":4},{"damage":15,"enemies":"Chosen and Byrds","floor":31,"turns":3},{"damage":2,"enemies":"Champ","floor":33,"turns":7},{"damage":1,"enemies":"3 Shapes","floor":35,"turns":4},{"damage":34,"enemies":"2 Orb Walkers","floor":36,"turns":3},{"damage":0,"enemies":"Orb Walker","floor":38,"turns":2},{"damage":16,"enemies":"Giant Head","floor":40,"turns":5},{"damage":0,"enemies":"3 Darklings","floor":41,"turns":3},{"damage":0,"enemies":"Sphere and 2 Shapes","floor":45,"turns":2},{"damage":76,"enemies":"Awakened One","floor":50,"turns":8}],"seed_played":"-274067309457763225","potions_obtained":[{"floor":10,"key":"Explosive Potion"},{"floor":12,"key":"SpeedPotion"},{"floor":16,"key":"Block Potion"},{"floor":27,"key":"LiquidMemories"},{"floor":28,"key":"BlessingOfTheForge"},{"floor":33,"key":"FearPotion"},{"floor":34,"key":"AttackPotion"},{"floor":36,"key":"ColorlessPotion"},{"floor":40,"key":"Strength Potion"}],"is_trial":false,"path_per_floor":["M","?","?","M","?","R","?","$","T","E","R","?","?","E","R","B",null,"M","$","?","?","$","E","?","?","T","M","M","R","$","M","R","B",null,"M","?","?","M","$","E","M","R","T","?","M","R","?","$","R","B",null],"character_chosen":"DEFECT","items_purchased":["Defragment","FTL","Omamori","Sweeping Beam","Beam Cell","FTL","Flash of Steel","Whetstone","Mind Blast","Defragment","ClockworkSouvenir"],"campfire_rested":3,"item_purchase_floors":[8,19,19,19,22,30,30,39,39,48,48],"current_hp_per_floor":[78,71,51,51,48,48,53,53,53,43,49,33,16,3,38,63,87,81,81,81,65,65,23,23,23,23,23,16,54,54,39,80,85,92,91,57,57,59,59,51,55,73,73,73,75,92,80,80,92,24],"gold":16,"neow_bonus":"TEN_PERCENT_HP_BONUS","is_daily":false,"chose_seed":false,"campfire_upgraded":3,"win_rate":0.0,"timestamp":1612348797,"path_taken":["M","?","?","M","?","R","?","$","T","E","R","?","?","E","R","BOSS","M","$","?","?","$","E","?","?","T","M","?","R","?","M","R","BOSS","M","?","?","M","$","E","M","R","T","?","M","R","?","$","R","BOSS"],"items_purchased_type":["Card","Card","Relic","Card","Card","Card","Card","Relic","Card","Card","Relic"],"build_version":"2020-12-22","purchased_purges":1,"victory":true,"max_hp_per_floor":[82,82,82,82,82,82,87,87,87,87,87,87,87,87,87,87,87,87,87,87,87,87,87,87,87,87,87,87,87,87,87,87,87,92,92,92,92,92,92,92,92,92,92,92,92,92,92,92,92,92],"card_choices":[{"not_picked":["Ball Lightning","Turbo"],"picked":"Go for the Eyes","floor":1},{"not_picked":["Aggregate","Darkness"],"picked":"Hello World","floor":4},{"not_picked":["Static Discharge","Leap"],"picked":"Cold Snap","floor":10},{"not_picked":["Chaos","Tempest"],"picked":"Scrape","floor":12},{"not_picked":["Barrage","Tempest"],"picked":"Beam Cell","floor":14},{"not_picked":["Rainbow","Fission"],"picked":"Machine Learning","floor":16},{"not_picked":["Ball Lightning+1","Hello World"],"picked":"Beam Cell","floor":18},{"not_picked":["Streamline","Hologram"],"picked":"Go for the Eyes","floor":23},{"not_picked":["Turbo","Hologram"],"picked":"Stack","floor":27},{"not_picked":["Stack","Redo"],"picked":"Gash","floor":28},{"not_picked":["Skim","Compile Driver"],"picked":"Amplify","floor":31},{"not_picked":["Rainbow","Reboot"],"picked":"Echo Form","floor":33},{"not_picked":["Streamline","Steam Power"],"picked":"BootSequence","floor":34},{"not_picked":["Compile Driver","Turbo"],"picked":"Sunder+1","floor":35},{"not_picked":["Static Discharge+1","Genetic Algorithm+1"],"picked":"Doom and Gloom+1","floor":36},{"not_picked":["Jack Of All Trades","Metamorphosis"],"picked":"Enlightenment","floor":37},{"not_picked":["Force Field+1","Redo"],"picked":"Coolheaded","floor":38},{"not_picked":["Consume","Sunder"],"picked":"Beam Cell+1","floor":40},{"not_picked":["Chaos","Compile Driver+1"],"picked":"Skim+1","floor":41},{"not_picked":["Rip and Tear","Self Repair","Ball Lightning"],"picked":"SKIP","floor":45}],"player_experience":355262,"relics_obtained":[{"floor":9,"key":"Art of War"},{"floor":9,"key":"Eternal Feather"},{"floor":10,"key":"Shuriken"},{"floor":12,"key":"Odd Mushroom"},{"floor":14,"key":"Pantograph"},{"floor":21,"key":"Necronomicon"},{"floor":23,"key":"Shovel"},{"floor":26,"key":"Bronze Scales"},{"floor":26,"key":"Cables"},{"floor":36,"key":"Bird Faced Urn"},{"floor":40,"key":"Juzu Bracelet"},{"floor":43,"key":"MawBank"},{"floor":46,"key":"CeramicFish"},{"floor":49,"key":"Vajra"}],"event_choices":[{"cards_removed":["Strike_B"],"damage_healed":0,"gold_gain":0,"player_choice":"Card Removal","damage_taken":7,"max_hp_gain":0,"max_hp_loss":0,"event_name":"Golden Wing","floor":2,"gold_loss":0},{"damage_healed":0,"gold_gain":0,"player_choice":"Take Damage","damage_taken":20,"relics_obtained":["Golden Idol"],"max_hp_gain":0,"max_hp_loss":0,"event_name":"Golden Idol","floor":3,"gold_loss":0},{"damage_healed":0,"gold_gain":0,"player_choice":"Success","damage_taken":3,"relics_obtained":["Matryoshka"],"max_hp_gain":0,"max_hp_loss":0,"event_name":"Scrap Ooze","floor":5,"gold_loss":0},{"damage_healed":0,"gold_gain":0,"player_choice":"Donut","damage_taken":0,"max_hp_gain":5,"max_hp_loss":0,"event_name":"Big Fish","floor":7,"gold_loss":0},{"damage_healed":0,"gold_gain":0,"player_choice":"Fought Mushrooms","damage_taken":0,"max_hp_gain":0,"max_hp_loss":0,"event_name":"Mushrooms","floor":12,"gold_loss":0},{"damage_healed":0,"gold_gain":0,"player_choice":"Entered Light","damage_taken":17,"max_hp_gain":0,"max_hp_loss":0,"event_name":"Shining Light","floor":13,"gold_loss":0,"cards_upgraded":["Strike_B","Defend_B"]},{"damage_healed":0,"gold_gain":0,"player_choice":"Ignored","damage_taken":0,"max_hp_gain":0,"max_hp_loss":0,"event_name":"Ghosts","floor":20,"gold_loss":0},{"damage_healed":0,"gold_gain":0,"player_choice":"Obtained Book","damage_taken":16,"max_hp_gain":0,"max_hp_loss":0,"event_name":"Cursed Tome","floor":21,"gold_loss":0},{"damage_healed":0,"gold_gain":0,"player_choice":"Opened","damage_taken":0,"relics_obtained":["PreservedInsect"],"max_hp_gain":0,"max_hp_loss":0,"event_name":"The Mausoleum","floor":24,"gold_loss":0,"cards_obtained":["Writhe"]},{"damage_healed":0,"gold_gain":0,"player_choice":"Ignored","damage_taken":0,"max_hp_gain":0,"max_hp_loss":0,"event_name":"Vampires","floor":25,"gold_loss":0},{"damage_healed":0,"gold_gain":0,"player_choice":"Fight","damage_taken":0,"max_hp_gain":0,"max_hp_loss":0,"event_name":"Mysterious Sphere","floor":36,"gold_loss":0},{"damage_healed":0,"gold_gain":0,"player_choice":"Memory 1","damage_taken":0,"max_hp_gain":0,"max_hp_loss":0,"event_name":"SensoryStone","floor":37,"gold_loss":0},{"damage_healed":0,"gold_gain":0,"player_choice":"Copied","damage_taken":0,"max_hp_gain":0,"max_hp_loss":0,"event_name":"Duplicator","floor":44,"gold_loss":0,"cards_obtained":["Defragment"]},{"damage_healed":0,"gold_gain":0,"player_choice":"Embrace Madness","damage_taken":12,"max_hp_gain":0,"max_hp_loss":0,"event_name":"Winding Halls","floor":47,"gold_loss":0,"cards_obtained":["Madness","Madness"]}],"is_beta":false,"boss_relics":[{"not_picked":["SlaversCollar","Nuclear Battery"],"picked":"Astrolabe"},{"not_picked":["Calling Bell","Runic Dome"],"picked":"Tiny House"}],"items_purged_floors":[39],"is_endless":false,"potions_floor_spawned":[10,12,16,27,28,33,36,40,45],"ascension_level":0}}