{"host":"jlk2k69f9c6o7b3e","time":1612335105,"event":{"mods":["AchievementEnabler","BaseMod","Minty Spire (QoL Compilation)","StSLib"],"gold_per_floor":[18,36,56,74,349,382,382,407,461,491,507,35,35,35],"floor_reached":13,"language":"ZHS","playtime":643,"items_purged":["Regret"],"score":126,"play_id":"1587d838-1c50-4bf7-a2bf-da9aec93efd5","local_time":"20210203145144","is_ascension_mode":true,"campfire_choices":[{"data":"Creative AI","floor":7.0,"key":"SMITH"}],"circlet_count":0,"master_deck":["Strike_B","Strike_B","Strike_B","Strike_B","Defend_B","Defend_B","Defend_B","Defend_B","Zap","Dualcast","Creative AI+1","Static Discharge","Aggregate","Self Repair","White Noise","Consume","Chill","Machine Learning","Conserve Battery","Storm","Doom and Gloom+1"],"relics":["Cracked Core","DataDisk","Molten Egg 2","Happy Flower","Potion Belt","FossilizedHelix"],"acts_visited":["Exordium"],"potions_floor_usage":[],"damage_taken":[{"damage":6.0,"enemies":"2 Louse","floor":1.0,"turns":3.0},{"damage":1.0,"enemies":"Cultist","floor":2.0,"turns":3.0},{"damage":6.0,"enemies":"Small Slimes","floor":3.0,"turns":3.0},{"damage":16.0,"enemies":"Looter","floor":4.0,"turns":5.0},{"damage":34.0,"enemies":"3 Sentries","floor":6.0,"turns":4.0},{"damage":18.0,"enemies":"Gremlin Nob","floor":8.0,"turns":5.0},{"damage":13.0,"enemies":"Lagavulin","floor":10.0,"turns":6.0},{"damage":1.0,"enemies":"Large Slime","floor":11.0,"turns":4.0},{"damage":15,"enemies":"3 Sentries","floor":13,"turns":2}],"seed_played":"4602725507276903459","potions_obtained":[{"floor":1.0,"key":"Weak Potion"},{"floor":2.0,"key":"Block Potion"},{"floor":6.0,"key":"Energy Potion"},{"floor":8.0,"key":"EssenceOfDarkness"}],"is_trial":false,"path_per_floor":["M","M","M","M","?","E","R","E","T","E","M","$","E"],"character_chosen":"DEFECT","items_purchased":["FossilizedHelix","Storm","Doom and Gloom+1"],"campfire_rested":0,"item_purchase_floors":[12,12,12],"current_hp_per_floor":[69,68,62,53,53,26,26,15,15,9,15,15,0,0],"gold":35,"neow_bonus":"THREE_RARE_CARDS","is_daily":false,"chose_seed":false,"campfire_upgraded":1,"win_rate":0.0,"timestamp":1612335104,"path_taken":["M","M","M","M","?","E","R","E","T","E","?","$","E"],"items_purchased_type":["Relic","Card","Card"],"build_version":"2020-12-22","purchased_purges":1,"victory":false,"max_hp_per_floor":[75,75,75,75,75,75,75,75,75,75,75,75,75,75],"card_choices":[{"not_picked":["Reboot","Meteor Strike"],"picked":"Creative AI","floor":0.0},{"not_picked":["Redo","Compile Driver"],"picked":"Static Discharge","floor":1.0},{"not_picked":["Gash","Steam Power"],"picked":"Aggregate","floor":2.0},{"not_picked":["Rebound","Sunder"],"picked":"Self Repair","floor":3.0},{"not_picked":["Static Discharge","Hologram"],"picked":"White Noise","floor":4.0},{"not_picked":["Stack","Coolheaded"],"picked":"Consume","floor":6.0},{"not_picked":["Steam","Turbo"],"picked":"Chill","floor":8.0},{"not_picked":["Go for the Eyes+1","Fusion"],"picked":"Machine Learning","floor":10.0},{"not_picked":["Rip and Tear+1","Skim"],"picked":"Conserve Battery","floor":11.0}],"player_experience":332747,"relics_obtained":[{"floor":6.0,"key":"DataDisk"},{"floor":8.0,"key":"Molten Egg 2"},{"floor":9.0,"key":"Happy Flower"},{"floor":10.0,"key":"Potion Belt"}],"event_choices":[{"damage_healed":0.0,"max_hp_gain":0.0,"max_hp_loss":0.0,"gold_gain":275.0,"event_name":"Golden Shrine","player_choice":"Desecrate","floor":5.0,"gold_loss":0.0,"damage_taken":0.0,"cards_obtained":["Regret"]}],"is_beta":false,"boss_relics":[],"items_purged_floors":[12],"is_endless":false,"potions_floor_spawned":[1,2,6,8],"killed_by":"3 Sentries","ascension_level":4}}