{"host":"hcgx0xuxlgmwc1io","time":1612388851,"event":{"mods":["AchievementEnabler","BaseMod","Downfall","Hermit","Jorbs\u0027s Wanderer Trilogy","Minty Spire (QoL Compilation)","Replay The Spire","StSLib","The Hierophant","The Servant 0.9.4"],"gold_per_floor":[111,125,145,26,44,44,44,44,44,44,44,60,60,88,107,118,118,213,213,228,239,255,255,255,255],"floor_reached":24,"language":"ENG","playtime":1243,"items_purged":[],"score":248,"play_id":"fc5719b8-2a5c-4978-87d1-3343101f01e2","local_time":"20210203184728","is_ascension_mode":false,"campfire_choices":[{"data":"ReturningBlade","floor":8.0,"key":"SMITH"},{"data":"ReturningBlade+1","floor":10.0,"key":"SMITH"},{"data":"ReturningBlade+2","floor":13.0,"key":"SMITH"},{"floor":17.0,"key":"REST"}],"circlet_count":0,"master_deck":["Strike_S","Strike_S","Strike_S","Strike_S","Defend_S","Defend_S","Defend_S","Defend_S","KidneyShot","Exchange","Defy","Starlight","ReturningBlade+3","Potential+1","SurpressingFire","Rewind+1","Defy","Snipe","StarChef","Revamp","Initiator","FastForward+1","Barrier","Slimebound:CheckThePlaybook","downfall:Icky"],"relics":["Uniform","Replay:Ringing Soul","StoneCalendar","Painkiller Herb"],"acts_visited":["Exordium","TheCity"],"potions_floor_usage":[],"damage_taken":[{"damage":1.0,"enemies":"Cultist","floor":1.0,"turns":4.0},{"damage":0.0,"enemies":"Small Slimes","floor":2.0,"turns":4.0},{"damage":8.0,"enemies":"Jaw Worm","floor":3.0,"turns":3.0},{"damage":8.0,"enemies":"Blue Slaver","floor":5.0,"turns":4.0},{"damage":13.0,"enemies":"3 Louse","floor":12.0,"turns":3.0},{"damage":16.0,"enemies":"Lagavulin","floor":14.0,"turns":9.0},{"damage":16.0,"enemies":"2 Fungi Beasts","floor":16.0,"turns":5.0},{"damage":28.0,"enemies":"Slime Boss","floor":18.0,"turns":7.0},{"damage":3.0,"enemies":"Chosen","floor":20.0,"turns":5.0},{"damage":6.0,"enemies":"3 Byrds","floor":21.0,"turns":5.0},{"damage":14.0,"enemies":"Cultist and Chosen","floor":22.0,"turns":7.0}],"seed_played":"-8487122358821492939","potions_obtained":[{"floor":2.0,"key":"Milkshake"},{"floor":5.0,"key":"Weak Potion"},{"floor":12.0,"key":"SteroidPotion"},{"floor":15.0,"key":"Cursed Concoction"},{"floor":15.0,"key":"Adrenaline Potion"},{"floor":15.0,"key":"Block Potion"}],"is_trial":false,"path_per_floor":["M","M","M","$","M","PTL","PTL","R","?","R","T","M","R","E","?","M","R","B",null,"?","?","?","?","T"],"character_chosen":"THE_SERVANT","items_purchased":["Potential+1","SurpressingFire"],"campfire_rested":1,"item_purchase_floors":[4,4],"current_hp_per_floor":[70,70,62,62,54,54,54,54,54,54,54,44,44,31,34,21,45,20,86,83,80,69,72,72,72],"gold":255,"neow_bonus":"TEN_PERCENT_HP_BONUS","is_daily":false,"chose_seed":false,"campfire_upgraded":3,"win_rate":0.0,"timestamp":1612388848,"path_taken":["M","M","?","$","M","PTL","PTL","R","?","R","T","M","R","E","?","M","R","BOSS","?","?","?","?","T"],"items_purchased_type":["Card","Card"],"build_version":"2020-12-22","purchased_purges":0,"victory":false,"max_hp_per_floor":[71,71,71,71,71,71,71,71,71,71,71,74,74,77,80,83,83,86,86,86,89,92,95,95,95],"card_choices":[{"not_picked":["Rearm","Advance"],"picked":"Defy","floor":1.0},{"not_picked":["Defy","Comet"],"picked":"Starlight","floor":2.0},{"not_picked":["Alleviate","Spin"],"picked":"ReturningBlade","floor":3.0},{"not_picked":["Starlight","Defy"],"picked":"Rewind","floor":5.0},{"not_picked":["BottledTime","Shuttle"],"picked":"Defy","floor":12.0},{"not_picked":["Rearm","BottledTime"],"picked":"Snipe","floor":14.0},{"not_picked":["DoubleEdge","SpecialFormula"],"picked":"StarChef","floor":15.0},{"not_picked":["Duplication","ShatteredReality"],"picked":"Revamp","floor":16.0},{"not_picked":["PendulumOfEternity","FloweringNight"],"picked":"Initiator","floor":18.0},{"not_picked":["Potential","StarChef","Advance"],"picked":"SKIP","floor":20.0},{"not_picked":["DoubleEdge","Replace"],"picked":"FastForward+1","floor":21.0},{"not_picked":["TimeWarp","Rewind"],"picked":"Barrier","floor":22.0}],"player_experience":72333,"relics_obtained":[{"floor":11.0,"key":"Replay:Ringing Soul"},{"floor":14.0,"key":"StoneCalendar"}],"event_choices":[],"is_beta":false,"boss_relics":[{"not_picked":["Empty Cage","Runic Dome"],"picked":"Painkiller Herb"}],"items_purged_floors":[],"is_endless":false,"potions_floor_spawned":[2,5,12,18,20,21],"ascension_level":0}}