{"host":"a5lz0e76zb3fcwkm","time":1612369497,"event":{"mods":["AchievementEnabler","BaseMod","Colored Map","Colored Powertips","Minty Spire (QoL Compilation)","StSLib","SuperFastMode"],"gold_per_floor":[12,25,25,45,45,45,58,77,77,101,120,120,45,59,59,59,59],"floor_reached":16,"language":"KOR","playtime":480,"items_purged":[],"score":192,"play_id":"b32ca728-28b1-46bc-ae62-a004d80f9610","local_time":"20210204012457","is_ascension_mode":true,"campfire_choices":[{"data":"Corruption","floor":6,"key":"SMITH"},{"data":"Fire Breathing","floor":15,"key":"SMITH"}],"circlet_count":0,"master_deck":["AscendersBane","Strike_R","Strike_R","Strike_R","Strike_R","Strike_R","Defend_R","Defend_R","Defend_R","Defend_R","Bash","Corruption+1","Sentinel","Sentinel","Offering","Burning Pact","Flame Barrier","Armaments+1","Fire Breathing+1","Carnage"],"relics":["Burning Blood","Golden Idol","Paper Frog"],"acts_visited":["Exordium"],"potions_floor_usage":[8,16,16],"damage_taken":[{"damage":14.0,"enemies":"Jaw Worm","floor":1.0,"turns":4.0},{"damage":4.0,"enemies":"Small Slimes","floor":2.0,"turns":4.0},{"damage":2.0,"enemies":"Cultist","floor":4.0,"turns":4.0},{"damage":8,"enemies":"Looter","floor":7,"turns":3},{"damage":19,"enemies":"Lots of Slimes","floor":8,"turns":5},{"damage":10,"enemies":"3 Louse","floor":10,"turns":5},{"damage":6,"enemies":"2 Fungi Beasts","floor":11,"turns":4},{"damage":17,"enemies":"Exordium Wildlife","floor":14,"turns":6},{"damage":36,"enemies":"Hexaghost","floor":16,"turns":5}],"seed_played":"5216652174858375795","potions_obtained":[{"floor":4.0,"key":"SteroidPotion"},{"floor":10,"key":"SteroidPotion"},{"floor":11,"key":"FearPotion"}],"is_trial":false,"path_per_floor":["M","M","?","M","?","R","M","M","T","M","M","?","$","M","R","B"],"character_chosen":"IRONCLAD","items_purchased":["Fire Breathing"],"campfire_rested":0,"item_purchase_floors":[13],"current_hp_per_floor":[60,62,62,66,66,66,64,51,51,47,47,47,47,36,36,0,0],"gold":59,"neow_bonus":"THREE_RARE_CARDS","is_daily":false,"chose_seed":false,"campfire_upgraded":2,"win_rate":0.0,"timestamp":1612369497,"path_taken":["M","M","?","M","?","R","M","M","T","M","?","?","$","M","R","BOSS"],"items_purchased_type":["Card"],"build_version":"2020-12-22","purchased_purges":0,"victory":false,"max_hp_per_floor":[75,75,68,68,68,68,68,68,68,68,68,68,68,68,68,68,68],"card_choices":[{"not_picked":["Impervious","Demon Form"],"picked":"Corruption","floor":0.0},{"not_picked":["Iron Wave","Sever Soul","Anger"],"picked":"SKIP","floor":1.0},{"not_picked":["Dark Embrace","Perfected Strike"],"picked":"Sentinel","floor":2.0},{"not_picked":["Reckless Charge","Battle Trance"],"picked":"Sentinel","floor":4.0},{"not_picked":["Twin Strike","Sword Boomerang","Blood for Blood"],"picked":"SKIP","floor":7},{"not_picked":["Twin Strike","Sword Boomerang","Blood for Blood"],"picked":"SKIP","floor":7},{"not_picked":["Perfected Strike","Rupture"],"picked":"Flame Barrier","floor":8},{"not_picked":["Sword Boomerang","Headbutt","Warcry"],"picked":"SKIP","floor":10},{"not_picked":["Heavy Blade","Corruption"],"picked":"Armaments","floor":11},{"not_picked":["Cleave","Havoc"],"picked":"Carnage","floor":14}],"player_experience":1832800,"relics_obtained":[{"floor":9,"key":"Paper Frog"}],"event_choices":[{"damage_healed":0.0,"max_hp_gain":0.0,"max_hp_loss":7.0,"gold_gain":0.0,"event_name":"Golden Idol","player_choice":"Lose Max HP","floor":3.0,"gold_loss":0.0,"damage_taken":0.0,"relics_obtained":["Golden Idol"]},{"damage_healed":0.0,"max_hp_gain":0.0,"max_hp_loss":0.0,"gold_gain":0.0,"event_name":"Match and Keep!","player_choice":"2 cards matched","floor":5.0,"gold_loss":0.0,"damage_taken":0.0,"cards_obtained":["Offering","Burning Pact"]},{"damage_healed":0,"gold_gain":0,"player_choice":"Upgraded","damage_taken":0,"max_hp_gain":0,"max_hp_loss":0,"event_name":"Upgrade Shrine","floor":12,"gold_loss":0,"cards_upgraded":["Armaments"]}],"is_beta":false,"boss_relics":[],"items_purged_floors":[],"is_endless":false,"potions_floor_spawned":[4,10,11,14],"killed_by":"Hexaghost","ascension_level":20}}