{"host":"1nniobf0g4s2td4e","time":1612322000,"event":{"mods":["2.2 Compatiblity","BaseMod","Minty Spire (QoL Compilation)","StSLib","SuperFastMode"],"gold_per_floor":[112,112,112,112,160,160,160,183,183,183,183,183,183,227,227,355,355,371,371,371,394,394,394,394,394,419,419,419,419,334,373,373,498,498,511,511,511,273,297,297,297,297,297,297,297,332,341,404,404,404],"floor_reached":51,"language":"ENG","playtime":1192,"items_purged":["Pain"],"score":770,"play_id":"156bc334-b550-4b6f-baa5-3e2a2d0d3791","local_time":"20210202211320","daily_mods":["Heirloom","Flight"],"is_ascension_mode":false,"campfire_choices":[{"floor":6,"key":"DIG"},{"floor":7,"key":"DIG"},{"floor":10,"key":"DIG"},{"floor":11,"key":"DIG"},{"floor":12,"key":"DIG"},{"floor":13,"key":"DIG"},{"floor":15,"key":"REST"},{"floor":23,"key":"DIG"},{"floor":24,"key":"DIG"},{"floor":25,"key":"DIG"},{"floor":27,"key":"DIG"},{"floor":32,"key":"DIG"},{"floor":40,"key":"DIG"},{"floor":41,"key":"DIG"},{"floor":42,"key":"DIG"},{"floor":44,"key":"DIG"},{"floor":45,"key":"DIG"},{"floor":49,"key":"DIG"}],"circlet_count":0,"master_deck":["Strike_R+1","Strike_R+1","Strike_R+1","Defend_R+1","Defend_R+1","Defend_R+1","Dropkick","Twin Strike+1","Clash+1","Bludgeon+1","Cleave+1","Pommel Strike+1","Bash+1","Shrug It Off","Thunderclap+1","Intimidate","Bludgeon+1","Sword Boomerang+1","Heavy Blade+1","Master of Strategy","Doubt","Clumsy","Normality","Clumsy"],"relics":["Burning Blood","Shovel","Tiny Chest","Frozen Egg 2","Golden Idol","Dream Catcher","Shuriken","Molten Egg 2","Pantograph","Bag of Preparation","Prayer Wheel","Sundial","InkBottle","Juzu Bracelet","Cursed Key","Mercury Hourglass","Happy Flower","Torii","Akabeko","Centennial Puzzle","Ornamental Fan","Vajra","Kunai","Potion Belt","Empty Cage","Orichalcum","PreservedInsect","Anchor","Smiling Mask","Boot","White Beast Statue","Mango","CeramicFish","Art of War","Peace Pipe","Lizard Tail","Pen Nib"],"acts_visited":["Exordium","TheCity","TheBeyond"],"potions_floor_usage":[],"damage_taken":[{"damage":5,"enemies":"Small Slimes","floor":1,"turns":4},{"damage":0,"enemies":"2 Louse","floor":8,"turns":2},{"damage":35,"enemies":"3 Sentries","floor":14,"turns":7},{"damage":62,"enemies":"The Guardian","floor":16,"turns":7},{"damage":17,"enemies":"3 Byrds","floor":18,"turns":4},{"damage":0,"enemies":"Spheric Guardian","floor":21,"turns":2},{"damage":20,"enemies":"Slavers","floor":31,"turns":3},{"damage":22,"enemies":"Champ","floor":33,"turns":5},{"damage":0,"enemies":"3 Darklings","floor":35,"turns":3},{"damage":18,"enemies":"Mind Bloom Boss Battle","floor":48,"turns":5},{"damage":58,"enemies":"Time Eater","floor":50,"turns":6}],"seed_played":"-2061359700745929946","potions_obtained":[{"floor":1,"key":"Regen Potion"},{"floor":16,"key":"BloodPotion"},{"floor":18,"key":"DistilledChaos"},{"floor":21,"key":"FairyPotion"},{"floor":48,"key":"DuplicationPotion"}],"is_trial":true,"path_per_floor":["M","?","?","?","T","R","R","M","T","R","R","R","R","E","R","B",null,"M","?","?","M","T","R","R","R","T","R","?","?","?","E","R","B",null,"M","T","?","$","T","R","R","R","T","R","R","T","T","?","R","B",null],"character_chosen":"IRONCLAD","items_purchased":["Master of Strategy"],"campfire_rested":1,"item_purchase_floors":[38],"current_hp_per_floor":[80,77,82,61,61,61,61,67,67,67,67,67,67,38,63,29,85,74,74,74,80,80,80,80,80,80,80,80,80,80,66,66,69,85,85,85,85,85,85,85,85,85,85,99,99,99,99,87,87,47],"gold":404,"neow_bonus":"","is_daily":false,"chose_seed":false,"campfire_upgraded":0,"win_rate":0.0,"timestamp":1612322000,"path_taken":["M","?","?","?","?","R","R","?","T","R","R","R","R","E","R","BOSS","M","?","?","M","?","R","R","R","T","R","?","?","?","E","R","BOSS","M","?","?","$","?","R","R","R","T","R","R","?","?","?","R","BOSS"],"items_purchased_type":["Card"],"build_version":"2020-12-22","purchased_purges":1,"victory":true,"max_hp_per_floor":[80,80,85,85,85,85,85,85,85,85,85,85,85,85,85,85,85,85,85,85,85,85,85,85,85,85,85,85,85,85,85,85,85,85,85,85,85,85,85,85,85,85,85,99,99,99,99,99,99,99],"card_choices":[{"not_picked":["Fire Breathing","Perfected Strike"],"picked":"Dropkick","floor":1},{"not_picked":["True Grit","Feel No Pain+1"],"picked":"Twin Strike+1","floor":8},{"not_picked":["Infernal Blade","Dark Embrace+1"],"picked":"Clash+1","floor":14},{"not_picked":["Impervious","Corruption+1"],"picked":"Bludgeon+1","floor":16},{"not_picked":["Second Wind","Shrug It Off"],"picked":"Cleave+1","floor":18},{"not_picked":["Shrug It Off","Perfected Strike+1"],"picked":"Pommel Strike+1","floor":18},{"not_picked":["Heavy Blade+1","Clash+1"],"picked":"Shrug It Off","floor":21},{"not_picked":["Sword Boomerang+1","Perfected Strike+1"],"picked":"Thunderclap+1","floor":21},{"not_picked":["Body Slam+1","Brutality+1"],"picked":"Intimidate","floor":31},{"not_picked":["Demon Form+1","Brutality+1"],"picked":"Bludgeon+1","floor":33},{"not_picked":["Headbutt+1","Perfected Strike+1"],"picked":"Sword Boomerang+1","floor":35},{"not_picked":["Iron Wave+1","Fire Breathing+1"],"picked":"Heavy Blade+1","floor":35}],"player_experience":768171,"relics_obtained":[{"floor":5,"key":"Dream Catcher"},{"floor":6,"key":"Shuriken"},{"floor":7,"key":"Molten Egg 2"},{"floor":9,"key":"Pantograph"},{"floor":10,"key":"Bag of Preparation"},{"floor":11,"key":"Prayer Wheel"},{"floor":12,"key":"Sundial"},{"floor":13,"key":"InkBottle"},{"floor":14,"key":"Juzu Bracelet"},{"floor":22,"key":"Mercury Hourglass"},{"floor":23,"key":"Happy Flower"},{"floor":24,"key":"Torii"},{"floor":25,"key":"Akabeko"},{"floor":26,"key":"Centennial Puzzle"},{"floor":27,"key":"Ornamental Fan"},{"floor":31,"key":"Kunai"},{"floor":32,"key":"Potion Belt"},{"floor":36,"key":"Orichalcum"},{"floor":39,"key":"PreservedInsect"},{"floor":40,"key":"Anchor"},{"floor":41,"key":"Smiling Mask"},{"floor":42,"key":"Boot"},{"floor":43,"key":"White Beast Statue"},{"floor":44,"key":"Mango"},{"floor":45,"key":"CeramicFish"},{"floor":46,"key":"Art of War"},{"floor":47,"key":"Peace Pipe"},{"floor":48,"key":"Lizard Tail"},{"floor":49,"key":"Pen Nib"}],"event_choices":[{"damage_healed":0,"gold_gain":0,"player_choice":"Success","damage_taken":3,"relics_obtained":["Frozen Egg 2"],"max_hp_gain":0,"max_hp_loss":0,"event_name":"Scrap Ooze","floor":2,"gold_loss":0},{"damage_healed":0,"gold_gain":0,"player_choice":"Donut","damage_taken":0,"max_hp_gain":5,"max_hp_loss":0,"event_name":"Big Fish","floor":3,"gold_loss":0},{"damage_healed":0,"gold_gain":0,"player_choice":"Take Damage","damage_taken":21,"relics_obtained":["Golden Idol"],"max_hp_gain":0,"max_hp_loss":0,"event_name":"Golden Idol","floor":4,"gold_loss":0},{"damage_healed":0,"gold_gain":0,"player_choice":"Ignored","damage_taken":0,"max_hp_gain":0,"max_hp_loss":0,"event_name":"N\u0027loth","floor":19,"gold_loss":0},{"damage_healed":0,"gold_gain":0,"player_choice":"1 cards matched","damage_taken":0,"max_hp_gain":0,"max_hp_loss":0,"event_name":"Match and Keep!","floor":20,"gold_loss":0,"cards_obtained":["Bash"]},{"damage_healed":0,"gold_gain":0,"player_choice":"1 cards matched","damage_taken":0,"max_hp_gain":0,"max_hp_loss":0,"event_name":"Match and Keep!","floor":20,"gold_loss":0,"cards_obtained":["Bash"]},{"damage_healed":0,"gold_gain":0,"player_choice":"Ignored","damage_taken":0,"max_hp_gain":0,"max_hp_loss":0,"event_name":"Ghosts","floor":28,"gold_loss":0},{"damage_healed":0,"gold_gain":0,"player_choice":"Simplicity","damage_taken":0,"max_hp_gain":0,"max_hp_loss":0,"event_name":"Back to Basics","floor":29,"gold_loss":0,"cards_upgraded":["Strike_R","Strike_R","Strike_R","Strike_R","Strike_R","Defend_R","Defend_R","Defend_R","Defend_R"]},{"damage_healed":0,"gold_gain":0,"player_choice":"Obtained Relic","damage_taken":0,"relics_obtained":["Vajra"],"max_hp_gain":0,"max_hp_loss":0,"event_name":"Addict","floor":30,"gold_loss":85},{"cards_removed":["Strike_R"],"damage_healed":0,"gold_gain":0,"player_choice":"Removed Attack","damage_taken":0,"max_hp_gain":0,"max_hp_loss":0,"event_name":"Falling","floor":37,"gold_loss":0},{"damage_healed":0,"gold_gain":0,"player_choice":"Fight","damage_taken":0,"max_hp_gain":0,"max_hp_loss":0,"event_name":"MindBloom","floor":48,"gold_loss":0}],"is_beta":false,"boss_relics":[{"not_picked":["Black Blood","Velvet Choker"],"picked":"Cursed Key"},{"not_picked":["Runic Cube","Tiny House"],"picked":"Empty Cage"}],"items_purged_floors":[38],"is_endless":false,"potions_floor_spawned":[1,16,18,21,48],"ascension_level":0}}