{"host":"y0avvqzsetgmdwfn","time":1612365879,"event":{"mods":["AchievementEnabler","BaseMod","Better Third Choice","Downfall","Minty Spire (QoL Compilation)","Red Circlet Mod","Replay The Spire","Spicy Shops","StSLib"],"gold_per_floor":[149,163,263,263,263,278,349,249,284,295,321,321,338,370,389,491,491,491,511,526,526,626,626,651,683,6,19,48,61,102,122,150,255,255,155,183,308,327,349,424,450,470,493,527,552,572,572,572,572],"floor_reached":47,"language":"ENG","playtime":4373,"items_purged":[],"score":861,"play_id":"c2de6ca0-8dd6-4b38-8889-aa97f05958ba","local_time":"20210203232439","is_ascension_mode":true,"campfire_choices":[{"data":"Slimebound:DisruptingSlam","floor":1.0,"key":"SMITH"},{"data":"Slimebound:Split","floor":8.0,"key":"SMITH"},{"floor":12.0,"key":"REST"},{"data":"Slimebound:SelfFormingGoo","floor":18.0,"key":"SMITH"},{"floor":35.0,"key":"DIG"}],"circlet_count":0,"master_deck":["Slimebound:Strike_Slimebound","Slimebound:Strike_Slimebound","Slimebound:Strike_Slimebound","Slimebound:Defend_Slimebound","Slimebound:Defend_Slimebound","Slimebound:Defend_Slimebound","Slimebound:Defend_Slimebound","Slimebound:Split+1","Slimebound:CorrosiveSpit+1","Slimebound:DisruptingSlam+1","Slimebound:Schlurp","Slimebound:RainOfGoop+1","Delirium","Slimebound:Replication","Slimebound:Equalize","Slimebound:ItLooksTasty","Slimebound:SlimeTap","Slimebound:DuplicatedForm","Slimebound:HungryTackle","Slimebound:Prepare","Slimebound:SelfFormingGoo+1","Slimebound:DivideAndConquer","Slimebound:ProtectTheBoss+1","Slimebound:LeechLife","Slimebound:Prepare","expansioncontent:QuickStudy","Slimebound:Darklings","Slimebound:Repurpose+1","Slimebound:LevelUp","Slimebound:FinishingTackle","Slimebound:LevelUp","Slimebound:LeechEnergy+1","Slimebound:FirmFortitude","Slimebound:SplitMire+1","ReplayTheSpireMod:Splinters","Slimebound:RejuvenatingLick+1","Slimebound:LevelUp+1","Slimebound:Equalize+1","Slimebound:SlimeBarrage+1","Pot Of Greed","Pot Of Greed","Pot Of Greed","Pot Of Greed","Slimebound:Darklings","Slimebound:Schlurp","Slimebound:Gluttony+1","Slimebound:SpikyOuterGoop","Slimebound:SpikyOuterGoop+1","Slimebound:LeechEnergy+1"],"relics":["Tiny House","ReplayTheSpireMod:Ring of Exchange","Ring of Hypnosis","downfall:HeartBlessingBlue","PreservedInsect","ReplayFunnel","Mummified Hand","SacredBark","Nilry\u0027s Codex","Shovel","Kunai","Bag of Preparation","Blood Vial","Ring of Chaos","Blue Candle","CeramicFish","Black Star","downfall:HeartBlessingGreen","Snack Pack","Regal Pillow","Grinning Jar","Ancient Tea Set","Oddly Smooth Stone","Gremlin Horn","bronze:BronzeIdol"],"acts_visited":["Exordium","TheCity","TheBeyond"],"potions_floor_usage":[45,46,46],"damage_taken":[{"damage":7.0,"enemies":"Jaw Worm","floor":2.0,"turns":3.0},{"damage":0.0,"enemies":"2 Louse","floor":6.0,"turns":2.0},{"damage":28.0,"enemies":"Lagavulin","floor":9.0,"turns":5.0},{"damage":6.0,"enemies":"Cultist","floor":10.0,"turns":3.0},{"damage":9.0,"enemies":"Replay:BlueRogue","floor":11.0,"turns":4.0},{"damage":1.0,"enemies":"Blue Slaver","floor":13.0,"turns":2.0},{"damage":0.0,"enemies":"Gremlin Nob","floor":14.0,"turns":2.0},{"damage":4.0,"enemies":"2 Fungi Beasts","floor":15.0,"turns":4.0},{"damage":64.0,"enemies":"IC_STATUS_ARCHETYPE","floor":16.0,"turns":10.0},{"damage":20.0,"enemies":"3 Byrds","floor":19.0,"turns":5.0},{"damage":21.0,"enemies":"Chosen","floor":20.0,"turns":7.0},{"damage":24.0,"enemies":"Colosseum Nobs","floor":22.0,"turns":4.0},{"damage":15.0,"enemies":"Book of Stabbing","floor":25.0,"turns":4.0},{"damage":15.0,"enemies":"downfall:FleeingMerchant","floor":26.0,"turns":4.0},{"damage":22.0,"enemies":"Shelled Parasite and Fungi","floor":27.0,"turns":5.0},{"damage":27.0,"enemies":"Slavers","floor":28.0,"turns":4.0},{"damage":18.0,"enemies":"Sentry and Sphere","floor":29.0,"turns":3.0},{"damage":31.0,"enemies":"Book of Stabbing","floor":30.0,"turns":5.0},{"damage":41.0,"enemies":"Centurion and Healer","floor":31.0,"turns":10.0},{"damage":28.0,"enemies":"Chosen and Byrds","floor":32.0,"turns":8.0},{"damage":46.0,"enemies":"SI_MIRROR_ARCHETYPE","floor":33.0,"turns":9.0},{"damage":68.0,"enemies":"3 Darklings","floor":36.0,"turns":9.0},{"damage":30.0,"enemies":"3 Shapes","floor":38.0,"turns":6.0},{"damage":32.0,"enemies":"Sphere and 2 Shapes","floor":39.0,"turns":5.0},{"damage":38.0,"enemies":"Nemesis","floor":40.0,"turns":5.0},{"damage":36.0,"enemies":"Jaw Worm Horde","floor":42.0,"turns":4.0},{"damage":52.0,"enemies":"Maw","floor":43.0,"turns":7.0},{"damage":15.0,"enemies":"Giant Head","floor":44.0,"turns":7.0},{"damage":35,"enemies":"Sphere and 2 Shapes","floor":45,"turns":6},{"damage":39,"enemies":"Transient","floor":46,"turns":5},{"damage":58,"enemies":"4 Shapes","floor":47,"turns":4}],"seed_played":"3120030404441559403","potions_obtained":[{"floor":0.0,"key":"ColorlessPotion"},{"floor":6.0,"key":"CultistPotion"},{"floor":11.0,"key":"SpeedPotion"},{"floor":15.0,"key":"ColorlessPotion"},{"floor":16.0,"key":"Block Potion"},{"floor":27.0,"key":"Strength Potion"},{"floor":28.0,"key":"EssenceOfSteel"},{"floor":30.0,"key":"Strength Potion"},{"floor":32.0,"key":"Regen Potion"},{"floor":33.0,"key":"sneckomod:MuddlingPotion"},{"floor":38.0,"key":"Slimebound:SlimyTonguePotion"},{"floor":42.0,"key":"SkillPotion"},{"floor":44.0,"key":"FearPotion"},{"floor":45,"key":"Weak Potion"}],"is_trial":false,"path_per_floor":["R","M","?","?","?","M","T","R","E","M","E","R","M","E","M","B",null,"R","M","M","?","?","?","T","E","$","M","E","M","E","M","M","B",null,"R","M","?","M","M","E","T","M","M","E","M","M","M"],"character_chosen":"SLIMEBOUND","items_purchased":["Ring of Chaos","expansioncontent:QuickStudy"],"campfire_rested":1,"item_purchase_floors":[26,26],"current_hp_per_floor":[70,63,63,63,63,63,63,73,45,47,46,70,69,77,73,32,80,80,79,77,61,52,78,78,80,80,73,48,59,57,80,60,80,80,80,70,70,57,55,80,80,47,62,63,42,46,0,0,0],"gold":572,"neow_bonus":"BOSS_RELIC","is_daily":false,"chose_seed":false,"campfire_upgraded":3,"win_rate":0.0,"timestamp":1612365879,"path_taken":["R","M","?","?","?","M","T","R","E","M","E","R","?","E","M","BOSS","R","M","M","?","?","?","T","E","$","M","E","M","E","M","M","BOSS","R","M","?","?","M","E","T","M","M","E","M","M","M"],"items_purchased_type":["Relic","Card"],"build_version":"2020-12-22","purchased_purges":0,"victory":false,"max_hp_per_floor":[70,70,70,70,70,70,70,80,80,80,80,80,80,80,80,80,80,80,80,80,80,80,80,80,80,80,80,80,80,80,80,80,80,80,80,80,80,80,80,80,80,80,80,80,80,80,80,80,80],"card_choices":[{"not_picked":["Slimebound:SplitBruiser","Slimebound:SplitLeeching"],"picked":"Slimebound:DisruptingSlam","floor":0.0},{"not_picked":["Slimebound:LeechingTouch","Slimebound:TongueLash"],"picked":"Slimebound:Schlurp","floor":2.0},{"not_picked":["Slimebound:ItLooksTasty","Slimebound:Schlurp"],"picked":"Slimebound:Replication","floor":6.0},{"not_picked":["Slimebound:SlimeSpikes","Slimebound:Recollect"],"picked":"Slimebound:Equalize","floor":9.0},{"not_picked":["Slimebound:Grow","Slimebound:RollThrough"],"picked":"Slimebound:ItLooksTasty","floor":10.0},{"not_picked":["Slimebound:GrowthPunch","Slimebound:ItLooksTasty"],"picked":"Slimebound:SlimeTap","floor":11.0},{"not_picked":["Slimebound:LeechingTouch","Slimebound:ComboTackle"],"picked":"Slimebound:DuplicatedForm","floor":13.0},{"not_picked":["Slimebound:ItLooksTasty","Slimebound:HauntingLick"],"picked":"Slimebound:HungryTackle","floor":14.0},{"not_picked":["Slimebound:SlimeBarrage","Slimebound:TongueLash"],"picked":"Slimebound:Prepare","floor":15.0},{"not_picked":["Slimebound:CheckThePlaybook","Slimebound:DouseInSlime"],"picked":"Slimebound:SelfFormingGoo","floor":16.0},{"not_picked":["Slimebound:RollThrough","Slimebound:LeechingTouch+1","Slimebound:GoopTackle"],"picked":"SKIP","floor":19.0},{"not_picked":["Slimebound:SlimeSpikes","Slimebound:Schlurp"],"picked":"Slimebound:DivideAndConquer","floor":20.0},{"not_picked":["Slimebound:TongueLash","Slimebound:HauntingLick"],"picked":"Slimebound:ProtectTheBoss+1","floor":22.0},{"not_picked":["Slimebound:SplitAcid+1","Slimebound:LivingWall"],"picked":"Slimebound:LeechLife","floor":25.0},{"not_picked":["Slimebound:LivingWall+1","Slimebound:DisruptingSlam+1"],"picked":"Slimebound:Prepare","floor":26.0},{"not_picked":["Slimebound:FinishingTackle","Slimebound:PressTheAttack+1"],"picked":"Slimebound:Darklings","floor":27.0},{"not_picked":["Slimebound:SamplingLick","Slimebound:Chomp+1"],"picked":"Slimebound:Repurpose+1","floor":28.0},{"not_picked":["Slimebound:SplitBruiser+1","Slimebound:Prepare+1"],"picked":"Slimebound:LevelUp","floor":29.0},{"not_picked":["Slimebound:LeadByExample","Slimebound:AcidTongue"],"picked":"Slimebound:FinishingTackle","floor":30.0},{"not_picked":["Slimebound:ViciousTackle","Slimebound:Chomp"],"picked":"Slimebound:LevelUp","floor":31.0},{"not_picked":["Slimebound:ViciousTackle","Slimebound:GoopSpray"],"picked":"Slimebound:LeechEnergy+1","floor":32.0},{"not_picked":["Slimebound:WasteNot","Slimebound:DuplicatedForm"],"picked":"Slimebound:FirmFortitude","floor":33.0},{"not_picked":["Slimebound:SamplingLick+1","Slimebound:FlameTackle"],"picked":"Slimebound:SplitMire+1","floor":36.0},{"not_picked":["Slimebound:LeechEnergy","Slimebound:BestDefense+1"],"picked":"Slimebound:RejuvenatingLick+1","floor":37.0},{"not_picked":["Slimebound:Prepare","Slimebound:SplitAcid+1"],"picked":"Slimebound:LevelUp+1","floor":37.0},{"not_picked":["Slimebound:LeechingTouch","Slimebound:HauntingLick"],"picked":"Slimebound:Equalize+1","floor":38.0},{"not_picked":["Slimebound:SlimeSpikes+1","Slimebound:SamplingLick+1"],"picked":"Slimebound:SlimeBarrage+1","floor":39.0},{"not_picked":["Slimebound:ProtectTheBoss+1","Slimebound:TongueLash+1"],"picked":"Slimebound:Darklings","floor":40.0},{"not_picked":["Slimebound:PressTheAttack+1","Slimebound:HauntingLick"],"picked":"Slimebound:Schlurp","floor":42.0},{"not_picked":["Slimebound:TongueLash","Slimebound:ProtectTheBoss+1"],"picked":"Slimebound:Gluttony+1","floor":43.0},{"not_picked":["Slimebound:LeechingTouch+1","Slimebound:RollThrough+1"],"picked":"Slimebound:SpikyOuterGoop","floor":44.0},{"not_picked":["Slimebound:RollThrough","Slimebound:SamplingLick+1"],"picked":"Slimebound:SpikyOuterGoop+1","floor":45},{"not_picked":["Slimebound:Recycling","Slimebound:FinishingTackle"],"picked":"Slimebound:LeechEnergy+1","floor":46}],"player_experience":2051018,"relics_obtained":[{"floor":5.0,"key":"ReplayTheSpireMod:Ring of Exchange"},{"floor":5.0,"key":"Ring of Hypnosis"},{"floor":9.0,"key":"PreservedInsect"},{"floor":11.0,"key":"ReplayFunnel"},{"floor":14.0,"key":"Mummified Hand"},{"floor":21.0,"key":"Nilry\u0027s Codex"},{"floor":22.0,"key":"Shovel"},{"floor":22.0,"key":"Kunai"},{"floor":24.0,"key":"Bag of Preparation"},{"floor":25.0,"key":"Blood Vial"},{"floor":28.0,"key":"Blue Candle"},{"floor":30.0,"key":"CeramicFish"},{"floor":35.0,"key":"Snack Pack"},{"floor":37.0,"key":"Regal Pillow"},{"floor":40.0,"key":"Grinning Jar"},{"floor":40.0,"key":"Ancient Tea Set"},{"floor":41.0,"key":"Oddly Smooth Stone"},{"floor":44.0,"key":"Gremlin Horn"},{"floor":44.0,"key":"bronze:BronzeIdol"}],"event_choices":[{"damage_healed":26.0,"max_hp_gain":0.0,"max_hp_loss":0.0,"gold_gain":0.0,"event_name":"The Library","player_choice":"Heal","floor":23.0,"gold_loss":0.0,"damage_taken":0.0}],"is_beta":false,"boss_relics":[{"not_picked":["ReplayTheSpireMod:CursedCoin","Painkiller Herb"],"picked":"SacredBark"},{"not_picked":["ReplayTheSpireMod:DimensionalGlitch","Astrolabe"],"picked":"Black Star"}],"items_purged_floors":[],"is_endless":false,"potions_floor_spawned":[6,11,14,15,16,27,28,30,32,33,38,42,44,45],"killed_by":"4 Shapes","ascension_level":2}}