{"host":"2q4w55ev63ot6isg","time":1612320714,"event":{"mods":["Aspiration","BaseMod","Downfall","Hubris","Marisa????????","Minty Spire (QoL Compilation)","Replay The Spire","StSLib","The Cursed","The Jungle","The Servant 0.9.4"],"gold_per_floor":[109,129,44,44,119,119,133,58,58,58,87,100,127,146,146,245,245,265,25,25,16,16,44,56,68,68],"floor_reached":25,"language":"ENG","playtime":882,"items_purged":["Strike_B","Strike_B"],"score":274,"play_id":"9cd4d0c5-2d17-4bd5-8aac-e62c37a60e46","local_time":"20210202185154","is_ascension_mode":true,"campfire_choices":[{"data":"Beam Cell","floor":6.0,"key":"SMITH"},{"data":"Dualcast","floor":10.0,"key":"SMITH"},{"floor":15.0,"key":"REST"},{"data":"Coolheaded","floor":24,"key":"SMITH"}],"circlet_count":0,"master_deck":["Strike_B","Strike_B","Defend_B","Defend_B","Defend_B","Defend_B","Zap+1","Dualcast+1","Beam Cell+1","Dramatic Entrance","Panic Button","Biased Cognition","Conserve Battery","Mirror Shield","Self Repair","Glacier","Coolheaded+1"],"relics":["Cracked Core","aspiration:Lifesprig","hubris:OldNail","Odd Mushroom","Unceasing Top","Replay:Grab Bag","Sozu","hubris:VirtuousBlindfold","Nuclear Battery","Membership Card","Replay:Wax Seal","MealTicket","MawBank"],"acts_visited":["Exordium","TheCity"],"potions_floor_usage":[],"damage_taken":[{"damage":12.0,"enemies":"Small Slimes","floor":1.0,"turns":4.0},{"damage":1.0,"enemies":"2 Louse","floor":2.0,"turns":3.0},{"damage":0.0,"enemies":"Cultist","floor":7.0,"turns":2.0},{"damage":0.0,"enemies":"The Mushroom Lair","floor":11.0,"turns":3.0},{"damage":3.0,"enemies":"3 Louse","floor":12.0,"turns":2.0},{"damage":21.0,"enemies":"Lagavulin","floor":13.0,"turns":8.0},{"damage":7.0,"enemies":"Looter","floor":14.0,"turns":3.0},{"damage":49.0,"enemies":"The Guardian","floor":16.0,"turns":12.0},{"damage":7.0,"enemies":"Shell Parasite","floor":18.0,"turns":3.0},{"damage":0.0,"enemies":"2 Thieves","floor":21.0,"turns":4.0},{"damage":4,"enemies":"Replay:Snechameleon","floor":23,"turns":7},{"damage":64,"enemies":"Gremlin Leader","floor":25,"turns":9}],"seed_played":"-2549057641949453814","potions_obtained":[{"floor":1.0,"key":"FairyPotion"},{"floor":2.0,"key":"Strength Potion"},{"floor":7.0,"key":"Block Potion"},{"floor":13.0,"key":"Explosive Potion"},{"floor":16.0,"key":"LiquidBronze"}],"is_trial":false,"path_per_floor":["M","M","$","?","?","R","M","$","T","R","?","M","E","M","R","B",null,"M","$","?","M","?","E","R","E"],"character_chosen":"DEFECT","items_purchased":["Dramatic Entrance","Membership Card","Replay:Wax Seal"],"campfire_rested":1,"item_purchase_floors":[3,19,19],"current_hp_per_floor":[63,62,62,62,51,51,51,51,51,51,51,48,27,20,42,16,60,53,53,53,60,60,63,63,0,0],"gold":68,"neow_bonus":"RANDOM_COMMON_RELIC","is_daily":false,"chose_seed":false,"campfire_upgraded":3,"win_rate":0.0,"timestamp":1612320714,"path_taken":["M","M","$","?","?","R","M","$","T","R","?","M","E","M","R","BOSS","M","$","?","M","?","E","R","E"],"items_purchased_type":["Card","Relic","Relic"],"build_version":"2020-12-22","purchased_purges":2,"victory":false,"max_hp_per_floor":[75,75,75,75,75,75,75,75,75,75,75,75,75,75,75,75,75,75,75,75,75,75,75,75,75,75],"card_choices":[{"not_picked":["Reprogram","Turbo","Redo"],"picked":"SKIP","floor":1.0},{"not_picked":["ReplayGash","Panic Button"],"picked":"Beam Cell","floor":2.0},{"not_picked":["Stack","Go for the Eyes","Barrage"],"picked":"SKIP","floor":7.0},{"not_picked":["Auto Shields","Compile Driver"],"picked":"Panic Button","floor":12.0},{"not_picked":["ReplayTheSpireMod:GoodbyeWorld","Chill"],"picked":"Biased Cognition","floor":13.0},{"not_picked":["Rip and Tear","Compile Driver"],"picked":"Conserve Battery","floor":14.0},{"not_picked":["Rainbow","hubris:DoWhile"],"picked":"Mirror Shield","floor":16.0},{"not_picked":["Stack","Streamline"],"picked":"Self Repair","floor":18.0},{"not_picked":["ReplayTheSpireMod:Repulse","Streamline"],"picked":"Glacier","floor":21},{"not_picked":["Loop","Compile Driver"],"picked":"Coolheaded","floor":23}],"player_experience":202746,"relics_obtained":[{"floor":9.0,"key":"hubris:OldNail"},{"floor":11.0,"key":"Odd Mushroom"},{"floor":13.0,"key":"Unceasing Top"},{"floor":23,"key":"MawBank"}],"event_choices":[{"damage_healed":0.0,"max_hp_gain":0.0,"max_hp_loss":0.0,"gold_gain":75.0,"event_name":"World of Goop","player_choice":"Gather Gold","floor":5.0,"gold_loss":0.0,"damage_taken":11.0},{"damage_healed":0.0,"max_hp_gain":0.0,"max_hp_loss":0.0,"gold_gain":0.0,"event_name":"Mushrooms","player_choice":"Fought Mushrooms","floor":11.0,"gold_loss":0.0,"damage_taken":0.0},{"damage_healed":0,"gold_gain":0,"player_choice":"Gave Potion","damage_taken":0,"relics_obtained":["MealTicket"],"max_hp_gain":0,"max_hp_loss":0,"event_name":"WeMeetAgain","floor":22,"gold_loss":0}],"is_beta":false,"boss_relics":[{"not_picked":["aspiration:SecretTechniqueScroll","SacredBark"],"picked":"Replay:Grab Bag"},{"not_picked":["hubris:RunicObelisk","hubris:CrackedHourglass"],"picked":"Sozu"},{"not_picked":["Philosopher\u0027s Stone","Fusion Hammer"],"picked":"hubris:VirtuousBlindfold"},{"not_picked":["Ring of Chaos","aspiration:RunicSpoon"],"picked":"Nuclear Battery"}],"items_purged_floors":[8,19],"is_endless":false,"potions_floor_spawned":[1,2,7,13,16,21,23],"killed_by":"Gremlin Leader","ascension_level":5}}