{"host":"jcx3r2rqknwp5xpf","time":1612317080,"event":{"mods":["2.2 Compatiblity","AchievementEnabler","Act Like it!","Bard","BaseMod","Elementarium","Fireblade Mod","Gremlin Mod","Hallownest","Hermit","Jorbs\u0027s Wanderer Trilogy","Menagerie","Minty Spire (QoL Compilation)","Pale of the Ancients","Somnambulant","StSLib","The Blackbeard","The Bug Knight","The Construct","The Cursed","The Disciple","The Druid","The Hierophant","The Mystic","The Runesmith","The Showman"],"gold_per_floor":[114,114,127,145,75,102,102,146,228,248,482,509,529,556,556,670,670,696,741,741,768,791,826,826,857,882,907,434,478,379,400,400,513,522,549,19,19,40,67,67,85,128,152,374,417,417,443,293,293,293,293,293,24,61,61],"floor_reached":56,"language":"ENG","playtime":3433,"items_purged":["Shame"],"score":1357,"play_id":"da7a0c83-71bd-4e5b-88e9-3661db765e10","local_time":"20210202205120","is_ascension_mode":false,"campfire_choices":[{"data":"Menagerie:WallOfBlossoms","floor":7.0,"key":"SMITH"},{"data":"Immolate","floor":15.0,"key":"SMITH"},{"floor":24.0,"key":"REST"},{"data":"Barricade","floor":32.0,"key":"SMITH"},{"data":"Body Slam","floor":40.0,"key":"SMITH"},{"floor":46.0,"key":"RECALL"},{"data":"Finesse","floor":49.0,"key":"SMITH"},{"data":"Clothesline","floor":52.0,"key":"SMITH"}],"circlet_count":0,"master_deck":["Defend_R","Defend_R","Defend_R","Defend_R","Bash","Fire Breathing","Menagerie:SagesJudgement","Cleave","Carnage","Menagerie:WallOfBlossoms+1","Immolate+1","Twin Strike","Whirlwind","Feel No Pain","Second Wind","Reaper","Barricade+1","Pommel Strike","Elementarium:GildedStrike","Elementarium:GildedStrike","Elementarium:GildedStrike","Elementarium:GildedStrike","Elementarium:GildedStrike","Evolve","Body Slam+1","Shrug It Off","Rage","Iron Wave","Demon Form","CurseOfTheBell","Power Through+1","Metallicize+1","Sadistic Nature+1","Clothesline+1","Wild Strike","Madness","Madness","Berserk+1","Shrug It Off","Fire Breathing+1","Metallicize+1","Finesse+1","Shrug It Off","Dark Shackles","Clothesline+1"],"relics":["Burning Blood","CaptainsWheel","CeramicFish","HornCleat","SlaversCollar","Elementarium:FlickeringLantern","Juzu Bracelet","Elementarium:GoldenMirage","Art of War","Runesmith:Nanobots","TheAbacus","Eternal Feather","Dream Catcher","Elementarium:ElementariumTrophy","Calling Bell","Runesmith:AutoHammer","Frozen Egg 2","Gambling Chip","Vajra","OrangePellets","Self Forming Clay","Bottled Tornado","ClockworkSouvenir","Bottled Flame"],"acts_visited":["Exordium","Menagerie:Menagerie","TheBeyond","TheEnding"],"potions_floor_usage":[55,55],"damage_taken":[{"damage":1.0,"enemies":"Menagerie:WhisperingWraith","floor":1.0,"turns":6.0},{"damage":1.0,"enemies":"Menagerie:StygianBoar","floor":3.0,"turns":3.0},{"damage":5.0,"enemies":"Menagerie:MonstrousExperiment","floor":4.0,"turns":4.0},{"damage":36.0,"enemies":"Menagerie:Hydra","floor":6.0,"turns":5.0},{"damage":48.0,"enemies":"Menagerie:VoidReaper","floor":8.0,"turns":7.0},{"damage":1.0,"enemies":"Menagerie:MENAGERIE_WILDLIFE","floor":10.0,"turns":1.0},{"damage":2.0,"enemies":"Menagerie:BEAST_MAGE_AND_PROWLING_AMALGAM","floor":12.0,"turns":3.0},{"damage":0.0,"enemies":"Menagerie:KEEPER_AND_YOUNG_SUNEATER","floor":13.0,"turns":3.0},{"damage":0.0,"enemies":"Menagerie:RedMage","floor":14.0,"turns":2.0},{"damage":1.0,"enemies":"Menagerie:AVATARS","floor":16.0,"turns":4.0},{"damage":0.0,"enemies":"Elementarium:VoidCorruption","floor":18.0,"turns":7.0},{"damage":0.0,"enemies":"Elementarium:2_ELEMENTALS","floor":21.0,"turns":3.0},{"damage":15.0,"enemies":"Elementarium:RubyGolem","floor":22.0,"turns":3.0},{"damage":24.0,"enemies":"Elementarium:FIRE_NOBILITY","floor":23.0,"turns":6.0},{"damage":8.0,"enemies":"Elementarium:GOLDEN_STATUES","floor":25.0,"turns":2.0},{"damage":18.0,"enemies":"Elementarium:STONE_GOLEMS","floor":27.0,"turns":6.0},{"damage":0.0,"enemies":"Elementarium:ElementalPortal","floor":29.0,"turns":7.0},{"damage":10.0,"enemies":"Elementarium:VOID_CORRUPTION_AND_ORB_OF_FIRE","floor":31.0,"turns":7.0},{"damage":43.0,"enemies":"Elementarium:GolemEmperor","floor":33.0,"turns":13.0},{"damage":0.0,"enemies":"Orb Walker","floor":35.0,"turns":4.0},{"damage":1.0,"enemies":"3 Shapes","floor":38.0,"turns":5.0},{"damage":0.0,"enemies":"4 Shapes","floor":39.0,"turns":6.0},{"damage":0.0,"enemies":"Nemesis","floor":42.0,"turns":7.0},{"damage":0.0,"enemies":"Reptomancer","floor":45.0,"turns":5.0},{"damage":5.0,"enemies":"Transient","floor":47.0,"turns":5.0},{"damage":51.0,"enemies":"Donu and Deca","floor":50.0,"turns":12.0},{"damage":24.0,"enemies":"Shield and Spear","floor":54.0,"turns":8.0},{"damage":8,"enemies":"The Heart","floor":55,"turns":12}],"seed_played":"8045271124293272759","potions_obtained":[{"floor":1.0,"key":"BloodPotion"},{"floor":4.0,"key":"SmokeBomb"},{"floor":12.0,"key":"SteroidPotion"},{"floor":13.0,"key":"SpeedPotion"},{"floor":18.0,"key":"Strength Potion"},{"floor":21.0,"key":"AttackPotion"},{"floor":25.0,"key":"HeartOfIron"},{"floor":33.0,"key":"SteroidPotion"},{"floor":45.0,"key":"Strength Potion"}],"is_trial":false,"path_per_floor":["M","?","M","M","?","E","R","E","T","M","?","M","M","M","R","B",null,"M","?","?","M","M","E","R","?","T","M","$","E","?","M","R","B",null,"M","$","?","M","M","R","?","E","T","?","E","R","M","$","R","B",null,"R","$","E","B",null],"character_chosen":"IRONCLAD","items_purchased":["Runesmith:Nanobots","TheAbacus","Vajra","Metallicize+1","Sadistic Nature+1","OrangePellets","Metallicize+1","Finesse","ClockworkSouvenir","Shrug It Off","Dark Shackles"],"campfire_rested":1,"item_purchase_floors":[28,28,36,36,36,36,48,48,53,53,53],"current_hp_per_floor":[80,75,80,80,80,50,50,24,24,29,29,33,39,45,45,62,80,80,60,60,66,57,39,63,61,61,53,53,75,75,71,80,43,80,80,80,80,80,80,80,70,80,80,80,80,80,80,80,80,35,80,80,80,72,80],"gold":61,"neow_bonus":"REMOVE_CARD","is_daily":false,"chose_seed":false,"campfire_upgraded":6,"win_rate":0.0,"timestamp":1612317080,"path_taken":["M","?","?","M","?","E","R","E","T","M","?","M","?","M","R","BOSS","M","?","?","M","M","E","R","?","T","M","$","E","?","M","R","BOSS","M","$","?","M","M","R","?","E","T","?","E","R","M","?","R","BOSS","R","$","E","BOSS"],"items_purchased_type":["Relic","Relic","Relic","Card","Card","Relic","Card","Card","Relic","Card","Card"],"build_version":"2020-12-22","purchased_purges":1,"victory":true,"max_hp_per_floor":[80,80,80,80,80,80,80,80,80,80,80,80,80,80,80,80,80,80,80,80,80,80,80,80,80,80,80,80,80,80,80,80,80,80,80,80,80,80,80,80,80,80,80,80,80,80,80,80,80,80,80,80,80,80,80],"card_choices":[{"not_picked":["Feel No Pain","Thunderclap"],"picked":"Fire Breathing","floor":1.0},{"not_picked":["Armaments","Twin Strike"],"picked":"Cleave","floor":3.0},{"not_picked":["Thunderclap","Headbutt"],"picked":"Carnage","floor":4.0},{"not_picked":["Menagerie:Dismember","Menagerie:LoxodonWarhammer"],"picked":"Menagerie:WallOfBlossoms","floor":5.0},{"not_picked":["Ghostly Armor","Reckless Charge"],"picked":"Immolate","floor":6.0},{"not_picked":["Body Slam","Dropkick"],"picked":"Twin Strike","floor":8.0},{"not_picked":["Anger","Sever Soul"],"picked":"Whirlwind","floor":10.0},{"not_picked":["Disarm","True Grit"],"picked":"Feel No Pain","floor":12.0},{"not_picked":["Flame Barrier","Perfected Strike"],"picked":"Second Wind","floor":13.0},{"not_picked":["Havoc","Heavy Blade"],"picked":"Reaper","floor":14.0},{"not_picked":["Fiend Fire","Brutality"],"picked":"Barricade","floor":16.0},{"not_picked":["Rampage","Anger"],"picked":"Pommel Strike","floor":18.0},{"not_picked":["Sword Boomerang","Second Wind+1"],"picked":"Evolve","floor":21.0},{"not_picked":["Twin Strike","Second Wind+1"],"picked":"Shrug It Off","floor":22.0},{"not_picked":["Bludgeon","Clash"],"picked":"Body Slam","floor":23.0},{"not_picked":["Warcry","Twin Strike"],"picked":"Shrug It Off","floor":27.0},{"not_picked":["Armaments+1","Whirlwind"],"picked":"Rage","floor":29.0},{"not_picked":["Heavy Blade","Warcry"],"picked":"Iron Wave","floor":31.0},{"not_picked":["Reaper","Fiend Fire"],"picked":"Demon Form","floor":33.0},{"not_picked":["Carnage","Clothesline"],"picked":"Power Through+1","floor":35.0},{"not_picked":["Carnage+1","Seeing Red"],"picked":"Clothesline","floor":38.0},{"not_picked":["Clash+1","Havoc+1"],"picked":"Wild Strike","floor":39.0},{"not_picked":["Pummel+1","Burning Pact+1"],"picked":"Berserk+1","floor":42.0},{"not_picked":["Hemokinesis","Sentinel"],"picked":"Shrug It Off","floor":45.0},{"not_picked":["Heavy Blade+1","Sword Boomerang+1"],"picked":"Fire Breathing+1","floor":47.0},{"not_picked":["Uppercut","Clash"],"picked":"Clothesline+1","floor":54.0}],"player_experience":496239,"relics_obtained":[{"floor":6.0,"key":"CaptainsWheel"},{"floor":8.0,"key":"CeramicFish"},{"floor":9.0,"key":"HornCleat"},{"floor":23.0,"key":"Juzu Bracelet"},{"floor":25.0,"key":"Elementarium:GoldenMirage"},{"floor":26.0,"key":"Art of War"},{"floor":29.0,"key":"Eternal Feather"},{"floor":34.0,"key":"Runesmith:AutoHammer"},{"floor":34.0,"key":"Frozen Egg 2"},{"floor":34.0,"key":"Gambling Chip"},{"floor":42.0,"key":"Self Forming Clay"},{"floor":45.0,"key":"Bottled Tornado"},{"floor":54.0,"key":"Bottled Flame"}],"event_choices":[{"damage_healed":0.0,"max_hp_gain":0.0,"max_hp_loss":0.0,"gold_gain":0.0,"event_name":"Menagerie:MageAndMonster","player_choice":"Help the mage","floor":2.0,"gold_loss":0.0,"damage_taken":5.0,"cards_obtained":["Menagerie:SagesJudgement"]},{"damage_healed":0.0,"max_hp_gain":0.0,"max_hp_loss":0.0,"gold_gain":0.0,"event_name":"Menagerie:MagicPeddler","player_choice":"Spells","floor":5.0,"gold_loss":70.0,"damage_taken":0.0},{"damage_healed":0.0,"max_hp_gain":0.0,"max_hp_loss":0.0,"gold_gain":225.0,"event_name":"Menagerie:SpiderNest","player_choice":"Raid","floor":11.0,"gold_loss":0.0,"damage_taken":0.0,"cards_obtained":["Shame"]},{"damage_healed":0.0,"max_hp_gain":0.0,"max_hp_loss":0.0,"gold_gain":0.0,"event_name":"Elementarium:OnrushingOffering","player_choice":"Strike","floor":19.0,"gold_loss":0.0,"damage_taken":20.0,"cards_obtained":["Elementarium:GildedStrike","Elementarium:GildedStrike","Elementarium:GildedStrike","Elementarium:GildedStrike","Elementarium:GildedStrike"]},{"damage_healed":0.0,"max_hp_gain":0.0,"max_hp_loss":0.0,"gold_gain":0.0,"event_name":"Elementarium:HeartOfTheVoid","player_choice":"Take","floor":20.0,"gold_loss":0.0,"damage_taken":0.0,"relics_obtained":["Elementarium:FlickeringLantern"]},{"damage_healed":0.0,"max_hp_gain":0.0,"max_hp_loss":0.0,"gold_gain":0.0,"event_name":"Elementarium:GoldenStatues","player_choice":"Fight","floor":25.0,"gold_loss":0.0,"damage_taken":0.0},{"damage_healed":0.0,"max_hp_gain":0.0,"max_hp_loss":0.0,"gold_gain":0.0,"event_name":"Elementarium:ShatteredPortal","player_choice":"Gold","floor":30.0,"gold_loss":99.0,"damage_taken":0.0,"relics_obtained":["Dream Catcher"]},{"cards_removed":["Shrug It Off"],"damage_healed":0.0,"max_hp_gain":0.0,"max_hp_loss":0.0,"gold_gain":0.0,"event_name":"Falling","player_choice":"Removed Skill","floor":37.0,"gold_loss":0.0,"damage_taken":0.0},{"damage_healed":0.0,"max_hp_gain":0.0,"max_hp_loss":0.0,"gold_gain":0.0,"event_name":"Winding Halls","player_choice":"Embrace Madness","floor":41.0,"gold_loss":0.0,"damage_taken":10.0,"cards_obtained":["Madness","Madness"]},{"damage_healed":0.0,"max_hp_gain":0.0,"max_hp_loss":0.0,"gold_gain":222.0,"event_name":"Elementarium:ChestOfTheGoldenMirage","player_choice":"Presented the Golden Mirage","floor":44.0,"gold_loss":0.0,"damage_taken":0.0}],"is_beta":false,"boss_relics":[{"not_picked":["Velvet Choker","Snecko Eye"],"picked":"SlaversCollar"},{"not_picked":["Empty Cage","Black Star"],"picked":"Calling Bell"}],"items_purged_floors":[28],"is_endless":false,"potions_floor_spawned":[1,4,12,13,18,21,25,33,38,45],"ascension_level":0}}