{"host":"4g8vayc9pwrwu92h","time":1612353595,"event":{"mods":["Act Like it!","Aspiration","BaseMod","Conspire","Downfall","Hallownest","Marked Mod","Minty Spire (QoL Compilation)","Quick Restart","StSLib","The Bug Knight","The Jungle","TheHeartMod"],"gold_per_floor":[113,125,144,169,185,212,212,239,239,239,268,284,310,310,310,411,411,427,427,438,438,451,481,326,357,357,357,357,357,827,855,855,956,956,970,970,986,986,986],"floor_reached":38,"language":"ZHS","playtime":3013,"items_purged":[],"score":559,"play_id":"b5f7a78c-d696-49b2-8d3e-b0e64a0e64a1","local_time":"20210203195955","is_ascension_mode":true,"campfire_choices":[{"data":"HollowMod:MantisMark","floor":7,"key":"SMITH"},{"floor":10,"key":"RECALL"},{"data":"HollowMod:RecoilStrike","floor":15,"key":"SMITH"},{"floor":27,"key":"REST"}],"circlet_count":0,"master_deck":["HollowMod:NailStrikeStart","HollowMod:NailStrikeStart","HollowMod:NailStrikeStart","HollowMod:NailStrikeStart","HollowMod:QuickDashStart","HollowMod:QuickDashStart","HollowMod:QuickDashStart","HollowMod:QuickDashStart","HollowMod:FocusHealStart","HollowMod:PogoStrike","HollowMod:MantisMark+1","HollowMod:CycloneSlash","HollowMod:VengefulSpirit","HollowMod:CrystalDash","HollowMod:RecoilStrike+1","HollowMod:GrimmsGift","HollowMod:ChannelNail","HollowMod:SoulSplash","HollowMod:SoulMaster","HollowMod:SoulStrike","HollowMod:DesolateDive","Hallownest:attackMasterCycloneSlash","HollowMod:HuntersJournal","HollowMod:FastStrike+1","HollowMod:DoubleDash","HollowMod:SlysStrikes+1","HollowMod:MantisMark+1","HollowMod:Grubsong+1"],"relics":["HollowMod:KingsSoulRelic","Gremlin Horn","Ancient Tea Set","Calipers","Kunai","Shovel","Regal Pillow","Hallownest:DreamNailRelic","aspiration:FutureDiary","MealTicket","aspiration:ArtOfWarUpgrade","HollowMod:JonisBlessing","Molten Egg 2","Frozen Egg 2"],"acts_visited":["Exordium","Hallownest:Greenpath","Hallownest:CityofTears"],"potions_floor_usage":[11,16,16,20,23,33],"damage_taken":[{"damage":0,"enemies":"Hallownest:monsterHuskWarrior","floor":1,"turns":1},{"damage":0,"enemies":"Hallownest:2_MossCreeps","floor":2,"turns":1},{"damage":0,"enemies":"Hallownest:monsterHuskGuard","floor":3,"turns":1},{"damage":15,"enemies":"Hallownest:eliteMossKnight","floor":4,"turns":6},{"damage":4,"enemies":"Hallownest:1_Baldur_1_Crawlid_1_Warrior","floor":5,"turns":5},{"damage":13,"enemies":"Hallownest:eliteMossKnight","floor":6,"turns":11},{"damage":6,"enemies":"Hallownest:eliteVengeflyKing","floor":8,"turns":5},{"damage":7,"enemies":"Hallownest:eliteCrystalGuardian","floor":11,"turns":5},{"damage":3,"enemies":"Hallownest:monsterMossCharger","floor":12,"turns":3},{"damage":7,"enemies":"Hallownest:eliteVengeflyKing","floor":13,"turns":5},{"damage":13,"enemies":"Hallownest:BossFalseKnight","floor":16,"turns":10},{"damage":11,"enemies":"Hallownest:Guard_and_Sentry","floor":18,"turns":5},{"damage":4,"enemies":"Hallownest:Flukemon_and_Top","floor":20,"turns":4},{"damage":28,"enemies":"Hallownest:2_Flukemon","floor":22,"turns":6},{"damage":15,"enemies":"Hallownest:Nosk","floor":23,"turns":9},{"damage":34,"enemies":"Hallownest:eliteWatcherKnight","floor":25,"turns":13},{"damage":0,"enemies":"Hallownest:Nosk","floor":31,"turns":6},{"damage":22,"enemies":"Hallownest:BossMantisLord","floor":33,"turns":6},{"damage":19,"enemies":"Hallownest:2_Littles","floor":35,"turns":4},{"damage":32,"enemies":"Hallownest:Shield_Heavy","floor":37,"turns":5},{"damage":34,"enemies":"Hallownest:monsterPrimalAspid","floor":38,"turns":3}],"seed_played":"7823620453446348082","potions_obtained":[{"floor":1,"key":"Dexterity Potion"},{"floor":6,"key":"GamblersBrew"},{"floor":11,"key":"LiquidMemories"},{"floor":16,"key":"Explosive Potion"},{"floor":22,"key":"Fire Potion"},{"floor":31,"key":"CultistPotion"}],"is_trial":false,"path_per_floor":["M","M","M","?","M","E","R","E","T","R","E","M","E","?","R","B",null,"M","T","M","?","M","E","$","E","T","R","?","R","?","E","R","B",null,"M","?","M","M"],"character_chosen":"THE_BUGKNIGHT","items_purchased":["HollowMod:JonisBlessing"],"campfire_rested":1,"item_purchase_floors":[24],"current_hp_per_floor":[75,75,75,60,62,59,59,59,59,59,52,49,48,48,48,41,75,64,64,66,66,44,35,50,16,16,53,75,75,75,75,75,53,75,56,64,32,0,0],"gold":986,"neow_bonus":"THREE_ENEMY_KILL","is_daily":false,"chose_seed":false,"campfire_upgraded":2,"win_rate":0.0,"timestamp":1612353595,"path_taken":["M","M","M","?","M","E","R","E","T","R","E","M","E","?","R","BOSS","M","?","?","?","M","E","$","E","T","R","?","R","?","E","R","BOSS","M","?","M","?"],"items_purchased_type":["Relic"],"build_version":"2020-12-22","purchased_purges":0,"victory":false,"max_hp_per_floor":[75,75,75,75,75,75,75,75,75,75,75,75,75,75,75,75,75,75,75,75,75,75,75,75,75,75,75,75,75,75,75,75,75,75,75,75,75,75,75],"card_choices":[{"not_picked":["HollowMod:ShapeofUnn","HollowMod:TaintedHusks"],"picked":"HollowMod:LuriensSpire","floor":1},{"not_picked":["HollowMod:SoulSplash","HollowMod:BrokenVessel"],"picked":"HollowMod:MantisMark","floor":2},{"not_picked":["HollowMod:ShadowDash","HollowMod:LifebloodCocoon"],"picked":"HollowMod:CycloneSlash","floor":3},{"not_picked":["HollowMod:SoulEater","HollowMod:PureNailStrike"],"picked":"HollowMod:VengefulSpirit","floor":4},{"not_picked":["HollowMod:NewJinnsSoul","HollowMod:SoulSplash","HollowMod:ShadowDash"],"picked":"SKIP","floor":5},{"not_picked":["HollowMod:ElderbugsWisdom","HollowMod:DescendingDark"],"picked":"HollowMod:CrystalDash","floor":6},{"not_picked":["HollowMod:ShadowDash","HollowMod:SharpenedNail"],"picked":"HollowMod:RecoilStrike","floor":8},{"not_picked":["HollowMod:Grubsong","HollowMod:ChannelNail"],"picked":"HollowMod:GrimmsGift","floor":11},{"not_picked":["HollowMod:SiblingsSouls","HollowMod:CrystalDash"],"picked":"HollowMod:ChannelNail","floor":12},{"not_picked":["HollowMod:ShapeofUnn","HollowMod:WraithStrike"],"picked":"HollowMod:SoulSplash","floor":13},{"not_picked":["HollowMod:theNailsmith","HollowMod:Weaversong"],"picked":"HollowMod:SoulMaster","floor":16},{"not_picked":["HollowMod:LuriensSpire","HollowMod:BrokenVessel"],"picked":"HollowMod:SoulStrike","floor":18},{"not_picked":["HollowMod:ShapeofUnn","HollowMod:TaintedHusks+1"],"picked":"HollowMod:DesolateDive","floor":20},{"not_picked":["HollowMod:SiblingsSouls","HollowMod:TaintedHusks","HollowMod:SharpenedNail"],"picked":"SKIP","floor":22},{"not_picked":["HollowMod:BlackTendrils","HollowMod:Hiveblood"],"picked":"HollowMod:HuntersJournal","floor":23},{"not_picked":["HollowMod:VengefulVoid+1","HollowMod:CycloneSlash+1"],"picked":"HollowMod:FastStrike+1","floor":25},{"not_picked":["HollowMod:SiblingsSouls","HollowMod:LuriensSpire"],"picked":"HollowMod:DoubleDash","floor":31},{"not_picked":["HollowMod:LifebloodCore","HollowMod:theNailsmith"],"picked":"HollowMod:SlysStrikes+1","floor":33},{"not_picked":["HollowMod:DreamGate","HollowMod:ChannelNail+1"],"picked":"HollowMod:MantisMark+1","floor":35},{"not_picked":["HollowMod:BrokenVessel+1","HollowMod:GoodIntentions+1"],"picked":"HollowMod:Grubsong+1","floor":37}],"player_experience":450501,"relics_obtained":[{"floor":4,"key":"Gremlin Horn"},{"floor":6,"key":"Ancient Tea Set"},{"floor":8,"key":"Calipers"},{"floor":9,"key":"Kunai"},{"floor":11,"key":"Shovel"},{"floor":13,"key":"Regal Pillow"},{"floor":19,"key":"MealTicket"},{"floor":23,"key":"Art of War"},{"floor":25,"key":"Molten Egg 2"},{"floor":31,"key":"Frozen Egg 2"}],"event_choices":[],"is_beta":false,"boss_relics":[{"not_picked":["aspiration:RitualDagger","Astrolabe"],"picked":"aspiration:FutureDiary"},{"not_picked":["aspiration:WatcherSkillbook","Velvet Choker"],"picked":"HollowMod:KingsSoulRelic"}],"items_purged_floors":[],"is_endless":false,"potions_floor_spawned":[1,6,11,16,22,31],"killed_by":"Hallownest:monsterPrimalAspid","ascension_level":2}}