{"host":"y8lj6eu4rxnc2qvr","time":1612311049,"event":{"mods":["BaseMod","Minty Spire (QoL Compilation)","StSLib"],"gold_per_floor":[119,119,130,143,95,95,106,106,106,106,106,146,160,160,160],"floor_reached":14,"language":"ENG","playtime":530,"items_purged":[],"score":135,"play_id":"d30200e2-4d2c-4396-a61c-8e6121918ee4","local_time":"20210202191049","is_ascension_mode":true,"campfire_choices":[{"data":"Deadly Poison","floor":6.0,"key":"SMITH"},{"floor":11.0,"key":"REST"}],"circlet_count":0,"master_deck":["AscendersBane","Strike_G","Strike_G","Strike_G","Strike_G","Strike_G","Defend_G","Defend_G+1","Defend_G","Defend_G","Defend_G+1","Survivor","Neutralize","PiercingWail","Deadly Poison+1","Dagger Spray","Deadly Poison","Blur","Bouncing Flask","PiercingWail"],"relics":["Ring of the Snake","Golden Idol","Paper Crane","The Courier"],"acts_visited":["Exordium"],"potions_floor_usage":[],"damage_taken":[{"damage":2.0,"enemies":"2 Louse","floor":1.0,"turns":3.0},{"damage":0.0,"enemies":"Small Slimes","floor":3.0,"turns":4.0},{"damage":1.0,"enemies":"Jaw Worm","floor":4.0,"turns":5.0},{"damage":3.0,"enemies":"Large Slime","floor":7.0,"turns":6.0},{"damage":9.0,"enemies":"Lagavulin","floor":12.0,"turns":7.0},{"damage":27,"enemies":"Gremlin Gang","floor":13,"turns":6},{"damage":20,"enemies":"3 Sentries","floor":14,"turns":2}],"seed_played":"3036124723321785035","potions_obtained":[{"floor":7.0,"key":"SneckoOil"}],"is_trial":false,"path_per_floor":["M","?","M","M","$","R","M","?","T","?","R","E","M","E"],"character_chosen":"THE_SILENT","items_purchased":["Deadly Poison"],"campfire_rested":1,"item_purchase_floors":[5],"current_hp_per_floor":[68,68,68,67,67,67,64,45,45,30,53,44,17,0,0],"gold":160,"neow_bonus":"TEN_PERCENT_HP_BONUS","is_daily":false,"chose_seed":false,"campfire_upgraded":1,"win_rate":0.0,"timestamp":1612311049,"path_taken":["M","?","M","M","$","R","M","?","T","?","R","E","M","E"],"items_purchased_type":["Card"],"build_version":"2020-12-22","purchased_purges":0,"victory":false,"max_hp_per_floor":[77,77,77,77,77,77,77,77,77,77,77,77,77,77,77],"card_choices":[{"not_picked":["Prepared","Dodge and Roll"],"picked":"PiercingWail","floor":1.0},{"not_picked":["Sucker Punch","Eviscerate"],"picked":"Deadly Poison","floor":3.0},{"not_picked":["Endless Agony","Escape Plan"],"picked":"Dagger Spray","floor":4.0},{"not_picked":["Prepared","Flying Knee"],"picked":"Blur","floor":7.0},{"not_picked":["Sucker Punch","Backstab"],"picked":"Bouncing Flask","floor":12.0},{"not_picked":["Bane","Deadly Poison"],"picked":"PiercingWail","floor":13}],"player_experience":45928,"relics_obtained":[{"floor":9.0,"key":"Paper Crane"},{"floor":12.0,"key":"The Courier"}],"event_choices":[{"damage_healed":0.0,"max_hp_gain":0.0,"max_hp_loss":0.0,"gold_gain":0.0,"event_name":"The Cleric","player_choice":"Leave","floor":2.0,"gold_loss":0.0,"damage_taken":0.0},{"damage_healed":0.0,"max_hp_gain":0.0,"max_hp_loss":0.0,"gold_gain":0.0,"event_name":"Golden Idol","player_choice":"Take Damage","floor":8.0,"gold_loss":0.0,"damage_taken":19.0,"relics_obtained":["Golden Idol"]},{"damage_healed":0.0,"max_hp_gain":0.0,"max_hp_loss":0.0,"gold_gain":0.0,"event_name":"Shining Light","player_choice":"Entered Light","floor":10.0,"gold_loss":0.0,"damage_taken":15.0,"cards_upgraded":["Defend_G","Defend_G"]}],"is_beta":false,"boss_relics":[],"items_purged_floors":[],"is_endless":false,"potions_floor_spawned":[7],"killed_by":"3 Sentries","ascension_level":10}}