{"host":"8kweeulvvasqx820","time":1612389613,"event":{"mods":["Aspiration","BaseMod","Better Altar","Better Match","Better Note","Better Sensory Stone","Better Skull","Better Third Choice","BetterRewards","Colored Map","Conspire","Displayed Cursed Tome","Downfall","Hubris","Infinite Spire","Jorbs\u0027s Wanderer Trilogy","Minty Spire (QoL Compilation)","Relic Stats","Replay The Spire","Spicy Shops","StSLib","SuperFastMode","Swap Starting Deck Mod","The Construct","The Marked","The Servant 0.9.4","everything is the same but u backflip on backflip","slay the spire mod where everything is the same but ironclad has a cowboy hat"],"gold_per_floor":[99,115,127,37,57,67,67,67,82,67,67,81,96,96,111,111,111],"floor_reached":16,"language":"ENG","playtime":1079,"items_purged":["theMarked:Strike"],"score":101,"play_id":"481e3c06-691c-40e2-a95c-9cc333e59907","local_time":"20210203170013","is_ascension_mode":true,"campfire_choices":[{"data":"theMarked:ShockingTouch","floor":8,"key":"SMITH"},{"data":"theMarked:Seal","floor":11,"key":"SMITH"}],"circlet_count":0,"master_deck":["theMarked:Strike","theMarked:Strike","theMarked:Strike","theMarked:Strike","theMarked:Defend","theMarked:Defend","theMarked:Defend","theMarked:Defend","theMarked:SoldierOfQuellstein","theMarked:KeepCalmAndFight","theMarked:WardOff","theMarked:ShockingTouch+1","theMarked:Seal+1","theMarked:Challenge","theMarked:HeightenedSenses+1","theMarked:ContemptForTheProud","theMarked:WastefulAttack","theMarked:Frustration"],"relics":["hubris:Stopwatch","Shuriken"],"acts_visited":["Exordium"],"potions_floor_usage":[6,16,16],"damage_taken":[{"damage":1,"enemies":"Cultist","floor":2,"turns":4},{"damage":0,"enemies":"conspire:RoseBush","floor":3,"turns":4},{"damage":5,"enemies":"downfall:FleeingMerchant","floor":4,"turns":4},{"damage":0,"enemies":"Small Slimes","floor":5,"turns":2},{"damage":12,"enemies":"Exordium Thugs","floor":6,"turns":3},{"damage":4,"enemies":"Red Slaver","floor":9,"turns":4},{"damage":13,"enemies":"downfall:FleeingMerchant","floor":10,"turns":4},{"damage":0,"enemies":"Looter","floor":12,"turns":4},{"damage":0,"enemies":"3 Louse","floor":13,"turns":3},{"damage":8,"enemies":"Blue Slaver","floor":15,"turns":2},{"damage":46,"enemies":"Fading Forest","floor":16,"turns":8}],"seed_played":"-6460015911836342058","potions_obtained":[{"floor":1,"key":"Death Potion"},{"floor":1,"key":"CultistPotion"},{"floor":2,"key":"Dexterity Potion"},{"floor":5,"key":"LiquidBronze"},{"floor":9,"key":"Dexterity Potion"},{"floor":12,"key":"Doom Potion"}],"is_trial":false,"path_per_floor":["R_BF","M","M","$","M","M","T","R","M","$","R","M","M","?","M","B"],"character_chosen":"THE_DEFAULT","items_purchased":[],"campfire_rested":0,"item_purchase_floors":[],"current_hp_per_floor":[70,69,69,64,64,52,52,52,48,35,35,35,35,35,27,0,0],"gold":111,"neow_bonus":"BOSS_RELIC","is_daily":false,"chose_seed":false,"campfire_upgraded":2,"win_rate":0.0,"timestamp":1612389613,"path_taken":["R_BF","M","M","?","M","M","T","R","M","$","R","M","M","?","M","BOSS"],"items_purchased_type":[],"build_version":"2020-12-22","purchased_purges":1,"victory":false,"max_hp_per_floor":[70,70,70,70,70,70,70,70,70,70,70,70,70,70,70,70,70],"relic_stats":{"counters":[11,42],"Shuriken":[2],"obtain_stats":[{"theMarked:ArtifactOfAir":0,"Shuriken":7,"hubris:Stopwatch":0},{"theMarked:ArtifactOfAir":0,"Shuriken":5,"hubris:Stopwatch":0},{"theMarked:ArtifactOfAir":0,"Shuriken":17,"hubris:Stopwatch":0}]},"card_choices":[{"not_picked":["theMarked:Friction","theMarked:Electrify"],"picked":"theMarked:KeepCalmAndFight","floor":2},{"not_picked":["theMarked:Improvise","theMarked:CreepingChasm"],"picked":"theMarked:WardOff","floor":3},{"not_picked":["theMarked:WardOff","theMarked:Frustration"],"picked":"theMarked:ShockingTouch","floor":4},{"not_picked":["theMarked:WardOff","theMarked:LightningStrikesTwice"],"picked":"theMarked:Seal","floor":5},{"not_picked":["theMarked:Aftermath","theMarked:Convert"],"picked":"theMarked:Challenge","floor":6},{"not_picked":["theMarked:Friction","theMarked:EmpowerWeapon","theMarked:Parkour"],"picked":"SKIP","floor":9},{"not_picked":["theMarked:Improvise","theMarked:MagusForm"],"picked":"theMarked:HeightenedSenses","floor":10},{"not_picked":["theMarked:ResourceFulStrike","theMarked:Memento"],"picked":"theMarked:ContemptForTheProud","floor":12},{"not_picked":["theMarked:TwofoldDefense","theMarked:ComboAttacks"],"picked":"theMarked:WastefulAttack","floor":13},{"not_picked":["theMarked:ElectricStrings","theMarked:Improvise"],"picked":"theMarked:Frustration","floor":15}],"player_experience":148839,"relics_obtained":[{"floor":7,"key":"Shuriken"}],"event_choices":[{"damage_healed":0,"gold_gain":0,"player_choice":"Forge","damage_taken":0,"max_hp_gain":0,"max_hp_loss":0,"event_name":"Accursed Blacksmith","floor":14,"gold_loss":0,"cards_upgraded":["theMarked:HeightenedSenses"]}],"is_beta":false,"boss_relics":[],"items_purged_floors":[4],"is_endless":false,"potions_floor_spawned":[2,5,9,12,13],"killed_by":"Fading Forest","ascension_level":1}}