{"host":"jpoqyovmuyzau4u8","time":1612388634,"event":{"mods":["BaseMod","Better Match","Better Note","Better Sensory Stone","Better Skull","Better Third Choice","Curses Come First","Downfall","Infinite Spire","Minty Spire (QoL Compilation)","Retaliation","StSLib","The Cursed","The Disciple","The Runesmith","The Servant 0.9.4"],"gold_per_floor":[99,109,184,194,78,94,94,113,113,125,140,140,140,176,195,306,306,306,334,334,184,184,17,58,58,78,98,126,126,126,126,151,256,256,256,283,312,339,339,361,361,388,388,409,409,126,135,166,185,185],"floor_reached":51,"language":"ENG","playtime":4048,"items_purged":["Slimebound:Strike_Slimebound","Slimebound:Defend_Slimebound","Slimebound:Teamwork","infinitespire:Pacifist"],"score":680,"play_id":"20ca9da7-dd71-4fbb-aafe-7131f03acd43","local_time":"20210203154354","is_ascension_mode":false,"campfire_choices":[{"data":"Slimebound:CorrosiveSpit","floor":1,"key":"SMITH"},{"data":"Slimebound:Schlurp","floor":12,"key":"SMITH"},{"data":"Slimebound:MassRepurpose","floor":18,"key":"SMITH"},{"data":"Slimebound:Schlurp","floor":25,"key":"SMITH"},{"data":"Slimebound:GoopSpray","floor":30,"key":"SMITH"},{"data":"Slimebound:SlimeSlap","floor":35,"key":"SMITH"},{"data":"Slimebound:TongueLash","floor":43,"key":"SMITH"},{"data":"Slimebound:GoopSpray","floor":45,"key":"SMITH"}],"circlet_count":0,"master_deck":["Slimebound:Strike_Slimebound","Slimebound:Strike_Slimebound","Slimebound:Tackle","Slimebound:Defend_Slimebound","Slimebound:Defend_Slimebound","Slimebound:Split","Slimebound:CorrosiveSpit+1","Slimebound:MegaLick","Slimebound:Schlurp+1","Slimebound:SlimeSlap+1","Slimebound:GoopSpray+1","Slimebound:GrowthPunch","Slimebound:LeechEnergy","Slimebound:SpikyOuterGoop","Slimebound:LivingWall","Slimebound:MassRepurpose+1","Slimebound:Schlurp+1","Slimebound:ItLooksTasty","Slimebound:LeechingTouch","Slimebound:TongueLash+1","Slimebound:SamplingLick","downfall:Haunted","Slimebound:SplitMire","Slimebound:HauntingLick","Slimebound:RejuvenatingLick","Slimebound:SlimeSlap+1","Slimebound:LeechingTouch+1","Slimebound:Nibble+1","Slimebound:RejuvenatingLick+1","Slimebound:GoopSpray+1","Slimebound:RainOfGoop+1","Slimebound:LevelUp+1","Slimebound:SpikyOuterGoop+1","Slimebound:Schlurp","infinitespire:Gouge","Parasite","Slimebound:ItLooksTasty","Slimebound:Dissolve+1"],"relics":["Slimebound:AbsorbEndCombat","Dead Branch","CeramicFish","Slimebound:TarBlob","downfall:ExtraCursedKey","Akabeko","downfall:RedIOU","Lizard Tail","Ancient Tea Set"],"acts_visited":["Exordium","TheCity","TheBeyond"],"potions_floor_usage":[],"damage_taken":[{"damage":1,"enemies":"Jaw Worm","floor":2,"turns":4},{"damage":7,"enemies":"2 Louse","floor":4,"turns":3},{"damage":2,"enemies":"downfall:FleeingMerchant","floor":5,"turns":4},{"damage":0,"enemies":"Cultist","floor":6,"turns":3},{"damage":0,"enemies":"Exordium Wildlife","floor":8,"turns":3},{"damage":11,"enemies":"Lots of Slimes","floor":10,"turns":3},{"damage":0,"enemies":"2 Fungi Beasts","floor":11,"turns":3},{"damage":28,"enemies":"Gremlin Nob","floor":14,"turns":4},{"damage":0,"enemies":"Large Slime","floor":15,"turns":4},{"damage":27,"enemies":"DF_ARCHETYPE_STREAMLINE","floor":16,"turns":9},{"damage":0,"enemies":"Chosen","floor":19,"turns":4},{"damage":0,"enemies":"downfall:FleeingMerchant","floor":21,"turns":4},{"damage":9,"enemies":"downfall:FleeingMerchant","floor":23,"turns":4},{"damage":0,"enemies":"Spheric Guardian","floor":26,"turns":2},{"damage":0,"enemies":"Cultist and Chosen","floor":27,"turns":4},{"damage":1,"enemies":"3 Cultists","floor":28,"turns":4},{"damage":0,"enemies":"Snecko","floor":32,"turns":3},{"damage":6,"enemies":"SI_MIRROR_ARCHETYPE","floor":33,"turns":5},{"damage":9,"enemies":"Orb Walker","floor":36,"turns":3},{"damage":0,"enemies":"3 Shapes","floor":37,"turns":3},{"damage":0,"enemies":"Maw","floor":38,"turns":6},{"damage":0,"enemies":"Transient","floor":40,"turns":5},{"damage":17,"enemies":"Spire Growth","floor":42,"turns":5},{"damage":7,"enemies":"Jaw Worm Horde","floor":44,"turns":3},{"damage":0,"enemies":"downfall:FleeingMerchant","floor":46,"turns":2},{"damage":0,"enemies":"Writhing Mass","floor":48,"turns":4},{"damage":4,"enemies":"Spire Growth","floor":49,"turns":4},{"damage":53,"enemies":"WA_ARCHETYPE_DIVINITY","floor":50,"turns":13}],"seed_played":"-4954201852314116908","potions_obtained":[{"floor":4,"key":"champ:CounterPotion"},{"floor":6,"key":"DuplicationPotion"},{"floor":10,"key":"FearPotion"},{"floor":14,"key":"ColorlessPotion"},{"floor":28,"key":"Energy Potion"},{"floor":44,"key":"DistilledChaos"}],"is_trial":false,"path_per_floor":["R","M","?","M","$","M","T","M","?","M","M","R","?","E","M","B",null,"R","M","?","$","?","$","T","R","M","M","M","?","R","?","M","B",null,"R","M","M","M","?","M","T","M","R","M","R","$","?","M","M","B",null],"character_chosen":"SLIMEBOUND","items_purchased":["Slimebound:GoopSpray","Slimebound:LeechingTouch","Slimebound:SamplingLick","Slimebound:Schlurp","Lizard Tail","Ancient Tea Set"],"campfire_rested":0,"item_purchase_floors":[5,21,23,46,46,46],"current_hp_per_floor":[65,65,65,60,64,65,65,65,65,60,65,65,65,39,45,26,65,65,65,65,65,65,58,58,58,65,65,65,65,65,65,65,61,65,65,62,65,65,65,65,65,52,52,53,53,61,45,53,57,12],"gold":185,"neow_bonus":"TRANSFORM_CARD","is_daily":false,"chose_seed":false,"campfire_upgraded":8,"win_rate":0.0,"timestamp":1612388634,"path_taken":["R","M","?","M","$","M","T","M","?","M","M","R","?","E","M","BOSS","R","M","?","$","?","?","T","R","?","M","M","?","R","?","M","BOSS","R","M","M","M","?","M","T","M","R","M","R","$","?","M","M","BOSS"],"items_purchased_type":["Card","Card","Card","Card","Relic","Relic"],"build_version":"2020-12-22","purchased_purges":4,"victory":true,"max_hp_per_floor":[65,65,65,65,65,65,65,65,65,65,65,65,65,65,65,65,65,65,65,65,65,65,65,65,65,65,65,65,65,65,65,65,65,65,65,65,65,65,65,65,65,65,65,65,65,65,65,65,65,65],"card_choices":[{"not_picked":["Slimebound:SplitLeeching","Slimebound:ComboTackle"],"picked":"Slimebound:MegaLick","floor":2},{"not_picked":["Slimebound:RollThrough","Slimebound:ComboTackle"],"picked":"Slimebound:Schlurp","floor":4},{"not_picked":["Slimebound:Teamwork","Slimebound:Repurpose"],"picked":"Slimebound:SlimeSlap","floor":5},{"not_picked":["Slimebound:ComboTackle","Slimebound:SplitLeeching"],"picked":"Slimebound:GrowthPunch","floor":6},{"not_picked":["Slimebound:DisruptingSlam","Slimebound:ViciousTackle"],"picked":"Slimebound:LeechEnergy","floor":8},{"not_picked":["Slimebound:Chomp","Slimebound:RollThrough","Slimebound:SlimeTap"],"picked":"SKIP","floor":10},{"not_picked":["Slimebound:PressTheAttack","Slimebound:Prepare","Slimebound:OneTwoCombo"],"picked":"SKIP","floor":11},{"not_picked":["Slimebound:LivingWall","Slimebound:Chomp"],"picked":"Slimebound:SpikyOuterGoop","floor":14},{"not_picked":["Slimebound:SamplingLick","Slimebound:MegaLick"],"picked":"Slimebound:LivingWall","floor":15},{"not_picked":["Slimebound:SelfFormingGoo","Slimebound:MassFeed"],"picked":"Slimebound:MassRepurpose","floor":16},{"not_picked":["Slimebound:LeechEnergy","Slimebound:ForwardTackle"],"picked":"Slimebound:Schlurp","floor":19},{"not_picked":["Slimebound:LeechEnergy","Slimebound:SpikyOuterGoop"],"picked":"Slimebound:ItLooksTasty","floor":21},{"not_picked":["Slimebound:Chomp","Slimebound:Dissolve"],"picked":"Slimebound:TongueLash","floor":23},{"not_picked":["Slimebound:ForwardTackle+1","Slimebound:BestDefense","Slimebound:ComboTackle"],"picked":"SKIP","floor":26},{"not_picked":["Slimebound:SplitAcid","Slimebound:ForwardTackle"],"picked":"Slimebound:SplitMire","floor":27},{"not_picked":["Slimebound:RallyTheTroops","Slimebound:ItLooksTasty+1"],"picked":"Slimebound:HauntingLick","floor":28},{"not_picked":["Slimebound:LeechEnergy","Slimebound:GoopTackle+1"],"picked":"Slimebound:RejuvenatingLick","floor":32},{"not_picked":["Slimebound:RallyTheTroops","Slimebound:Overexert"],"picked":"Slimebound:SlimeSlap","floor":33},{"not_picked":["Slimebound:ComboTackle+1","Slimebound:SplitAcid+1"],"picked":"Slimebound:LeechingTouch+1","floor":36},{"not_picked":["Slimebound:FormOfPuddle+1","Slimebound:SlimeSpikes"],"picked":"Slimebound:Nibble+1","floor":37},{"not_picked":["Slimebound:ViciousTackle+1","Slimebound:RallyTheTroops"],"picked":"Slimebound:RejuvenatingLick+1","floor":38},{"not_picked":["Slimebound:GrowthPunch+1","Slimebound:FinishingTackle"],"picked":"Slimebound:GoopSpray","floor":40},{"not_picked":["Slimebound:SplitBruiser+1","Slimebound:ItLooksTasty+1"],"picked":"Slimebound:RainOfGoop+1","floor":42},{"not_picked":["Slimebound:ComboTackle","Slimebound:SplitBruiser"],"picked":"Slimebound:LevelUp+1","floor":44},{"not_picked":["Slimebound:LevelUp","Slimebound:PressTheAttack"],"picked":"Slimebound:SpikyOuterGoop+1","floor":46},{"not_picked":["infinitespire:Oblivion","infinitespire:TheBestDefense"],"picked":"infinitespire:Gouge","floor":47},{"not_picked":["Slimebound:FinishingTackle","Slimebound:SplitAcid"],"picked":"Slimebound:ItLooksTasty","floor":48},{"not_picked":["Slimebound:PressTheAttack","Slimebound:SplitBruiser"],"picked":"Slimebound:Dissolve+1","floor":49}],"player_experience":119260,"relics_obtained":[{"floor":7,"key":"Dead Branch"},{"floor":14,"key":"Bag of Marbles"},{"floor":24,"key":"Akabeko"}],"event_choices":[{"damage_healed":0,"gold_gain":0,"player_choice":"Ignored","damage_taken":0,"max_hp_gain":0,"max_hp_loss":0,"event_name":"betterNote:BetterNote","floor":20,"gold_loss":0,"cards_obtained":["Slimebound:Split"]},{"damage_healed":0,"gold_gain":0,"player_choice":"Ignored","damage_taken":0,"max_hp_gain":0,"max_hp_loss":0,"event_name":"Mysterious Sphere","floor":39,"gold_loss":0}],"is_beta":false,"boss_relics":[{"not_picked":["Runic Pyramid","infinitespire:Cupcake"],"picked":"Slimebound:TarBlob"},{"not_picked":["Runic Dome","Velvet Choker","Astrolabe"]}],"items_purged_floors":[5,21,23,46],"is_endless":false,"potions_floor_spawned":[4,6,10,14,15,26,28,32,36,42,44,49],"ascension_level":0}}