{"host":"vl29iwkwnyytuw8q","time":1612364626,"event":{"mods":["BaseMod","Minty Spire (QoL Compilation)","Permanent Neow","Relic Stats","StSLib"],"gold_per_floor":[115,115,130,145,160,160,179,207,207,237,237,251,282,297,297,376,376,391,391,72,72,72,72,99,124,162,174,186,198,210,236,248,331,343,371,64,64,74,122,147,147,177,177,177,202,231,231,231,231],"floor_reached":48,"language":"ENG","playtime":1681,"items_purged":["Strike_R"],"score":1100,"play_id":"acc301f0-b2e3-4eff-ad61-a0b0797c4a2b","local_time":"20210203160346","is_ascension_mode":true,"campfire_choices":[{"data":"Bash","floor":6.0,"key":"SMITH"},{"data":"Flame Barrier","floor":11.0,"key":"SMITH"},{"data":"Spot Weakness","floor":15.0,"key":"SMITH"},{"floor":23.0,"key":"REST"},{"data":"RitualDagger","floor":29.0,"key":"SMITH"},{"floor":32.0,"key":"REST"},{"floor":41.0,"key":"REST"},{"floor":44.0,"key":"REST"},{"floor":47.0,"key":"REST"}],"circlet_count":0,"master_deck":["AscendersBane","Strike_R","Strike_R","Defend_R","Defend_R","Defend_R","Bash+1","Carnage","Flame Barrier+1","Headbutt","Corruption","Clothesline","Sword Boomerang","Feel No Pain","Spot Weakness+1","Reckless Charge","Shrug It Off","Reaper","Reckless Charge","Uppercut","RitualDagger+1","Shrug It Off","True Grit","Offering","Wild Strike","Swift Strike","Cleave","Uppercut+1","Entrench","Spot Weakness","Shrug It Off","Fiend Fire"],"relics":["Cursed Key","Toy Ornithopter","Bottled Flame","Anchor","Empty Cage","Omamori","WarpedTongs","MawBank","Regal Pillow","Enchiridion","Sozu","Ginger","WingedGreaves","Centennial Puzzle","Strawberry","Peace Pipe","Bag of Preparation"],"acts_visited":["Exordium","TheCity","TheBeyond"],"potions_floor_usage":[],"damage_taken":[{"damage":2.0,"enemies":"Jaw Worm","floor":1.0,"turns":3.0},{"damage":0.0,"enemies":"Cultist","floor":3.0,"turns":3.0},{"damage":0.0,"enemies":"2 Louse","floor":4.0,"turns":2.0},{"damage":7.0,"enemies":"Large Slime","floor":5.0,"turns":5.0},{"damage":0.0,"enemies":"Lots of Slimes","floor":7.0,"turns":2.0},{"damage":8.0,"enemies":"3 Sentries","floor":8.0,"turns":8.0},{"damage":17.0,"enemies":"Lagavulin","floor":10.0,"turns":6.0},{"damage":1.0,"enemies":"Exordium Thugs","floor":12.0,"turns":5.0},{"damage":5.0,"enemies":"3 Sentries","floor":13.0,"turns":7.0},{"damage":0.0,"enemies":"Looter","floor":14.0,"turns":2.0},{"damage":24.0,"enemies":"The Guardian","floor":16.0,"turns":11.0},{"damage":0.0,"enemies":"Spheric Guardian","floor":18.0,"turns":3.0},{"damage":20.0,"enemies":"Book of Stabbing","floor":24.0,"turns":4.0},{"damage":8.0,"enemies":"2 Thieves","floor":25.0,"turns":5.0},{"damage":9.0,"enemies":"3 Cultists","floor":31.0,"turns":5.0},{"damage":54.0,"enemies":"Champ","floor":33.0,"turns":11.0},{"damage":7.0,"enemies":"3 Shapes","floor":35.0,"turns":7.0},{"damage":20.0,"enemies":"3 Darklings","floor":38.0,"turns":7.0},{"damage":47.0,"enemies":"2 Orb Walkers","floor":39.0,"turns":5.0},{"damage":44.0,"enemies":"Reptomancer","floor":40.0,"turns":7.0},{"damage":50.0,"enemies":"Nemesis","floor":42.0,"turns":5.0},{"damage":0.0,"enemies":"Mind Bloom Boss Battle","floor":45.0,"turns":4.0},{"damage":51.0,"enemies":"Giant Head","floor":46.0,"turns":8.0},{"damage":71,"enemies":"Reptomancer","floor":48,"turns":4}],"seed_played":"2766862998434637922","potions_obtained":[{"floor":3.0,"key":"Ancient Potion"},{"floor":4.0,"key":"Weak Potion"},{"floor":5.0,"key":"Explosive Potion"},{"floor":7.0,"key":"Block Potion"},{"floor":10.0,"key":"GamblersBrew"},{"floor":16.0,"key":"DuplicationPotion"},{"floor":18.0,"key":"Strength Potion"}],"is_trial":false,"path_per_floor":["M","?","M","M","M","R","M","E","T","E","R","M","E","M","R","B",null,"M","?","$","?","?","R","E","M","T","T","$","R","?","M","R","B",null,"M","$","?","M","?","E","R","E","T","R","?","E","R","E"],"character_chosen":"IRONCLAD","items_purchased":["Omamori","Uppercut","Ginger"],"campfire_rested":5,"item_purchase_floors":[20,20,36],"current_hp_per_floor":[66,66,66,66,59,59,59,51,51,34,34,33,28,28,28,9,59,68,47,47,41,41,65,57,53,53,53,53,53,32,23,62,17,64,65,65,65,75,44,32,71,28,28,69,69,18,59,0,0],"gold":231,"neow_bonus":"BOSS_RELIC","is_daily":false,"chose_seed":false,"campfire_upgraded":4,"win_rate":0.0,"timestamp":1612364626,"path_taken":["M","?","M","M","M","R","M","E","T","E","R","M","E","?","R","BOSS","M","?","$","?","?","R","E","?","T","?","$","R","?","M","R","BOSS","M","$","?","M","?","E","R","E","T","R","?","E","R","E"],"items_purchased_type":["Relic","Card","Relic"],"build_version":"2020-12-22","purchased_purges":1,"victory":false,"max_hp_per_floor":[75,75,75,75,75,75,75,75,75,75,75,75,75,75,75,75,75,75,80,80,80,80,80,80,80,80,80,80,80,80,80,80,80,80,80,80,80,80,80,80,80,87,87,87,87,87,87,87,87],"relic_stats":{"Sozu":2,"Peace Pipe":0,"Regal Pillow":60,"Centennial Puzzle":[9],"counters":[24,129],"Bag of Preparation":[2],"Ginger":[5],"Cursed Key":1,"MawBank":144,"obtain_stats":[{"Regal Pillow":26,"Enchiridion":30,"Omamori":20,"Bag of Preparation":46,"Ginger":36,"Cursed Key":0,"Empty Cage":17,"MawBank":24,"Burning Blood":0,"WarpedTongs":22,"Sozu":34,"Peace Pipe":45,"Bottled Flame":10,"Anchor":13,"Centennial Puzzle":40,"Strawberry":42,"WingedGreaves":39,"Toy Ornithopter":8},{"Regal Pillow":14,"Enchiridion":14,"Omamori":12,"Bag of Preparation":23,"Ginger":17,"Cursed Key":0,"Empty Cage":11,"MawBank":13,"Burning Blood":0,"WarpedTongs":12,"Sozu":16,"Peace Pipe":22,"Bottled Flame":7,"Anchor":9,"Centennial Puzzle":20,"Strawberry":21,"WingedGreaves":19,"Toy Ornithopter":6},{"Regal Pillow":66,"Enchiridion":66,"Omamori":57,"Bag of Preparation":125,"Ginger":89,"Cursed Key":0,"Empty Cage":54,"MawBank":61,"Burning Blood":0,"WarpedTongs":57,"Sozu":82,"Peace Pipe":117,"Bottled Flame":29,"Anchor":41,"Centennial Puzzle":108,"Strawberry":113,"WingedGreaves":101,"Toy Ornithopter":23}],"Toy Ornithopter":20,"WarpedTongs":[72]},"card_choices":[{"not_picked":["Clash","Warcry"],"picked":"Carnage","floor":1.0},{"not_picked":["Shockwave","Sentinel"],"picked":"Flame Barrier","floor":3.0},{"not_picked":["Twin Strike","Iron Wave"],"picked":"Headbutt","floor":4.0},{"not_picked":["Twin Strike","Havoc"],"picked":"Corruption","floor":5.0},{"not_picked":["Thunderclap","Perfected Strike"],"picked":"Clothesline","floor":7.0},{"not_picked":["Carnage","Warcry"],"picked":"Sword Boomerang","floor":8.0},{"not_picked":["Pommel Strike","Intimidate"],"picked":"Feel No Pain","floor":10.0},{"not_picked":["Sword Boomerang","Twin Strike"],"picked":"Spot Weakness","floor":12.0},{"not_picked":["Havoc","Flex"],"picked":"Reckless Charge","floor":13.0},{"not_picked":["Warcry","Impervious"],"picked":"Shrug It Off","floor":14.0},{"not_picked":["Fiend Fire","Juggernaut"],"picked":"Reaper","floor":16.0},{"not_picked":["Anger","Sword Boomerang"],"picked":"Reckless Charge","floor":18.0},{"not_picked":["Armaments","Combust","Clothesline+1"],"picked":"SKIP","floor":24.0},{"not_picked":["Clash","Thunderclap"],"picked":"Shrug It Off","floor":25.0},{"not_picked":["Heavy Blade","Dropkick"],"picked":"True Grit","floor":31.0},{"not_picked":["Exhume","Juggernaut"],"picked":"Offering","floor":33.0},{"not_picked":["Clothesline","Flex"],"picked":"Wild Strike","floor":35.0},{"not_picked":["Mayhem","Jack Of All Trades"],"picked":"Swift Strike","floor":37.0},{"not_picked":["Combust","Wild Strike"],"picked":"Cleave","floor":38.0},{"not_picked":["Twin Strike","Perfected Strike+1"],"picked":"Uppercut+1","floor":39.0},{"not_picked":["Pommel Strike","Flex"],"picked":"Entrench","floor":40.0},{"not_picked":["Dropkick","Anger"],"picked":"Spot Weakness","floor":42.0},{"not_picked":["Perfected Strike+1","Clothesline"],"picked":"Shrug It Off","floor":45.0},{"not_picked":["Pummel","Warcry"],"picked":"Fiend Fire","floor":46.0}],"player_experience":658649,"relics_obtained":[{"floor":8.0,"key":"Toy Ornithopter"},{"floor":10.0,"key":"Bottled Flame"},{"floor":13.0,"key":"Anchor"},{"floor":24.0,"key":"MawBank"},{"floor":26.0,"key":"Regal Pillow"},{"floor":30.0,"key":"Enchiridion"},{"floor":39.0,"key":"WingedGreaves"},{"floor":40.0,"key":"Centennial Puzzle"},{"floor":42.0,"key":"Strawberry"},{"floor":45.0,"key":"Peace Pipe"},{"floor":46.0,"key":"Bag of Preparation"}],"event_choices":[{"cards_removed":["Strike_R"],"damage_healed":0.0,"max_hp_gain":0.0,"max_hp_loss":0.0,"gold_gain":0.0,"event_name":"Bonfire Elementals","player_choice":"Offered Basic","floor":2.0,"gold_loss":0.0,"damage_taken":0.0},{"damage_healed":0.0,"max_hp_gain":5.0,"max_hp_loss":0.0,"gold_gain":0.0,"event_name":"Forgotten Altar","player_choice":"Shed Blood","floor":19.0,"gold_loss":0.0,"damage_taken":26.0},{"damage_healed":0.0,"max_hp_gain":0.0,"max_hp_loss":0.0,"gold_gain":0.0,"event_name":"Nest","player_choice":"Joined the Cult","floor":21.0,"gold_loss":0.0,"damage_taken":6.0,"cards_obtained":["RitualDagger"]},{"damage_healed":0.0,"max_hp_gain":0.0,"max_hp_loss":0.0,"gold_gain":0.0,"event_name":"Accursed Blacksmith","player_choice":"Rummage","floor":22.0,"gold_loss":0.0,"damage_taken":0.0,"relics_obtained":["WarpedTongs"],"cards_obtained":["Pain"]},{"damage_healed":0.0,"max_hp_gain":0.0,"max_hp_loss":0.0,"gold_gain":0.0,"event_name":"Cursed Tome","player_choice":"Obtained Book","floor":30.0,"gold_loss":0.0,"damage_taken":21.0},{"damage_healed":0.0,"max_hp_gain":0.0,"max_hp_loss":0.0,"gold_gain":0.0,"event_name":"SensoryStone","player_choice":"Memory 1","floor":37.0,"gold_loss":0.0,"damage_taken":0.0},{"damage_healed":0.0,"max_hp_gain":0.0,"max_hp_loss":0.0,"gold_gain":0.0,"event_name":"Mysterious Sphere","player_choice":"Fight","floor":39.0,"gold_loss":0.0,"damage_taken":0.0},{"damage_healed":0.0,"max_hp_gain":0.0,"max_hp_loss":0.0,"gold_gain":0.0,"event_name":"MindBloom","player_choice":"Fight","floor":45.0,"gold_loss":0.0,"damage_taken":0.0}],"is_beta":false,"boss_relics":[{"not_picked":["Black Star","Ectoplasm"],"picked":"Empty Cage"},{"not_picked":["Runic Dome","SacredBark"],"picked":"Sozu"}],"items_purged_floors":[20],"is_endless":false,"potions_floor_spawned":[3,4,5,7,10,16,18,25,31,39,46],"killed_by":"Reptomancer","ascension_level":18}}