{"host":"5w7hw1ne5h7avrl9","time":1612340334,"event":{"mods":["AchievementEnabler","BaseMod","Colored Map","Colored Powertips","Displayed Cursed Tome","Googly Eyes","Minty Spire (QoL Compilation)","SuperFastMode"],"gold_per_floor":[118,118,129,146,146,172,172,7,32,45,45,55,55,81,81,179,179,192,192,107,14,14,14,43,43,43,5,23,23,33,68,68,166,166,181,0,12,62,72,104,104,114,168,168,180,43,68,117,117,117],"floor_reached":51,"language":"ENG","playtime":3783,"items_purged":["Regret"],"score":865,"play_id":"f7d6b241-aa95-446a-b659-afb90ee305f1","local_time":"20210203001854","is_ascension_mode":true,"campfire_choices":[{"data":"BattleHymn","floor":11,"key":"SMITH"},{"data":"DeceiveReality","floor":13,"key":"SMITH"},{"data":"Eruption","floor":15,"key":"SMITH"},{"data":"MasterReality","floor":23,"key":"SMITH"},{"data":"BattleHymn","floor":25,"key":"SMITH"},{"data":"DeceiveReality","floor":29,"key":"SMITH"},{"data":"ThirdEye","floor":32,"key":"SMITH"},{"data":"DevaForm","floor":44,"key":"SMITH"},{"data":"Weave","floor":49,"key":"SMITH"}],"circlet_count":0,"master_deck":["Strike_P","Strike_P","Defend_P","Defend_P","Defend_P+1","Eruption+1","Vigilance","EmptyFist+1","Nirvana+1","Pray+1","Prostrate","JustLucky","DeceiveReality+1","Scrawl+1","ReachHeaven","Brilliance","BattleHymn+1","MasterReality+1","J.A.X.+1","BattleHymn+1","Weave+1","RitualDagger","DeceiveReality+1","ThirdEye+1","DevaForm+1","ReachHeaven+1","Bandage Up"],"relics":["Astrolabe","Toy Ornithopter","The Courier","Blood Vial","Singing Bowl","Busted Crown","War Paint","Meat on the Bone","InkBottle","Prayer Wheel","SlaversCollar","Red Mask","CaptainsWheel","Art of War","Letter Opener","MealTicket","Kunai","Unceasing Top"],"acts_visited":["Exordium","TheCity","TheBeyond"],"potions_floor_usage":[14,16,24,24,24,31,31,31,38,40,48,48,50],"damage_taken":[{"damage":1.0,"enemies":"Jaw Worm","floor":1.0,"turns":3.0},{"damage":0,"enemies":"Cultist","floor":3,"turns":3},{"damage":5,"enemies":"2 Louse","floor":4,"turns":5},{"damage":7,"enemies":"Lagavulin","floor":6,"turns":7},{"damage":6,"enemies":"Exordium Wildlife","floor":10,"turns":3},{"damage":8,"enemies":"Looter","floor":12,"turns":4},{"damage":21,"enemies":"3 Sentries","floor":14,"turns":6},{"damage":16,"enemies":"The Guardian","floor":16,"turns":8},{"damage":8,"enemies":"Shell Parasite","floor":18,"turns":5},{"damage":36,"enemies":"Book of Stabbing","floor":24,"turns":4},{"damage":5,"enemies":"Spheric Guardian","floor":28,"turns":3},{"damage":3,"enemies":"Snecko","floor":30,"turns":4},{"damage":22,"enemies":"Slavers","floor":31,"turns":5},{"damage":21,"enemies":"Collector","floor":33,"turns":4},{"damage":20,"enemies":"Orb Walker","floor":35,"turns":4},{"damage":19,"enemies":"3 Shapes","floor":37,"turns":4},{"damage":6,"enemies":"Mind Bloom Boss Battle","floor":38,"turns":5},{"damage":17,"enemies":"Sphere and 2 Shapes","floor":39,"turns":5},{"damage":23,"enemies":"Giant Head","floor":40,"turns":6},{"damage":15,"enemies":"3 Darklings","floor":42,"turns":5},{"damage":21,"enemies":"Spire Growth","floor":45,"turns":4},{"damage":3,"enemies":"Nemesis","floor":47,"turns":5},{"damage":15,"enemies":"2 Orb Walkers","floor":48,"turns":5},{"damage":75,"enemies":"Awakened One","floor":50,"turns":9}],"seed_played":"-4771722845461227882","potions_obtained":[{"floor":3,"key":"AttackPotion"},{"floor":4,"key":"FearPotion"},{"floor":10,"key":"Explosive Potion"},{"floor":12,"key":"SpeedPotion"},{"floor":16,"key":"ColorlessPotion"},{"floor":18,"key":"Fire Potion"},{"floor":28,"key":"DuplicationPotion"},{"floor":30,"key":"Swift Potion"},{"floor":35,"key":"PowerPotion"},{"floor":39,"key":"Swift Potion"},{"floor":45,"key":"BottledMiracle"},{"floor":47,"key":"DuplicationPotion"},{"floor":48,"key":"PowerPotion"}],"is_trial":false,"path_per_floor":["M","?","M","M","?","E","?","$","T","M","R","M","R","E","R","B",null,"M","?","?","$","?","R","E","R","T","$","M","R","M","E","R","B",null,"M","?","M","?","M","E","T","M","T","R","M","$","E","?","R","B",null],"character_chosen":"WATCHER","items_purchased":["ReachHeaven","Brilliance","BattleHymn","Weave","Block Potion","Bandage Up"],"campfire_rested":0,"item_purchase_floors":[8,8,21,21,27,46],"current_hp_per_floor":[71,71,71,66,66,59,59,59,59,55,55,49,49,37,37,28,74,68,68,68,68,62,62,42,42,42,42,51,51,52,47,47,40,80,62,62,49,52,53,51,51,54,54,54,51,66,71,74,74,22],"gold":117,"neow_bonus":"BOSS_RELIC","is_daily":false,"chose_seed":false,"campfire_upgraded":9,"win_rate":0.0,"timestamp":1612340334,"path_taken":["M","?","M","?","?","E","?","?","T","M","R","M","R","E","R","BOSS","M","?","?","$","?","R","E","R","T","?","M","R","M","E","R","BOSS","M","?","M","?","M","E","?","M","T","R","M","$","E","?","R","BOSS"],"items_purchased_type":["Card","Card","Card","Card","Potion","Card"],"build_version":"2020-12-22","purchased_purges":1,"victory":true,"max_hp_per_floor":[72,72,72,72,72,72,72,72,72,72,72,72,72,74,74,74,74,76,76,76,76,76,76,78,78,78,78,78,78,80,80,80,80,80,82,82,86,88,92,94,94,98,98,98,102,102,104,106,106,106],"card_choices":[{"not_picked":["JustLucky","Perseverance"],"picked":"Prostrate","floor":1.0},{"not_picked":["Collect","EmptyFist"],"picked":"JustLucky","floor":3},{"not_picked":["Nirvana","BowlingBash"],"picked":"DeceiveReality","floor":4},{"not_picked":["Fasting2","Nirvana"],"picked":"Scrawl","floor":6},{"not_picked":["Crescendo","Prostrate"],"picked":"BattleHymn","floor":10},{"not_picked":["FollowUp","Evaluate","Protect"],"picked":"SKIP","floor":12},{"not_picked":["EmptyMind","EmptyBody","Sanctity"],"picked":"Singing Bowl","floor":14},{"not_picked":["Scrawl","DeusExMachina"],"picked":"MasterReality","floor":16},{"not_picked":["PathToVictory"],"picked":"Singing Bowl","floor":18},{"not_picked":["Prostrate"],"picked":"Singing Bowl","floor":24},{"not_picked":[],"picked":"DeceiveReality","floor":28},{"not_picked":["FlyingSleeves"],"picked":"Singing Bowl","floor":30},{"not_picked":[],"picked":"ThirdEye","floor":31},{"not_picked":[],"picked":"DevaForm","floor":33},{"not_picked":["EmptyFist"],"picked":"Singing Bowl","floor":35},{"not_picked":[],"picked":"ReachHeaven+1","floor":35},{"not_picked":["ThirdEye"],"picked":"Singing Bowl","floor":37},{"not_picked":["ClearTheMind"],"picked":"Singing Bowl","floor":37},{"not_picked":["Indignation+1"],"picked":"Singing Bowl","floor":38},{"not_picked":["Halt+1"],"picked":"Singing Bowl","floor":39},{"not_picked":["LikeWater+1"],"picked":"Singing Bowl","floor":39},{"not_picked":["DevaForm"],"picked":"Singing Bowl","floor":40},{"not_picked":["Consecrate"],"picked":"Singing Bowl","floor":42},{"not_picked":["BowlingBash+1"],"picked":"Singing Bowl","floor":42},{"not_picked":["FearNoEvil+1"],"picked":"Singing Bowl","floor":45},{"not_picked":["PathToVictory+1"],"picked":"Singing Bowl","floor":45},{"not_picked":["Crescendo+1"],"picked":"Singing Bowl","floor":47},{"not_picked":["Crescendo"],"picked":"Singing Bowl","floor":48}],"player_experience":169085,"relics_obtained":[{"floor":6,"key":"The Courier"},{"floor":9,"key":"Blood Vial"},{"floor":14,"key":"Singing Bowl"},{"floor":24,"key":"Meat on the Bone"},{"floor":26,"key":"InkBottle"},{"floor":31,"key":"Prayer Wheel"},{"floor":38,"key":"CaptainsWheel"},{"floor":40,"key":"Art of War"},{"floor":41,"key":"Letter Opener"},{"floor":43,"key":"MealTicket"},{"floor":47,"key":"Kunai"},{"floor":48,"key":"Unceasing Top"}],"event_choices":[{"damage_healed":0.0,"max_hp_gain":0.0,"max_hp_loss":0.0,"gold_gain":0.0,"event_name":"The Woman in Blue","player_choice":"Bought 0 Potions","floor":2.0,"gold_loss":0.0,"damage_taken":0.0},{"damage_healed":0,"gold_gain":0,"player_choice":"Box","damage_taken":0,"relics_obtained":["Toy Ornithopter"],"max_hp_gain":0,"max_hp_loss":0,"event_name":"Big Fish","floor":5,"gold_loss":0,"cards_obtained":["Regret"]},{"damage_healed":0,"gold_gain":0,"player_choice":"Grow","damage_taken":0,"max_hp_gain":0,"max_hp_loss":0,"event_name":"Living Wall","floor":7,"gold_loss":0,"cards_upgraded":["Scrawl"]},{"damage_healed":0,"gold_gain":0,"player_choice":"Obtain J.A.X.","damage_taken":0,"max_hp_gain":0,"max_hp_loss":0,"event_name":"Drug Dealer","floor":19,"gold_loss":0,"cards_obtained":["J.A.X."]},{"damage_healed":0,"gold_gain":0,"player_choice":"Obtained Relic","damage_taken":0,"relics_obtained":["War Paint"],"max_hp_gain":0,"max_hp_loss":0,"event_name":"Addict","floor":20,"gold_loss":85},{"damage_healed":0,"gold_gain":0,"player_choice":"Joined the Cult","damage_taken":6,"max_hp_gain":0,"max_hp_loss":0,"event_name":"Nest","floor":22,"gold_loss":0,"cards_obtained":["RitualDagger"]},{"damage_healed":0,"gold_gain":0,"player_choice":"Paid","damage_taken":0,"relics_obtained":["Red Mask"],"max_hp_gain":0,"max_hp_loss":0,"event_name":"Tomb of Lord Red Mask","floor":36,"gold_loss":181},{"damage_healed":0,"gold_gain":0,"player_choice":"Fight","damage_taken":0,"max_hp_gain":0,"max_hp_loss":0,"event_name":"MindBloom","floor":38,"gold_loss":0},{"damage_healed":0,"gold_gain":0,"player_choice":"Fight","damage_taken":0,"max_hp_gain":0,"max_hp_loss":0,"event_name":"Mysterious Sphere","floor":48,"gold_loss":0}],"is_beta":false,"boss_relics":[{"not_picked":["Runic Pyramid","Tiny House"],"picked":"Busted Crown"},{"not_picked":["Calling Bell","Velvet Choker"],"picked":"SlaversCollar"}],"items_purged_floors":[46],"is_endless":false,"potions_floor_spawned":[3,4,10,12,16,18,28,30,35,39,45,47,48],"ascension_level":1}}