{"host":"u0hb5we0hmj7y3yv","time":1612363493,"event":{"mods":["BaseMod","KinomotoSakuraMod(Ä¾Ö®±¾Ó£)","Marisa£¨ìFÓê¡¡Ä§ÀíÉ³£©","Minty Spire (QoL Compilation)"],"gold_per_floor":[19,36,48,61,73,100,100,125,173,183,194,225,225,225,225,328,328,341,256,256,274,56,87,104,132,132,147,147,181,193,212,212,307,307,318,24,0,50,69,98,98,130,156,156,246,256,270,298,298,298,298,298,53,88,88],"floor_reached":56,"language":"ZHS","playtime":3995,"items_purged":[],"score":1643,"play_id":"54c96389-1840-4a01-9e68-767f965e9fbf","local_time":"20210203224453","is_ascension_mode":true,"campfire_choices":[{"data":"ClowCardTheGlow","floor":13.0,"key":"SMITH"},{"data":"ClowCardTheLoop","floor":15.0,"key":"SMITH"},{"data":"ClowCardTheWave","floor":28.0,"key":"SMITH"},{"data":"ClowCardTheGlow","floor":32.0,"key":"SMITH"},{"floor":41.0,"key":"RECALL"},{"data":"ClowCardTheWave","floor":44.0,"key":"SMITH"},{"data":"ClowCardTheNothing","floor":49.0,"key":"SMITH"},{"data":"ClowCardTheLight","floor":52.0,"key":"SMITH"}],"circlet_count":0,"master_deck":["SakuraCardTheFirey+","SakuraCardTheShield+","ClowCardTheSword","ClowCardTheSword","ClowCardTheSword","ClowCardTheShield","SpellCardSeal","SpellCardRelease","ClowCardTheFloat","ClowCardTheBig","ClowCardTheShadow","ClowCardTheGlow+1","ClowCardTheMove","ClowCardTheLoop+1","ClowCardTheRain","ClowCardTheDream","ClowCardTheDash","ClowCardTheSleep","ClowCardTheBig","ClowCardTheGlow+1","ClowCardTheWave+1","ClowCardTheBubbles","ClowCardTheWave+1","ClowCardTheChange","ClowCardTheLight+1","ClowCardTheTime","Master of Strategy","ClowCardTheBig+1","ClowCardTheArrow+1","ClowCardTheNothing+1","ClowCardTheFlower","ClowCardTheSweet","ClowCardTheFloat+1"],"relics":["KSMOD_SealedBook","KSMOD_SealedWand","Omamori","PreservedInsect","Anchor","Orichalcum","Ornamental Fan","Sozu","Toy Ornithopter","SsserpentHead","Bag of Preparation","Art of War","Vajra","Nunchaku","Eternal Feather","Dream Catcher","Runic Dome","TheAbacus","Red Mask","Letter Opener","Bronze Scales","Blood Vial","KSMOD_TomoyosHeart","Centennial Puzzle"],"acts_visited":["Exordium","TheCity","TheBeyond","TheEnding"],"potions_floor_usage":[55,55,55],"damage_taken":[{"damage":0.0,"enemies":"2 Louse","floor":1.0,"turns":3.0},{"damage":0.0,"enemies":"Cultist","floor":2.0,"turns":3.0},{"damage":0.0,"enemies":"Small Slimes","floor":3.0,"turns":3.0},{"damage":2.0,"enemies":"Red Slaver","floor":4.0,"turns":4.0},{"damage":4.0,"enemies":"Exordium Wildlife","floor":5.0,"turns":6.0},{"damage":4.0,"enemies":"Lagavulin","floor":6.0,"turns":8.0},{"damage":5.0,"enemies":"3 Sentries","floor":8.0,"turns":11.0},{"damage":0.0,"enemies":"Large Slime","floor":10.0,"turns":9.0},{"damage":4.0,"enemies":"Red Slaver","floor":11.0,"turns":11.0},{"damage":8.0,"enemies":"Lagavulin","floor":12.0,"turns":6.0},{"damage":0.0,"enemies":"The Guardian","floor":16.0,"turns":12.0},{"damage":0.0,"enemies":"2 Thieves","floor":18.0,"turns":2.0},{"damage":0.0,"enemies":"Shell Parasite","floor":21.0,"turns":5.0},{"damage":4.0,"enemies":"Book of Stabbing","floor":23.0,"turns":7.0},{"damage":0.0,"enemies":"Snake Plant","floor":24.0,"turns":3.0},{"damage":14.0,"enemies":"Gremlin Leader","floor":25.0,"turns":4.0},{"damage":0.0,"enemies":"Snecko","floor":27.0,"turns":4.0},{"damage":0.0,"enemies":"Book of Stabbing","floor":29.0,"turns":5.0},{"damage":7.0,"enemies":"3 Cultists","floor":30.0,"turns":6.0},{"damage":1.0,"enemies":"Snake Plant","floor":31.0,"turns":5.0},{"damage":0.0,"enemies":"Automaton","floor":33.0,"turns":8.0},{"damage":0.0,"enemies":"Orb Walker","floor":35.0,"turns":3.0},{"damage":0.0,"enemies":"3 Darklings","floor":39.0,"turns":7.0},{"damage":0.0,"enemies":"Giant Head","floor":40.0,"turns":6.0},{"damage":0.0,"enemies":"Nemesis","floor":42.0,"turns":4.0},{"damage":0.0,"enemies":"KSMOD_TheNothingMonster","floor":45.0,"turns":3.0},{"damage":0.0,"enemies":"Jaw Worm Horde","floor":46.0,"turns":3.0},{"damage":12.0,"enemies":"4 Shapes","floor":47.0,"turns":2.0},{"damage":0.0,"enemies":"Giant Head","floor":48.0,"turns":4.0},{"damage":2.0,"enemies":"Donu and Deca","floor":50.0,"turns":3.0},{"damage":0,"enemies":"Shield and Spear","floor":54,"turns":3},{"damage":37,"enemies":"The Heart","floor":55,"turns":7}],"seed_played":"4478248969372286477","potions_obtained":[{"floor":1.0,"key":"SpeedPotion"},{"floor":4.0,"key":"Weak Potion"},{"floor":5.0,"key":"PowerPotion"},{"floor":7.0,"key":"Fire Potion"},{"floor":7.0,"key":"AttackPotion"},{"floor":11.0,"key":"LiquidMemories"}],"is_trial":false,"path_per_floor":["M","M","M","M","M","E","?","E","T","M","M","E","R","?","R","B",null,"M","?","?","M","$","E","M","E","T","M","R","E","M","M","R","B",null,"M","$","?","?","M","E","R","E","T","R","?","M","M","E","R","B",null,"R","$","E","B",null],"character_chosen":"KINOMOTOSAKURA","items_purchased":["Bag of Preparation","ClowCardTheGlow","TheAbacus","ClowCardTheTime","KSMOD_TomoyosHeart"],"campfire_rested":0,"item_purchase_floors":[22,22,36,36,53],"current_hp_per_floor":[70,70,70,68,64,60,60,55,55,55,51,43,43,43,43,43,70,70,70,70,70,70,66,66,52,52,52,64,64,64,63,70,70,70,70,70,70,60,60,60,70,70,70,70,70,70,58,58,70,70,70,70,70,70,67],"gold":88,"neow_bonus":"REMOVE_TWO","is_daily":false,"chose_seed":false,"campfire_upgraded":7,"win_rate":0.0,"timestamp":1612363493,"path_taken":["M","M","M","M","M","E","?","E","T","M","?","E","R","?","R","BOSS","M","?","?","M","$","E","M","E","T","M","R","E","M","M","R","BOSS","M","$","?","?","M","E","R","E","T","R","?","M","M","E","R","BOSS","R","$","E","BOSS"],"items_purchased_type":["Relic","Card","Relic","Card","Relic"],"build_version":"2020-12-22","purchased_purges":0,"victory":true,"max_hp_per_floor":[70,70,70,70,70,70,70,70,70,70,70,70,70,70,70,70,70,70,70,70,70,70,70,70,70,70,70,70,70,70,70,70,70,70,70,70,70,70,70,70,70,70,70,70,70,70,70,70,70,70,70,70,70,70,70],"card_choices":[{"not_picked":["ClowCardTheSnow","ClowCardTheLock"],"picked":"ClowCardTheFloat","floor":1.0},{"not_picked":["ClowCardTheSnow","ClowCardTheFloat"],"picked":"ClowCardTheBig","floor":2.0},{"not_picked":["ClowCardTheCloud","ClowCardTheDream"],"picked":"ClowCardTheFirey","floor":3.0},{"not_picked":["ClowCardTheLibra","ClowCardTheSnow"],"picked":"ClowCardTheShadow","floor":4.0},{"not_picked":["ClowCardTheWatery","ClowCardTheMaze"],"picked":"ClowCardTheGlow","floor":5.0},{"not_picked":["ClowCardTheVoice","ClowCardTheSilent"],"picked":"ClowCardTheMove","floor":6.0},{"not_picked":["ClowCardTheIllusion","ClowCardTheStorm"],"picked":"ClowCardTheLoop","floor":8.0},{"not_picked":["ClowCardTheFly","ClowCardTheShadow"],"picked":"ClowCardTheCreate","floor":10.0},{"not_picked":["ClowCardTheMaze","ClowCardTheJump","ClowCardTheMirror"],"picked":"SKIP","floor":11.0},{"not_picked":["ClowCardTheStorm","ClowCardTheFirey"],"picked":"ClowCardTheRain","floor":12.0},{"not_picked":["ClowCardTheReturn","ClowCardTheFight"],"picked":"ClowCardTheDash","floor":16.0},{"not_picked":["ClowCardTheMaze","ClowCardThePower"],"picked":"ClowCardTheSleep","floor":18.0},{"not_picked":["ClowCardTheWood","ClowCardTheMist"],"picked":"ClowCardTheBig","floor":21.0},{"not_picked":["ClowCardTheFlower+1","ClowCardTheLoop+1"],"picked":"ClowCardTheWave","floor":23.0},{"not_picked":["ClowCardTheShadow+1","ClowCardTheSleep"],"picked":"ClowCardTheCreate","floor":24.0},{"not_picked":["ClowCardTheShot","ClowCardTheCloud","ClowCardTheSand"],"picked":"SKIP","floor":25.0},{"not_picked":["ClowCardTheMist","ClowCardTheMaze"],"picked":"ClowCardTheBubbles","floor":27.0},{"not_picked":["ClowCardTheWindy","ClowCardTheDream","ClowCardTheRain"],"picked":"SKIP","floor":29.0},{"not_picked":["ClowCardTheFloat+1","ClowCardTheShot"],"picked":"ClowCardTheWave","floor":30.0},{"not_picked":["ClowCardTheShot+1","ClowCardTheRain"],"picked":"ClowCardTheChange","floor":31.0},{"not_picked":["ClowCardTheReturn","ClowCardTheThunder"],"picked":"ClowCardTheLight","floor":33.0},{"not_picked":["ClowCardTheSilent","ClowCardTheJump","ClowCardTheCloud"],"picked":"SKIP","floor":35.0},{"not_picked":["Flash of Steel","Deep Breath"],"picked":"Master of Strategy","floor":38.0},{"not_picked":["ClowCardTheSilent+1","ClowCardTheMist+1"],"picked":"ClowCardTheBig+1","floor":39.0},{"not_picked":["ClowCardTheCloud","ClowCardTheShadow","ClowCardTheChange"],"picked":"SKIP","floor":40.0},{"not_picked":["ClowCardTheSnow+1","ClowCardTheSand+1"],"picked":"ClowCardTheArrow+1","floor":42.0},{"not_picked":["ClowCardTheShot","ClowCardTheSnow+1"],"picked":"ClowCardTheFlower","floor":45.0},{"not_picked":["ClowCardTheLight","ClowCardTheSweet+1","ClowCardTheShot+1"],"picked":"SKIP","floor":46.0},{"not_picked":["ClowCardTheEarthy+1","ClowCardTheVoice","ClowCardTheErase+1"],"picked":"SKIP","floor":47.0},{"not_picked":["ClowCardTheArrow","ClowCardTheWood+1"],"picked":"ClowCardTheSweet","floor":48.0},{"not_picked":["ClowCardTheErase","ClowCardTheVoice+1"],"picked":"ClowCardTheFloat+1","floor":54}],"player_experience":66227,"relics_obtained":[{"floor":6.0,"key":"Omamori"},{"floor":8.0,"key":"PreservedInsect"},{"floor":9.0,"key":"Anchor"},{"floor":11.0,"key":"Orichalcum"},{"floor":12.0,"key":"Ornamental Fan"},{"floor":23.0,"key":"Art of War"},{"floor":25.0,"key":"Vajra"},{"floor":25.0,"key":"Nunchaku"},{"floor":26.0,"key":"Eternal Feather"},{"floor":29.0,"key":"Dream Catcher"},{"floor":40.0,"key":"Letter Opener"},{"floor":42.0,"key":"Bronze Scales"},{"floor":48.0,"key":"Blood Vial"},{"floor":54,"key":"Centennial Puzzle"}],"event_choices":[{"damage_healed":0.0,"max_hp_gain":0.0,"max_hp_loss":0.0,"gold_gain":0.0,"event_name":"Lab","player_choice":"Got Potions","floor":7.0,"gold_loss":0.0,"damage_taken":0.0},{"damage_healed":0.0,"max_hp_gain":0.0,"max_hp_loss":0.0,"gold_gain":0.0,"cards_transformed":["ClowCardTheShield"],"event_name":"Transmorgrifier","player_choice":"Transformed","floor":14.0,"gold_loss":0.0,"damage_taken":0.0,"cards_obtained":["ClowCardTheDream"]},{"damage_healed":0.0,"max_hp_gain":0.0,"max_hp_loss":0.0,"gold_gain":0.0,"event_name":"Addict","player_choice":"Obtained Relic","floor":19.0,"gold_loss":85.0,"damage_taken":0.0,"relics_obtained":["Toy Ornithopter"]},{"damage_healed":0.0,"max_hp_gain":0.0,"max_hp_loss":0.0,"gold_gain":0.0,"event_name":"FaceTrader","player_choice":"Trade","floor":20.0,"gold_loss":0.0,"damage_taken":0.0,"relics_obtained":["SsserpentHead"]},{"damage_healed":0.0,"max_hp_gain":0.0,"max_hp_loss":0.0,"gold_gain":0.0,"event_name":"Tomb of Lord Red Mask","player_choice":"Paid","floor":37.0,"gold_loss":74.0,"damage_taken":0.0,"relics_obtained":["Red Mask"]},{"damage_healed":0.0,"max_hp_gain":0.0,"max_hp_loss":0.0,"gold_gain":0.0,"event_name":"SensoryStone","player_choice":"Memory 3","floor":38.0,"gold_loss":0.0,"damage_taken":10.0}],"is_beta":false,"boss_relics":[{"not_picked":["Fusion Hammer","Tiny House"],"picked":"Sozu"},{"not_picked":["Calling Bell","Coffee Dripper"],"picked":"Runic Dome"}],"items_purged_floors":[],"is_endless":false,"potions_floor_spawned":[1,4,5,10,11,16,25,29,30,31,33,45,46,47],"ascension_level":2}}