{"host":"06gxn1c1bsk424jw","time":1612323809,"event":{"mods":["BaseMod","DeckTracker","Minty Spire (QoL Compilation)","SuperFastMode"],"gold_per_floor":[110,260,535,551,476,476,510,520,572,588,99,99,112,131,131,209,209,221,255,255,255],"floor_reached":20,"language":"KOR","playtime":1100,"items_purged":["Doubt"],"score":368,"play_id":"f59684f2-3635-4b8b-abf2-88eb014b7d76","local_time":"20210203124329","is_ascension_mode":true,"campfire_choices":[{"data":"Hemokinesis","floor":6,"key":"SMITH"},{"data":"Rupture","floor":15,"key":"SMITH"}],"circlet_count":0,"master_deck":["AscendersBane","Strike_R","Strike_R","Strike_R","Strike_R","Strike_R","Defend_R","Defend_R","Defend_R","Defend_R","Bash","Hemokinesis+1","Shrug It Off","Disarm","Metallicize","Cleave","Offering","Rupture+1","Bloodletting","Reaper","Feel No Pain","Body Slam+1"],"relics":["Burning Blood","NeowsBlessing","Omamori","Bag of Marbles","Strange Spoon","SlaversCollar","Red Mask"],"acts_visited":["Exordium","TheCity"],"potions_floor_usage":[7,10,16,18,19,19,20],"damage_taken":[{"damage":0,"enemies":"2 Louse","floor":1,"turns":1},{"damage":0,"enemies":"Jaw Worm","floor":4,"turns":1},{"damage":0,"enemies":"Lagavulin","floor":7,"turns":1},{"damage":2,"enemies":"Cultist","floor":8,"turns":3},{"damage":3,"enemies":"Exordium Wildlife","floor":10,"turns":4},{"damage":26,"enemies":"Large Slime","floor":13,"turns":4},{"damage":10,"enemies":"Red Slaver","floor":14,"turns":3},{"damage":20,"enemies":"Slime Boss","floor":16,"turns":6},{"damage":44,"enemies":"Spheric Guardian","floor":18,"turns":7},{"damage":53,"enemies":"Masked Bandits","floor":19,"turns":5},{"damage":18,"enemies":"3 Byrds","floor":20,"turns":2}],"seed_played":"4724814130254705583","potions_obtained":[{"floor":1,"key":"BloodPotion"},{"floor":7,"key":"Fruit Juice"},{"floor":8,"key":"SkillPotion"},{"floor":10,"key":"SteroidPotion"},{"floor":16,"key":"BloodPotion"},{"floor":18,"key":"SkillPotion"},{"floor":19,"key":"LiquidMemories"}],"is_trial":false,"path_per_floor":["M","?","?","M","?","R","E","M","T","M","$","?","M","M","R","B",null,"M","?","M"],"character_chosen":"IRONCLAD","items_purchased":["Strange Spoon","Offering","Rupture"],"campfire_rested":0,"item_purchase_floors":[11,11,11],"current_hp_per_floor":[74,74,74,75,75,75,80,80,80,80,80,80,60,56,56,42,71,33,18,0,0],"gold":255,"neow_bonus":"THREE_ENEMY_KILL","is_daily":false,"chose_seed":false,"campfire_upgraded":2,"win_rate":0.0,"timestamp":1612323809,"path_taken":["M","?","?","?","?","R","E","M","T","M","$","?","M","M","R","BOSS","M","?","M"],"items_purchased_type":["Relic","Card","Card"],"build_version":"2020-12-22","purchased_purges":1,"victory":false,"max_hp_per_floor":[75,75,75,75,75,75,80,80,80,80,80,80,80,80,80,80,80,80,80,80,80],"card_choices":[{"not_picked":["Perfected Strike","Armaments"],"picked":"Hemokinesis","floor":1},{"not_picked":["Anger","Sentinel"],"picked":"Shrug It Off","floor":4},{"not_picked":["Intimidate","Armaments"],"picked":"Disarm","floor":7},{"not_picked":["Warcry","Ghostly Armor"],"picked":"Metallicize","floor":8},{"not_picked":["Pummel","Shockwave"],"picked":"Cleave","floor":10},{"not_picked":["Iron Wave","Offering"],"picked":"Bloodletting","floor":13},{"not_picked":["Body Slam","Seeing Red","Pommel Strike"],"picked":"SKIP","floor":14},{"not_picked":["Impervious","Offering"],"picked":"Reaper","floor":16},{"not_picked":["Thunderclap","Sever Soul"],"picked":"Feel No Pain","floor":18},{"not_picked":["Clothesline","Clash"],"picked":"Body Slam+1","floor":19}],"player_experience":733257,"relics_obtained":[{"floor":7,"key":"Omamori"},{"floor":9,"key":"Bag of Marbles"},{"floor":19,"key":"Red Mask"}],"event_choices":[{"damage_healed":0,"gold_gain":150,"player_choice":"AGREE","damage_taken":0,"max_hp_gain":0,"max_hp_loss":0,"event_name":"Liars Game","floor":2,"gold_loss":0,"cards_obtained":["Doubt"]},{"damage_healed":0,"gold_gain":275,"player_choice":"Desecrate","damage_taken":0,"max_hp_gain":0,"max_hp_loss":0,"event_name":"Golden Shrine","floor":3,"gold_loss":0,"cards_obtained":["Regret"]},{"cards_removed":["Regret"],"damage_healed":0,"gold_gain":0,"player_choice":"Card Removal","damage_taken":0,"max_hp_gain":0,"max_hp_loss":0,"event_name":"The Cleric","floor":5,"gold_loss":75},{"damage_healed":0,"gold_gain":0,"player_choice":"0 cards matched","damage_taken":0,"max_hp_gain":0,"max_hp_loss":0,"event_name":"Match and Keep!","floor":12,"gold_loss":0,"cards_obtained":[]},{"damage_healed":0,"gold_gain":0,"player_choice":"Fought Bandits","damage_taken":0,"max_hp_gain":0,"max_hp_loss":0,"event_name":"Masked Bandits","floor":19,"gold_loss":0}],"is_beta":false,"boss_relics":[{"not_picked":["SacredBark","Black Star"],"picked":"SlaversCollar"}],"items_purged_floors":[11],"is_endless":false,"potions_floor_spawned":[1,7,8,10,16,18,19],"killed_by":"3 Byrds","ascension_level":17}}