{"host":"gfxjwtol062e9znw","time":1612357001,"event":{"mods":["BaseMod","Colored Map","Minty Spire (QoL Compilation)","Rare Cards Sparkle"],"gold_per_floor":[134,169,204,204,244,244,274,24,49,49,64,64,99,139,139,264,264,279,319,354,354,354,354],"floor_reached":22,"language":"ENG","playtime":772,"items_purged":[],"score":190,"play_id":"a0910909-0155-4993-ade8-30b7cba45af7","local_time":"20210203235641","daily_mods":["Allstar","Purple Cards","Lethality"],"is_ascension_mode":false,"campfire_choices":[{"data":"Secret Technique","floor":6,"key":"SMITH"},{"data":"Defragment","floor":10,"key":"SMITH"},{"floor":15,"key":"REST"}],"circlet_count":0,"master_deck":["Strike_B","Strike_B","Strike_B","Strike_B","Defend_B","Defend_B","Defend_B","Defend_B","Zap","Dualcast","Bandage Up","Apotheosis+1","Secret Weapon","Secret Technique+1","HandOfGreed","Conserve Battery","Ball Lightning","Lockon","Double Energy","Defragment+1","Aggregate+1","Lockon+1","Conserve Battery","Omniscience","SashWhip+1","White Noise","CutThroughFate+1"],"relics":["Cracked Core","Ornamental Fan","Molten Egg 2","Omamori","Nuclear Battery"],"acts_visited":["Exordium","TheCity"],"potions_floor_usage":[14],"damage_taken":[{"damage":0,"enemies":"Cultist","floor":1,"turns":2},{"damage":4,"enemies":"2 Louse","floor":2,"turns":3},{"damage":7,"enemies":"Jaw Worm","floor":3,"turns":2},{"damage":0,"enemies":"Large Slime","floor":5,"turns":4},{"damage":5,"enemies":"Gremlin Nob","floor":7,"turns":3},{"damage":12,"enemies":"Red Slaver","floor":11,"turns":3},{"damage":16,"enemies":"Lots of Slimes","floor":13,"turns":2},{"damage":8,"enemies":"Exordium Thugs","floor":14,"turns":3},{"damage":42,"enemies":"The Guardian","floor":16,"turns":6},{"damage":13,"enemies":"Spheric Guardian","floor":18,"turns":4},{"damage":24,"enemies":"2 Thieves","floor":19,"turns":4},{"damage":25,"enemies":"Sentry and Sphere","floor":20,"turns":4},{"damage":30,"enemies":"Cultist and Chosen","floor":22,"turns":4}],"seed_played":"4031875728642390749","potions_obtained":[{"floor":2,"key":"SkillPotion"},{"floor":5,"key":"BlessingOfTheForge"},{"floor":18,"key":"CultistPotion"}],"is_trial":false,"path_per_floor":["M","M","M","?","M","R","E","$","T","R","M","?","M","M","R","B",null,"M","M","M","?","M"],"character_chosen":"DEFECT","items_purchased":["Molten Egg 2"],"campfire_rested":1,"item_purchase_floors":[8],"current_hp_per_floor":[75,71,68,68,72,72,67,67,67,67,55,55,39,37,59,23,75,68,56,35,29,0,0],"gold":354,"neow_bonus":"","is_daily":true,"chose_seed":false,"campfire_upgraded":2,"win_rate":0.0,"timestamp":1612357001,"path_taken":["M","M","?","?","M","R","E","?","T","R","M","?","M","M","R","BOSS","M","M","M","?","?"],"items_purchased_type":["Relic"],"build_version":"2020-12-22","purchased_purges":0,"victory":false,"max_hp_per_floor":[75,75,75,75,75,75,75,75,75,75,75,75,75,75,75,75,75,75,75,75,75,75,75],"card_choices":[{"not_picked":["Coolheaded","Stack"],"picked":"Conserve Battery","floor":1},{"not_picked":["ClearTheMind","Swivel"],"picked":"Ball Lightning","floor":2},{"not_picked":["Cold Snap","Coolheaded"],"picked":"Lockon","floor":3},{"not_picked":["Halt","Crescendo"],"picked":"Double Energy","floor":5},{"not_picked":["Sanctity","Devotion"],"picked":"Defragment","floor":7},{"not_picked":["Consume","Meditate"],"picked":"Aggregate","floor":11},{"not_picked":["Redo","ThirdEye"],"picked":"Lockon+1","floor":13},{"not_picked":["Consume","EmptyFist+1"],"picked":"Conserve Battery","floor":14},{"not_picked":["Amplify","SpiritShield"],"picked":"Omniscience","floor":16},{"not_picked":["Go for the Eyes+1","Steam+1"],"picked":"SashWhip+1","floor":18},{"not_picked":["Beam Cell+1","Conserve Battery"],"picked":"White Noise","floor":19},{"not_picked":["Hologram","Coolheaded"],"picked":"CutThroughFate+1","floor":20}],"player_experience":79437,"relics_obtained":[{"floor":7,"key":"Ornamental Fan"},{"floor":9,"key":"Omamori"}],"event_choices":[{"damage_healed":0,"gold_gain":0,"player_choice":"Grow","damage_taken":0,"max_hp_gain":0,"max_hp_loss":0,"event_name":"Living Wall","floor":4,"gold_loss":0,"cards_upgraded":["Apotheosis"]},{"damage_healed":0,"gold_gain":0,"player_choice":"Upgraded","damage_taken":0,"max_hp_gain":0,"max_hp_loss":0,"event_name":"Upgrade Shrine","floor":12,"gold_loss":0,"cards_upgraded":["Aggregate"]},{"damage_healed":0,"gold_gain":0,"player_choice":"","damage_taken":6,"max_hp_gain":0,"max_hp_loss":0,"event_name":"Knowing Skull","floor":21,"potions_obtained":[],"gold_loss":0,"cards_obtained":[]}],"is_beta":false,"boss_relics":[{"not_picked":["Busted Crown","Snecko Eye"],"picked":"Nuclear Battery"}],"items_purged_floors":[],"is_endless":false,"potions_floor_spawned":[2,5,18],"killed_by":"Cultist and Chosen","ascension_level":0}}