{"host":"k919bq8mkuzdqhzi","time":1612320793,"event":{"mods":["AchievementEnabler","BaseMod","Colored Map","Colored Powertips","DeckTracker","Minty Spire (QoL Compilation)","Relic Sorter","SuperFastMode"],"gold_per_floor":[113,113,123,48,48,75,75,88,88,169,169,181,181,201,201,306,306,293,43,56,75,88,88,88,88,140,166,180,212,212,227,227,325,325,336,81,81,41,60,60,79,79,79,97,97,117,127,142,142,142],"floor_reached":51,"language":"ENG","playtime":3426,"items_purged":["Strike_G","Strike_G","Strike_G"],"score":741,"play_id":"070f218b-f4aa-4720-81db-8e48c2b95a16","local_time":"20210202215313","is_ascension_mode":false,"campfire_choices":[{"data":"Backflip","floor":7,"key":"SMITH"},{"data":"Predator","floor":13,"key":"SMITH"},{"data":"Sucker Punch","floor":15,"key":"SMITH"},{"data":"A Thousand Cuts","floor":23,"key":"SMITH"},{"floor":25,"key":"REST"},{"floor":30,"key":"REST"},{"floor":32,"key":"REST"},{"data":"Bane","floor":40,"key":"SMITH"},{"data":"After Image","floor":42,"key":"SMITH"},{"floor":45,"key":"REST"},{"floor":49,"key":"REST"}],"circlet_count":0,"master_deck":["Strike_G","Defend_G","Defend_G","Defend_G","Defend_G","Defend_G","Survivor","Neutralize","Catalyst+1","Backflip+1","Terror+1","Blur+1","Predator+1","Sucker Punch+1","A Thousand Cuts+1","Flying Knee","Burst+1","Bouncing Flask+1","Blade Dance+1","Leg Sweep+1","Outmaneuver+1","Corpse Explosion+1","Footwork","After Image+1","Noxious Fumes+1","Bane+1","Writhe","Deadly Poison+1","Deadly Poison+1","Deadly Poison+1"],"relics":["Ring of the Snake","NeowsBlessing","Toxic Egg 2","InkBottle","Ornamental Fan","HoveringKite","CultistMask","Potion Belt","Thread and Needle","Toy Ornithopter","Busted Crown","Eternal Feather"],"acts_visited":["Exordium","TheCity","TheBeyond"],"potions_floor_usage":[18,29,29,33,33,33,50],"damage_taken":[{"damage":0,"enemies":"Jaw Worm","floor":1,"turns":1},{"damage":0,"enemies":"2 Louse","floor":3,"turns":1},{"damage":0,"enemies":"3 Sentries","floor":6,"turns":2},{"damage":0,"enemies":"Cultist","floor":8,"turns":4},{"damage":0,"enemies":"Exordium Thugs","floor":12,"turns":6},{"damage":4,"enemies":"Blue Slaver","floor":14,"turns":3},{"damage":17,"enemies":"Hexaghost","floor":16,"turns":12},{"damage":16,"enemies":"2 Thieves","floor":18,"turns":4},{"damage":0,"enemies":"Spheric Guardian","floor":20,"turns":2},{"damage":6,"enemies":"Centurion and Healer","floor":21,"turns":5},{"damage":15,"enemies":"Chosen and Byrds","floor":22,"turns":3},{"damage":0,"enemies":"Book of Stabbing","floor":27,"turns":3},{"damage":1,"enemies":"Snake Plant","floor":28,"turns":3},{"damage":35,"enemies":"Slavers","floor":29,"turns":5},{"damage":8,"enemies":"Snecko","floor":31,"turns":4},{"damage":65,"enemies":"Automaton","floor":33,"turns":15},{"damage":24,"enemies":"3 Darklings","floor":35,"turns":4},{"damage":0,"enemies":"Orb Walker","floor":39,"turns":4},{"damage":8,"enemies":"3 Darklings","floor":41,"turns":2},{"damage":32,"enemies":"Sphere and 2 Shapes","floor":44,"turns":4},{"damage":8,"enemies":"Jaw Worm Horde","floor":46,"turns":4},{"damage":0,"enemies":"Transient","floor":47,"turns":5},{"damage":15,"enemies":"Spire Growth","floor":48,"turns":4},{"damage":36,"enemies":"Donu and Deca","floor":50,"turns":5}],"seed_played":"8811775593718831934","potions_obtained":[{"floor":1,"key":"Strength Potion"},{"floor":14,"key":"PowerPotion"},{"floor":18,"key":"ColorlessPotion"},{"floor":22,"key":"AttackPotion"},{"floor":28,"key":"LiquidBronze"},{"floor":31,"key":"Energy Potion"},{"floor":33,"key":"Strength Potion"},{"floor":39,"key":"SmokeBomb"},{"floor":41,"key":"LiquidBronze"},{"floor":44,"key":"GamblersBrew"}],"is_trial":false,"path_per_floor":["M","?","M","$","?","E","R","M","T","T","?","M","R","M","R","B",null,"M","$","M","M","M","R","?","R","T","E","M","E","R","M","R","B",null,"M","$","?","?","M","R","M","R","T","M","R","M","M","M","R","B",null],"character_chosen":"THE_SILENT","items_purchased":["Burst+1","Bouncing Flask+1","Noxious Fumes","Bane"],"campfire_rested":5,"item_purchase_floors":[19,19,36,36],"current_hp_per_floor":[70,70,70,70,70,70,70,70,70,70,70,70,70,66,66,49,70,54,54,54,48,33,33,33,54,54,54,53,18,39,31,52,2,70,46,46,64,64,64,64,56,56,56,24,60,52,52,37,70,39],"gold":142,"neow_bonus":"THREE_ENEMY_KILL","is_daily":false,"chose_seed":false,"campfire_upgraded":6,"win_rate":0.0,"timestamp":1612320793,"path_taken":["M","?","M","$","?","E","R","?","T","?","?","?","R","M","R","BOSS","M","$","M","M","M","R","?","R","T","E","?","E","R","M","R","BOSS","M","$","?","?","M","R","M","R","T","?","R","M","M","M","R","BOSS"],"items_purchased_type":["Card","Card","Card","Card"],"build_version":"2020-12-22","purchased_purges":3,"victory":true,"max_hp_per_floor":[70,70,70,70,70,70,70,70,70,70,70,70,70,70,70,70,70,70,70,70,70,70,70,70,70,70,70,70,70,70,70,70,70,70,70,70,70,70,70,70,70,70,70,70,70,70,70,70,70,70],"card_choices":[{"not_picked":["Blade Dance","Skewer"],"picked":"Catalyst","floor":1},{"not_picked":["Acrobatics","Underhanded Strike"],"picked":"Backflip","floor":3},{"not_picked":["Caltrops","Outmaneuver+1"],"picked":"Terror+1","floor":6},{"not_picked":["Infinite Blades","Flying Knee"],"picked":"Blur+1","floor":8},{"not_picked":["Prepared+1","Choke"],"picked":"Predator","floor":12},{"not_picked":["PiercingWail+1","Underhanded Strike"],"picked":"Sucker Punch","floor":14},{"not_picked":["After Image","Adrenaline+1"],"picked":"A Thousand Cuts","floor":16},{"not_picked":["PiercingWail+1","Underhanded Strike"],"picked":"Flying Knee","floor":18},{"not_picked":["Masterful Stab","Slice"],"picked":"Blade Dance+1","floor":20},{"not_picked":["Well Laid Plans","Eviscerate"],"picked":"Leg Sweep+1","floor":21},{"not_picked":["Blur+1","Flying Knee+1"],"picked":"Outmaneuver+1","floor":22},{"not_picked":["Terror+1","Outmaneuver+1","PiercingWail+1"],"picked":"SKIP","floor":27},{"not_picked":["Backflip+1","Deflect+1"],"picked":"Corpse Explosion+1","floor":28},{"not_picked":["Terror+1","Dagger Spray","Flechettes+1"],"picked":"SKIP","floor":29},{"not_picked":["Backstab+1","Prepared+1"],"picked":"Footwork","floor":31},{"not_picked":["Envenom","Venomology+1"],"picked":"After Image","floor":33},{"not_picked":["Infinite Blades+1"],"picked":"SKIP","floor":35},{"not_picked":[],"picked":"Deadly Poison+1","floor":39},{"not_picked":[],"picked":"Deadly Poison+1","floor":41},{"not_picked":["Flying Knee"],"picked":"SKIP","floor":44},{"not_picked":[],"picked":"Deadly Poison+1","floor":46},{"not_picked":["Dagger Throw"],"picked":"SKIP","floor":47},{"not_picked":["Acrobatics+1"],"picked":"SKIP","floor":48}],"player_experience":67737,"relics_obtained":[{"floor":6,"key":"Toxic Egg 2"},{"floor":9,"key":"InkBottle"},{"floor":10,"key":"Ornamental Fan"},{"floor":26,"key":"Potion Belt"},{"floor":27,"key":"Thread and Needle"},{"floor":29,"key":"Toy Ornithopter"},{"floor":43,"key":"Eternal Feather"}],"event_choices":[{"damage_healed":0,"gold_gain":0,"player_choice":"Ignored","damage_taken":0,"max_hp_gain":0,"max_hp_loss":0,"event_name":"Liars Game","floor":2,"gold_loss":0},{"damage_healed":0,"gold_gain":0,"player_choice":"Upgraded","damage_taken":0,"max_hp_gain":0,"max_hp_loss":0,"event_name":"Upgrade Shrine","floor":5,"gold_loss":0,"cards_upgraded":["Catalyst"]},{"cards_removed":["Strike_G"],"damage_healed":0,"gold_gain":0,"player_choice":"Forget","damage_taken":0,"max_hp_gain":0,"max_hp_loss":0,"event_name":"Living Wall","floor":11,"gold_loss":0},{"damage_healed":0,"gold_gain":0,"player_choice":"Trade","damage_taken":0,"relics_obtained":["CultistMask"],"max_hp_gain":0,"max_hp_loss":0,"event_name":"FaceTrader","floor":24,"gold_loss":0},{"damage_healed":18,"gold_gain":0,"player_choice":"Writhe","damage_taken":0,"max_hp_gain":0,"max_hp_loss":0,"event_name":"Winding Halls","floor":37,"gold_loss":0,"cards_obtained":["Writhe"]},{"damage_healed":0,"gold_gain":0,"player_choice":"Upgrade","damage_taken":0,"max_hp_gain":0,"max_hp_loss":0,"event_name":"Designer","floor":38,"gold_loss":40,"cards_upgraded":["Noxious Fumes"]}],"is_beta":false,"boss_relics":[{"not_picked":["Runic Dome","SacredBark"],"picked":"HoveringKite"},{"not_picked":["WristBlade","Tiny House"],"picked":"Busted Crown"}],"items_purged_floors":[4,19,36],"is_endless":false,"potions_floor_spawned":[1,14,18,22,28,31,33,39,41,44],"ascension_level":0}}