{"host":"iy2a593ihq2f18ts","time":1612334607,"event":{"mods":["2.2 Compatiblity","AchievementEnabler","BaseMod","Better Third Choice","Block Reminder","Card Forge","Dark Map","Downfall","Hermit","Marisa????????","Minty Spire (QoL Compilation)","Rare Cards Sparkle","Replay The Spire","StSLib","SuperFastMode","The Bug Knight","The Necromancer","The Runesmith","The Servant 0.9.4"],"gold_per_floor":[116,126,146,109,122,156,220,220,270,300,300,313,354,354,354,480,480,498,498,498,512,522,522,551,551,578,605,605,640,640,670,670,766,766,777,789,636,691,711,740,740,769,794,794,794,794,809,838,838,838,838],"floor_reached":50,"language":"ENG","playtime":1247,"items_purged":[],"score":879,"play_id":"7a627553-1748-457c-abae-4b6659a7bfd1","local_time":"20210202224327","is_ascension_mode":true,"campfire_choices":[{"floor":8,"key":"REST"},{"floor":15,"key":"REST"},{"floor":23,"key":"REST"},{"floor":25,"key":"REST"},{"floor":30,"key":"REST"},{"floor":32,"key":"REST"},{"data":"Flex","floor":44,"key":"SMITH"},{"floor":49,"key":"REST"}],"circlet_count":0,"master_deck":["Whirlwind+1","Pommel Strike+1","Inflame+1","Spot Weakness+1","Cleave+1","Cleave+1","Shrug It Off+1","Rage+1","Bash+1","Pommel Strike+1","Spot Weakness+1","Iron Wave+1","Thunderclap+1","Thunderclap+1","Double Tap+1","Shrug It Off+1","Flex+1","Clash+1","Searing Blow+6"],"relics":["Burning Blood","Hammer of Thor","Seething Fire","Anvil of the Gods","NeowsBlessing","Runesmith:Nanobots","Potion Belt","Pen Nib","Nunchaku","Bloody Idol","Letter Opener","SacredBark","Quantum Egg","Bag of Marbles","King of Hearts","CaptainsWheel","Lantern","bronze:MakeshiftBattery","Omamori","Replay:Arrowhead","Juzu Bracelet","Peace Pipe","MealTicket","Ring of Hypnosis","ReplayTheSpireMod:Ring of Challenge","Ice Cream"],"acts_visited":["Exordium","TheCity","TheBeyond"],"potions_floor_usage":[6,7,24,33,42,47,48,48],"damage_taken":[{"damage":0,"enemies":"Jaw Worm","floor":1,"turns":1},{"damage":0,"enemies":"Small Slimes","floor":2,"turns":1},{"damage":0,"enemies":"2 Louse","floor":3,"turns":1},{"damage":6,"enemies":"2 Fungi Beasts","floor":5,"turns":2},{"damage":0,"enemies":"Gremlin Nob","floor":6,"turns":3},{"damage":18,"enemies":"Lagavulin Event","floor":7,"turns":3},{"damage":0,"enemies":"Lagavulin","floor":10,"turns":4},{"damage":0,"enemies":"Lots of Slimes","floor":12,"turns":1},{"damage":0,"enemies":"Gremlin Nob","floor":13,"turns":3},{"damage":0,"enemies":"Slime Boss","floor":16,"turns":5},{"damage":0,"enemies":"2 Thieves","floor":18,"turns":1},{"damage":0,"enemies":"Chosen","floor":21,"turns":3},{"damage":0,"enemies":"Sentry and Sphere","floor":22,"turns":3},{"damage":5,"enemies":"Book of Stabbing","floor":24,"turns":4},{"damage":0,"enemies":"Slavers","floor":29,"turns":2},{"damage":2,"enemies":"Book of Stabbing","floor":31,"turns":4},{"damage":17,"enemies":"Automaton","floor":33,"turns":6},{"damage":0,"enemies":"3 Darklings","floor":35,"turns":1},{"damage":0,"enemies":"Orb Walker","floor":36,"turns":1},{"damage":11,"enemies":"2 Orb Walkers","floor":38,"turns":2},{"damage":0,"enemies":"Jaw Worm Horde","floor":39,"turns":1},{"damage":9,"enemies":"Reptomancer","floor":40,"turns":3},{"damage":13,"enemies":"Giant Head","floor":42,"turns":5},{"damage":6,"enemies":"4 Shapes","floor":47,"turns":1},{"damage":35,"enemies":"Nemesis","floor":48,"turns":3},{"damage":82,"enemies":"Awakened One","floor":50,"turns":5}],"seed_played":"1575323255764628846","potions_obtained":[{"floor":1,"key":"Block Potion"},{"floor":2,"key":"BloodPotion"},{"floor":7,"key":"SpeedPotion"},{"floor":10,"key":"Cursed Concoction"},{"floor":29,"key":"PowerPotion"},{"floor":31,"key":"hexamod:SoulburnPotion"},{"floor":33,"key":"Elixir"},{"floor":38,"key":"Elixir"},{"floor":41,"key":"Adrenaline Potion"},{"floor":47,"key":"Fire Potion"}],"is_trial":false,"path_per_floor":["M","M","M","$","M","E","?","R","T","E","?","M","E","?","R","B",null,"M","?","?","M","M","R","E","R","T","T","?","E","R","E","R","B",null,"M","M","$","?","M","E","?","E","T","R","?","?","M","E","R","B"],"character_chosen":"IRONCLAD","items_purchased":["Spot Weakness","Omamori"],"campfire_rested":7,"item_purchase_floors":[4,37],"current_hp_per_floor":[80,80,80,80,80,80,68,80,80,80,80,80,80,80,80,80,80,80,80,80,80,80,80,80,80,80,80,80,80,80,80,80,74,80,80,80,80,80,80,80,80,78,80,80,80,80,80,56,80,0,0],"gold":838,"neow_bonus":"THREE_ENEMY_KILL","is_daily":false,"chose_seed":false,"campfire_upgraded":1,"win_rate":0.0,"timestamp":1612334607,"path_taken":["M","M","M","$","M","E","?","R","T","E","?","M","E","?","R","BOSS","M","?","?","M","?","R","E","R","T","?","?","E","R","E","R","BOSS","M","M","$","?","M","E","?","E","T","R","?","?","M","E","R","BOSS"],"items_purchased_type":["Card","Relic"],"build_version":"2020-12-22","purchased_purges":0,"victory":false,"max_hp_per_floor":[80,80,80,80,80,80,80,80,80,80,80,80,80,80,80,80,80,80,80,80,80,80,80,80,80,80,80,80,80,80,80,80,80,80,80,80,80,80,80,80,80,80,80,80,80,80,80,80,80,80,80],"card_choices":[{"not_picked":["Headbutt","Flex"],"picked":"Whirlwind","floor":1},{"not_picked":["Burning Pact","Armaments"],"picked":"Pommel Strike","floor":2},{"not_picked":["ReplayTheSpireMod:Corrosion Curse","Clothesline"],"picked":"Inflame","floor":3},{"not_picked":["Clothesline","Perfected Strike"],"picked":"Cleave","floor":5},{"not_picked":["Flame Barrier","Ghostly Armor","Body Slam"],"picked":"SKIP","floor":6},{"not_picked":["True Grit","Disarm"],"picked":"Cleave","floor":10},{"not_picked":["Wild Strike","Armaments"],"picked":"Shrug It Off","floor":12},{"not_picked":["Headbutt","Wild Strike"],"picked":"Rage","floor":13},{"not_picked":["Headbutt","Ghostly Armor"],"picked":"Pommel Strike","floor":18},{"not_picked":["Replay:Undeath\u0027s Touch","Flex"],"picked":"Spot Weakness","floor":21},{"not_picked":["Rage","Perfected Strike"],"picked":"Iron Wave+1","floor":22},{"not_picked":["Juggernaut","Body Slam"],"picked":"Thunderclap","floor":24},{"not_picked":["Wild Strike","Clothesline"],"picked":"Thunderclap","floor":29},{"not_picked":["Burning Pact+1","Battle Trance+1","Sever Soul+1"],"picked":"SKIP","floor":31},{"not_picked":["Reaper","Offering"],"picked":"Double Tap","floor":33},{"not_picked":["Abandon+1","True Grit"],"picked":"Shrug It Off","floor":35},{"not_picked":["Blood for Blood","Body Slam+1","Heavy Blade+1"],"picked":"SKIP","floor":36},{"not_picked":["Combust","Headbutt"],"picked":"Flex","floor":38},{"not_picked":["True Grit+1","Bludgeon","Wild Strike+1"],"picked":"SKIP","floor":39},{"not_picked":["Shockwave","Wild Strike+1","Heavy Blade+1"],"picked":"SKIP","floor":40},{"not_picked":["Feel No Pain","Clothesline+1"],"picked":"Clash+1","floor":42},{"not_picked":["Headbutt+1","ReplayReversal"],"picked":"Searing Blow+1","floor":47},{"not_picked":["Seeing Red","Berserk","Abandon+1"],"picked":"SKIP","floor":48}],"player_experience":4317,"relics_obtained":[{"floor":6,"key":"Runesmith:Nanobots"},{"floor":9,"key":"Pen Nib"},{"floor":10,"key":"Nunchaku"},{"floor":13,"key":"Letter Opener"},{"floor":24,"key":"Quantum Egg"},{"floor":26,"key":"Bag of Marbles"},{"floor":27,"key":"King of Hearts"},{"floor":29,"key":"CaptainsWheel"},{"floor":31,"key":"Lantern"},{"floor":38,"key":"Replay:Arrowhead"},{"floor":40,"key":"Juzu Bracelet"},{"floor":42,"key":"Peace Pipe"},{"floor":43,"key":"MealTicket"},{"floor":46,"key":"Ring of Hypnosis"},{"floor":46,"key":"ReplayTheSpireMod:Ring of Challenge"},{"floor":48,"key":"Ice Cream"}],"event_choices":[{"damage_healed":0,"gold_gain":0,"player_choice":"Searched \u00272\u0027 times","damage_taken":0,"relics_obtained":["Potion Belt"],"max_hp_gain":0,"max_hp_loss":0,"event_name":"Dead Adventurer","floor":7,"gold_loss":0},{"damage_healed":0,"gold_gain":0,"player_choice":"Take Wound","damage_taken":0,"relics_obtained":["Golden Idol"],"max_hp_gain":0,"max_hp_loss":0,"event_name":"Golden Idol","floor":11,"gold_loss":0,"cards_obtained":["Injury"]},{"damage_healed":0,"gold_gain":0,"player_choice":"Gave Idol","damage_taken":0,"relics_obtained":["Bloody Idol"],"max_hp_gain":0,"max_hp_loss":0,"event_name":"Forgotten Altar","floor":19,"relics_lost":["Golden Idol"],"gold_loss":0},{"damage_healed":0,"gold_gain":0,"player_choice":"Ignored","damage_taken":0,"max_hp_gain":0,"max_hp_loss":0,"event_name":"Transmorgrifier","floor":20,"gold_loss":0},{"damage_healed":0,"gold_gain":0,"player_choice":"Ignored","damage_taken":0,"max_hp_gain":0,"max_hp_loss":0,"event_name":"Beggar","floor":28,"gold_loss":0},{"damage_healed":0,"gold_gain":0,"player_choice":"Fight","damage_taken":0,"max_hp_gain":0,"max_hp_loss":0,"event_name":"Mysterious Sphere","floor":38,"gold_loss":0},{"damage_healed":0,"gold_gain":0,"player_choice":"Got Potions","damage_taken":0,"max_hp_gain":0,"max_hp_loss":0,"event_name":"Lab","floor":41,"gold_loss":0},{"damage_healed":0,"gold_gain":0,"player_choice":"Ignored","damage_taken":0,"max_hp_gain":0,"max_hp_loss":0,"event_name":"Transmorgrifier","floor":45,"gold_loss":0}],"is_beta":false,"boss_relics":[{"not_picked":["Runic Pyramid","Ectoplasm"],"picked":"SacredBark"},{"not_picked":["Abe\u0027s Treasure","ChewingGum"],"picked":"bronze:MakeshiftBattery"}],"items_purged_floors":[],"is_endless":false,"potions_floor_spawned":[1,2,7,10,29,31,33,38,47],"killed_by":"Awakened One","ascension_level":2}}