{"host":"51f0ad793vly1w6u","time":1612350311,"event":{"mods":["BaseMod","Colored Map","DeckTracker","Minty Spire (QoL Compilation)","Replay The Spire","StSLib","SuperFastMode"],"gold_per_floor":[11,11,22,36,50,84,84,111,111,111,136,136,179,218,218,232,232],"floor_reached":16,"language":"KOR","playtime":359,"items_purged":[],"score":173,"play_id":"5a75534f-20b8-4263-bd8e-4c1dbc0b255c","local_time":"20210203200511","is_ascension_mode":true,"campfire_choices":[{"data":"Feed","floor":7,"key":"SMITH"},{"data":"Spot Weakness","floor":12,"key":"SMITH"},{"data":"Replay:Undeath\u0027s Touch","floor":15,"key":"SMITH"}],"circlet_count":0,"master_deck":["Strike_R","Strike_R","Strike_R","Strike_R","Defend_R","Defend_R","Defend_R","Defend_R","Bash","Feed+1","Spot Weakness+1","Shrug It Off","ReplayTheSpireMod:Stacked","Exhume","Replay:Undeath\u0027s Touch+1"],"relics":["Burning Blood","ReplayTheSpireMod:Lightbulb","Replay:Bandana","Akabeko","Counterbalance","Odd Mushroom"],"acts_visited":["Exordium"],"potions_floor_usage":[13,13,16,16],"damage_taken":[{"damage":1,"enemies":"Cultist","floor":1,"turns":3},{"damage":2,"enemies":"Jaw Worm","floor":3,"turns":3},{"damage":1,"enemies":"Small Slimes","floor":4,"turns":4},{"damage":6,"enemies":"2 Fungi Beasts","floor":5,"turns":5},{"damage":33,"enemies":"Gremlin Nob","floor":6,"turns":6},{"damage":24,"enemies":"Exordium Wildlife","floor":8,"turns":7},{"damage":5,"enemies":"Gremlin Gang","floor":11,"turns":4},{"damage":27,"enemies":"3 Sentries","floor":13,"turns":9},{"damage":19,"enemies":"The Mushroom Lair","floor":14,"turns":4},{"damage":67,"enemies":"Hexaghost","floor":16,"turns":11}],"seed_played":"-1668947342902135503","potions_obtained":[{"floor":3,"key":"Ancient Potion"},{"floor":5,"key":"SpeedPotion"},{"floor":11,"key":"Regen Potion"},{"floor":13,"key":"Milkshake"}],"is_trial":false,"path_per_floor":["M","T","M","M","M","E","R","M","T","?","M","R","E","?","R","B"],"character_chosen":"IRONCLAD","items_purchased":[],"campfire_rested":0,"item_purchase_floors":[],"current_hp_per_floor":[83,83,86,89,92,68,68,58,58,58,67,67,54,49,49,0,0],"gold":232,"neow_bonus":"THREE_RARE_CARDS","is_daily":false,"chose_seed":false,"campfire_upgraded":3,"win_rate":0.0,"timestamp":1612350311,"path_taken":["M","?","M","M","M","E","R","M","T","?","M","R","E","?","R","BOSS"],"items_purchased_type":[],"build_version":"2020-12-22","purchased_purges":0,"victory":false,"max_hp_per_floor":[83,83,86,89,92,95,95,103,103,103,111,111,119,127,127,127,127],"card_choices":[{"not_picked":["Exhume","Replay:Many Hands"],"picked":"Feed","floor":0},{"not_picked":["Run Through","True Grit"],"picked":"Spot Weakness","floor":1},{"not_picked":["Sword Boomerang","Wild Strike"],"picked":"Shrug It Off","floor":3},{"not_picked":["ReplayTheSpireMod:Strike From Hell","Iron Wave"],"picked":"ReplayTheSpireMod:Stacked","floor":4},{"not_picked":["True Grit","Run Through"],"picked":"Exhume","floor":5},{"not_picked":["Armaments","Intimidate"],"picked":"Replay:Undeath\u0027s Touch","floor":6},{"not_picked":["Ghostly Armor","Searing Blow","Iron Wave"],"picked":"SKIP","floor":8},{"not_picked":["Pommel Strike","Spot Weakness","Clothesline"],"picked":"SKIP","floor":11},{"not_picked":["Pommel Strike","Spot Weakness","Clothesline"],"picked":"SKIP","floor":11},{"not_picked":["ReplayTheSpireMod:Strike From Hell","Flex","Iron Wave"],"picked":"SKIP","floor":13}],"player_experience":1434860,"relics_obtained":[{"floor":2,"key":"ReplayTheSpireMod:Lightbulb"},{"floor":6,"key":"Replay:Bandana"},{"floor":9,"key":"Akabeko"},{"floor":13,"key":"Counterbalance"},{"floor":14,"key":"Odd Mushroom"}],"event_choices":[{"damage_healed":0,"gold_gain":0,"player_choice":"Fought Mushrooms","damage_taken":0,"max_hp_gain":0,"max_hp_loss":0,"event_name":"Mushrooms","floor":14,"gold_loss":0}],"is_beta":false,"boss_relics":[],"items_purged_floors":[],"is_endless":false,"potions_floor_spawned":[3,5,11,13],"killed_by":"Hexaghost","ascension_level":2}}