{"host":"25fn74ijs2305xd4","time":1612358821,"event":{"mods":["AchievementEnabler","BaseMod","Colored Map","Colored Powertips","Dark Map","Minty Spire (QoL Compilation)","Relic Stats","StSLib"],"gold_per_floor":[117,135,155,166,178,178,205,224,251,276,288,288,298,298,298,394,444,461,461,98,23,42,42,55,55,55],"floor_reached":25,"language":"POL","playtime":1122,"items_purged":["Strike_P"],"score":242,"play_id":"4d42b75a-5dc0-4947-9296-5469a71d7b58","local_time":"20210203142701","is_ascension_mode":false,"campfire_choices":[{"data":"Eruption","floor":6,"key":"SMITH"},{"data":"PathToVictory","floor":12,"key":"SMITH"},{"data":"Halt","floor":15,"key":"SMITH"},{"data":"DevaForm","floor":23,"key":"SMITH"}],"circlet_count":0,"master_deck":["Strike_P","Strike_P","Strike_P","Defend_P","Defend_P","Defend_P","Eruption+1","Vigilance","CrushJoints","Vengeance","PathToVictory+1","Tantrum","EmptyBody+1","Halt+1","EmptyFist","JustLucky+1","ThirdEye","DevaForm+1","PathToVictory","FlurryOfBlows+1","Nirvana","PathToVictory+1","BowlingBash+1"],"relics":["PureWater","Lantern","Bag of Marbles","Molten Egg 2","Tiny House","Enchiridion","Gremlin Horn"],"acts_visited":["Exordium","TheCity"],"potions_floor_usage":[7,7,16,18,22,24],"damage_taken":[{"damage":2,"enemies":"Cultist","floor":1,"turns":3},{"damage":9,"enemies":"Small Slimes","floor":2,"turns":4},{"damage":1,"enemies":"Jaw Worm","floor":3,"turns":2},{"damage":14,"enemies":"3 Louse","floor":4,"turns":2},{"damage":0,"enemies":"2 Fungi Beasts","floor":5,"turns":3},{"damage":0,"enemies":"Gremlin Nob","floor":7,"turns":3},{"damage":0,"enemies":"Looter","floor":8,"turns":2},{"damage":6,"enemies":"Lagavulin","floor":10,"turns":6},{"damage":5,"enemies":"Blue Slaver","floor":11,"turns":3},{"damage":0,"enemies":"Large Slime","floor":13,"turns":3},{"damage":36,"enemies":"Hexaghost","floor":16,"turns":8},{"damage":0,"enemies":"3 Byrds","floor":18,"turns":3},{"damage":14,"enemies":"2 Thieves","floor":22,"turns":3},{"damage":27,"enemies":"Snecko","floor":24,"turns":4},{"damage":28,"enemies":"Book of Stabbing","floor":25,"turns":4}],"seed_played":"-8637983973403550806","potions_obtained":[{"floor":3,"key":"Ambrosia"},{"floor":4,"key":"PowerPotion"},{"floor":5,"key":"PowerPotion"},{"floor":7,"key":"DistilledChaos"},{"floor":13,"key":"DistilledChaos"},{"floor":17,"key":"DuplicationPotion"},{"floor":24,"key":"Ambrosia"}],"is_trial":false,"path_per_floor":["M","M","M","M","M","R","E","M","T","E","M","R","M","?","R","B",null,"M","?","$","?","M","R","M","E"],"character_chosen":"WATCHER","items_purchased":["Nirvana","Gremlin Horn"],"campfire_rested":0,"item_purchase_floors":[20,20],"current_hp_per_floor":[77,68,67,53,53,53,53,53,53,47,42,42,42,79,79,43,84,84,68,68,68,54,54,27,0,0],"gold":55,"neow_bonus":"TEN_PERCENT_HP_BONUS","is_daily":false,"chose_seed":false,"campfire_upgraded":4,"win_rate":0.0,"timestamp":1612358821,"path_taken":["M","M","M","M","M","R","E","M","T","E","?","R","M","?","R","BOSS","M","?","$","?","M","R","M","E"],"items_purchased_type":["Card","Relic"],"build_version":"2020-12-22","purchased_purges":1,"victory":false,"max_hp_per_floor":[79,79,79,79,79,79,79,79,79,79,79,79,79,79,79,79,84,84,84,84,84,84,84,84,84,84],"relic_stats":{"Gremlin Horn":[1,1],"counters":[15,53],"obtain_stats":[{"Lantern":7,"Tiny House":17,"Gremlin Horn":20,"Enchiridion":19,"Molten Egg 2":10,"Bag of Marbles":9,"PureWater":0},{"Lantern":6,"Tiny House":11,"Gremlin Horn":12,"Enchiridion":12,"Molten Egg 2":8,"Bag of Marbles":7,"PureWater":0},{"Lantern":17,"Tiny House":39,"Gremlin Horn":42,"Enchiridion":42,"Molten Egg 2":25,"Bag of Marbles":19,"PureWater":0}]},"card_choices":[{"not_picked":["BowlingBash","Collect"],"picked":"CrushJoints","floor":1},{"not_picked":["Consecrate","Weave"],"picked":"Vengeance","floor":2},{"not_picked":["Swivel","Nirvana"],"picked":"PathToVictory","floor":3},{"not_picked":["Crescendo","EmptyMind"],"picked":"Tantrum","floor":4},{"not_picked":["Consecrate","Weave"],"picked":"EmptyBody","floor":5},{"not_picked":["WreathOfFlame","FollowUp"],"picked":"Halt","floor":7},{"not_picked":["MasterReality","Halt"],"picked":"EmptyFist","floor":8},{"not_picked":["Vengeance","Halt"],"picked":"JustLucky+1","floor":10},{"not_picked":["SashWhip+1","BowlingBash+1"],"picked":"SandsOfTime+1","floor":11},{"not_picked":["FearNoEvil+1","Halt"],"picked":"ThirdEye","floor":13},{"not_picked":["Judgement","ConjureBlade"],"picked":"DevaForm","floor":16},{"not_picked":["CrushJoints+1","FollowUp+1"],"picked":"PathToVictory","floor":17},{"not_picked":["Swivel+1","CutThroughFate+1"],"picked":"FlurryOfBlows+1","floor":18},{"not_picked":["FlyingSleeves+1","Halt"],"picked":"PathToVictory+1","floor":22},{"not_picked":["Adaptation","DevaForm"],"picked":"BowlingBash+1","floor":24}],"player_experience":85747,"relics_obtained":[{"floor":7,"key":"Lantern"},{"floor":9,"key":"Bag of Marbles"},{"floor":10,"key":"Molten Egg 2"},{"floor":19,"key":"Enchiridion"}],"event_choices":[{"cards_removed":["SandsOfTime"],"damage_healed":37,"gold_gain":0,"player_choice":"Offered Uncommon","damage_taken":0,"max_hp_gain":0,"max_hp_loss":0,"event_name":"Bonfire Elementals","floor":14,"gold_loss":0},{"damage_healed":0,"gold_gain":0,"player_choice":"Obtained Book","damage_taken":16,"max_hp_gain":0,"max_hp_loss":0,"event_name":"Cursed Tome","floor":19,"gold_loss":0},{"cards_removed":["Defend_P"],"damage_healed":0,"gold_gain":0,"player_choice":"Gave Gold","damage_taken":0,"max_hp_gain":0,"max_hp_loss":0,"event_name":"Beggar","floor":21,"gold_loss":75}],"is_beta":false,"boss_relics":[{"not_picked":["Velvet Choker","Cursed Key"],"picked":"Tiny House"}],"items_purged_floors":[20],"is_endless":false,"potions_floor_spawned":[3,4,5,7,13,24],"killed_by":"Book of Stabbing","ascension_level":0}}