{"host":"2e3z4r48quhw80cc","time":1612372768,"event":{"mods":["BaseMod","Minty Spire (QoL Compilation)","Quick Restart","StSLib","SuperFastMode"],"gold_per_floor":[118,118,118,131,56,56,88,98,98,98,128,128,155,8,8,109,109,124,124,124,143,143,174,174,174,174,190,190,203,217,242,242,345,345,364,1363,1363,1363,965,965,984,1011,1059,1093,1093,1093,1104,282,282,282],"floor_reached":51,"language":"KOR","playtime":1784,"items_purged":["Strike_B","Normality","Normality"],"score":1270,"play_id":"851c9127-8518-47f7-99f8-bf1ba549d035","local_time":"20210204021928","is_ascension_mode":true,"campfire_choices":[{"data":"Creative AI","floor":6.0,"key":"SMITH"},{"data":"Chaos","floor":10.0,"key":"SMITH"},{"data":"Defragment","floor":15.0,"key":"SMITH"},{"floor":24.0,"key":"REST"},{"data":"Recycle","floor":28.0,"key":"SMITH"},{"floor":32.0,"key":"REST"},{"data":"Apotheosis","floor":45.0,"key":"SMITH"},{"floor":49.0,"key":"REST"}],"circlet_count":0,"master_deck":["Defend_B","Defend_B","Zap","Dualcast","Rebound","Creative AI+1","Chaos+1","Defragment+1","Force Field","Conserve Battery","Buffer","Ball Lightning","Storm","Recycle+1","Tempest","Heatsinks+1","Self Repair+1","Fission","Secret Technique","Apotheosis+1","Glacier+1"],"relics":["Cracked Core","NeowsBlessing","Mercury Hourglass","Unceasing Top","Regal Pillow","Bag of Marbles","OrangePellets","Velvet Choker","Frozen Egg 2","Blue Candle","Bag of Preparation","Inserter","Anchor","Chemical X","Mummified Hand","Dream Catcher","Nunchaku","Bottled Lightning","PrismaticShard","Shuriken"],"acts_visited":["Exordium","TheCity","TheBeyond"],"potions_floor_usage":[50,50,50],"damage_taken":[{"damage":0.0,"enemies":"2 Louse","floor":1.0,"turns":1.0},{"damage":0.0,"enemies":"Jaw Worm","floor":4.0,"turns":1.0},{"damage":0.0,"enemies":"Gremlin Nob","floor":7.0,"turns":1.0},{"damage":1.0,"enemies":"Cultist","floor":8.0,"turns":4.0},{"damage":30.0,"enemies":"3 Sentries","floor":11.0,"turns":6.0},{"damage":0.0,"enemies":"Lagavulin","floor":13.0,"turns":6.0},{"damage":18.0,"enemies":"Slime Boss","floor":16.0,"turns":8.0},{"damage":17.0,"enemies":"2 Thieves","floor":18.0,"turns":5.0},{"damage":5.0,"enemies":"3 Byrds","floor":21.0,"turns":4.0},{"damage":18.0,"enemies":"Book of Stabbing","floor":23.0,"turns":4.0},{"damage":0.0,"enemies":"Snecko","floor":27.0,"turns":5.0},{"damage":7.0,"enemies":"Cultist and Chosen","floor":29.0,"turns":4.0},{"damage":24.0,"enemies":"Centurion and Healer","floor":30.0,"turns":5.0},{"damage":17.0,"enemies":"Gremlin Leader","floor":31.0,"turns":6.0},{"damage":12.0,"enemies":"Collector","floor":33.0,"turns":7.0},{"damage":11.0,"enemies":"3 Shapes","floor":35.0,"turns":2.0},{"damage":11.0,"enemies":"3 Darklings","floor":41.0,"turns":3.0},{"damage":1.0,"enemies":"Giant Head","floor":42.0,"turns":7.0},{"damage":34.0,"enemies":"Reptomancer","floor":44.0,"turns":4.0},{"damage":14.0,"enemies":"4 Shapes","floor":47.0,"turns":3.0},{"damage":53,"enemies":"Awakened One","floor":50,"turns":12}],"seed_played":"-7418352300814246214","potions_obtained":[{"floor":4.0,"key":"FearPotion"},{"floor":11.0,"key":"Swift Potion"},{"floor":13.0,"key":"Dexterity Potion"},{"floor":16.0,"key":"PowerPotion"},{"floor":18.0,"key":"Block Potion"},{"floor":27.0,"key":"Block Potion"},{"floor":31.0,"key":"Weak Potion"},{"floor":47.0,"key":"Block Potion"}],"is_trial":false,"path_per_floor":["M","?","?","M","$","R","E","M","T","R","E","$","E","$","R","B",null,"M","?","?","M","?","E","R","?","T","M","R","M","M","E","R","B",null,"M","?","?","?","$","?","M","E","T","E","R","?","M","$","R","B",null],"character_chosen":"DEFECT","items_purchased":["OrangePellets","Anchor","Chemical X","Bottled Lightning","PowerPotion","PrismaticShard","Shuriken"],"campfire_rested":3,"item_purchase_floors":[14,39,39,48,48,48,48],"current_hp_per_floor":[68,61,61,61,61,61,61,60,60,60,30,30,30,30,30,12,59,42,42,42,37,37,19,56,56,56,56,56,49,25,18,55,53,70,69,69,64,64,64,64,63,71,71,47,47,47,43,43,71,38],"gold":282,"neow_bonus":"THREE_ENEMY_KILL","is_daily":false,"chose_seed":false,"campfire_upgraded":5,"win_rate":0.0,"timestamp":1612372768,"path_taken":["M","?","?","M","$","R","E","?","T","R","E","$","E","?","R","BOSS","M","?","?","?","?","E","R","?","T","M","R","M","M","E","R","BOSS","M","?","?","?","$","?","M","E","T","E","R","?","M","$","R","BOSS"],"items_purchased_type":["Relic","Relic","Relic","Relic","Potion","Relic","Relic"],"build_version":"2020-12-22","purchased_purges":3,"victory":true,"max_hp_per_floor":[75,75,75,75,75,75,75,75,75,75,75,75,75,75,75,75,75,75,75,75,75,75,75,75,75,75,75,75,75,75,75,75,75,75,75,75,75,71,71,71,71,71,71,71,71,71,71,71,71,71],"card_choices":[{"not_picked":["Beam Cell","Coolheaded"],"picked":"Rebound","floor":1.0},{"not_picked":["Reinforced Body","Redo"],"picked":"Chaos","floor":4.0},{"not_picked":["Gash","Hologram","Skim"],"picked":"SKIP","floor":7.0},{"not_picked":["Ball Lightning","Coolheaded"],"picked":"Defragment","floor":8.0},{"not_picked":["Scrape","Gash"],"picked":"Force Field","floor":11.0},{"not_picked":["All For One","Consume"],"picked":"Conserve Battery","floor":13.0},{"not_picked":["All For One","Seek"],"picked":"Buffer","floor":16.0},{"not_picked":["Rip and Tear","Rebound"],"picked":"Ball Lightning","floor":18.0},{"not_picked":["Compile Driver","Ball Lightning","Cold Snap"],"picked":"SKIP","floor":21.0},{"not_picked":["Amplify","Stack"],"picked":"Recycle","floor":23.0},{"not_picked":["Turbo","Hologram","Beam Cell+1"],"picked":"SKIP","floor":27.0},{"not_picked":["Auto Shields+1","Barrage+1"],"picked":"Heatsinks+1","floor":29.0},{"not_picked":["Leap+1","Ball Lightning"],"picked":"Self Repair+1","floor":30.0},{"not_picked":["Streamline+1","Gash","Hologram"],"picked":"SKIP","floor":31.0},{"not_picked":["Machine Learning+1","Meteor Strike"],"picked":"Fission","floor":33.0},{"not_picked":["Hologram+1","Turbo+1","Reprogram"],"picked":"SKIP","floor":35.0},{"not_picked":["Good Instincts","Deep Breath"],"picked":"Secret Technique","floor":37.0},{"not_picked":["Forethought","Mind Blast"],"picked":"Apotheosis","floor":37.0},{"not_picked":["Sweeping Beam","White Noise","Blizzard"],"picked":"SKIP","floor":41.0},{"not_picked":["Gash+1","Barrage+1","Coolheaded"],"picked":"SKIP","floor":42.0},{"not_picked":["Heatsinks+1","Multi-Cast","Doom and Gloom"],"picked":"SKIP","floor":44.0},{"not_picked":["Steam+1","Ball Lightning+1"],"picked":"Glacier+1","floor":47.0}],"player_experience":108068,"relics_obtained":[{"floor":7.0,"key":"Mercury Hourglass"},{"floor":9.0,"key":"Unceasing Top"},{"floor":11.0,"key":"Regal Pillow"},{"floor":13.0,"key":"Bag of Marbles"},{"floor":23.0,"key":"Frozen Egg 2"},{"floor":26.0,"key":"Blue Candle"},{"floor":31.0,"key":"Bag of Preparation"},{"floor":42.0,"key":"Mummified Hand"},{"floor":43.0,"key":"Dream Catcher"},{"floor":44.0,"key":"Nunchaku"}],"event_choices":[{"cards_removed":["Strike_B"],"damage_healed":0.0,"max_hp_gain":0.0,"max_hp_loss":0.0,"gold_gain":0.0,"event_name":"Golden Wing","player_choice":"Card Removal","floor":2.0,"gold_loss":0.0,"damage_taken":7.0},{"damage_healed":0.0,"max_hp_gain":0.0,"max_hp_loss":0.0,"gold_gain":0.0,"cards_transformed":["Strike_B"],"event_name":"Transmorgrifier","player_choice":"Transformed","floor":3.0,"gold_loss":0.0,"damage_taken":0.0,"cards_obtained":["Creative AI"]},{"damage_healed":0.0,"max_hp_gain":0.0,"max_hp_loss":0.0,"gold_gain":0.0,"event_name":"Vampires","player_choice":"Ignored","floor":19.0,"gold_loss":0.0,"damage_taken":0.0},{"cards_removed":["Defend_B"],"damage_healed":0.0,"max_hp_gain":0.0,"max_hp_loss":0.0,"gold_gain":0.0,"event_name":"Purifier","player_choice":"Purged","floor":20.0,"gold_loss":0.0,"damage_taken":0.0},{"damage_healed":0.0,"max_hp_gain":0.0,"max_hp_loss":0.0,"gold_gain":0.0,"event_name":"The Library","player_choice":"Read","floor":22.0,"gold_loss":0.0,"damage_taken":0.0,"cards_obtained":["Storm"]},{"damage_healed":0.0,"max_hp_gain":0.0,"max_hp_loss":0.0,"gold_gain":0.0,"cards_transformed":["Defend_B","Strike_B"],"event_name":"Drug Dealer","player_choice":"Became Test Subject","floor":25.0,"gold_loss":0.0,"damage_taken":0.0,"cards_obtained":["Melter","Tempest"]},{"damage_healed":0.0,"max_hp_gain":0.0,"max_hp_loss":0.0,"gold_gain":999.0,"event_name":"MindBloom","player_choice":"Gold","floor":36.0,"gold_loss":0.0,"damage_taken":0.0,"cards_obtained":["Normality","Normality"]},{"damage_healed":0.0,"max_hp_gain":0.0,"max_hp_loss":0.0,"gold_gain":0.0,"event_name":"SensoryStone","player_choice":"Memory 2","floor":37.0,"gold_loss":0.0,"damage_taken":5.0},{"damage_healed":0.0,"max_hp_gain":0.0,"max_hp_loss":4.0,"gold_gain":0.0,"event_name":"Winding Halls","player_choice":"Max HP","floor":38.0,"gold_loss":0.0,"damage_taken":0.0},{"cards_removed":["Melter"],"damage_healed":0.0,"max_hp_gain":0.0,"max_hp_loss":0.0,"gold_gain":0.0,"event_name":"Falling","player_choice":"Removed Attack","floor":40.0,"gold_loss":0.0,"damage_taken":0.0},{"damage_healed":0.0,"max_hp_gain":0.0,"max_hp_loss":0.0,"gold_gain":0.0,"event_name":"Mysterious Sphere","player_choice":"Ignored","floor":46.0,"gold_loss":0.0,"damage_taken":0.0}],"is_beta":false,"boss_relics":[{"not_picked":["Ectoplasm","Runic Dome"],"picked":"Velvet Choker"},{"not_picked":["Black Star","Empty Cage"],"picked":"Inserter"}],"items_purged_floors":[5,39,48],"is_endless":false,"potions_floor_spawned":[4,11,13,16,18,27,31,47],"ascension_level":8}}