{"host":"pgm1p3lvdjflie30","time":1612320163,"event":{"mods":["ATMod(阿瑾Mod)","AchievementEnabler","Aspiration","BaseMod","Challenge The Spire","Colored Map","Colored Powertips","Conspire","Dark Map","Dota2Spire","Downfall","Energized Spire","GungeonMod","Hermit","Highlight Path","HornydragonMod","Minty Spire (QoL Compilation)","MostiFishMod","Quarter Circle Forward PUNCH!","Quick Restart","Reimu（博???）","Relic Stats","Replay The Spire","Robot Space Explorer","Spicy Shops","StSLib","TestMod","The Blackbeard","The Bug Knight","The Cursed","The Hayseed","The IronCluck","The Jungle","The Runesmith","TheHeartMod","Waifu the Spire","Wide Potions","Yakumo Yukari mod","【?物卡牌】REMEMod","篝火指南"],"gold_per_floor":[119,135,58,73,89,89,89,115,190,38,38,38,38,338,338,441,441,458,458,475,487,500,500,532,81,81,81,81,81,81,93,93,196,196,215,215,228,228,228],"floor_reached":38,"language":"ZHS","playtime":1095,"items_purged":[],"score":467,"play_id":"b7caa6b5-72a3-446f-a339-d9e29a1b77f1","local_time":"20210203104243","is_ascension_mode":false,"campfire_choices":[{"floor":6,"key":"RECALL"},{"data":"theHeart:Devour","floor":12,"key":"SMITH"},{"data":"theHeart:Devour","floor":15,"key":"SMITH"},{"data":"theHeart:Crush","floor":23,"key":"SMITH"},{"data":"theHeart:Enrage","floor":27,"key":"SMITH"},{"data":"TheSimpletonMod:SaltTheEarth","floor":29,"key":"SMITH"},{"data":"theHeart:TentacleWhip","floor":32,"key":"SMITH"}],"circlet_count":0,"master_deck":["theHeart:BloodDrop","theHeart:Scab","theHeart:theHeartDefend+1","theHeart:theHeartDefend+1","theHeart:theHeartDefend+1","theHeart:theHeartDefend+1","theHeart:theHeartCommonAttack+1","theHeart:theHeartCommonAttack+1","theHeart:theHeartCommonAttack+1","theHeart:theHeartCommonAttack+1","theHeart:theHeartCommonAttack+1","TheSimpletonMod:SaltTheEarth+1","theHeart:Devour+1","theHeart:Crush+1","theHeart:Embolism","theHeart:BloodTransfusion","theHeart:Devour+1","theHeart:Enrage+1","theHeart:PulmonaryCirculation","theHeart:HeartyVessels","theHeart:TentacleWhip+1","theHeart:SpireGrowth","theHeart:Tachycardia","theHeart:Virus","theHeart:BloodShots","theHeart:Echo","theHeart:Constrict+1"],"relics":["theHeart:BeatOfDeath","AT_ATBox","REME_ComplimentaryCards","DaveBox","testmod-TestBox","ShadowXiaoBlade","testmod-IntensifyImprint","NeowsBlessing","SynthV:TestCard","ClockworkSouvenir","testmod-AssaultLearning","ReplayTheSpireMod:Shallot","Old Coin","Transparent","AT_BellowingDragoncrestRing","Omamori","Cauldron","Bag of Preparation","Pondfish Scales","RhineSuit","DemoMod:GlassGuonStoneRelic"],"acts_visited":["Exordium","TheCity","TheBeyond"],"potions_floor_usage":[4,8,10,10,19,21,22,24,24,24,31,33,33,38],"damage_taken":[{"damage":0,"enemies":"Cultist","floor":1,"turns":1},{"damage":0,"enemies":"Jaw Worm","floor":2,"turns":1},{"damage":0,"enemies":"2 Louse","floor":4,"turns":1},{"damage":6,"enemies":"Blue Slaver","floor":5,"turns":2},{"damage":0,"enemies":"Gremlin Nob","floor":8,"turns":1},{"damage":14,"enemies":"Fading Forest","floor":16,"turns":10},{"damage":37,"enemies":"2 Thieves","floor":18,"turns":2},{"damage":16,"enemies":"Spheric Guardian","floor":20,"turns":1},{"damage":16,"enemies":"Shelled Parasite and Fungi","floor":21,"turns":1},{"damage":64,"enemies":"conspire:HollyBat","floor":22,"turns":4},{"damage":32,"enemies":"Gremlin Leader","floor":24,"turns":2},{"damage":43,"enemies":"Centurion and Healer","floor":31,"turns":2},{"damage":59,"enemies":"Champ","floor":33,"turns":3},{"damage":18,"enemies":"Orb Walker","floor":35,"turns":1},{"damage":21,"enemies":"3 Shapes","floor":37,"turns":1},{"damage":90,"enemies":"Transient","floor":38,"turns":5}],"seed_played":"-8190250532678614183","potions_obtained":[{"floor":4,"key":"EntropicBrew"},{"floor":5,"key":"ColorlessPotion"},{"floor":16,"key":"LifebloodPotion"},{"floor":18,"key":"Dexterity Potion"},{"floor":19,"key":"Fruit Juice"},{"floor":19,"key":"Fire Potion"},{"floor":19,"key":"FearPotion"},{"floor":21,"key":"Fire Potion"},{"floor":24,"key":"TheSimpletonMod:KindlingPotion"},{"floor":25,"key":"SteroidPotion"},{"floor":25,"key":"Death Potion"},{"floor":25,"key":"Energy Potion"},{"floor":31,"key":"ZuzhouPotion:ReiMu"},{"floor":35,"key":"Explosive Potion"}],"is_trial":false,"path_per_floor":["M","M","$","M","M","R","T","E","T","$","?","R","$","?","R","B",null,"M","?","M","M","M","R","E","$","T","R","?","R","?","M","R","B",null,"M","$","M","M"],"character_chosen":"THE_HEART","items_purchased":["ClockworkSouvenir","testmod-SpacePotion","Omamori","Cauldron","Bag of Preparation"],"campfire_rested":0,"item_purchase_floors":[3,10,25,25,25],"current_hp_per_floor":[75,75,75,75,69,69,69,69,69,69,69,69,69,44,44,30,75,75,80,80,80,64,64,80,80,80,80,80,80,90,90,90,85,90,90,90,90,0,0],"gold":228,"neow_bonus":"THREE_ENEMY_KILL","is_daily":false,"chose_seed":false,"campfire_upgraded":6,"win_rate":0.0,"timestamp":1612320163,"path_taken":["M","M","?","M","M","R","?","E","T","$","?","R","?","?","R","BOSS","M","?","M","?","M","R","E","?","T","R","?","R","?","M","R","BOSS","M","?","?","M"],"items_purchased_type":["Relic","Potion","Relic","Relic","Relic"],"build_version":"2020-12-22","purchased_purges":0,"victory":false,"max_hp_per_floor":[75,75,75,75,75,75,75,75,75,75,75,75,75,75,75,75,75,75,80,80,80,80,80,80,80,80,80,80,80,90,90,90,90,90,90,90,90,90,90],"relic_stats":{"counters":[16,37],"Bag of Preparation":[10],"obtain_stats":[{"testmod-IntensifyImprint":0,"theHeart:BeatOfDeath":0,"AT_ATBox":0,"testmod-TestBox":0,"DaveBox":0,"NeowsBlessing":0,"ShadowXiaoBlade":0,"RhineSuit":34,"DemoMod:GlassGuonStoneRelic":4,"Omamori":25,"Bag of Preparation":25,"ClockworkSouvenir":3,"Old Coin":14,"Cauldron":25,"Pondfish Scales":26,"SynthV:TestCard":1,"AT_BellowingDragoncrestRing":24,"ReplayTheSpireMod:Shallot":9,"Transparent":17,"testmod-AssaultLearning":8,"REME_ComplimentaryCards":0},{"testmod-IntensifyImprint":0,"theHeart:BeatOfDeath":0,"AT_ATBox":0,"testmod-TestBox":0,"DaveBox":0,"NeowsBlessing":0,"ShadowXiaoBlade":0,"RhineSuit":13,"DemoMod:GlassGuonStoneRelic":3,"Omamori":11,"Bag of Preparation":11,"ClockworkSouvenir":2,"Old Coin":5,"Cauldron":11,"Pondfish Scales":11,"SynthV:TestCard":1,"AT_BellowingDragoncrestRing":11,"ReplayTheSpireMod:Shallot":5,"Transparent":6,"testmod-AssaultLearning":5,"REME_ComplimentaryCards":0},{"testmod-IntensifyImprint":0,"theHeart:BeatOfDeath":0,"AT_ATBox":0,"testmod-TestBox":0,"DaveBox":0,"NeowsBlessing":0,"ShadowXiaoBlade":0,"RhineSuit":31,"DemoMod:GlassGuonStoneRelic":3,"Omamori":26,"Bag of Preparation":26,"ClockworkSouvenir":2,"Old Coin":6,"Cauldron":26,"Pondfish Scales":26,"SynthV:TestCard":1,"AT_BellowingDragoncrestRing":26,"ReplayTheSpireMod:Shallot":6,"Transparent":16,"testmod-AssaultLearning":6,"REME_ComplimentaryCards":0}]},"card_choices":[{"not_picked":["theHeart:Arrhythmia","theHeart:Crush"],"picked":"theHeart:Devour","floor":1},{"not_picked":["theHeart:HeartBurn","theHeart:QuantumEntanglement","theHeart:CapillaryExchange","theHeart:AntiCoagulant"],"picked":"theHeart:Crush","floor":2},{"not_picked":["theHeart:Wrath","theHeart:CapillaryExchange","theHeart:Tachycardia","theHeart:Cleanse"],"picked":"theHeart:Embolism","floor":4},{"not_picked":["theHeart:Cholesterol","theHeart:Cleanse","theHeart:SpireGrowth","theHeart:ArterialFlow"],"picked":"theHeart:BloodTransfusion","floor":5},{"not_picked":["theHeart:SpireGrowth","theHeart:Tachycardia","theHeart:Embolism","theHeart:Crush"],"picked":"theHeart:Devour","floor":8},{"not_picked":["theHeart:Echo","theHeart:TotalHeartFailure","theHeart:CorruptedForm","theHeart:FiberOpticCatheter"],"picked":"theHeart:Enrage","floor":16},{"not_picked":["theHeart:BloodTransfusion","theHeart:Embolism","theHeart:CapillaryExchange+1","theHeart:HighDecibelBeat"],"picked":"theHeart:PulmonaryCirculation","floor":18},{"not_picked":["theHeart:Crush","theHeart:Hemoblastosis","theHeart:PoisonousCyst","theHeart:TentacleWhip"],"picked":"theHeart:HeartyVessels","floor":20},{"not_picked":["theHeart:HighDecibelBeat","theHeart:Hemoblastosis+1","theHeart:Devour+1","theHeart:AntiCoagulant+1"],"picked":"theHeart:TentacleWhip","floor":21},{"not_picked":["theHeart:BloodClots","theHeart:TentacleWhip","theHeart:Embolism","theHeart:TranquilRhythm"],"picked":"theHeart:SpireGrowth","floor":22},{"not_picked":["theHeart:Embolism","theHeart:FiberOpticCatheter","theHeart:Arrhythmia","theHeart:CapillaryExchange"],"picked":"theHeart:Tachycardia","floor":24},{"not_picked":["theHeart:QuantumEntanglement","theHeart:TentacleWhip","theHeart:Embolism+1","theHeart:Pacemaker"],"picked":"theHeart:Virus","floor":31},{"not_picked":["theHeart:HyperCoagulation","theHeart:BloodRitual","theHeart:SpireSpear","theHeart:Enrage"],"picked":"theHeart:BloodShots","floor":33},{"not_picked":["theHeart:QuantumEntanglement+1","theHeart:SpireGrowth","theHeart:TorrentialFlow","theHeart:QuickBite"],"picked":"theHeart:Echo","floor":35},{"not_picked":["theHeart:CapillaryExchange+1","theHeart:ChaoticEnergy","theHeart:PainfulStabs","theHeart:Embolism"],"picked":"theHeart:Constrict+1","floor":37}],"player_experience":363976,"relics_obtained":[{"floor":1,"key":"SynthV:TestCard"},{"floor":8,"key":"testmod-AssaultLearning"},{"floor":9,"key":"ReplayTheSpireMod:Shallot"},{"floor":24,"key":"AT_BellowingDragoncrestRing"},{"floor":26,"key":"Pondfish Scales"}],"event_choices":[{"damage_healed":0,"gold_gain":0,"player_choice":"Leave","damage_taken":0,"max_hp_gain":0,"max_hp_loss":0,"event_name":"conspire:Investor","floor":11,"gold_loss":0},{"damage_healed":0,"gold_gain":0,"player_choice":"Success","damage_taken":25,"relics_obtained":["Old Coin"],"max_hp_gain":0,"max_hp_loss":0,"event_name":"Scrap Ooze","floor":14,"gold_loss":0},{"damage_healed":0,"gold_gain":0,"player_choice":"Got Potions","damage_taken":0,"max_hp_gain":0,"max_hp_loss":0,"event_name":"Lab","floor":19,"gold_loss":0},{"damage_healed":0,"gold_gain":0,"player_choice":"Simplicity","damage_taken":0,"max_hp_gain":0,"max_hp_loss":0,"event_name":"Back to Basics","floor":28,"gold_loss":0,"cards_upgraded":["theHeart:theHeartDefend","theHeart:theHeartDefend","theHeart:theHeartDefend","theHeart:theHeartDefend","theHeart:theHeartCommonAttack","theHeart:theHeartCommonAttack","theHeart:theHeartCommonAttack","theHeart:theHeartCommonAttack","theHeart:theHeartCommonAttack"]},{"cards_removed":["AT_FamilyPortrait"],"damage_healed":0,"gold_gain":0,"player_choice":"Offered Rare","damage_taken":0,"max_hp_gain":10,"max_hp_loss":0,"event_name":"Bonfire Elementals","floor":30,"gold_loss":0}],"is_beta":false,"boss_relics":[{"not_picked":["conspire:SlowCooker","OneHitWonderSystem"],"picked":"Transparent"},{"not_picked":["energizedSpire:DeadBattery","Philosopher\u0027s Stone"],"picked":"RhineSuit"}],"items_purged_floors":[],"is_endless":false,"potions_floor_spawned":[4,5,16,18,21,24,31,35],"killed_by":"Transient","ascension_level":0}}