{"host":"zrtolk9726p85qr7","time":1612314173,"event":{"mods":["Ascension Reborn","BaseMod","BetterRewards","Colored Powertips","Minty Spire (QoL Compilation)","Permanent Neow","Quick Restart","Spire Arcade","StSLib","The Animator","The Necromancer","The Wild Card"],"gold_per_floor":[119,119,119,119,180,180,200,217,217,217,141,141,173,192,192,291,291,303,147,147,162,162,162,191,191,214,214,214],"floor_reached":27,"language":"ENG","playtime":843,"items_purged":[],"score":227,"play_id":"af77727e-13e9-48c5-b620-1151e36a56d9","local_time":"20210203020253","is_ascension_mode":false,"campfire_choices":[{"floor":6,"key":"REST"},{"floor":10,"key":"REST"},{"floor":15,"key":"REST"},{"floor":23,"key":"REST"},{"floor":25,"key":"REST"}],"circlet_count":0,"master_deck":["Strike_P","Strike_P","Strike_P","Strike_P","Defend_P","Defend_P","Defend_P","Defend_P","Eruption","Vigilance","SignatureMove+1","theWildCard:Polydeuces","SandsOfTime","Perseverance","Consecrate","Judgement","DevaForm+1"],"relics":["PureWater","Omamori","Frozen Egg 2","Boot","Regal Pillow","Membership Card","Juzu Bracelet","Anchor"],"acts_visited":["Exordium","TheCity"],"potions_floor_usage":[13,16,24,27],"damage_taken":[{"damage":0,"enemies":"2 Louse","floor":1,"turns":2},{"damage":0,"enemies":"Small Slimes","floor":7,"turns":3},{"damage":17,"enemies":"Jaw Worm","floor":8,"turns":2},{"damage":33,"enemies":"Gremlin Nob","floor":13,"turns":5},{"damage":10,"enemies":"2 Fungi Beasts","floor":14,"turns":5},{"damage":30,"enemies":"The Guardian","floor":16,"turns":13},{"damage":6,"enemies":"Chosen","floor":18,"turns":4},{"damage":23,"enemies":"2 Thieves","floor":21,"turns":4},{"damage":26,"enemies":"Slavers","floor":24,"turns":5},{"damage":34,"enemies":"Colosseum Slavers","floor":27,"turns":6},{"damage":57,"enemies":"Colosseum Nobs","floor":27,"turns":4}],"seed_played":"2345489385205222702","potions_obtained":[{"floor":7,"key":"SpeedPotion"},{"floor":14,"key":"Regen Potion"},{"floor":18,"key":"Explosive Potion"},{"floor":24,"key":"SpeedPotion"}],"is_trial":false,"path_per_floor":["M","?","?","?","?","R","M","M","T","R","$","?","E","M","R","B",null,"M","$","?","M","?","R","E","R","T","?"],"character_chosen":"WATCHER","items_purchased":["SandsOfTime","Membership Card"],"campfire_rested":5,"item_purchase_floors":[11,19],"current_hp_per_floor":[72,39,39,39,39,60,60,43,43,64,64,64,31,21,57,42,72,66,66,66,43,43,72,46,72,72,0,0],"gold":214,"neow_bonus":"RANDOM_COMMON_RELIC","is_daily":false,"chose_seed":false,"campfire_upgraded":0,"win_rate":0.0,"timestamp":1612314173,"path_taken":["M","?","?","?","?","R","M","M","T","R","$","?","E","M","R","BOSS","M","$","?","M","?","R","E","R","T","?"],"items_purchased_type":["Card","Relic"],"build_version":"2020-12-22","purchased_purges":0,"victory":false,"max_hp_per_floor":[72,72,72,72,72,72,72,72,72,72,72,72,72,72,72,72,72,72,72,72,72,72,72,72,72,72,72,72],"card_choices":[{"not_picked":["Crescendo","EmptyBody"],"picked":"SignatureMove","floor":1},{"not_picked":["WaveOfTheHand","Indignation","EmptyBody"],"picked":"SKIP","floor":7},{"not_picked":["WaveOfTheHand","DeceiveReality","ClearTheMind"],"picked":"SKIP","floor":8},{"not_picked":["FearNoEvil","BattleHymn+1"],"picked":"Perseverance","floor":13},{"not_picked":["WaveOfTheHand","Evaluate"],"picked":"Consecrate","floor":14},{"not_picked":["MasterReality+1","Scrawl"],"picked":"Judgement","floor":16},{"not_picked":["ClearTheMind","FlyingSleeves","FollowUp"],"picked":"SKIP","floor":18},{"not_picked":["Fasting2+1","ClearTheMind","BowlingBash"],"picked":"SKIP","floor":21},{"not_picked":["Nirvana+1","FlyingSleeves+1"],"picked":"DevaForm+1","floor":24}],"player_experience":143962,"relics_obtained":[{"floor":9,"key":"Boot"},{"floor":13,"key":"Regal Pillow"},{"floor":24,"key":"Juzu Bracelet"},{"floor":26,"key":"Anchor"}],"event_choices":[{"damage_healed":0,"gold_gain":0,"player_choice":"Success","damage_taken":33,"relics_obtained":["Frozen Egg 2"],"max_hp_gain":0,"max_hp_loss":0,"event_name":"Scrap Ooze","floor":2,"gold_loss":0},{"damage_healed":0,"gold_gain":0,"player_choice":"Grow","damage_taken":0,"max_hp_gain":0,"max_hp_loss":0,"event_name":"Living Wall","floor":3,"gold_loss":0,"cards_upgraded":["SignatureMove"]},{"damage_healed":0,"gold_gain":61,"player_choice":"Gained Gold","damage_taken":0,"max_hp_gain":0,"max_hp_loss":0,"event_name":"Golden Wing","floor":5,"gold_loss":0},{"damage_healed":0,"gold_gain":0,"player_choice":"Ignored","damage_taken":0,"max_hp_gain":0,"max_hp_loss":0,"event_name":"Liars Game","floor":12,"gold_loss":0},{"damage_healed":0,"gold_gain":0,"player_choice":"Ignored","damage_taken":0,"max_hp_gain":0,"max_hp_loss":0,"event_name":"The Mausoleum","floor":20,"gold_loss":0},{"damage_healed":0,"gold_gain":0,"player_choice":"Ignored","damage_taken":0,"max_hp_gain":0,"max_hp_loss":0,"event_name":"Vampires","floor":22,"gold_loss":0},{"damage_healed":0,"gold_gain":0,"player_choice":"Fight","damage_taken":0,"max_hp_gain":0,"max_hp_loss":0,"event_name":"Colosseum","floor":27,"gold_loss":0},{"damage_healed":0,"gold_gain":0,"player_choice":"Fought Nobs","damage_taken":0,"max_hp_gain":0,"max_hp_loss":0,"event_name":"Colosseum","floor":27,"gold_loss":0}],"is_beta":false,"boss_relics":[{"not_picked":["Pandora\u0027s Box","Busted Crown","Velvet Choker"]}],"items_purged_floors":[],"is_endless":false,"potions_floor_spawned":[7,14,18,24,27],"killed_by":"Colosseum Nobs","ascension_level":0}}