{"host":"nw4g04f085wnqcgt","time":1612378725,"event":{"mods":["AchievementEnabler","BaseMod","Colored Map","Colored Powertips","DeckTracker","Minty Spire (QoL Compilation)","Relic Sorter","SuperFastMode"],"gold_per_floor":[119,79,4,23,34,34,45,45,45,65,76,7,7,82,82,181,181,199,216,233,43,43,43,68,86,111,111,111],"floor_reached":27,"language":"ENG","playtime":945,"items_purged":["Strike_B"],"score":270,"play_id":"0865d4b4-193f-41a9-9b16-b3a10dd044f0","local_time":"20210203135845","is_ascension_mode":true,"campfire_choices":[{"data":"Apotheosis","floor":6,"key":"SMITH"},{"floor":8,"key":"RECALL"},{"floor":15,"key":"REST"},{"floor":23,"key":"REST"}],"circlet_count":0,"master_deck":["Strike_B","Strike_B","Defend_B","Defend_B","Defend_B","Defend_B","Zap","Dualcast","Apotheosis+1","Compile Driver","Conserve Battery","Turbo","Conserve Battery","Compile Driver","Self Repair","Seek","Static Discharge+1","Storm"],"relics":["Cracked Core","Bird Faced Urn","Fusion Hammer","Membership Card","Du-Vu Doll"],"acts_visited":["Exordium","TheCity"],"potions_floor_usage":[5,16,20,20,20,27],"damage_taken":[{"damage":4,"enemies":"2 Louse","floor":1,"turns":3},{"damage":0,"enemies":"Cultist","floor":4,"turns":3},{"damage":0,"enemies":"Jaw Worm","floor":5,"turns":3},{"damage":0,"enemies":"2 Fungi Beasts","floor":7,"turns":3},{"damage":1,"enemies":"Exordium Wildlife","floor":10,"turns":5},{"damage":4,"enemies":"Exordium Thugs","floor":11,"turns":5},{"damage":32,"enemies":"Hexaghost","floor":16,"turns":10},{"damage":0,"enemies":"Chosen","floor":18,"turns":4},{"damage":9,"enemies":"Shell Parasite","floor":19,"turns":6},{"damage":30,"enemies":"Chosen and Byrds","floor":20,"turns":8},{"damage":53,"enemies":"Book of Stabbing","floor":24,"turns":6},{"damage":16,"enemies":"Sentry and Sphere","floor":25,"turns":6},{"damage":46,"enemies":"Gremlin Leader","floor":27,"turns":4}],"seed_played":"-767431897040210782","potions_obtained":[{"floor":2,"key":"SmokeBomb"},{"floor":2,"key":"EssenceOfSteel"},{"floor":2,"key":"PotionOfCapacity"},{"floor":4,"key":"EssenceOfSteel"},{"floor":5,"key":"Block Potion"},{"floor":11,"key":"Explosive Potion"},{"floor":18,"key":"SmokeBomb"},{"floor":19,"key":"ColorlessPotion"},{"floor":25,"key":"ColorlessPotion"}],"is_trial":false,"path_per_floor":["M","?","$","M","M","R","M","R","T","M","M","$","?","?","R","B",null,"M","M","M","$","?","R","E","M","T","E"],"character_chosen":"DEFECT","items_purchased":["Self Repair","Membership Card","Storm"],"campfire_rested":2,"item_purchase_floors":[12,21,21],"current_hp_per_floor":[50,50,50,50,50,50,50,50,50,49,45,45,45,34,56,24,75,75,75,52,52,52,74,36,33,33,0,0],"gold":111,"neow_bonus":"RANDOM_COLORLESS_2","is_daily":false,"chose_seed":false,"campfire_upgraded":1,"win_rate":0.0,"timestamp":1612378725,"path_taken":["M","?","$","?","M","R","M","R","T","M","M","?","?","?","R","BOSS","M","M","M","$","?","R","E","M","T","E"],"items_purchased_type":["Card","Relic","Card"],"build_version":"2020-12-22","purchased_purges":1,"victory":false,"max_hp_per_floor":[75,75,75,75,75,75,75,75,75,75,75,75,75,75,75,75,75,75,75,75,75,75,75,75,75,75,75,75],"card_choices":[{"not_picked":["Transmutation","The Bomb"],"picked":"Apotheosis","floor":0},{"not_picked":["Auto Shields","Consume"],"picked":"Compile Driver","floor":1},{"not_picked":["Stack","FTL"],"picked":"Conserve Battery","floor":4},{"not_picked":["Defragment","Lockon"],"picked":"Turbo","floor":5},{"not_picked":["Aggregate","Scrape"],"picked":"Conserve Battery","floor":7},{"not_picked":["Conserve Battery","Beam Cell","Glacier"],"picked":"SKIP","floor":10},{"not_picked":["Undo","Conserve Battery"],"picked":"Compile Driver","floor":11},{"not_picked":["Hyperbeam","Biased Cognition"],"picked":"Seek","floor":16},{"not_picked":["Conserve Battery","Auto Shields+1"],"picked":"Static Discharge+1","floor":18},{"not_picked":["Gash+1","Barrage","Lockon"],"picked":"SKIP","floor":19},{"not_picked":["Beam Cell","Conserve Battery","Aggregate"],"picked":"SKIP","floor":20},{"not_picked":["Barrage","Darkness","All For One"],"picked":"SKIP","floor":24},{"not_picked":["Redo","Barrage","Hologram"],"picked":"SKIP","floor":25}],"player_experience":400315,"relics_obtained":[{"floor":9,"key":"Bird Faced Urn"},{"floor":24,"key":"Du-Vu Doll"}],"event_choices":[{"damage_healed":0,"gold_gain":0,"player_choice":"Bought 3 Potions","damage_taken":0,"max_hp_gain":0,"max_hp_loss":0,"event_name":"The Woman in Blue","floor":2,"gold_loss":0},{"damage_healed":0,"gold_gain":0,"player_choice":"Ignored","damage_taken":0,"max_hp_gain":0,"max_hp_loss":0,"event_name":"Liars Game","floor":13,"gold_loss":0},{"damage_healed":0,"gold_gain":75,"player_choice":"Gather Gold","damage_taken":11,"max_hp_gain":0,"max_hp_loss":0,"event_name":"World of Goop","floor":14,"gold_loss":0},{"cards_removed":["Strike_B"],"damage_healed":0,"gold_gain":0,"player_choice":"Offered Basic","damage_taken":0,"max_hp_gain":0,"max_hp_loss":0,"event_name":"Bonfire Elementals","floor":22,"gold_loss":0}],"is_beta":false,"boss_relics":[{"not_picked":["Tiny House","Philosopher\u0027s Stone"],"picked":"Fusion Hammer"}],"items_purged_floors":[3],"is_endless":false,"potions_floor_spawned":[4,5,10,11,18,19,25],"killed_by":"Gremlin Leader","ascension_level":4}}