{"host":"mydft8i2zzydgggw","time":1612374479,"event":{"mods":["AchievementEnabler","BaseMod","BetterRewards","Colored Map","Colored Powertips","DeckTracker","Keyboard Shortcuts","Minty Spire (QoL Compilation)","Rare Cards Sparkle","StSLib","SuperFastMode","everything is the same but u backflip on backflip"],"gold_per_floor":[109,109,109,120,137,137,157,157,210,3,3,78,78,63,63,158,158,140,154,171,171,171],"floor_reached":21,"language":"KOR","playtime":469,"items_purged":["Defend_R"],"score":222,"play_id":"945cfdf0-f7cc-4c9a-af8e-75a161e660fe","local_time":"20210204024759","is_ascension_mode":true,"campfire_choices":[{"data":"Iron Wave","floor":6.0,"key":"SMITH"},{"data":"Rage","floor":8.0,"key":"SMITH"},{"data":"Armaments","floor":11.0,"key":"SMITH"},{"data":"Reaper","floor":13,"key":"SMITH"},{"data":"Pommel Strike","floor":15,"key":"SMITH"}],"circlet_count":0,"master_deck":["Strike_R","Defend_R","Defend_R","Defend_R","Bash","Dark Embrace+1","Iron Wave+1","Pummel","Rage+1","Reaper+1","Armaments+1","Pommel Strike+1","Exhume","Dark Embrace+1","Clothesline","Wild Strike"],"relics":["Burning Blood","Bronze Scales","Empty Cage"],"acts_visited":["Exordium","TheCity"],"potions_floor_usage":[14,18,18,21],"damage_taken":[{"damage":4.0,"enemies":"Jaw Worm","floor":1.0,"turns":4.0},{"damage":5.0,"enemies":"Small Slimes","floor":4.0,"turns":4.0},{"damage":1.0,"enemies":"Cultist","floor":5.0,"turns":4.0},{"damage":8.0,"enemies":"3 Louse","floor":7.0,"turns":3.0},{"damage":12,"enemies":"Exordium Thugs","floor":14,"turns":4},{"damage":49,"enemies":"The Guardian","floor":16,"turns":13},{"damage":34,"enemies":"2 Thieves","floor":18,"turns":4},{"damage":26,"enemies":"Spheric Guardian","floor":19,"turns":6},{"damage":53,"enemies":"Shelled Parasite and Fungi","floor":20,"turns":13},{"damage":26,"enemies":"Centurion and Healer","floor":21,"turns":2}],"seed_played":"4326748266938826387","potions_obtained":[{"floor":4.0,"key":"BloodPotion"},{"floor":7.0,"key":"BlessingOfTheForge"},{"floor":16,"key":"FearPotion"},{"floor":20,"key":"Dexterity Potion"}],"is_trial":false,"path_per_floor":["M","?","?","M","M","R","M","R","T","$","R","?","R","M","R","B",null,"M","M","M","M"],"character_chosen":"IRONCLAD","items_purchased":["Reaper","Armaments"],"campfire_rested":0,"item_purchase_floors":[10,10],"current_hp_per_floor":[74,74,74,75,80,80,78,78,78,78,78,70,70,73,73,37,69,68,53,16,0,0],"gold":171,"neow_bonus":"REMOVE_CARD","is_daily":false,"chose_seed":false,"campfire_upgraded":5,"win_rate":0.0,"timestamp":1612374479,"path_taken":["M","?","?","M","?","R","M","R","T","$","R","?","R","M","R","BOSS","M","M","M","M"],"items_purchased_type":["Card","Card"],"build_version":"2020-12-22","purchased_purges":1,"victory":false,"max_hp_per_floor":[80,80,80,80,80,80,80,80,80,80,80,80,80,80,80,80,80,80,80,80,80,80],"card_choices":[{"not_picked":["Havoc","Shrug It Off"],"picked":"Dark Embrace","floor":1.0},{"not_picked":["Cleave","Headbutt"],"picked":"Iron Wave","floor":4.0},{"not_picked":["Headbutt","Body Slam"],"picked":"Pummel","floor":5.0},{"not_picked":["Flex","Anger"],"picked":"Rage","floor":7.0},{"not_picked":["Clash","Perfected Strike"],"picked":"Pommel Strike","floor":14},{"not_picked":["Berserk","Bludgeon"],"picked":"Exhume","floor":16},{"not_picked":["Armaments","Cleave"],"picked":"Dark Embrace+1","floor":18},{"not_picked":["Armaments","Thunderclap"],"picked":"Clothesline","floor":19},{"not_picked":["Clash","Berserk"],"picked":"Wild Strike","floor":20}],"player_experience":229227,"relics_obtained":[{"floor":9.0,"key":"Bronze Scales"}],"event_choices":[{"cards_removed":["Strike_R"],"damage_healed":0.0,"max_hp_gain":0.0,"max_hp_loss":0.0,"gold_gain":0.0,"event_name":"Living Wall","player_choice":"Forget","floor":2.0,"gold_loss":0.0,"damage_taken":0.0},{"damage_healed":0.0,"max_hp_gain":0.0,"max_hp_loss":0.0,"gold_gain":0.0,"event_name":"Accursed Blacksmith","player_choice":"Forge","floor":3.0,"gold_loss":0.0,"damage_taken":0.0,"cards_upgraded":["Dark Embrace"]},{"damage_healed":0,"gold_gain":75,"player_choice":"Touch","damage_taken":8,"max_hp_gain":0,"max_hp_loss":0,"event_name":"FaceTrader","floor":12,"gold_loss":0}],"is_beta":false,"boss_relics":[{"not_picked":["SlaversCollar","Astrolabe"],"picked":"Empty Cage"}],"items_purged_floors":[10],"is_endless":false,"potions_floor_spawned":[4,7,16,20],"killed_by":"Centurion and Healer","ascension_level":6}}