{"host":"rtw1tnr74gozsrw1","time":1612385529,"event":{"mods":["BaseMod","Colored Map","Colored Powertips","Highlight Path","Minty Spire (QoL Compilation)","StSLib","The Jungle"],"gold_per_floor":[117,36,136,150,225,225,251,251,277,289,301,157,171,191,191,293,293,313,165,165,175,189,189,271,271,271,271,78,104,123,148,148,249,249,267,267,286,96,96,125,125,125,202,227,237,237,256,256,256,256,256,256,62,90,90,90],"floor_reached":55,"language":"ENG","playtime":2040,"items_purged":["Strike_B","Strike_B","Defend_B","Defend_B","Strike_B"],"score":848,"play_id":"150070cb-9729-4063-9058-f24f32599aa8","local_time":"20210203215209","is_ascension_mode":true,"campfire_choices":[{"data":"Capacitor","floor":8,"key":"SMITH"},{"data":"Chaos","floor":11,"key":"SMITH"},{"data":"Defragment","floor":15,"key":"SMITH"},{"data":"Capacitor","floor":25,"key":"SMITH"},{"data":"Zap","floor":27,"key":"SMITH"},{"floor":32,"key":"REST"},{"data":"Defragment","floor":41,"key":"SMITH"},{"floor":46,"key":"REST"},{"floor":49,"key":"RECALL"},{"data":"Defragment","floor":52,"key":"SMITH"}],"circlet_count":0,"master_deck":["Defend_B","Zap+1","Dualcast","Chill","Capacitor+1","Cold Snap","Chaos+1","Defragment+1","Force Field","Self Repair","Fission+1","Capacitor+1","Ball Lightning","Cold Snap","Barrage","Defragment+1","Glacier","Defragment+1","Electrodynamics","Conserve Battery+1","Hologram","Static Discharge+1","Self Repair","Compile Driver+1","Defragment","Loop","Consume+1"],"relics":["Cracked Core","NeowsBlessing","Regal Pillow","MawBank","Philosopher\u0027s Stone","Cables","Happy Flower","Ancient Tea Set","SlaversCollar","The Courier","Toy Ornithopter","Lizard Tail","Sundial","Mercury Hourglass","Pocketwatch"],"acts_visited":["Exordium","TheCity","TheBeyond","TheEnding"],"potions_floor_usage":[16,50],"damage_taken":[{"damage":0,"enemies":"2 Louse","floor":1,"turns":1},{"damage":0,"enemies":"Cultist","floor":4,"turns":1},{"damage":0,"enemies":"3 Sentries","floor":7,"turns":1},{"damage":2,"enemies":"Small Slimes","floor":13,"turns":3},{"damage":8,"enemies":"3 Louse","floor":14,"turns":4},{"damage":29,"enemies":"Slime Boss","floor":16,"turns":12},{"damage":7,"enemies":"Spheric Guardian","floor":18,"turns":4},{"damage":27,"enemies":"3 Byrds","floor":21,"turns":5},{"damage":12,"enemies":"Centurion and Healer","floor":22,"turns":10},{"damage":13,"enemies":"Book of Stabbing","floor":29,"turns":6},{"damage":11,"enemies":"Snecko","floor":30,"turns":5},{"damage":22,"enemies":"Gremlin Leader","floor":31,"turns":7},{"damage":0,"enemies":"Automaton","floor":33,"turns":10},{"damage":32,"enemies":"3 Shapes","floor":35,"turns":3},{"damage":0,"enemies":"3 Darklings","floor":37,"turns":4},{"damage":9,"enemies":"Giant Head","floor":40,"turns":10},{"damage":27,"enemies":"Nemesis","floor":44,"turns":7},{"damage":22,"enemies":"Sphere and 2 Shapes","floor":45,"turns":4},{"damage":16,"enemies":"Writhing Mass","floor":47,"turns":4},{"damage":28,"enemies":"Awakened One","floor":50,"turns":9},{"damage":79,"enemies":"Shield and Spear","floor":54,"turns":5},{"damage":51,"enemies":"The Heart","floor":55,"turns":3}],"seed_played":"-8282325969825899077","potions_obtained":[{"floor":1,"key":"PowerPotion"},{"floor":4,"key":"Strength Potion"},{"floor":16,"key":"CultistPotion"},{"floor":22,"key":"DuplicationPotion"},{"floor":40,"key":"EssenceOfDarkness"}],"is_trial":false,"path_per_floor":["M","$","?","M","?","?","E","R","T","?","R","$","M","M","R","B",null,"M","$","?","M","M","?","T","R","T","R","$","E","M","E","R","B",null,"M","?","M","$","T","E","R","?","T","E","M","R","M","?","R","B",null,"R","$","E","B"],"character_chosen":"DEFECT","items_purchased":["Capacitor","Defragment","Ball Lightning","Defragment","Self Repair","Loop"],"campfire_rested":2,"item_purchase_floors":[2,12,19,28,38,53],"current_hp_per_floor":[75,75,75,75,64,64,64,64,64,64,64,64,62,54,54,32,75,75,75,75,55,50,50,50,50,50,50,50,44,40,25,62,69,75,50,50,57,57,57,62,62,62,62,49,34,71,62,62,62,53,75,75,75,51,0,0],"gold":90,"neow_bonus":"THREE_ENEMY_KILL","is_daily":false,"chose_seed":false,"campfire_upgraded":7,"win_rate":0.0,"timestamp":1612385529,"path_taken":["M","$","?","?","?","?","E","R","T","?","R","$","M","M","R","BOSS","M","$","?","M","?","?","?","R","T","R","$","E","M","E","R","BOSS","M","?","M","$","?","E","R","?","T","E","?","R","M","?","R","BOSS","R","$","E","BOSS"],"items_purchased_type":["Card","Card","Card","Card","Card","Card"],"build_version":"2020-12-22","purchased_purges":5,"victory":false,"max_hp_per_floor":[75,75,75,75,75,75,75,75,75,75,75,75,75,75,75,75,75,75,75,75,75,75,75,75,75,75,75,75,75,75,75,75,75,75,75,75,75,75,75,75,75,75,75,75,75,75,75,75,75,75,75,75,75,75,75,75],"card_choices":[{"not_picked":["Heatsinks","Streamline"],"picked":"Chill","floor":1},{"not_picked":["Melter","Auto Shields"],"picked":"Cold Snap","floor":4},{"not_picked":["Darkness","Coolheaded"],"picked":"Chaos","floor":7},{"not_picked":["Go for the Eyes","Genetic Algorithm"],"picked":"Force Field","floor":13},{"not_picked":["Hello World","Chaos"],"picked":"Self Repair","floor":14},{"not_picked":["Meteor Strike","Thunder Strike"],"picked":"Fission","floor":16},{"not_picked":["Aggregate+1","Beam Cell+1"],"picked":"Capacitor","floor":18},{"not_picked":["Melter","Leap"],"picked":"Cold Snap","floor":21},{"not_picked":["Double Energy+1","Conserve Battery"],"picked":"Barrage","floor":22},{"not_picked":["Compile Driver","Cold Snap"],"picked":"Glacier","floor":29},{"not_picked":["Streamline","Stack+1"],"picked":"Defragment","floor":30},{"not_picked":["Barrage","Sweeping Beam","Double Energy"],"picked":"SKIP","floor":31},{"not_picked":["Multi-Cast","Echo Form"],"picked":"Electrodynamics","floor":33},{"not_picked":["Sweeping Beam","Barrage"],"picked":"Conserve Battery+1","floor":35},{"not_picked":["Stack","Steam Power"],"picked":"Static Discharge+1","floor":37},{"not_picked":["Leap+1","Aggregate+1","Hologram+1"],"picked":"SKIP","floor":40},{"not_picked":["Genetic Algorithm","All For One","Gash"],"picked":"SKIP","floor":44},{"not_picked":["Reinforced Body","Steam+1"],"picked":"Compile Driver+1","floor":45},{"not_picked":["Gash","Steam+1"],"picked":"Defragment","floor":47},{"not_picked":["Double Energy","Seek"],"picked":"Consume+1","floor":54}],"player_experience":81831,"relics_obtained":[{"floor":7,"key":"Regal Pillow"},{"floor":9,"key":"MawBank"},{"floor":26,"key":"Cables"},{"floor":29,"key":"Happy Flower"},{"floor":31,"key":"Ancient Tea Set"},{"floor":39,"key":"The Courier"},{"floor":40,"key":"Toy Ornithopter"},{"floor":42,"key":"Lizard Tail"},{"floor":43,"key":"Sundial"},{"floor":44,"key":"Mercury Hourglass"},{"floor":54,"key":"Pocketwatch"}],"event_choices":[{"damage_healed":0,"gold_gain":100,"player_choice":"Pray","damage_taken":0,"max_hp_gain":0,"max_hp_loss":0,"event_name":"Golden Shrine","floor":3,"gold_loss":0},{"damage_healed":0,"gold_gain":75,"player_choice":"Gather Gold","damage_taken":11,"max_hp_gain":0,"max_hp_loss":0,"event_name":"World of Goop","floor":5,"gold_loss":0},{"damage_healed":0,"gold_gain":0,"player_choice":"Fled","damage_taken":0,"max_hp_gain":0,"max_hp_loss":0,"event_name":"Scrap Ooze","floor":6,"gold_loss":0},{"damage_healed":0,"gold_gain":0,"player_choice":"Ignored","damage_taken":0,"max_hp_gain":0,"max_hp_loss":0,"event_name":"Golden Idol","floor":10,"gold_loss":0},{"damage_healed":0,"gold_gain":0,"player_choice":"Upgraded","damage_taken":0,"max_hp_gain":0,"max_hp_loss":0,"event_name":"Upgrade Shrine","floor":20,"gold_loss":0,"cards_upgraded":["Fission"]},{"cards_removed":["Strike_B"],"damage_healed":0,"gold_gain":0,"player_choice":"Elegance","damage_taken":0,"max_hp_gain":0,"max_hp_loss":0,"event_name":"Back to Basics","floor":23,"gold_loss":0},{"damage_healed":0,"gold_gain":0,"cards_transformed":["Defend_B"],"player_choice":"Transformed","damage_taken":0,"max_hp_gain":0,"max_hp_loss":0,"event_name":"Transmorgrifier","floor":36,"gold_loss":0,"cards_obtained":["Hologram"]},{"damage_healed":0,"gold_gain":0,"player_choice":"Relic","damage_taken":0,"max_hp_gain":0,"max_hp_loss":0,"event_name":"Wheel of Change","floor":42,"gold_loss":0},{"damage_healed":0,"gold_gain":0,"player_choice":"Ignored","damage_taken":0,"max_hp_gain":0,"max_hp_loss":0,"event_name":"Tomb of Lord Red Mask","floor":48,"gold_loss":0}],"is_beta":false,"boss_relics":[{"not_picked":["Runic Pyramid","Snecko Eye"],"picked":"Philosopher\u0027s Stone"},{"not_picked":["Velvet Choker","FrozenCore"],"picked":"SlaversCollar"}],"items_purged_floors":[12,19,28,38,53],"is_endless":false,"potions_floor_spawned":[1,4,16,22,29,33,37,40,45],"killed_by":"The Heart","ascension_level":1}}