{"host":"5dhwd44u3dydylwe","time":1612342757,"event":{"mods":["AchievementEnabler","BaseMod","BetterRewards","Dota2Spire","Downfall","Hubris","Minty Spire (QoL Compilation)","Reliquary","Shop Mod","StSLib","Wandering Minibosses"],"gold_per_floor":[99,116,131,151,169,169,201,201,217,217,235,251,262,262,262,278,374,374,374,388,406,425,510,395,466,486,486,328,328,3,22,22,34,50,70,175,175,175,275,285,298,316,316,316,370,389,417,429,263,283,293,312,324,324],"floor_reached":55,"language":"ENG","playtime":3951,"items_purged":["Slimebound:Strike_Slimebound","Slimebound:GrowthPunch","Slimebound:Strike_Slimebound"],"score":740,"play_id":"60a7294f-bbb6-41ec-b36d-6603afc92b4d","local_time":"20210203165917","is_ascension_mode":false,"campfire_choices":[{"data":"Slimebound:Split","floor":1,"key":"SMITH"},{"data":"Slimebound:Gluttony","floor":10,"key":"SMITH"},{"floor":14,"key":"REST"},{"data":"Slimebound:MinionMaster","floor":19,"key":"SMITH"},{"data":"Slimebound:LeadByExample","floor":27,"key":"SMITH"},{"data":"Slimebound:MassRepurpose","floor":38,"key":"SMITH"},{"data":"Slimebound:LevelUp","floor":43,"key":"SMITH"}],"circlet_count":0,"master_deck":["Slimebound:Strike_Slimebound","Slimebound:Tackle","Slimebound:Defend_Slimebound","Slimebound:Defend_Slimebound","Slimebound:Defend_Slimebound","Slimebound:Split+1","Slimebound:CorrosiveSpit","Slimebound:SlimeSpikes","Slimebound:SplitAcid","Slimebound:RejuvenatingLick+1","Slimebound:Gluttony+1","Slimebound:Equalize+1","Slimebound:LevelUp+1","Slimebound:SlimeSpikes","Slimebound:SlimeBarrage+1","Slimebound:MinionMaster+1","Slimebound:SpikyOuterGoop","Slimebound:LeechingTouch+1","Slimebound:PressTheAttack+1","Slimebound:LeadByExample+1","Slimebound:Repurpose","Slimebound:MassRepurpose+1","Slimebound:LivingWall","Slimebound:Equalize+1"],"relics":["Slimebound:AbsorbEndCombat","Molten Egg 2","Coffee Dripper","hubris:DeckOfHolding","Dota2Spire:EchoSabre","Membership Card","Dota2Spire:Mjollnir","wanderingMiniBosses:Blackblade","HornCleat","hubris:SlimyHat","TheAbacus","hubris:VirtuousBlindfold","Toy Ornithopter","Kunai","PreservedInsect","Slimebound:MaxSlimesRelic","Bag of Preparation"],"acts_visited":["Exordium","TheCity","TheBeyond"],"potions_floor_usage":[7,13,33,39,41,47,47,50],"damage_taken":[{"damage":4,"enemies":"Cultist","floor":2,"turns":4},{"damage":3,"enemies":"2 Louse","floor":3,"turns":2},{"damage":4,"enemies":"Small Slimes","floor":4,"turns":4},{"damage":16,"enemies":"2 Fungi Beasts","floor":5,"turns":5},{"damage":36,"enemies":"Gremlin Nob","floor":7,"turns":5},{"damage":15,"enemies":"Exordium Thugs","floor":9,"turns":5},{"damage":9,"enemies":"3 Louse","floor":11,"turns":2},{"damage":13,"enemies":"2 Fungi Beasts","floor":12,"turns":7},{"damage":9,"enemies":"Exordium Thugs","floor":13,"turns":9},{"damage":8,"enemies":"Lots of Slimes","floor":16,"turns":2},{"damage":35,"enemies":"DF_ARCHETYPE_STREAMLINE","floor":17,"turns":8},{"damage":5,"enemies":"Spheric Guardian","floor":20,"turns":4},{"damage":24,"enemies":"Chosen","floor":21,"turns":10},{"damage":23,"enemies":"Snake Plant","floor":22,"turns":4},{"damage":0,"enemies":"downfall:FleeingMerchant","floor":24,"turns":4},{"damage":12,"enemies":"Snecko","floor":26,"turns":6},{"damage":10,"enemies":"downfall:FleeingMerchant","floor":28,"turns":4},{"damage":18,"enemies":"downfall:FleeingMerchant","floor":30,"turns":4},{"damage":12,"enemies":"Centurion and Healer","floor":31,"turns":4},{"damage":20,"enemies":"downfall:FleeingMerchant","floor":33,"turns":4},{"damage":0,"enemies":"Sentry and Sphere","floor":34,"turns":5},{"damage":9,"enemies":"Snake Plant","floor":35,"turns":2},{"damage":9,"enemies":"WA_ARCHETYPE_CALM","floor":36,"turns":7},{"damage":14,"enemies":"downfall:LadyInBlue","floor":39,"turns":5},{"damage":10,"enemies":"Orb Walker","floor":40,"turns":3},{"damage":38,"enemies":"3 Darklings","floor":41,"turns":5},{"damage":12,"enemies":"Transient","floor":42,"turns":5},{"damage":15,"enemies":"Sphere and 2 Shapes","floor":46,"turns":3},{"damage":50,"enemies":"Reptomancer","floor":47,"turns":4},{"damage":16,"enemies":"Spire Growth","floor":48,"turns":4},{"damage":7,"enemies":"Jaw Worm Horde","floor":50,"turns":4},{"damage":5,"enemies":"Writhing Mass","floor":51,"turns":5},{"damage":1,"enemies":"4 Shapes","floor":52,"turns":3},{"damage":5,"enemies":"Jaw Worm Horde","floor":53,"turns":3},{"damage":0,"enemies":"IC_BLOCK_ARCHETYPE","floor":54,"turns":5}],"seed_played":"8672146118286889637","potions_obtained":[{"floor":3,"key":"Explosive Potion"},{"floor":9,"key":"Guardian:BlockOnCardUsePotion"},{"floor":11,"key":"Explosive Potion"},{"floor":16,"key":"Explosive Potion"},{"floor":21,"key":"ColorlessPotion"},{"floor":31,"key":"Slimebound:ThreeZeroPotion"},{"floor":34,"key":"Dota2Spire:Clarity"},{"floor":39,"key":"Fruit Juice"},{"floor":39,"key":"champ:CounterPotion"},{"floor":50,"key":"Energy Potion"},{"floor":51,"key":"hexamod:SoulburnPotion"},{"floor":52,"key":"hexamod:SoulburnPotion"}],"is_trial":false,"path_per_floor":["R","M","M","M","M","?","E","T","M","R","M","M","M","R","?","M","B",null,"R","M","M","M","?","$","T","M","R","$","?","$","M","?","$","M","M","B",null,"R","?","M","M","M","R","T","T","M","E","M","$","M","M","M","M","B",null],"character_chosen":"SLIMEBOUND","items_purchased":["Slimebound:PressTheAttack+1","Dota2Spire:EchoSabre","Membership Card","Dota2Spire:Mjollnir","HornCleat","hubris:SlimyHat","TheAbacus","Bag of Preparation","PowerPotion"],"campfire_rested":1,"item_purchase_floors":[24,28,30,30,33,33,33,49,49],"current_hp_per_floor":[71,69,68,66,52,52,24,24,15,15,12,13,24,45,45,37,22,71,71,66,52,47,35,55,55,57,57,51,51,53,49,49,35,35,42,59,71,71,76,70,45,53,53,53,53,44,24,12,12,24,21,44,65,76],"gold":324,"neow_bonus":"TEN_PERCENT_HP_BONUS","is_daily":false,"chose_seed":false,"campfire_upgraded":6,"win_rate":0.0,"timestamp":1612342757,"path_taken":["R","M","M","?","M","?","E","T","M","R","M","M","M","R","?","M","BOSS","R","M","M","M","?","?","T","M","R","$","?","$","?","?","$","?","M","BOSS","R","?","M","M","M","R","T","T","M","E","M","$","M","M","M","M","BOSS"],"items_purchased_type":["Card","Relic","Relic","Relic","Relic","Relic","Relic","Relic","Potion"],"build_version":"2020-12-22","purchased_purges":3,"victory":true,"max_hp_per_floor":[71,71,71,71,71,71,71,71,71,71,71,71,71,71,71,71,71,71,71,71,71,71,71,71,71,71,71,71,71,71,71,71,71,71,71,71,71,71,76,76,76,76,76,76,76,76,76,76,76,76,76,76,76,76],"card_choices":[{"not_picked":["Slimebound:Grow","Slimebound:FinishingTackle"],"picked":"Slimebound:SlimeSpikes","floor":2},{"not_picked":["Slimebound:GoopTackle","Slimebound:ComboTackle"],"picked":"Slimebound:GrowthPunch","floor":3},{"not_picked":["Slimebound:GrowthPunch","Slimebound:PressTheAttack"],"picked":"Slimebound:SplitAcid","floor":4},{"not_picked":["Slimebound:SplitMire","Slimebound:RollThrough"],"picked":"Slimebound:RejuvenatingLick","floor":5},{"not_picked":["Slimebound:GoopSpray","Slimebound:Grow"],"picked":"Slimebound:Gluttony","floor":7},{"not_picked":["Slimebound:GoopTackle+1","Slimebound:PressTheAttack+1"],"picked":"Slimebound:Equalize+1","floor":9},{"not_picked":["Slimebound:LeechEnergy+1","Slimebound:SlimeSpikes"],"picked":"Slimebound:LevelUp","floor":11},{"not_picked":["Slimebound:Replication","Slimebound:BestDefense"],"picked":"Slimebound:SlimeSpikes","floor":12},{"not_picked":["Slimebound:LeadByExample","Slimebound:SamplingLick"],"picked":"Slimebound:SlimeBarrage+1","floor":13},{"not_picked":["Slimebound:RejuvenatingLick","Slimebound:GoopTackle+1","Slimebound:Chomp+1"],"picked":"SKIP","floor":16},{"not_picked":["Slimebound:MassFeed+1","Slimebound:Teamwork"],"picked":"Slimebound:MinionMaster","floor":17},{"not_picked":["Slimebound:Gluttony","Slimebound:HauntingLick"],"picked":"Slimebound:SpikyOuterGoop","floor":20},{"not_picked":["Slimebound:SplitMire","Slimebound:RollThrough+1","Slimebound:HauntingLick"],"picked":"SKIP","floor":21},{"not_picked":["Slimebound:Schlurp","Slimebound:HauntingLick","Slimebound:ComboTackle+1"],"picked":"SKIP","floor":22},{"not_picked":["Slimebound:RejuvenatingLick","Slimebound:GoopSpray"],"picked":"Slimebound:LeechingTouch+1","floor":24},{"not_picked":["Slimebound:SplitAcid","Slimebound:ItLooksTasty+1"],"picked":"Slimebound:LeadByExample","floor":26},{"not_picked":["Slimebound:GoopSpray","Slimebound:RollThrough+1","Slimebound:WasteNot"],"picked":"SKIP","floor":28},{"not_picked":["Slimebound:MegaLick+1","Slimebound:Chomp+1","Slimebound:SplitAcid"],"picked":"SKIP","floor":30},{"not_picked":["Slimebound:BestDefense","Slimebound:HauntingLick"],"picked":"Slimebound:Repurpose","floor":31},{"not_picked":["wanderingMiniBosses:FinaleOfPromise"],"picked":"SKIP","floor":31},{"not_picked":["Slimebound:SplitAcid","Slimebound:SlimeSpikes","Slimebound:RollThrough+1"],"picked":"SKIP","floor":33},{"not_picked":["Slimebound:SpikyOuterGoop","Slimebound:SplitLeeching","Slimebound:ViciousTackle+1"],"picked":"SKIP","floor":34},{"not_picked":["Slimebound:GoopTackle+1","Slimebound:GoopSpray","Slimebound:SelfFormingGoo"],"picked":"SKIP","floor":35},{"not_picked":["Slimebound:Overexert","Slimebound:OozeBath"],"picked":"Slimebound:MassRepurpose","floor":36},{"not_picked":["Slimebound:GoopTackle+1","Slimebound:ForwardTackle+1","Slimebound:Schlurp+1"],"picked":"SKIP","floor":40},{"not_picked":["Slimebound:Schlurp+1","Slimebound:LeechEnergy+1","Slimebound:AcidTongue+1"],"picked":"SKIP","floor":41},{"not_picked":["Slimebound:Equalize+1","Slimebound:SplitBruiser+1","Slimebound:Replication"],"picked":"SKIP","floor":42},{"not_picked":["Slimebound:SamplingLick+1","Slimebound:AcidTongue"],"picked":"Slimebound:LivingWall","floor":46},{"not_picked":["Slimebound:LeadByExample","Slimebound:ItLooksTasty+1","Slimebound:GoopTackle+1"],"picked":"SKIP","floor":47},{"not_picked":["Slimebound:SelfFormingGoo","Slimebound:LeechingTouch+1","Slimebound:Replication"],"picked":"SKIP","floor":48},{"not_picked":["Slimebound:AcidTongue","Slimebound:ProtectTheBoss+1","Slimebound:SamplingLick"],"picked":"SKIP","floor":50},{"not_picked":["Slimebound:MegaLick+1","Slimebound:SplitBruiser"],"picked":"Slimebound:Equalize+1","floor":51},{"not_picked":["Slimebound:GrowthPunch+1","Slimebound:FlameTackle+1","Slimebound:ForwardTackle+1"],"picked":"SKIP","floor":52},{"not_picked":["Slimebound:ViciousTackle+1","Slimebound:HauntingLick","Slimebound:Chomp+1"],"picked":"SKIP","floor":53}],"player_experience":168566,"relics_obtained":[{"floor":7,"key":"Molten Egg 2"},{"floor":25,"key":"hubris:DeckOfHolding"},{"floor":31,"key":"wanderingMiniBosses:Blackblade"},{"floor":39,"key":"Toy Ornithopter"},{"floor":44,"key":"Kunai"},{"floor":45,"key":"PreservedInsect"},{"floor":47,"key":"Slimebound:MaxSlimesRelic"}],"event_choices":[{"cards_removed":["Slimebound:Defend_Slimebound"],"damage_healed":0,"gold_gain":0,"player_choice":"Card Removal","damage_taken":0,"max_hp_gain":0,"max_hp_loss":0,"event_name":"The Cleric","floor":15,"gold_loss":0},{"damage_healed":0,"gold_gain":0,"player_choice":"Ignored","damage_taken":0,"max_hp_gain":0,"max_hp_loss":0,"event_name":"Ghosts","floor":29,"gold_loss":0},{"damage_healed":0,"gold_gain":0,"player_choice":"Got Potions","damage_taken":0,"max_hp_gain":0,"max_hp_loss":0,"event_name":"Lab","floor":32,"gold_loss":0}],"is_beta":false,"boss_relics":[{"not_picked":["Runic Pyramid","Cursed Key"],"picked":"Coffee Dripper"},{"not_picked":["reliquary:Ember","Slimebound:TarBlob"],"picked":"hubris:VirtuousBlindfold"}],"items_purged_floors":[24,33,49],"is_endless":false,"potions_floor_spawned":[3,9,11,16,21,26,31,34,35,36,39,40,50,51,52],"ascension_level":0}}