{"host":"og21o26alpnbwmz8","time":1612372289,"event":{"mods":["Act Like it!","Aspiration","BaseMod","Conspire","Downfall","Halation","Hallownest","Hubris","Jedi Mod","Mimic Mod","Minty Spire (QoL Compilation)","Pale of the Ancients","Reliquary","Replay The Spire","Shop Mod","Spikes Relics","StSLib","The Alterego","The Blackbeard","The Blue Laboratory","The Death Knight","The Runesmith","Waifu the Spire"],"gold_per_floor":[0,16,16,134,134,134,134,34,6,6,56,92,141,201,245,365,365,265,322,322,365,381,281,281,353,402,434,632,632,632,249,305,420,420,420,440,495,495,541,584,584,622,522,567,585,662,727,771,796,856,856,931,257,257,288,299,299,299],"floor_reached":56,"language":"ENG","playtime":4553,"items_purged":["Slimebound:CorrosiveSpit","conspire:SpireCoStock+1"],"score":767,"play_id":"e82bf97c-4c49-4360-b118-277b918e4ae8","local_time":"20210203121129","is_ascension_mode":false,"campfire_choices":[{"data":"Slimebound:DisruptingSlam","floor":1,"key":"SMITH"},{"data":"Slimebound:PressTheAttack","floor":10,"key":"SMITH"},{"data":"Slimebound:RallyTheTroops","floor":18,"key":"SMITH"},{"data":"Slimebound:SplitSpecialist","floor":23,"key":"SMITH"},{"floor":35,"key":"RECALL"},{"data":"Slimebound:Defend_Slimebound","floor":43,"key":"SMITH"},{"floor":54,"key":"REST"}],"circlet_count":0,"master_deck":["Slimebound:Defend_Slimebound","Slimebound:Defend_Slimebound+1","Slimebound:Defend_Slimebound+1","Slimebound:Split+1","Slimebound:DisruptingSlam+1","Slimebound:Repurpose+1","Slimebound:Schlurp","conspire:SpireCoStock","Slimebound:PressTheAttack+1","Slimebound:Gluttony","Slimebound:SplitSpecialist","Slimebound:RallyTheTroops+1","Slimebound:Teamwork","Slimebound:PressTheAttack+1","Slimebound:SplitSpecialist+1","Slimebound:Schlurp+1","Slimebound:Repurpose+1","expansioncontent:QuickStudy","Slimebound:Teamwork","Slimebound:ForwardTackle+1"],"relics":["Slimebound:AbsorbEndCombat","hubris:Icosahedron","Tiny Chest","Replay:Accelerometer","War Paint","Black Star","downfall:HeartBlessingGreen","downfall:HeartBlessingBlue","InkBottle","reliquary:Buckler","hubris:TenFootPole","RetroEgg","MealTicket","aspiration:MobileForge","Toy Ornithopter","downfall:HeartBlessingRed","conspire:TopHat","Ice Cream","Boot","halation:IllGainedPizza","reliquary:PorcupineQuills","OrangePellets","Centennial Puzzle"],"acts_visited":["Exordium","Hallownest:Greenpath","Hallownest:CityofTears","TheEnding"],"potions_floor_usage":[25,42,47,52,52,55],"damage_taken":[{"damage":1,"enemies":"Hallownest:2_Tiktiks_and_1_Crawlid","floor":2,"turns":4},{"damage":1,"enemies":"Hallownest:2_MossCreeps","floor":4,"turns":4},{"damage":5,"enemies":"downfall:FleeingMerchant","floor":9,"turns":4},{"damage":0,"enemies":"Hallownest:eliteVengeflyKing","floor":11,"turns":6},{"damage":7,"enemies":"Hallownest:monsterHuskGuard","floor":12,"turns":2},{"damage":0,"enemies":"Hallownest:monsterAspidMother","floor":13,"turns":4},{"damage":10,"enemies":"Hallownest:eliteCrystalGuardian","floor":14,"turns":5},{"damage":8,"enemies":"Hallownest:MossCreep_and_Mosskin","floor":15,"turns":5},{"damage":5,"enemies":"WA_ARCHETYPE_RETAIN","floor":16,"turns":5},{"damage":0,"enemies":"Hallownest:Guard_and_Sentry","floor":19,"turns":5},{"damage":0,"enemies":"Hallownest:2_Mistakes","floor":21,"turns":6},{"damage":17,"enemies":"Hallownest:Master_and_Novice","floor":22,"turns":4},{"damage":8,"enemies":"Hallownest:Glutton_and_Coward","floor":25,"turns":3},{"damage":3,"enemies":"Hallownest:3_Mistakes","floor":26,"turns":7},{"damage":0,"enemies":"Hallownest:Nosk","floor":27,"turns":6},{"damage":3,"enemies":"downfall:FleeingMerchant","floor":31,"turns":4},{"damage":10,"enemies":"Hallownest:Warrior_and_Youth","floor":32,"turns":5},{"damage":25,"enemies":"SI_MIRROR_ARCHETYPE","floor":33,"turns":9},{"damage":4,"enemies":"Hallownest:Shield_Heavy","floor":36,"turns":4},{"damage":20,"enemies":"Hallownest:3_Siblings","floor":37,"turns":7},{"damage":14,"enemies":"Hallownest:Shield_Sturdy","floor":39,"turns":4},{"damage":4,"enemies":"Hallownest:monsterPrimalAspid","floor":40,"turns":4},{"damage":10,"enemies":"Hallownest:2_Wandering_and_1_Horned","floor":42,"turns":5},{"damage":2,"enemies":"Hallownest:Shield_Sturdy","floor":44,"turns":5},{"damage":0,"enemies":"Hallownest:monsterPrimalAspid","floor":45,"turns":2},{"damage":24,"enemies":"Hallownest:eliteHiveKnight","floor":46,"turns":6},{"damage":0,"enemies":"Hallownest:2_Wing_and_1_Kings","floor":47,"turns":6},{"damage":0,"enemies":"Hallownest:2_Great","floor":48,"turns":6},{"damage":0,"enemies":"Hallownest:monsterPrimalAspid","floor":49,"turns":3},{"damage":21,"enemies":"IC_BLOCK_ARCHETYPE","floor":50,"turns":7},{"damage":89,"enemies":"downfall:CharBossMerchant","floor":52,"turns":8},{"damage":2,"enemies":"downfall:NeowBoss","floor":55,"turns":24},{"damage":51,"enemies":"downfall:NeowBossFinal","floor":56,"turns":9}],"seed_played":"7607563126792778270","potions_obtained":[{"floor":2,"key":"blueLaboratory:TrueEctoplasm"},{"floor":11,"key":"AttackPotion"},{"floor":12,"key":"SteroidPotion"},{"floor":16,"key":"ColorlessPotion"},{"floor":25,"key":"blueLaboratory:BottledHope"},{"floor":42,"key":"blueLaboratory:AbyssPotion"},{"floor":46,"key":"Regen Potion"},{"floor":47,"key":"Toxic Potion"},{"floor":49,"key":"DeathKnight:RimePotion"}],"is_trial":false,"path_per_floor":["R","M","?","M","?","?","T","?","$","R","E","M","M","E","M","B",null,"R","M","T","M","M","R","T","M","M","E","?","?","T","$","M","B",null,"R","M","M","?","M","M","T","M","R","M","M","E","M","M","M","B",null,"E","$","R","B","B"],"character_chosen":"SLIMEBOUND","items_purchased":["Slimebound:Gluttony","MealTicket","expansioncontent:QuickStudy","reliquary:PorcupineQuills","OrangePellets","Centennial Puzzle","Adrenaline Potion","Languid Potion"],"campfire_rested":1,"item_purchase_floors":[9,31,31,53,53,53,53,53],"current_hp_per_floor":[65,64,64,65,56,56,56,56,55,55,63,60,65,59,57,60,65,65,65,65,65,54,64,64,60,63,71,56,56,56,59,55,38,75,75,71,59,59,51,51,51,54,54,56,60,42,70,75,75,58,75,3,18,40,51,8,8,8],"gold":299,"neow_bonus":"TRANSFORM_TWO_CARDS","is_daily":false,"chose_seed":false,"campfire_upgraded":5,"win_rate":0.0,"timestamp":1612372289,"path_taken":["R","M","?","M","?","?","T","?","?","R","E","?","M","E","M","BOSS","R","M","?","?","M","R","T","M","M","E","?","?","?","$","M","BOSS","R","M","?","?","M","M","T","?","R","M","M","E","M","M","M","BOSS","E","$","R","BOSS","BOSS"],"items_purchased_type":["Card","Relic","Card","Relic","Relic","Relic","Potion","Potion"],"build_version":"2020-12-22","purchased_purges":2,"victory":false,"max_hp_per_floor":[65,65,65,65,65,65,65,65,65,65,65,65,65,65,65,65,65,65,65,65,65,65,75,75,75,75,75,75,75,75,75,75,75,75,75,75,75,75,75,75,75,75,75,75,75,75,75,75,75,75,75,75,75,75,75,75,75,75],"card_choices":[{"not_picked":["Slimebound:Repurpose","Slimebound:Prepare"],"picked":"Slimebound:Schlurp","floor":2},{"not_picked":["Slimebound:GoopTackle","Slimebound:DivideAndConquer","Slimebound:SlimeSpikes"],"picked":"SKIP","floor":4},{"not_picked":["Slimebound:ItLooksTasty","Slimebound:Schlurp"],"picked":"Slimebound:PressTheAttack","floor":9},{"not_picked":["Slimebound:SlimeSpikes","Slimebound:GoopSpray"],"picked":"Slimebound:SplitSpecialist","floor":11},{"not_picked":["Slimebound:FinishingTackle","Slimebound:SplitBruiser","Slimebound:SplitAcid"],"picked":"SKIP","floor":12},{"not_picked":["Slimebound:Dissolve","Slimebound:ViciousTackle","Slimebound:GoopTackle"],"picked":"SKIP","floor":13},{"not_picked":["Slimebound:PressTheAttack","Slimebound:DouseInSlime"],"picked":"Slimebound:RallyTheTroops","floor":14},{"not_picked":["Slimebound:Dissolve","Slimebound:SplitAcid","Slimebound:SplitBruiser"],"picked":"SKIP","floor":15},{"not_picked":["Slimebound:PrepareCrush","Slimebound:MassFeed"],"picked":"Slimebound:Teamwork","floor":16},{"not_picked":["Slimebound:TongueLash+1","Slimebound:GoopTackle","Slimebound:AcidTongue+1"],"picked":"SKIP","floor":19},{"not_picked":["Slimebound:ComboTackle","Slimebound:ViciousTackle+1"],"picked":"Slimebound:PressTheAttack+1","floor":21},{"not_picked":["Slimebound:SplitMire","Slimebound:ItLooksTasty+1"],"picked":"Slimebound:SplitSpecialist","floor":22},{"not_picked":["Slimebound:HauntingLick","Slimebound:TongueLash","Slimebound:ProtectTheBoss+1"],"picked":"SKIP","floor":25},{"not_picked":["Slimebound:ServeAndProtect","Slimebound:SplitMire+1","Slimebound:ComboTackle"],"picked":"SKIP","floor":26},{"not_picked":["Slimebound:SplitAcid","Slimebound:Dissolve+1","Slimebound:BestDefense"],"picked":"SKIP","floor":27},{"not_picked":["Slimebound:HauntingLick","Slimebound:SamplingLick"],"picked":"Slimebound:Schlurp+1","floor":28},{"not_picked":["Slimebound:FinishingTackle","Slimebound:TagTeam"],"picked":"Slimebound:Repurpose","floor":31},{"not_picked":["Slimebound:FinishingTackle+1","Slimebound:ProtectTheBoss","Slimebound:SlimeSpikes"],"picked":"SKIP","floor":32},{"not_picked":["Slimebound:MassFeed","Slimebound:DuplicatedForm"],"picked":"Slimebound:Teamwork","floor":33},{"not_picked":["Slimebound:SlimeSpikes","Slimebound:AcidTongue","Slimebound:SamplingLick"],"picked":"SKIP","floor":36},{"not_picked":["Slimebound:ComboTackle+1","Slimebound:HauntingLick","Slimebound:LivingWall+1"],"picked":"SKIP","floor":37},{"not_picked":["Slimebound:SlimeTap+1","Slimebound:Dissolve+1"],"picked":"Slimebound:ForwardTackle+1","floor":39},{"not_picked":["Slimebound:TongueLash","Slimebound:FinishingTackle","Slimebound:SplitLeeching"],"picked":"SKIP","floor":40},{"not_picked":["Slimebound:FinishingTackle","Slimebound:GrowthPunch","Slimebound:Recollect"],"picked":"SKIP","floor":42},{"not_picked":["Slimebound:RallyTheTroops","Slimebound:SlimeSpikes","Slimebound:SplitMire+1"],"picked":"SKIP","floor":44},{"not_picked":["Slimebound:SplitLeeching","Slimebound:SlimeTap+1","Slimebound:GoopTackle+1"],"picked":"SKIP","floor":45},{"not_picked":["Slimebound:LeadByExample","Slimebound:FinishingTackle","Slimebound:SamplingLick"],"picked":"SKIP","floor":46},{"not_picked":["Slimebound:SplitBruiser","Slimebound:SplitMire+1","Slimebound:HungryTackle+1"],"picked":"SKIP","floor":47},{"not_picked":["Slimebound:SamplingLick+1","Slimebound:Nibble+1","Slimebound:ItLooksTasty+1"],"picked":"SKIP","floor":48},{"not_picked":["Slimebound:SamplingLick+1","Slimebound:ProtectTheBoss+1","Slimebound:ItLooksTasty"],"picked":"SKIP","floor":49},{"not_picked":["Slimebound:RollThrough","Slimebound:LivingWall+1","Slimebound:Nibble+1"],"picked":"SKIP","floor":52}],"player_experience":212259,"relics_obtained":[{"floor":7,"key":"Tiny Chest"},{"floor":11,"key":"Replay:Accelerometer"},{"floor":14,"key":"War Paint"},{"floor":24,"key":"InkBottle"},{"floor":27,"key":"reliquary:Buckler"},{"floor":27,"key":"hubris:TenFootPole"},{"floor":30,"key":"RetroEgg"},{"floor":41,"key":"Toy Ornithopter"},{"floor":46,"key":"conspire:TopHat"},{"floor":46,"key":"Ice Cream"},{"floor":52,"key":"Boot"},{"floor":52,"key":"halation:IllGainedPizza"}],"event_choices":[{"damage_healed":0,"gold_gain":0,"player_choice":"Invest 2","damage_taken":0,"max_hp_gain":0,"max_hp_loss":0,"event_name":"conspire:Investor","floor":8,"gold_loss":0}],"is_beta":false,"boss_relics":[{"not_picked":["Fusion Hammer","Painkiller Herb"],"picked":"Black Star"},{"not_picked":["conspire:RoyalGoblet","jedi:hotpepper"],"picked":"aspiration:MobileForge"}],"items_purged_floors":[31,53],"is_endless":false,"potions_floor_spawned":[2,11,12,13,16,19,25,26,33,42,46,47,49],"killed_by":"downfall:NeowBossFinal","ascension_level":0}}