{"host":"0tiuc76yumknr6qf","time":1612326204,"event":{"mods":["Aspiration","BaseMod","Bestiary","Colored Map","DeckTracker","Highlight Path","Minty Spire (QoL Compilation)","StSLib"],"gold_per_floor":[118,118,135,135,154,154,189,207,207,224,253,268,193,206,206,277,277,296,296,296,306,306,319,354,354,381,381,395,429,293,313,313,313,313],"floor_reached":33,"language":"ENG","playtime":3206,"items_purged":["Strike_G"],"score":598,"play_id":"b6784eb7-3838-44b5-8733-b0aa19ecea40","local_time":"20210202222324","is_ascension_mode":true,"campfire_choices":[{"data":"Underhanded Strike","floor":6,"key":"SMITH"},{"data":"Dash","floor":15,"key":"SMITH"},{"data":"Tactician","floor":27,"key":"SMITH"},{"floor":32,"key":"REST"}],"circlet_count":0,"master_deck":["AscendersBane","Strike_G+1","Strike_G+1","Strike_G","Defend_G","Defend_G","Defend_G","Defend_G","Defend_G","Survivor","Neutralize","Noxious Fumes","Underhanded Strike+1","Dash+1","Acrobatics","Distraction","Venomology","Blade Dance","Prepared","After Image","Finisher","Tactician+1","RitualDagger","Concentrate","Slice","Deflect","Deflect"],"relics":["Ring of the Snake","aspiration:Nostalgia","Burning Blood","Smiling Mask","Toy Ornithopter","Pocketwatch","MealTicket","Runic Pyramid","Nilry\u0027s Codex","Ancient Tea Set","CaptainsWheel"],"acts_visited":["Exordium","TheCity"],"potions_floor_usage":[11,12,16,16,16,18,23,24,24,29,29,31,31,33,33],"damage_taken":[{"damage":5,"enemies":"Small Slimes","floor":1,"turns":5},{"damage":0,"enemies":"2 Louse","floor":3,"turns":5},{"damage":7,"enemies":"Jaw Worm","floor":5,"turns":4},{"damage":25,"enemies":"3 Sentries","floor":7,"turns":8},{"damage":0,"enemies":"Lots of Slimes","floor":8,"turns":4},{"damage":0,"enemies":"Blue Slaver","floor":10,"turns":3},{"damage":21,"enemies":"Gremlin Nob","floor":11,"turns":4},{"damage":13,"enemies":"Gremlin Gang","floor":12,"turns":5},{"damage":4,"enemies":"2 Fungi Beasts","floor":14,"turns":3},{"damage":29,"enemies":"The Guardian","floor":16,"turns":15},{"damage":11,"enemies":"Spheric Guardian","floor":18,"turns":5},{"damage":14,"enemies":"Shell Parasite","floor":21,"turns":8},{"damage":10,"enemies":"Sentry and Sphere","floor":23,"turns":5},{"damage":25,"enemies":"Slavers","floor":24,"turns":6},{"damage":17,"enemies":"Shelled Parasite and Fungi","floor":28,"turns":6},{"damage":6,"enemies":"Gremlin Leader","floor":29,"turns":8},{"damage":34,"enemies":"Chosen and Byrds","floor":31,"turns":7},{"damage":53,"enemies":"Collector","floor":33,"turns":8}],"seed_played":"-5138126554664454916","potions_obtained":[{"floor":1,"key":"Swift Potion"},{"floor":11,"key":"Energy Potion"},{"floor":12,"key":"EntropicBrew"},{"floor":21,"key":"Ancient Potion"},{"floor":29,"key":"Fire Potion"}],"is_trial":false,"path_per_floor":["M","?","M","?","M","R","E","M","T","M","E","M","?","M","R","B",null,"M","?","?","M","?","M","E","?","T","R","M","E","$","M","R","B"],"character_chosen":"THE_SILENT","items_purchased":["Slice","Deflect"],"campfire_rested":1,"item_purchase_floors":[30,30],"current_hp_per_floor":[60,55,61,41,40,40,21,27,27,33,23,21,21,23,23,15,53,53,32,32,24,18,19,10,23,23,23,12,22,37,19,38,0,0],"gold":313,"neow_bonus":"NOSTALGIA","is_daily":false,"chose_seed":false,"campfire_upgraded":3,"win_rate":0.0,"timestamp":1612326204,"path_taken":["M","?","M","?","M","R","E","M","T","M","E","M","?","M","R","BOSS","M","?","?","M","?","M","E","?","T","R","M","E","$","M","R","BOSS"],"items_purchased_type":["Card","Card"],"build_version":"2020-12-22","purchased_purges":1,"victory":false,"max_hp_per_floor":[66,66,66,66,66,66,66,66,66,66,66,66,66,66,66,66,66,66,66,66,66,66,66,66,66,66,66,66,66,66,66,66,66,66],"card_choices":[{"not_picked":["Riddle With Holes","PiercingWail"],"picked":"Noxious Fumes","floor":1},{"not_picked":["Prepared","Sucker Punch"],"picked":"Underhanded Strike","floor":3},{"not_picked":["Dodge and Roll","Prepared"],"picked":"Dash","floor":5},{"not_picked":["Flechettes","Prepared"],"picked":"Acrobatics","floor":7},{"not_picked":["Cloak And Dagger","Deadly Poison"],"picked":"Distraction","floor":8},{"not_picked":["Terror","Acrobatics"],"picked":"Venomology","floor":10},{"not_picked":["Underhanded Strike","Finisher"],"picked":"Blade Dance","floor":11},{"not_picked":["Choke","Underhanded Strike","Dagger Throw"],"picked":"SKIP","floor":12},{"not_picked":["Slice","Underhanded Strike"],"picked":"Prepared","floor":14},{"not_picked":["Bullet Time","Corpse Explosion"],"picked":"After Image","floor":16},{"not_picked":["Predator","Backflip"],"picked":"Finisher","floor":18},{"not_picked":["Dash+1","Blade Dance"],"picked":"Tactician","floor":21},{"not_picked":["Acrobatics","Finisher"],"picked":"Concentrate","floor":23},{"not_picked":["Quick Slash","Poisoned Stab","Distraction"],"picked":"SKIP","floor":24},{"not_picked":["Dodge and Roll","Bullet Time","Sucker Punch"],"picked":"SKIP","floor":28},{"not_picked":["Heel Hook","Underhanded Strike","Finisher"],"picked":"SKIP","floor":29},{"not_picked":["Poisoned Stab","Bane"],"picked":"Deflect","floor":31}],"player_experience":1918590,"relics_obtained":[{"floor":7,"key":"Toy Ornithopter"},{"floor":9,"key":"Pocketwatch"},{"floor":11,"key":"MealTicket"},{"floor":19,"key":"Nilry\u0027s Codex"},{"floor":24,"key":"Ancient Tea Set"},{"floor":29,"key":"CaptainsWheel"}],"event_choices":[{"damage_healed":0,"gold_gain":0,"player_choice":"Success","damage_taken":5,"relics_obtained":["Smiling Mask"],"max_hp_gain":0,"max_hp_loss":0,"event_name":"Scrap Ooze","floor":2,"gold_loss":0},{"damage_healed":0,"gold_gain":0,"player_choice":"Entered Light","damage_taken":20,"max_hp_gain":0,"max_hp_loss":0,"event_name":"Shining Light","floor":4,"gold_loss":0,"cards_upgraded":["Strike_G","Strike_G"]},{"cards_removed":["Strike_G"],"damage_healed":0,"gold_gain":0,"player_choice":"Card Removal","damage_taken":0,"max_hp_gain":0,"max_hp_loss":0,"event_name":"The Cleric","floor":13,"gold_loss":75},{"damage_healed":0,"gold_gain":0,"player_choice":"Obtained Book","damage_taken":21,"max_hp_gain":0,"max_hp_loss":0,"event_name":"Cursed Tome","floor":19,"gold_loss":0},{"damage_healed":0,"gold_gain":0,"player_choice":"Ignored","damage_taken":0,"max_hp_gain":0,"max_hp_loss":0,"event_name":"The Mausoleum","floor":20,"gold_loss":0},{"damage_healed":0,"gold_gain":0,"player_choice":"Joined the Cult","damage_taken":6,"max_hp_gain":0,"max_hp_loss":0,"event_name":"Nest","floor":22,"gold_loss":0,"cards_obtained":["RitualDagger"]},{"damage_healed":13,"gold_gain":0,"player_choice":"Heal","damage_taken":0,"max_hp_gain":0,"max_hp_loss":0,"event_name":"The Library","floor":25,"gold_loss":0}],"is_beta":false,"boss_relics":[{"not_picked":["aspiration:RunicSpoon","aspiration:SecretTechniqueScroll"],"picked":"Runic Pyramid"}],"items_purged_floors":[30],"is_endless":false,"potions_floor_spawned":[1,11,12,14,21,23,29],"killed_by":"Collector","ascension_level":20}}