{"host":"e8rlfedn69rz2s07","time":1612360576,"event":{"mods":["AchievementEnabler","BaseMod","Minty Spire (QoL Compilation)","Permanent Neow","Relic Stats"],"gold_per_floor":[113,132,152,168,181,214,10,41,41,41,59,93,93,119,119,196,196,215,226,226,2,21,49,59,92,104,130,154,197,209,232,244,334,346,368,380,407,429,441,481,493,518,530,542,374,407,418,448,448,448,448,448,448,45,76,76],"floor_reached":57,"language":"ENG","playtime":3537,"items_purged":["Zap","Lockon+1"],"score":3072,"play_id":"cc8ec8a0-3df0-46cb-a64b-96cfa00e7482","local_time":"20210203155616","is_ascension_mode":true,"campfire_choices":[{"data":"Buffer","floor":13,"key":"SMITH"},{"data":"Darkness","floor":15,"key":"SMITH"},{"floor":30,"key":"RECALL"},{"floor":32,"key":"REST"},{"floor":41,"key":"REST"},{"data":"Writhe","floor":44,"key":"PURGE"},{"floor":49,"key":"REST"},{"data":"Cold Snap","floor":53,"key":"PURGE"}],"circlet_count":0,"master_deck":["AscendersBane","Dualcast","Streamline","Sunder+1","Coolheaded","Buffer+1","Glacier","Apotheosis","Loop","Reinforced Body","Darkness+1","Multi-Cast","Compile Driver","Sweeping Beam","Creative AI","Seek","Darkness","Chill+1","Undo","Amplify","Creative AI","Defragment","Ball Lightning","Buffer","Compile Driver","Creative AI","Coolheaded","Force Field","Hologram","Chill+1","Glacier","Static Discharge"],"relics":["Cursed Key","Toy Ornithopter","Mango","WarpedTongs","MealTicket","Meat on the Bone","Fusion Hammer","Runic Capacitor","Cables","MawBank","Bag of Marbles","Pandora\u0027s Box","Peace Pipe","Whetstone","Pen Nib","Centennial Puzzle","Lantern"],"acts_visited":["Exordium","TheCity","TheBeyond","TheEnding"],"potions_floor_usage":[6,8,19,25,28,29,35,55],"damage_taken":[{"damage":6,"enemies":"Cultist","floor":1,"turns":4},{"damage":7,"enemies":"Small Slimes","floor":2,"turns":3},{"damage":2,"enemies":"Jaw Worm","floor":3,"turns":3},{"damage":17,"enemies":"Gremlin Gang","floor":4,"turns":5},{"damage":5,"enemies":"Large Slime","floor":5,"turns":5},{"damage":0,"enemies":"Lagavulin","floor":6,"turns":9},{"damage":0,"enemies":"Gremlin Nob","floor":8,"turns":5},{"damage":9,"enemies":"Lots of Slimes","floor":11,"turns":5},{"damage":0,"enemies":"Lagavulin","floor":12,"turns":7},{"damage":6,"enemies":"3 Sentries","floor":14,"turns":7},{"damage":33,"enemies":"Hexaghost","floor":16,"turns":12},{"damage":3,"enemies":"Spheric Guardian","floor":18,"turns":7},{"damage":4,"enemies":"2 Thieves","floor":19,"turns":2},{"damage":4,"enemies":"Snecko","floor":22,"turns":6},{"damage":2,"enemies":"Book of Stabbing","floor":23,"turns":4},{"damage":12,"enemies":"Snake Plant","floor":24,"turns":6},{"damage":49,"enemies":"Slavers","floor":25,"turns":9},{"damage":0,"enemies":"Cultist and Chosen","floor":27,"turns":4},{"damage":0,"enemies":"Centurion and Healer","floor":28,"turns":10},{"damage":20,"enemies":"Book of Stabbing","floor":29,"turns":6},{"damage":0,"enemies":"Snecko","floor":31,"turns":4},{"damage":8,"enemies":"Champ","floor":33,"turns":10},{"damage":47,"enemies":"3 Darklings","floor":35,"turns":5},{"damage":0,"enemies":"3 Shapes","floor":37,"turns":6},{"damage":9,"enemies":"Writhing Mass","floor":38,"turns":6},{"damage":5,"enemies":"Nemesis","floor":40,"turns":7},{"damage":16,"enemies":"Jaw Worm Horde","floor":42,"turns":5},{"damage":7,"enemies":"Giant Head","floor":46,"turns":8},{"damage":0,"enemies":"3 Darklings","floor":47,"turns":6},{"damage":0,"enemies":"Nemesis","floor":48,"turns":5},{"damage":40,"enemies":"Donu and Deca","floor":50,"turns":9},{"damage":4,"enemies":"Time Eater","floor":51,"turns":10},{"damage":32,"enemies":"Shield and Spear","floor":55,"turns":10},{"damage":34,"enemies":"The Heart","floor":56,"turns":11}],"seed_played":"8005835994513416028","potions_obtained":[{"floor":1,"key":"Weak Potion"},{"floor":4,"key":"FairyPotion"},{"floor":6,"key":"Swift Potion"},{"floor":8,"key":"BlessingOfTheForge"},{"floor":14,"key":"LiquidMemories"},{"floor":16,"key":"DuplicationPotion"},{"floor":24,"key":"DuplicationPotion"},{"floor":27,"key":"Regen Potion"},{"floor":28,"key":"ColorlessPotion"},{"floor":29,"key":"Dexterity Potion"},{"floor":31,"key":"LiquidMemories"},{"floor":37,"key":"SpeedPotion"},{"floor":55,"key":"SpeedPotion"}],"is_trial":false,"path_per_floor":["M","M","M","M","M","E","$","E","T","?","M","E","R","E","R","B",null,"M","M","?","$","M","E","M","E","T","M","M","E","R","M","R","B",null,"M","?","M","M","?","E","R","M","T","R","$","E","M","E","R","B","B",null,"R","$","E","B",null],"character_chosen":"DEFECT","items_purchased":["Apotheosis","Runic Capacitor","Sweeping Beam","FairyPotion","Centennial Puzzle","Glacier","Static Discharge"],"campfire_rested":3,"item_purchase_floors":[7,21,21,45,54,54,54],"current_hp_per_floor":[58,51,49,32,27,27,27,46,46,46,37,37,37,31,31,37,73,70,71,71,85,81,79,67,35,35,47,67,52,52,52,77,69,81,51,51,51,54,54,49,74,58,58,58,73,66,66,66,85,45,53,77,77,85,58,36],"gold":76,"neow_bonus":"BOSS_RELIC","is_daily":false,"chose_seed":false,"campfire_upgraded":2,"win_rate":0.0,"timestamp":1612360576,"path_taken":["M","M","M","M","M","E","?","E","T","?","?","E","R","E","R","BOSS","M","M","?","$","M","E","M","E","T","M","M","E","R","?","R","BOSS","M","?","M","M","?","E","R","M","T","R","$","E","M","E","R","BOSS","BOSS","R","$","E","BOSS"],"items_purchased_type":["Card","Relic","Card","Potion","Relic","Card","Card"],"build_version":"2020-12-22","purchased_purges":2,"victory":true,"max_hp_per_floor":[71,71,71,71,71,71,71,85,85,85,85,85,85,85,85,85,85,85,85,85,85,85,85,85,85,85,85,85,85,85,85,85,85,85,85,85,85,85,85,85,85,85,85,85,85,85,85,85,85,85,85,85,85,85,85,85],"relic_stats":{"counters":[34,220],"Pen Nib":[2],"Whetstone":["Lockon","Sunder"],"Cursed Key":1,"MawBank":240,"WarpedTongs":[131],"Cables":[127,12,97,18,0],"Peace Pipe":2,"Centennial Puzzle":[6],"MealTicket":37,"Pandora\u0027s Box":["Creative AI","Defragment","Ball Lightning","Lockon","Buffer","Reprogram","Compile Driver","Creative AI"],"obtain_stats":[{"Lantern":55,"Mango":8,"Pen Nib":48,"Runic Capacitor":21,"Whetstone":46,"Cursed Key":0,"MawBank":25,"WarpedTongs":10,"Cables":23,"Peace Pipe":40,"Centennial Puzzle":54,"MealTicket":12,"Pandora\u0027s Box":34,"Fusion Hammer":17,"Bag of Marbles":29,"Cracked Core":0,"Toy Ornithopter":6,"Meat on the Bone":14},{"Lantern":33,"Mango":7,"Pen Nib":30,"Runic Capacitor":13,"Whetstone":28,"Cursed Key":0,"MawBank":17,"WarpedTongs":7,"Cables":15,"Peace Pipe":26,"Centennial Puzzle":32,"MealTicket":9,"Pandora\u0027s Box":22,"Fusion Hammer":11,"Bag of Marbles":20,"Cracked Core":0,"Toy Ornithopter":6,"Meat on the Bone":10},{"Lantern":209,"Mango":34,"Pen Nib":180,"Runic Capacitor":74,"Whetstone":169,"Cursed Key":0,"MawBank":99,"WarpedTongs":34,"Cables":84,"Peace Pipe":156,"Centennial Puzzle":199,"MealTicket":46,"Pandora\u0027s Box":133,"Fusion Hammer":65,"Bag of Marbles":119,"Cracked Core":0,"Toy Ornithopter":29,"Meat on the Bone":53}],"Toy Ornithopter":35,"Meat on the Bone":84},"card_choices":[{"not_picked":["Skim","Cold Snap"],"picked":"Streamline","floor":1},{"not_picked":["Compile Driver","Tempest"],"picked":"Sunder","floor":2},{"not_picked":["Blizzard","Beam Cell"],"picked":"Coolheaded","floor":3},{"not_picked":["Compile Driver","Double Energy"],"picked":"Buffer","floor":4},{"not_picked":["Heatsinks","Genetic Algorithm"],"picked":"Glacier","floor":5},{"not_picked":["Recycle","Blizzard","Steam"],"picked":"SKIP","floor":6},{"not_picked":["Compile Driver","Barrage"],"picked":"Loop","floor":8},{"not_picked":["Sunder","Rebound"],"picked":"Reinforced Body","floor":11},{"not_picked":["Rip and Tear","Steam"],"picked":"Cold Snap","floor":12},{"not_picked":["Lockon","Redo"],"picked":"Darkness","floor":14},{"not_picked":["Fission","Seek"],"picked":"Multi-Cast","floor":16},{"not_picked":["Go for the Eyes","Double Energy","Recycle"],"picked":"SKIP","floor":18},{"not_picked":["Go for the Eyes","Cold Snap"],"picked":"Compile Driver","floor":19},{"not_picked":["Stack","Leap","Tempest"],"picked":"SKIP","floor":22},{"not_picked":["Gash","Auto Shields"],"picked":"Creative AI","floor":23},{"not_picked":["Beam Cell","Barrage","Gash"],"picked":"SKIP","floor":24},{"not_picked":["Blizzard","Gash","FTL"],"picked":"SKIP","floor":25},{"not_picked":["Go for the Eyes+1","Streamline"],"picked":"Seek","floor":27},{"not_picked":["Hologram","Redo"],"picked":"Darkness","floor":28},{"not_picked":["Coolheaded","Rebound"],"picked":"Chill+1","floor":29},{"not_picked":["Ball Lightning","Stack"],"picked":"Undo","floor":31},{"not_picked":["Rainbow","Machine Learning"],"picked":"Amplify","floor":33},{"not_picked":["Scrape","Sunder"],"picked":"Coolheaded","floor":35},{"not_picked":["Turbo","Redo","Sunder"],"picked":"SKIP","floor":37},{"not_picked":["Amplify","Coolheaded","Hello World"],"picked":"SKIP","floor":38},{"not_picked":["Ball Lightning","Beam Cell"],"picked":"Force Field","floor":40},{"not_picked":["Force Field","Melter+1"],"picked":"Hologram","floor":42},{"not_picked":["Recycle","Fusion","Melter"],"picked":"SKIP","floor":46},{"not_picked":["Compile Driver","Gash"],"picked":"Chill+1","floor":47},{"not_picked":["Genetic Algorithm","Compile Driver","Fusion+1"],"picked":"SKIP","floor":48},{"not_picked":["Conserve Battery","Lockon","Hello World"],"picked":"SKIP","floor":55}],"player_experience":1017454,"relics_obtained":[{"floor":6,"key":"Toy Ornithopter"},{"floor":8,"key":"Mango"},{"floor":12,"key":"MealTicket"},{"floor":14,"key":"Meat on the Bone"},{"floor":23,"key":"Cables"},{"floor":25,"key":"MawBank"},{"floor":29,"key":"Bag of Marbles"},{"floor":40,"key":"Peace Pipe"},{"floor":46,"key":"Whetstone"},{"floor":48,"key":"Pen Nib"},{"floor":55,"key":"Lantern"}],"event_choices":[{"damage_healed":0,"gold_gain":0,"player_choice":"Rummage","damage_taken":0,"relics_obtained":["WarpedTongs"],"max_hp_gain":0,"max_hp_loss":0,"event_name":"Accursed Blacksmith","floor":10,"gold_loss":0,"cards_obtained":["Pain"]},{"cards_removed":["Pain"],"damage_healed":0,"gold_gain":0,"player_choice":"Removed Curses","damage_taken":0,"max_hp_gain":0,"max_hp_loss":0,"event_name":"Fountain of Cleansing","floor":20,"gold_loss":0},{"damage_healed":0,"gold_gain":0,"player_choice":"Ignored","damage_taken":0,"max_hp_gain":0,"max_hp_loss":0,"event_name":"Tomb of Lord Red Mask","floor":36,"gold_loss":0},{"cards_removed":["Reprogram"],"damage_healed":0,"gold_gain":0,"player_choice":"Purged","damage_taken":0,"max_hp_gain":0,"max_hp_loss":0,"event_name":"Purifier","floor":39,"gold_loss":0}],"is_beta":false,"boss_relics":[{"not_picked":["Astrolabe","SacredBark"],"picked":"Fusion Hammer"},{"not_picked":["Runic Dome","Coffee Dripper"],"picked":"Pandora\u0027s Box"}],"items_purged_floors":[45,54],"is_endless":false,"potions_floor_spawned":[1,4,5,6,8,14,16,18,24,27,28,29,31,37,42,46,55],"ascension_level":20}}