{"host":"0ocwgedykyfst4vb","time":1612324280,"event":{"mods":["AchievementEnabler","BaseMod","Colored Map","Colored Powertips","Downfall","Marisa£®ÏF”Í°°ƒß¿Ì…≥£©","Minty Spire (QoL Compilation)","Quick Restart","Reliquary","Remilia£®¿Ÿ√◊¿Ú—«£©","Replay The Spire","Shop Mod","StSLib","The Bug Knight","The Cursed","The Servant 0.9.4"],"gold_per_floor":[119,119,194,194,208,233,253,253,302,302,329,479,499,533,533,611,611,626,121,121,121,171,197,232,265,265,265],"floor_reached":26,"language":"ZHS","playtime":1970,"items_purged":["Doubt"],"score":573,"play_id":"8be15b84-4555-4077-9658-d2573e2f7be6","local_time":"20210203115120","is_ascension_mode":true,"campfire_choices":[{"data":"MasterSpark","floor":8.0,"key":"SMITH"},{"data":"Acceleration","floor":10.0,"key":"SMITH"},{"floor":15.0,"key":"DIG"}],"circlet_count":0,"master_deck":["AscendersBane","Strike_MRS","Strike_MRS","Strike_MRS","Strike_MRS","Defend_MRS","Defend_MRS","Defend_MRS","Defend_MRS","MasterSpark+1","UpSweep","Acceleration+1","Singularity","WitchLeyline","GrandCross","DoubleSpark","MagicChant","MillisecondPulsars+1","MaximisePower+1","WitchLeyline","Occultation","WitchOfGreed","MachineGunSpark","IllusionStar","FairyDestructionRay"],"relics":["MiniHakkero","NeowsBlessing","Ring of Hypnosis","ReplayTheSpireMod:Ring of Exchange","Tiny Chest","reliquary:Knoch","reliquary:PorcupineQuills","Pocketwatch","PreservedInsect","Guide Book","Torii","Lizard Tail"],"acts_visited":["Exordium","TheCity"],"potions_floor_usage":[25,26],"damage_taken":[{"damage":0.0,"enemies":"Jaw Worm","floor":1.0,"turns":1.0},{"damage":0.0,"enemies":"Small Slimes","floor":5.0,"turns":1.0},{"damage":0.0,"enemies":"Lagavulin","floor":6.0,"turns":1.0},{"damage":0.0,"enemies":"2 Louse","floor":7.0,"turns":2.0},{"damage":0.0,"enemies":"Gremlin Nob","floor":11.0,"turns":3.0},{"damage":11.0,"enemies":"Blue Slaver","floor":13.0,"turns":2.0},{"damage":34.0,"enemies":"3 Sentries","floor":14.0,"turns":6.0},{"damage":98.0,"enemies":"The Guardian","floor":16.0,"turns":8.0},{"damage":27.0,"enemies":"Shell Parasite","floor":18.0,"turns":3.0},{"damage":1.0,"enemies":"Spheric Guardian","floor":23.0,"turns":3.0},{"damage":35.0,"enemies":"Shelled Parasite and Fungi","floor":24.0,"turns":5.0},{"damage":5,"enemies":"HollowMod:Nosk","floor":25,"turns":4},{"damage":60,"enemies":"Centurion and Healer","floor":26,"turns":1}],"seed_played":"-1289749080148571063","potions_obtained":[{"floor":1.0,"key":"Fire Potion"},{"floor":7.0,"key":"LifebloodPotion"},{"floor":23.0,"key":"FairyPotion"},{"floor":24.0,"key":"SteroidPotion"},{"floor":25,"key":"Death Potion"}],"is_trial":false,"path_per_floor":["M","?","?","?","M","E","M","R","T","R","E","?","M","E","R_BF","B",null,"M","$","PTL","PTL","?","M","M","E","M"],"character_chosen":"MARISA","items_purchased":["Occultation","Torii","WitchOfGreed"],"campfire_rested":0,"item_purchase_floors":[19,19,19],"current_hp_per_floor":[63,63,52,52,52,52,52,52,52,52,52,52,41,7,7,23,58,31,31,31,31,31,30,21,16,0,0],"gold":265,"neow_bonus":"THREE_ENEMY_KILL","is_daily":false,"chose_seed":false,"campfire_upgraded":2,"win_rate":0.0,"timestamp":1612324280,"path_taken":["M","?","?","?","M","E","?","R","T","R","E","?","M","E","R_BF","BOSS","M","$","PTL","PTL","?","M","M","E","M"],"items_purchased_type":["Card","Relic","Card"],"build_version":"2020-12-22","purchased_purges":1,"victory":false,"max_hp_per_floor":[70,70,70,70,70,70,70,70,70,70,70,70,70,70,70,70,70,70,70,70,70,70,70,70,70,70,70],"card_choices":[{"not_picked":["EnergyRecoil","AsteroidBelt"],"picked":"Acceleration","floor":1.0},{"not_picked":["PowerUp","BlazingStar"],"picked":"Singularity","floor":5.0},{"not_picked":["OneTimeOff","PowerUp"],"picked":"WitchLeyline","floor":6.0},{"not_picked":["PowerUp","GravityBeat"],"picked":"GrandCross","floor":7.0},{"not_picked":["MagicAbsorber","EventHorizon"],"picked":"DoubleSpark","floor":11.0},{"not_picked":["SporeBomb","Acceleration"],"picked":"MagicChant","floor":13.0},{"not_picked":["MilkyWay","6A"],"picked":"MillisecondPulsars","floor":14.0},{"not_picked":["StarDustReverie","BigCrunch"],"picked":"MaximisePower","floor":16.0},{"not_picked":["DoubleSpark","GasGiant"],"picked":"WitchLeyline","floor":18.0},{"not_picked":["ShootingEcho","MagicChant"],"picked":"MachineGunSpark","floor":23.0},{"not_picked":["DragonMeteor","NonDirectionalLaser"],"picked":"IllusionStar","floor":24.0},{"not_picked":["OortCloud","MagicChant"],"picked":"FairyDestructionRay","floor":25}],"player_experience":225488,"relics_obtained":[{"floor":4.0,"key":"Ring of Hypnosis"},{"floor":4.0,"key":"ReplayTheSpireMod:Ring of Exchange"},{"floor":6.0,"key":"Tiny Chest"},{"floor":9.0,"key":"reliquary:Knoch"},{"floor":11.0,"key":"reliquary:PorcupineQuills"},{"floor":14.0,"key":"Pocketwatch"},{"floor":15.0,"key":"PreservedInsect"},{"floor":25,"key":"Lizard Tail"}],"event_choices":[{"damage_healed":0.0,"max_hp_gain":0.0,"max_hp_loss":0.0,"gold_gain":0.0,"event_name":"Shining Light","player_choice":"Ignored","floor":2.0,"gold_loss":0.0,"damage_taken":0.0},{"damage_healed":0.0,"max_hp_gain":0.0,"max_hp_loss":0.0,"gold_gain":75.0,"event_name":"World of Goop","player_choice":"Gather Gold","floor":3.0,"gold_loss":0.0,"damage_taken":11.0},{"damage_healed":0.0,"max_hp_gain":0.0,"max_hp_loss":0.0,"gold_gain":150.0,"event_name":"Liars Game","player_choice":"AGREE","floor":12.0,"gold_loss":0.0,"damage_taken":0.0,"cards_obtained":["Doubt"]},{"damage_healed":0.0,"max_hp_gain":0.0,"max_hp_loss":0.0,"gold_gain":50.0,"event_name":"Nest","player_choice":"Stole From Cult","floor":22.0,"gold_loss":0.0,"damage_taken":0.0}],"is_beta":false,"boss_relics":[{"not_picked":["Ectoplasm","Replay:Wanted Poster"],"picked":"Guide Book"}],"items_purged_floors":[19],"is_endless":false,"potions_floor_spawned":[1,7,24,25],"killed_by":"Centurion and Healer","ascension_level":19}}