{"host":"jrjhmnau3l6mlp7r","time":1612382128,"event":{"mods":["Aspiration","BaseMod","Colored Map","Colored Powertips","DeckTracker","Highlight Path","Hubris","Infinite Spire","Minty Spire (QoL Compilation)","Quick Restart","Random Character Button","Relic Sorter","Replay The Spire","StSLib","SuperFastMode","Synergy Search","The Cursed","The Disciple","The Jungle","The Runesmith"],"gold_per_floor":[119,89,102,64,64,64,93,110,192,209,219,235,252,266,266,369,369,382,297,297,297],"floor_reached":20,"language":"ENG","playtime":1017,"items_purged":[],"score":203,"play_id":"1084db2f-d7dd-4647-8ef0-681ccfd29a90","local_time":"20210203145528","is_ascension_mode":false,"campfire_choices":[{"data":"Nirvana","floor":6.0,"key":"SMITH"}],"circlet_count":0,"master_deck":["Strike_P","Strike_P","Strike_P","Strike_P","Defend_P","Defend_P","Defend_P","Eruption","Vigilance","ThirdEye","Wireheading","Nirvana+1","Pray+1","JustLucky","Replay:BluntJabs","WheelKick","WaveOfTheHand","Replay:DivineShield","CutThroughFate","Prostrate+1","Blasphemy","Replay:BluntJabs+1"],"relics":["PureWater","NeowsBlessing","Torii","HornCleat","aspiration:SilentSkillbook","hubris:Reverence"],"acts_visited":["Exordium","TheCity"],"potions_floor_usage":[],"damage_taken":[{"damage":0.0,"enemies":"Cultist","floor":1.0,"turns":1.0},{"damage":0.0,"enemies":"Jaw Worm","floor":3.0,"turns":1.0},{"damage":0.0,"enemies":"Replay:BlueRogue","floor":7.0,"turns":1.0},{"damage":2.0,"enemies":"Small Slimes","floor":8.0,"turns":7.0},{"damage":1.0,"enemies":"Looter","floor":10.0,"turns":4.0},{"damage":7.0,"enemies":"2 Fungi Beasts","floor":11.0,"turns":5.0},{"damage":0.0,"enemies":"Exordium Wildlife","floor":12.0,"turns":1.0},{"damage":17.0,"enemies":"Red Slaver","floor":13.0,"turns":2.0},{"damage":0.0,"enemies":"2 Fungi Beasts","floor":14.0,"turns":3.0},{"damage":25.0,"enemies":"Fading Forest","floor":16.0,"turns":11.0},{"damage":31.0,"enemies":"3 Byrds","floor":18.0,"turns":6.0},{"damage":0,"enemies":"Shell Parasite","floor":20,"turns":1}],"seed_played":"-2830235435020945762","potions_obtained":[{"floor":2.0,"key":"BottledMiracle"},{"floor":2.0,"key":"Energy Potion"},{"floor":7.0,"key":"Fire Potion"},{"floor":13.0,"key":"BottledMiracle"},{"floor":16.0,"key":"Adrenaline Potion"}],"is_trial":false,"path_per_floor":["M","?","M","$","?","R","E","M","T","M","M","M","M","M","R_BF","B",null,"M","?","M"],"character_chosen":"WATCHER","items_purchased":["Nirvana"],"campfire_rested":0,"item_purchase_floors":[4],"current_hp_per_floor":[72,72,72,72,72,72,72,70,70,69,62,62,45,45,66,47,72,41,41,41,41],"gold":297,"neow_bonus":"THREE_ENEMY_KILL","is_daily":false,"chose_seed":false,"campfire_upgraded":1,"win_rate":0.0,"timestamp":1612382128,"path_taken":["M","?","?","?","?","R","E","M","T","M","M","M","M","M","R_BF","BOSS","M","?","M"],"items_purchased_type":["Card"],"build_version":"2020-12-22","purchased_purges":0,"victory":false,"max_hp_per_floor":[72,72,72,72,72,72,72,72,72,72,72,72,72,72,72,72,72,72,72,72,72],"card_choices":[{"not_picked":["Evaluate","ReachHeaven"],"picked":"ThirdEye","floor":1.0},{"not_picked":["Crescendo","FollowUp"],"picked":"Wireheading","floor":3.0},{"not_picked":["EmptyFist","FearNoEvil"],"picked":"JustLucky","floor":7.0},{"not_picked":["Consecrate","Replay:AtTheReady"],"picked":"Replay:BluntJabs","floor":8.0},{"not_picked":["Pray","EmptyBody"],"picked":"WheelKick","floor":10.0},{"not_picked":["Sanctity","SashWhip"],"picked":"WaveOfTheHand","floor":11.0},{"not_picked":["Replay:LoomingThreat","Evaluate"],"picked":"Replay:DivineShield","floor":12.0},{"not_picked":["Conclude","Consecrate"],"picked":"CutThroughFate","floor":13.0},{"not_picked":["BowlingBash","EmptyFist"],"picked":"Prostrate","floor":14.0},{"not_picked":["Brilliance","Replay:AllIn"],"picked":"Blasphemy","floor":16.0},{"not_picked":["Dagger Throw+1","Acrobatics","Backflip"],"picked":"Replay:BluntJabs+1","floor":18.0}],"player_experience":48164,"relics_obtained":[{"floor":7.0,"key":"Torii"},{"floor":9.0,"key":"HornCleat"}],"event_choices":[{"damage_healed":0.0,"max_hp_gain":0.0,"max_hp_loss":0.0,"gold_gain":0.0,"event_name":"The Woman in Blue","player_choice":"Bought 2 Potions","floor":2.0,"gold_loss":0.0,"damage_taken":0.0},{"damage_healed":0,"gold_gain":0,"player_choice":"Obtained Relic","damage_taken":0,"relics_obtained":["hubris:Reverence"],"max_hp_gain":0,"max_hp_loss":0,"event_name":"Addict","floor":19,"gold_loss":85}],"is_beta":false,"boss_relics":[{"not_picked":["hubris:CrackedHourglass","Kintsugi"],"picked":"aspiration:SilentSkillbook"}],"items_purged_floors":[],"is_endless":false,"potions_floor_spawned":[7,8,11,13,16],"killed_by":"Shell Parasite","ascension_level":0}}