{"host":"zwezhz46a5cjkxff","time":1612336845,"event":{"mods":["AchievementEnabler","BaseMod","Colored Map","Colored Powertips","DeckTracker","Hermit","Marisa????????","Minty Spire (QoL Compilation)","Permanent Neow","Quick Restart","Rare Cards Sparkle","Relic Stats","Robot Space Explorer","StSLib","SuperFastMode","The Hierophant","The Servant 0.9.4","Weighted Paths","slay the spire mod where everything is the same but ironclad has a cowboy hat"],"gold_per_floor":[113,126,136,151,76,103,119,136,136,136,136,167,167,178,178,273,273,285,297,307,340,78,78,78],"floor_reached":23,"language":"ENG","playtime":1015,"items_purged":["Decay"],"score":230,"play_id":"9d9bbbaf-60ce-40d1-93b1-017bd0a7c7c9","local_time":"20210203012045","is_ascension_mode":false,"campfire_choices":[{"floor":10,"key":"RECALL"},{"data":"Vigilance","floor":13,"key":"SMITH"},{"data":"Judgement","floor":15,"key":"SMITH"}],"circlet_count":0,"master_deck":["Strike_P","Strike_P+1","Strike_P","Strike_P","Defend_P","Defend_P","Defend_P","Defend_P","Eruption","Vigilance+1","Conclude","Judgement+1","Tantrum","LikeWater","Regret","LessonLearned","Protect+1","LikeWater"],"relics":["HolyWater","FossilizedHelix","Singing Bowl","Kunai","Bronze Scales","Lantern","Red Mask","HornCleat"],"acts_visited":["Exordium","TheCity"],"potions_floor_usage":[6,12,16,16,21],"damage_taken":[{"damage":0,"enemies":"Small Slimes","floor":1,"turns":2},{"damage":0,"enemies":"2 Louse","floor":2,"turns":2},{"damage":0,"enemies":"Jaw Worm","floor":3,"turns":2},{"damage":0,"enemies":"2 Fungi Beasts","floor":4,"turns":2},{"damage":26,"enemies":"3 Sentries","floor":6,"turns":5},{"damage":0,"enemies":"Looter","floor":7,"turns":3},{"damage":0,"enemies":"Large Slime","floor":8,"turns":4},{"damage":0,"enemies":"Lagavulin","floor":12,"turns":4},{"damage":0,"enemies":"Blue Slaver","floor":14,"turns":2},{"damage":32,"enemies":"Slime Boss","floor":16,"turns":8},{"damage":0,"enemies":"3 Byrds","floor":18,"turns":3},{"damage":22,"enemies":"Shell Parasite","floor":19,"turns":7},{"damage":20,"enemies":"Shelled Parasite and Fungi","floor":20,"turns":5},{"damage":5,"enemies":"Masked Bandits","floor":21,"turns":4},{"damage":41,"enemies":"Book of Stabbing","floor":23,"turns":6}],"seed_played":"347726759766914389","potions_obtained":[{"floor":2,"key":"SneckoOil"},{"floor":7,"key":"GamblersBrew"},{"floor":8,"key":"Block Potion"},{"floor":14,"key":"BlessingOfTheForge"},{"floor":20,"key":"Explosive Potion"}],"is_trial":false,"path_per_floor":["M","M","M","M","$","E","M","M","T","R","?","E","R","M","R","B",null,"M","M","M","?","$","E"],"character_chosen":"WATCHER","items_purchased":["HornCleat"],"campfire_rested":0,"item_purchase_floors":[22],"current_hp_per_floor":[72,72,72,72,72,48,48,48,48,48,48,50,50,52,52,20,78,80,58,38,35,35,0,0],"gold":78,"neow_bonus":"ONE_RARE_RELIC","is_daily":false,"chose_seed":false,"campfire_upgraded":2,"win_rate":0.0,"timestamp":1612336845,"path_taken":["M","M","M","M","$","E","M","M","T","R","?","E","R","M","R","BOSS","M","M","M","?","$","E"],"items_purchased_type":["Relic"],"build_version":"2020-12-22","purchased_purges":1,"victory":false,"max_hp_per_floor":[72,72,72,72,72,74,74,74,74,74,74,76,76,78,78,78,78,80,80,80,82,82,82,82],"relic_stats":{"Singing Bowl":10,"counters":[15,59],"Bronze Scales":[161],"Kunai":[8],"obtain_stats":[{"Lantern":12,"HornCleat":22,"Singing Bowl":6,"Bronze Scales":11,"HolyWater":17,"Red Mask":21,"Kunai":9,"PureWater":0,"FossilizedHelix":0},{"Lantern":8,"HornCleat":14,"Singing Bowl":5,"Bronze Scales":7,"HolyWater":10,"Red Mask":14,"Kunai":7,"PureWater":0,"FossilizedHelix":0},{"Lantern":24,"HornCleat":53,"Singing Bowl":13,"Bronze Scales":20,"HolyWater":34,"Red Mask":53,"Kunai":20,"PureWater":0,"FossilizedHelix":0}]},"card_choices":[{"not_picked":["CarveReality","Worship"],"picked":"Conclude","floor":1},{"not_picked":["JustLucky","SandsOfTime","CrushJoints"],"picked":"SKIP","floor":2},{"not_picked":["ReachHeaven","Vengeance","SashWhip"],"picked":"SKIP","floor":3},{"not_picked":["Evaluate","FlurryOfBlows"],"picked":"Judgement","floor":4},{"not_picked":["CrushJoints","EmptyBody","FlyingSleeves"],"picked":"Singing Bowl","floor":6},{"not_picked":["Consecrate","EmptyBody"],"picked":"Tantrum","floor":7},{"not_picked":["SignatureMove","Tantrum"],"picked":"LikeWater","floor":8},{"not_picked":["BattleHymn","MasterReality","Crescendo"],"picked":"Singing Bowl","floor":12},{"not_picked":["Consecrate","Meditate","Fasting2"],"picked":"Singing Bowl","floor":14},{"not_picked":["DeusExMachina","Brilliance"],"picked":"LessonLearned","floor":16},{"not_picked":["Wallop+1","JustLucky","EmptyBody"],"picked":"Singing Bowl","floor":18},{"not_picked":["PathToVictory","Crescendo"],"picked":"Protect+1","floor":19},{"not_picked":["FlyingSleeves","BowlingBash"],"picked":"LikeWater","floor":20},{"not_picked":["Crescendo","Consecrate","Worship"],"picked":"Singing Bowl","floor":21}],"player_experience":62534,"relics_obtained":[{"floor":6,"key":"Singing Bowl"},{"floor":9,"key":"Kunai"},{"floor":12,"key":"Lantern"},{"floor":21,"key":"Red Mask"}],"event_choices":[{"damage_healed":0,"gold_gain":0,"player_choice":"Box","damage_taken":0,"relics_obtained":["Bronze Scales"],"max_hp_gain":0,"max_hp_loss":0,"event_name":"Big Fish","floor":11,"gold_loss":0,"cards_obtained":["Regret"]},{"damage_healed":0,"gold_gain":0,"player_choice":"Fought Bandits","damage_taken":0,"max_hp_gain":0,"max_hp_loss":0,"event_name":"Masked Bandits","floor":21,"gold_loss":0}],"is_beta":false,"boss_relics":[{"not_picked":["Pandora\u0027s Box","Ectoplasm"],"picked":"HolyWater"}],"items_purged_floors":[5],"is_endless":false,"potions_floor_spawned":[2,7,8,14,20],"killed_by":"Book of Stabbing","ascension_level":0}}