{"host":"bg8va46pgqgvtzim","time":1612317167,"event":{"mods":["BaseMod","Minty Spire (QoL Compilation)","Quick Restart","StSLib","SuperFastMode"],"gold_per_floor":[112,127,127,137,36,56,131,146,146,180,46,58,88,88,88,88,100,100,100,119,140,150,161,161,161,262,262,282,295,245,255,274,149,162,176,176,207,223,223,243,243,243,93,103,131,143,170,189,209,309,309,407,407,423,86,101,101,113,163,10,10,23,49,49,49,76,126,137,152,152,166,166,166,166,166,6,33,33],"floor_reached":79,"language":"ZHS","playtime":2499,"items_purged":["Strike_R","Strike_R","Strike_R","Strike_R+1","Bash"],"score":1628,"play_id":"71384aa8-a131-4e71-8ec5-0de478660b7a","local_time":"20210203095247","is_ascension_mode":true,"campfire_choices":[{"data":"Armaments","floor":9.0,"key":"SMITH"},{"data":"Body Slam","floor":16.0,"key":"SMITH"},{"data":"Burning Pact","floor":19.0,"key":"SMITH"},{"data":"Fire Breathing","floor":24.0,"key":"SMITH"},{"floor":25.0,"key":"RECALL"},{"data":"Dark Embrace","floor":36.0,"key":"SMITH"},{"data":"Evolve","floor":39.0,"key":"SMITH"},{"data":"Corruption","floor":51,"key":"SMITH"},{"data":"Impatience","floor":61,"key":"SMITH"},{"data":"Feel No Pain","floor":65,"key":"SMITH"},{"data":"Sentinel","floor":70,"key":"SMITH"},{"data":"Power Through","floor":72,"key":"SMITH"},{"data":"Second Wind","floor":75,"key":"SMITH"}],"circlet_count":0,"master_deck":["Strike_R+1","Defend_R+1","Defend_R","Defend_R","Defend_R","Body Slam+1","Second Wind+1","Armaments+1","True Grit+1","Burning Pact+1","Fire Breathing+1","Reckless Charge","Dark Embrace+1","Evolve+1","Power Through+1","Sentinel+1","Berserk","Corruption+1","Feel No Pain+1","Impatience+1","Shockwave+1","Impervious","Dark Embrace","Deep Breath"],"relics":["Burning Blood","Whetstone","War Paint","Pen Nib","Ornamental Fan","Odd Mushroom","Coffee Dripper","Dream Catcher","Singing Bowl","Torii","Vajra","Ginger","Bird Faced Urn","Bottled Tornado","Philosopher\u0027s Stone","Champion Belt","Bag of Preparation","StrikeDummy","Orichalcum","Nunchaku","Turnip","Centennial Puzzle"],"acts_visited":["Exordium","TheCity","TheBeyond","TheEnding"],"potions_floor_usage":[46,59,78],"damage_taken":[{"damage":5.0,"enemies":"Small Slimes","floor":1.0,"turns":3.0},{"damage":1.0,"enemies":"Cultist","floor":2.0,"turns":4.0},{"damage":3.0,"enemies":"Jaw Worm","floor":4.0,"turns":4.0},{"damage":17.0,"enemies":"Exordium Thugs","floor":6.0,"turns":6.0},{"damage":0.0,"enemies":"3 Louse","floor":8.0,"turns":4.0},{"damage":32.0,"enemies":"3 Sentries","floor":10.0,"turns":15.0},{"damage":5.0,"enemies":"Looter","floor":12.0,"turns":3.0},{"damage":41.0,"enemies":"Gremlin Nob","floor":13.0,"turns":5.0},{"damage":0.0,"enemies":"Blue Slaver","floor":17.0,"turns":6.0},{"damage":0.0,"enemies":"Gremlin Gang","floor":20.0,"turns":7.0},{"damage":8.0,"enemies":"The Mushroom Lair","floor":21.0,"turns":5.0},{"damage":1.0,"enemies":"Large Slime","floor":22.0,"turns":6.0},{"damage":9.0,"enemies":"Exordium Wildlife","floor":23.0,"turns":6.0},{"damage":21.0,"enemies":"Slime Boss","floor":26.0,"turns":7.0},{"damage":5.0,"enemies":"Chosen","floor":28.0,"turns":4.0},{"damage":2.0,"enemies":"3 Byrds","floor":29.0,"turns":3.0},{"damage":12.0,"enemies":"Snecko","floor":31.0,"turns":7.0},{"damage":31.0,"enemies":"Snake Plant","floor":32.0,"turns":5.0},{"damage":21.0,"enemies":"3 Cultists","floor":34.0,"turns":4.0},{"damage":13.0,"enemies":"Chosen and Byrds","floor":35.0,"turns":4.0},{"damage":12.0,"enemies":"Gremlin Leader","floor":37.0,"turns":5.0},{"damage":2.0,"enemies":"Shelled Parasite and Fungi","floor":38.0,"turns":5.0},{"damage":1,"enemies":"Cultist and Chosen","floor":40,"turns":4},{"damage":0,"enemies":"Snake Plant","floor":44,"turns":3},{"damage":12,"enemies":"Book of Stabbing","floor":45,"turns":5},{"damage":1,"enemies":"Chosen and Byrds","floor":46,"turns":4},{"damage":8,"enemies":"Slavers","floor":47,"turns":3},{"damage":7,"enemies":"Centurion and Healer","floor":48,"turns":4},{"damage":1,"enemies":"Snecko","floor":49,"turns":6},{"damage":10,"enemies":"Colosseum Slavers","floor":50,"turns":3},{"damage":11,"enemies":"Colosseum Nobs","floor":50,"turns":4},{"damage":17,"enemies":"Champ","floor":52,"turns":6},{"damage":23,"enemies":"3 Shapes","floor":54,"turns":2},{"damage":0,"enemies":"Orb Walker","floor":56,"turns":2},{"damage":15,"enemies":"Maw","floor":58,"turns":5},{"damage":16,"enemies":"Mind Bloom Boss Battle","floor":59,"turns":4},{"damage":0,"enemies":"Sphere and 2 Shapes","floor":62,"turns":3},{"damage":26,"enemies":"Reptomancer","floor":63,"turns":3},{"damage":1,"enemies":"Giant Head","floor":66,"turns":3},{"damage":7,"enemies":"2 Orb Walkers","floor":67,"turns":2},{"damage":1,"enemies":"Jaw Worm Horde","floor":68,"turns":2},{"damage":0,"enemies":"Writhing Mass","floor":69,"turns":3},{"damage":0,"enemies":"Sphere and 2 Shapes","floor":71,"turns":3},{"damage":14,"enemies":"Awakened One","floor":73,"turns":6},{"damage":1,"enemies":"Shield and Spear","floor":77,"turns":3},{"damage":0,"enemies":"The Heart","floor":78,"turns":5}],"seed_played":"-157106666689213949","potions_obtained":[{"floor":3.0,"key":"GamblersBrew"},{"floor":3.0,"key":"EntropicBrew"},{"floor":3.0,"key":"Energy Potion"},{"floor":17.0,"key":"SkillPotion"},{"floor":23.0,"key":"Swift Potion"},{"floor":26.0,"key":"LiquidMemories"},{"floor":37.0,"key":"Fire Potion"},{"floor":38.0,"key":"SteroidPotion"},{"floor":40,"key":"BlessingOfTheForge"},{"floor":45,"key":"Fire Potion"},{"floor":46,"key":"CultistPotion"},{"floor":50,"key":"BloodPotion"},{"floor":58,"key":"Block Potion"},{"floor":59,"key":"FearPotion"},{"floor":68,"key":"HeartOfIron"}],"is_trial":false,"path_per_floor":["M","M","?","M","$","M","?","M","R","E","$","M","E","T","T","R","M","?","R","M","?","M","M","R","R","B",null,"M","M","?","M","M","$","M","M","R","E","M","R","M","T","T","$","M","E","M","E","M","M","?","R","B",null,"M","$","M","$","M","?","$","R","M","E","T","R","E","?","M","M","R","M","R","B",null,"R","$","E","B",null],"character_chosen":"IRONCLAD","items_purchased":["Armaments","Fire Breathing","Feel No Pain","Impatience","Bag of Preparation","Dark Embrace","Deep Breath"],"campfire_rested":0,"item_purchase_floors":[5,11,55,55,60,76,76],"current_hp_per_floor":[80,80,80,80,80,69,58,64,64,38,38,39,20,20,20,20,26,26,26,32,30,35,32,32,32,17,80,80,80,80,74,49,49,34,27,27,21,25,25,30,30,30,30,38,32,37,35,36,43,36,36,37,90,79,79,94,94,87,89,89,89,98,80,80,80,99,102,104,106,106,108,108,103,108,108,108,110,110],"gold":33,"neow_bonus":"RANDOM_COMMON_RELIC","is_daily":false,"chose_seed":false,"campfire_upgraded":12,"win_rate":0.0,"timestamp":1612317167,"path_taken":["M","M","?","M","?","M","?","?","R","E","$","M","E","T","?","R","M","?","R","M","?","M","M","R","R","BOSS","M","M","?","M","M","$","M","?","R","E","M","R","M","T","T","$","M","E","M","E","M","M","?","R","BOSS","M","$","M","$","M","?","$","R","M","E","T","R","E","?","M","M","R","M","R","BOSS","R","$","E","BOSS"],"items_purchased_type":["Card","Card","Card","Card","Relic","Card","Card"],"build_version":"2020-12-22","purchased_purges":5,"victory":true,"max_hp_per_floor":[80,80,80,80,80,80,80,80,80,80,80,80,80,80,80,80,80,80,80,80,80,80,80,80,80,80,80,80,80,80,80,80,80,80,80,80,80,80,80,80,80,80,80,82,82,82,82,84,86,88,88,90,90,92,92,94,94,96,98,98,98,98,98,98,98,100,102,104,106,106,108,108,108,108,108,108,110,110],"card_choices":[{"not_picked":["Twin Strike","Perfected Strike"],"picked":"Body Slam","floor":1.0},{"not_picked":["Flex","Power Through","Heavy Blade"],"picked":"SKIP","floor":2.0},{"not_picked":["Hemokinesis","True Grit"],"picked":"Second Wind","floor":4.0},{"not_picked":["Rage","Combust","Heavy Blade"],"picked":"SKIP","floor":6.0},{"not_picked":["Headbutt","Bludgeon"],"picked":"True Grit","floor":8.0},{"not_picked":["Feel No Pain","Fire Breathing"],"picked":"Burning Pact","floor":10.0},{"not_picked":["Perfected Strike","Anger","Body Slam"],"picked":"SKIP","floor":12.0},{"not_picked":["True Grit","Shrug It Off","Heavy Blade"],"picked":"SKIP","floor":13.0},{"not_picked":["Combust","Dropkick","Thunderclap"],"picked":"SKIP","floor":17.0},{"not_picked":["Cleave","Clothesline","True Grit"],"picked":"SKIP","floor":20.0},{"not_picked":["Twin Strike","Limit Break","Body Slam"],"picked":"SKIP","floor":22.0},{"not_picked":["True Grit","Wild Strike"],"picked":"Reckless Charge","floor":23.0},{"not_picked":["Rampage","Cleave"],"picked":"Dark Embrace","floor":28.0},{"not_picked":["Iron Wave","Clash+1"],"picked":"Evolve","floor":29.0},{"not_picked":["Headbutt","Thunderclap","Evolve"],"picked":"SKIP","floor":31.0},{"not_picked":["Cleave","Ghostly Armor","Pommel Strike"],"picked":"SKIP","floor":32.0},{"not_picked":["Cleave+1","Sword Boomerang","Metallicize+1"],"picked":"SKIP","floor":34.0},{"not_picked":["Anger+1","Rampage","Body Slam"],"picked":"SKIP","floor":35.0},{"not_picked":["Perfected Strike","Rupture"],"picked":"Power Through","floor":37.0},{"not_picked":["Body Slam+1","Flex","Havoc+1"],"picked":"SKIP","floor":38.0},{"not_picked":["Headbutt","Armaments+1","Anger"],"picked":"SKIP","floor":40},{"not_picked":["Spot Weakness+1","Cleave","Headbutt"],"picked":"Singing Bowl","floor":44},{"not_picked":["Flex","Seeing Red"],"picked":"Sentinel","floor":45},{"not_picked":["Anger","Heavy Blade"],"picked":"Berserk","floor":46},{"not_picked":["Headbutt","Armaments"],"picked":"Corruption","floor":47},{"not_picked":["Metallicize","Clothesline","Armaments"],"picked":"Singing Bowl","floor":48},{"not_picked":["Pommel Strike","Wild Strike","Iron Wave"],"picked":"Singing Bowl","floor":49},{"not_picked":["Uppercut","Perfected Strike","Iron Wave+1"],"picked":"Singing Bowl","floor":50},{"not_picked":["Immolate","Corruption","Juggernaut"],"picked":"Singing Bowl","floor":52},{"not_picked":["Bloodletting","Wild Strike","Armaments"],"picked":"Singing Bowl","floor":54},{"not_picked":["Clash+1","Pummel+1","Uppercut+1"],"picked":"Singing Bowl","floor":56},{"not_picked":["Headbutt+1","Cleave","True Grit+1"],"picked":"Singing Bowl","floor":58},{"not_picked":["Rupture","Infernal Blade+1","Perfected Strike"],"picked":"Singing Bowl","floor":59},{"not_picked":["Sword Boomerang","Havoc"],"picked":"Shockwave+1","floor":62},{"not_picked":["Flame Barrier","Perfected Strike"],"picked":"Impervious","floor":63},{"not_picked":["Clash","Twin Strike","Wild Strike+1"],"picked":"Singing Bowl","floor":66},{"not_picked":["Reaper","Battle Trance+1","Iron Wave+1"],"picked":"Singing Bowl","floor":67},{"not_picked":["Bloodletting+1","Flex","Perfected Strike"],"picked":"Singing Bowl","floor":68},{"not_picked":["Dropkick","Sword Boomerang","Clothesline+1"],"picked":"Singing Bowl","floor":69},{"not_picked":["Clothesline+1","Uppercut","Wild Strike+1"],"picked":"Singing Bowl","floor":71},{"not_picked":["Demon Form","Rage+1","Twin Strike"],"picked":"Singing Bowl","floor":77}],"player_experience":2368494,"relics_obtained":[{"floor":10.0,"key":"War Paint"},{"floor":13.0,"key":"Pen Nib"},{"floor":14.0,"key":"Ornamental Fan"},{"floor":21.0,"key":"Odd Mushroom"},{"floor":37.0,"key":"Dream Catcher"},{"floor":41,"key":"Singing Bowl"},{"floor":42,"key":"Torii"},{"floor":45,"key":"Vajra"},{"floor":47,"key":"Ginger"},{"floor":50,"key":"Bird Faced Urn"},{"floor":50,"key":"Bottled Tornado"},{"floor":59,"key":"Champion Belt"},{"floor":63,"key":"StrikeDummy"},{"floor":64,"key":"Orichalcum"},{"floor":66,"key":"Nunchaku"},{"floor":67,"key":"Turnip"},{"floor":77,"key":"Centennial Puzzle"}],"event_choices":[{"damage_healed":0.0,"max_hp_gain":0.0,"max_hp_loss":0.0,"gold_gain":0.0,"event_name":"Lab","player_choice":"Got Potions","floor":3.0,"gold_loss":0.0,"damage_taken":0.0},{"damage_healed":0.0,"max_hp_gain":0.0,"max_hp_loss":0.0,"gold_gain":75.0,"event_name":"World of Goop","player_choice":"Gather Gold","floor":7.0,"gold_loss":0.0,"damage_taken":11.0},{"damage_healed":0.0,"max_hp_gain":0.0,"max_hp_loss":0.0,"gold_gain":0.0,"event_name":"Dead Adventurer","player_choice":"Searched \u00270\u0027 times","floor":18.0,"gold_loss":0.0,"damage_taken":0.0},{"damage_healed":0.0,"max_hp_gain":0.0,"max_hp_loss":0.0,"gold_gain":0.0,"event_name":"Mushrooms","player_choice":"Fought Mushrooms","floor":21.0,"gold_loss":0.0,"damage_taken":0.0},{"damage_healed":0.0,"max_hp_gain":0.0,"max_hp_loss":0.0,"gold_gain":0.0,"event_name":"The Joust","player_choice":"Bet on Owner","floor":30.0,"gold_loss":50.0,"damage_taken":0.0},{"damage_healed":0,"gold_gain":0,"player_choice":"Fight","damage_taken":0,"max_hp_gain":0,"max_hp_loss":0,"event_name":"Colosseum","floor":50,"gold_loss":0},{"damage_healed":0,"gold_gain":0,"player_choice":"Fought Nobs","damage_taken":0,"max_hp_gain":0,"max_hp_loss":0,"event_name":"Colosseum","floor":50,"gold_loss":0},{"damage_healed":0,"gold_gain":0,"player_choice":"Fight","damage_taken":0,"max_hp_gain":0,"max_hp_loss":0,"event_name":"MindBloom","floor":59,"gold_loss":0},{"damage_healed":0,"gold_gain":0,"player_choice":"Fight","damage_taken":0,"max_hp_gain":0,"max_hp_loss":0,"event_name":"Mysterious Sphere","floor":67,"gold_loss":0}],"is_beta":false,"boss_relics":[{"not_picked":["Ectoplasm","Busted Crown"],"picked":"Coffee Dripper"},{"not_picked":["Snecko Eye","Black Star"],"picked":"Philosopher\u0027s Stone"}],"items_purged_floors":[5,11,33,43,55],"is_endless":false,"potions_floor_spawned":[4,8,12,17,22,23,26,28,37,38,40,45,46,47,49,50,50,52,58,59,63,67,68,69,77],"ascension_level":1}}