{"host":"rsbhidffjle4v6w5","time":1612377019,"event":{"mods":["Act Like it!","Ascension Reborn","BaseMod","Better Note","Better Third Choice","BetterRewards","Block Reminder","Colored Map","Minty Spire (QoL Compilation)","Quick Restart","Replay The Spire","StSLib"],"gold_per_floor":[116,116,128,146,221,221,252,252,252,269,304,315,315,330,330,427,527,539,539,377,377,396,426,426,459,459,459,459,475,475,493,493,594,594,613,613,613,663,618,645,645,657,682,682,697,716,742,758,758,758,758,758,758,506,531,531,531],"floor_reached":56,"language":"ENG","playtime":2677,"items_purged":[],"score":1030,"play_id":"e528df49-3b3a-48ea-9534-4fa38992533a","local_time":"20210203213019","is_ascension_mode":true,"campfire_choices":[{"floor":6.0,"key":"REST"},{"floor":8.0,"key":"REST"},{"floor":13.0,"key":"RECALL"},{"data":"A Thousand Cuts","floor":15.0,"key":"SMITH"},{"data":"Storm of Steel","floor":28.0,"key":"SMITH"},{"data":"Accuracy","floor":30.0,"key":"SMITH"},{"data":"Cloak And Dagger","floor":32.0,"key":"SMITH"},{"data":"ReplayUltimateDefense","floor":41.0,"key":"SMITH"},{"data":"Infinite Blades","floor":44.0,"key":"SMITH"},{"data":"ReplayTheSpireMod:Scrap Shanks","floor":49.0,"key":"SMITH"},{"data":"Draining Mist","floor":53.0,"key":"SMITH"}],"circlet_count":0,"master_deck":["Strike_G+1","Strike_G+1","Strike_G+1","Strike_G+1","Strike_G+1","Defend_G+1","Defend_G+1","Defend_G+1","Defend_G+1","Defend_G+1","Survivor+1","Neutralize+1","Draining Mist+1","A Thousand Cuts+1","Blade Dance","Cloak And Dagger+1","Accuracy+1","Storm of Steel+1","Cloak And Dagger+1","Reaper","Flying Knee+1","Distraction+1","ReplayTheSpireMod:Scrap Shanks+1","Envenom","Hidden Blade","Panacea","ReplayUltimateDefense+1","Backflip+1","Infinite Blades+1","Finisher+1","Cloak And Dagger+1","Quick Slash+1","ReplayTheSpireMod:Tripwire+1"],"relics":["Ring of the Snake","ReplayTheSpireMod:TigerMarble","Oddly Smooth Stone","Ornamental Fan","Question Card","Vampiric Spirits","Replay:Wanted Poster","ClockworkSouvenir","Replay:Baseball","Orichalcum","MealTicket","Ninja Scroll","MutagenicStrength","WristBlade","Thread and Needle","Darkstone Periapt","Anchor","Potion Belt","Basket Of Snakes","Vajra","Ice Cream"],"acts_visited":["Exordium","TheCity","TheBeyond","TheEnding"],"potions_floor_usage":[56,56,56],"damage_taken":[{"damage":0.0,"enemies":"2 Louse","floor":1.0,"turns":2.0},{"damage":4.0,"enemies":"Jaw Worm","floor":3.0,"turns":4.0},{"damage":0.0,"enemies":"Cultist","floor":4.0,"turns":3.0},{"damage":11.0,"enemies":"3 Sentries","floor":7.0,"turns":8.0},{"damage":0.0,"enemies":"Large Slime","floor":10.0,"turns":5.0},{"damage":4.0,"enemies":"Lagavulin","floor":11.0,"turns":7.0},{"damage":0.0,"enemies":"Exordium Thugs","floor":12.0,"turns":1.0},{"damage":0.0,"enemies":"3 Louse","floor":14.0,"turns":2.0},{"damage":22.0,"enemies":"Slime Boss","floor":16.0,"turns":7.0},{"damage":0.0,"enemies":"Shell Parasite","floor":18.0,"turns":4.0},{"damage":18.0,"enemies":"3 Byrds","floor":22.0,"turns":4.0},{"damage":0.0,"enemies":"Book of Stabbing","floor":23.0,"turns":4.0},{"damage":3.0,"enemies":"Replay:Snechameleon","floor":25.0,"turns":6.0},{"damage":0.0,"enemies":"Snake Plant","floor":29.0,"turns":2.0},{"damage":0.0,"enemies":"Centurion and Healer","floor":31.0,"turns":2.0},{"damage":1.0,"enemies":"Pondfish","floor":33.0,"turns":6.0},{"damage":0.0,"enemies":"Orb Walker","floor":35.0,"turns":1.0},{"damage":0.0,"enemies":"Mind Bloom Boss Battle","floor":38.0,"turns":4.0},{"damage":1.0,"enemies":"R_Hoarder","floor":40.0,"turns":3.0},{"damage":0.0,"enemies":"3 Darklings","floor":42.0,"turns":3.0},{"damage":0.0,"enemies":"Spire Growth","floor":45.0,"turns":2.0},{"damage":6.0,"enemies":"Writhing Mass","floor":46.0,"turns":3.0},{"damage":0.0,"enemies":"Reptomancer","floor":47.0,"turns":6.0},{"damage":0.0,"enemies":"Sphere and 2 Shapes","floor":48.0,"turns":1.0},{"damage":60.0,"enemies":"Time Eater","floor":50.0,"turns":10.0},{"damage":13.0,"enemies":"Donu and Deca","floor":51.0,"turns":8.0},{"damage":3.0,"enemies":"Shield and Spear","floor":55.0,"turns":5.0},{"damage":83,"enemies":"The Heart","floor":56,"turns":6}],"seed_played":"8321609115123612602","potions_obtained":[{"floor":1.0,"key":"Weak Potion"},{"floor":7.0,"key":"SkillPotion"},{"floor":11.0,"key":"AttackPotion"},{"floor":12.0,"key":"SneckoOil"},{"floor":16.0,"key":"Elixir"},{"floor":18.0,"key":"DuplicationPotion"},{"floor":21.0,"key":"Flashbang"},{"floor":33.0,"key":"Weak Potion"},{"floor":38.0,"key":"Milkshake"},{"floor":47.0,"key":"SpeedPotion"},{"floor":48.0,"key":"CunningPotion"}],"is_trial":false,"path_per_floor":["M","?","M","M","?","R","E","R","T","M","E","M","R","M","R_BF","B",null,"M","?","$","?","M","E","$","E","T","?","R","M","R","M","R","B",null,"M","?","?","?","$","E","R","M","T","R","M","M","E","M","R","B","B",null,"R","$","E","B"],"character_chosen":"THE_SILENT","items_purchased":["ClockworkSouvenir","Infinite Blades","Vajra","Ancient Potion"],"campfire_rested":2,"item_purchase_floors":[20,39,54,54],"current_hp_per_floor":[70,17,13,13,2,25,14,37,37,37,33,55,55,63,63,44,77,77,77,77,77,59,69,69,74,74,74,74,77,77,77,77,76,77,77,77,67,77,77,76,76,77,77,77,77,71,77,77,77,22,27,77,77,77,74,0,0],"gold":531,"neow_bonus":"TEN_PERCENT_HP_BONUS","is_daily":false,"chose_seed":false,"campfire_upgraded":8,"win_rate":0.0,"timestamp":1612377019,"path_taken":["M","?","M","M","?","R","E","R","T","M","E","M","R","M","R_BF","BOSS","M","?","$","?","?","E","?","E","T","?","R","M","R","M","R","BOSS","M","?","?","?","?","E","R","M","T","R","M","M","E","M","R","BOSS","BOSS","R","$","E","BOSS"],"items_purchased_type":["Relic","Card","Relic","Potion"],"build_version":"2020-12-22","purchased_purges":0,"victory":false,"max_hp_per_floor":[77,77,77,77,77,77,77,77,77,77,77,77,77,77,77,77,77,77,77,77,77,77,77,77,77,77,77,77,77,77,77,77,77,77,77,77,77,77,77,77,77,77,77,77,77,77,77,77,77,77,77,77,77,77,77,77,77],"card_choices":[{"not_picked":["Deadly Poison","Hidden Blade"],"picked":"Draining Mist","floor":1.0},{"not_picked":["Flying Knee","Outmaneuver"],"picked":"Dagger Throw","floor":3.0},{"not_picked":["Choke","Masterful Stab"],"picked":"A Thousand Cuts","floor":4.0},{"not_picked":["Acrobatics","Bullet Time"],"picked":"Blade Dance","floor":7.0},{"not_picked":["Slice","Deadly Poison","Skewer"],"picked":"Cloak And Dagger","floor":10.0},{"not_picked":["Quick Slash","Outmaneuver","Leg Sweep","Masterful Stab"],"picked":"SKIP","floor":11.0},{"not_picked":["Deflect","Backflip","Prepared"],"picked":"Accuracy","floor":12.0},{"not_picked":["Bouncing Flask","Fluid Movement","ReplayTheSpireMod:Shiv Toss","Prepared"],"picked":"SKIP","floor":14.0},{"not_picked":["Night Terror","Poison Darts","Phantasmal Killer"],"picked":"Storm of Steel","floor":16.0},{"not_picked":["Endless Agony","Dagger Throw+1","Bane+1"],"picked":"Cloak And Dagger+1","floor":18.0},{"not_picked":["Eviscerate","Slice","Caltrops"],"picked":"Flying Knee+1","floor":22.0},{"not_picked":["Tactician","Distraction","Sucker Punch+1","Dodge and Roll+1"],"picked":"SKIP","floor":23.0},{"not_picked":["Venomology","Prepared","Replay:Poison Smokescreen"],"picked":"Distraction+1","floor":25.0},{"not_picked":["Setup","Draining Mist","Leg Sweep","Dodge and Roll"],"picked":"SKIP","floor":29.0},{"not_picked":["Dagger Throw","Predator","Backflip"],"picked":"ReplayTheSpireMod:Scrap Shanks","floor":31.0},{"not_picked":["Storm of Steel","Glass Knife","Burst"],"picked":"Envenom","floor":33.0},{"not_picked":["Crippling Poison+1","Bane","Backflip"],"picked":"Hidden Blade","floor":35.0},{"not_picked":["Replay:Sssssssssshield","Deep Breath","Good Instincts"],"picked":"Panacea","floor":37.0},{"not_picked":["Impatience","Crow Ritual","Good Instincts"],"picked":"ReplayUltimateDefense","floor":37.0},{"not_picked":["Outmaneuver","Draining Mist+1","Flying Knee"],"picked":"Backflip+1","floor":38.0},{"not_picked":["Draining Mist+1","Grand Finale","Bouncing Flask+1"],"picked":"Finisher+1","floor":40.0},{"not_picked":["Dagger Throw+1","Masterful Stab","Predator"],"picked":"Cloak And Dagger+1","floor":42.0},{"not_picked":["Heel Hook+1","ReplayTheSpireMod:Shiv Toss","Dagger Throw"],"picked":"Quick Slash+1","floor":45.0},{"not_picked":["Dagger Throw+1","Backflip","Cloak And Dagger","Distraction"],"picked":"SKIP","floor":46.0},{"not_picked":["Replay:Poison Smokescreen+1","Dash","Underhanded Strike+1"],"picked":"ReplayTheSpireMod:Tripwire+1","floor":47.0},{"not_picked":["Replay:Bag of Tricks","PiercingWail+1","Toxin Wave","Tactician+1"],"picked":"SKIP","floor":48.0},{"not_picked":["Bane","Riddle With Holes+1","ReplayTheSpireMod:Shiv Toss","Flying Knee+1"],"picked":"SKIP","floor":55.0}],"player_experience":1114513,"relics_obtained":[{"floor":7.0,"key":"Ornamental Fan"},{"floor":9.0,"key":"Question Card"},{"floor":11.0,"key":"Vampiric Spirits"},{"floor":23.0,"key":"Replay:Baseball"},{"floor":25.0,"key":"Orichalcum"},{"floor":26.0,"key":"MealTicket"},{"floor":26.0,"key":"Ninja Scroll"},{"floor":38.0,"key":"Thread and Needle"},{"floor":40.0,"key":"Darkstone Periapt"},{"floor":43.0,"key":"Anchor"},{"floor":43.0,"key":"Potion Belt"},{"floor":47.0,"key":"Basket Of Snakes"},{"floor":55.0,"key":"Ice Cream"}],"event_choices":[{"damage_healed":0.0,"max_hp_gain":0.0,"max_hp_loss":0.0,"gold_gain":1.0,"event_name":"betterThird:BetterScrap","player_choice":"Relic Relic ","floor":2.0,"gold_loss":0.0,"damage_taken":53.0,"cards_obtained":["Corruption"]},{"damage_healed":0.0,"max_hp_gain":0.0,"max_hp_loss":0.0,"gold_gain":75.0,"event_name":"betterThird:BetterGoop","player_choice":"Gold","floor":5.0,"gold_loss":0.0,"damage_taken":11.0},{"cards_removed":["Neutralize"],"damage_healed":0.0,"max_hp_gain":0.0,"max_hp_loss":0.0,"gold_gain":0.0,"event_name":"betterNote:BetterNote","player_choice":"Take \u0026 Give","floor":19.0,"gold_loss":0.0,"damage_taken":0.0,"cards_obtained":["Reaper"]},{"damage_healed":0.0,"max_hp_gain":0.0,"max_hp_loss":0.0,"gold_gain":0.0,"event_name":"Lab","player_choice":"Got Potions","floor":21.0,"gold_loss":0.0,"damage_taken":0.0},{"damage_healed":0.0,"max_hp_gain":0.0,"max_hp_loss":0.0,"gold_gain":0.0,"event_name":"Drug Dealer","player_choice":"Inject Mutagens","floor":27.0,"gold_loss":0.0,"damage_taken":0.0,"relics_obtained":["MutagenicStrength"]},{"cards_removed":["Dagger Throw"],"damage_healed":0.0,"max_hp_gain":0.0,"max_hp_loss":0.0,"gold_gain":0.0,"event_name":"Falling","player_choice":"Removed Attack","floor":36.0,"gold_loss":0.0,"damage_taken":0.0},{"damage_healed":0.0,"max_hp_gain":0.0,"max_hp_loss":0.0,"gold_gain":0.0,"event_name":"SensoryStone","player_choice":"Memory 3","floor":37.0,"gold_loss":0.0,"damage_taken":10.0},{"damage_healed":0.0,"max_hp_gain":0.0,"max_hp_loss":0.0,"gold_gain":0.0,"event_name":"MindBloom","player_choice":"Fight","floor":38.0,"gold_loss":0.0,"damage_taken":0.0}],"is_beta":false,"boss_relics":[{"not_picked":["Coffee Dripper","Snecko Heart"],"picked":"Replay:Wanted Poster"},{"not_picked":["Abe\u0027s Treasure","Replay:Grab Bag"],"picked":"WristBlade"}],"items_purged_floors":[],"is_endless":false,"potions_floor_spawned":[1,7,11,12,16,18,22,33,38,47,48],"killed_by":"The Heart","ascension_level":0}}