{"host":"iuih6ush0m54pbtu","time":1612367008,"event":{"mods":["AchievementEnabler","Ascension Reborn","Aspiration","BaseMod","BetterRewards","Colored Map","Colored Powertips","Conspire","Custom Start","Downfall","Googly Eyes","Halation","Hubris","Infinite Spire","Mimic Mod","Minty Spire (QoL Compilation)","Quick Restart","Replay The Spire","Shop Mod","StSLib","The Construct","The Cursed","The Jungle","The Necromancer","[IsaacMod]????","slay the spire mod where everything is the same but ironclad has a cowboy hat"],"gold_per_floor":[112,112,127,202,212,242,242,258,283,283,283,296,296,343,343,451,451,466,541,541,548,562,562],"floor_reached":22,"language":"RUS","playtime":779,"items_purged":["Juggernaut"],"score":184,"play_id":"79eebc2a-411a-4e9e-8211-5f53bb9d99c1","local_time":"20210203204328","is_ascension_mode":false,"campfire_choices":[{"data":"Spot Weakness","floor":7,"key":"SMITH"},{"data":"Sword Boomerang","floor":11,"key":"SMITH"},{"data":"Bash","floor":13,"key":"SMITH"},{"data":"Strike_R","floor":15,"key":"PURGE"}],"circlet_count":0,"master_deck":["Strike_R","Strike_R","Strike_R","Strike_R","Defend_R","Defend_R","Defend_R","Defend_R","Bash+1","Sword Boomerang+1","Twin Strike","Spot Weakness+1","Shrug It Off","Twin Strike","Iron Wave","Whirlwind","infinitespire:Starlight"],"relics":["Burning Blood","HushsDoor","MoneyPower","Regal Pillow","SalivaCoin","Counterbalance","Medical Kit","halation:HeavySnake"],"acts_visited":["Exordium","Exordium"],"potions_floor_usage":[22],"damage_taken":[{"damage":0,"enemies":"Cultist","floor":1,"turns":4},{"damage":13,"enemies":"2 Louse","floor":3,"turns":2},{"damage":1,"enemies":"Small Slimes","floor":5,"turns":3},{"damage":9,"enemies":"Replay:BlueRogue","floor":6,"turns":4},{"damage":11,"enemies":"Red Slaver","floor":8,"turns":4},{"damage":0,"enemies":"3 Louse","floor":12,"turns":2},{"damage":8,"enemies":"conspire:2 RoseBushes","floor":14,"turns":5},{"damage":27,"enemies":"Slime Boss","floor":16,"turns":6},{"damage":0,"enemies":"theJungle:MUSHROOMGANG","floor":18,"turns":3},{"damage":61,"enemies":"conspire:MimicChest","floor":19,"turns":8},{"damage":12,"enemies":"theJungle:GiantWrat","floor":22,"turns":3}],"seed_played":"4636345716659813472","potions_obtained":[{"floor":1,"key":"CultistPotion"},{"floor":6,"key":"sneckomod:MuddlingPotion"},{"floor":19,"key":"Cursed Concoction"}],"is_trial":false,"path_per_floor":["M","$","M","?","M","E","R","M","T","?","R","M","R","M","R_BF","B",null,"M","?","AVR","?","M"],"character_chosen":"IRONCLAD","items_purchased":[],"campfire_rested":0,"item_purchase_floors":[],"current_hp_per_floor":[80,80,73,62,67,64,64,59,59,59,59,65,65,63,63,42,80,80,25,25,10,0,0],"gold":562,"neow_bonus":"ONE_RANDOM_RARE_CARD","is_daily":false,"chose_seed":false,"campfire_upgraded":3,"win_rate":0.0,"timestamp":1612367008,"path_taken":["M","?","M","?","?","E","R","M","T","?","R","M","R","M","R_BF","BOSS","M","?","AVR","?","M"],"items_purchased_type":[],"build_version":"2020-12-22","purchased_purges":1,"victory":false,"max_hp_per_floor":[80,80,80,80,80,80,80,80,80,80,80,80,80,80,80,80,80,80,80,80,80,80,80],"card_choices":[{"not_picked":["Hemokinesis","Perfected Strike"],"picked":"Sword Boomerang","floor":1},{"not_picked":["Demonic Infusion","ReplayTheSpireMod:LeadingStrike"],"picked":"Twin Strike","floor":3},{"not_picked":["Clash","Headbutt"],"picked":"Spot Weakness","floor":5},{"not_picked":["Perfected Strike","Massacre"],"picked":"Shrug It Off","floor":6},{"not_picked":["Run Through","hubris:SharpeningStone"],"picked":"Twin Strike","floor":8},{"not_picked":["Disarm","Shrug It Off"],"picked":"Iron Wave","floor":12},{"not_picked":["Blood for Blood","Sever Soul","Abandon"],"picked":"SKIP","floor":14},{"not_picked":["True Grit","Perfected Strike","Second Wind"],"picked":"SKIP","floor":18},{"not_picked":["Headbutt","Run Through"],"picked":"Whirlwind","floor":19}],"player_experience":74821,"relics_obtained":[{"floor":6,"key":"Regal Pillow"},{"floor":9,"key":"SalivaCoin"},{"floor":19,"key":"Counterbalance"}],"event_choices":[{"damage_healed":0,"gold_gain":75,"player_choice":"Gather Gold","damage_taken":11,"max_hp_gain":0,"max_hp_loss":0,"event_name":"World of Goop","floor":4,"gold_loss":0},{"damage_healed":0,"gold_gain":0,"player_choice":"Disagree","damage_taken":0,"max_hp_gain":0,"max_hp_loss":0,"event_name":"conspire:LoneGhost","floor":10,"gold_loss":0}],"is_beta":false,"boss_relics":[{"not_picked":["hubris:VirtuousBlindfold","conspire:SeveredTorchhead","conspire:RunicOctahedron"]}],"items_purged_floors":[20],"is_endless":false,"potions_floor_spawned":[1,6,19],"killed_by":"theJungle:GiantWrat","ascension_level":0}}