{"host":"v2nniiiz7kpx7fwo","time":1612352770,"event":{"mods":["2.2 Compatiblity","AchievementEnabler","BaseMod","Colored Map","Colored Powertips","DeckTracker","Highlight Path","KOR Keyword Fix","Minty Spire (QoL Compilation)","Permanent Neow","Rare Cards Sparkle","StSLib","SuperFastMode"],"gold_per_floor":[115,115,135,155,167,197,213,242,242,277,277,306,306,320,320,415,415,433,358,376,52,70,97,97,130,155,155,181,181,208,228,228,327,327,347,392,405,415,415,447,50,50,97,97,128,144,157,177,177,177,177,177,3,28,28],"floor_reached":56,"language":"KOR","playtime":3553,"items_purged":["Strike_R","Headbutt","Cleave"],"score":1533,"play_id":"995c78b9-b3b2-4783-b395-70c35ff560b8","local_time":"20210203204610","is_ascension_mode":true,"campfire_choices":[{"floor":11.0,"key":"REST"},{"data":"Body Slam","floor":13,"key":"SMITH"},{"floor":15,"key":"REST"},{"floor":27,"key":"REST"},{"data":"Juggernaut","floor":29,"key":"SMITH"},{"data":"Sentinel","floor":32,"key":"SMITH"},{"floor":42,"key":"RECALL"},{"data":"Second Wind","floor":44,"key":"SMITH"},{"floor":49,"key":"REST"},{"data":"Feel No Pain","floor":52,"key":"SMITH"}],"circlet_count":0,"master_deck":["Bash","Twin Strike+1","Body Slam+1","Inflame","Second Wind+1","Sentinel+1","Shrug It Off+1","Juggernaut+1","Battle Trance+1","Reaper","CurseOfTheBell","Entrench+1","Warcry+1","Forethought+1","Offering+1","Fire Breathing","Feel No Pain","True Grit+1","Ghostly Armor+1","Barricade+1","Hemokinesis","Thunderclap","Feel No Pain+1","Burning Pact+1","Intimidate+1","Headbutt","Ghostly Armor+1","Shrug It Off+1","Shockwave+1","Disarm+1","Body Slam+1"],"relics":["Burning Blood","Ancient Tea Set","Bronze Scales","Toxic Egg 2","Paper Frog","Strawberry","Calling Bell","Dream Catcher","Gremlin Horn","FossilizedHelix","Bag of Preparation","Anchor","Ice Cream","Happy Flower","Bottled Lightning","Vajra","Pandora\u0027s Box","Torii","Kunai","Bird Faced Urn","Pen Nib","InkBottle"],"acts_visited":["Exordium","TheCity","TheBeyond","TheEnding"],"potions_floor_usage":[16,16,25,28,33,48,50,55,55],"damage_taken":[{"damage":6.0,"enemies":"Cultist","floor":1.0,"turns":4.0},{"damage":7.0,"enemies":"Jaw Worm","floor":3.0,"turns":3.0},{"damage":0.0,"enemies":"Small Slimes","floor":4.0,"turns":3.0},{"damage":15.0,"enemies":"Gremlin Gang","floor":5.0,"turns":6.0},{"damage":24.0,"enemies":"Gremlin Nob","floor":6.0,"turns":4.0},{"damage":6.0,"enemies":"Large Slime","floor":7.0,"turns":3.0},{"damage":40.0,"enemies":"3 Sentries","floor":8.0,"turns":6.0},{"damage":28.0,"enemies":"Gremlin Nob","floor":10.0,"turns":4.0},{"damage":15,"enemies":"3 Sentries","floor":12,"turns":6},{"damage":14,"enemies":"Looter","floor":14,"turns":3},{"damage":30,"enemies":"Hexaghost","floor":16,"turns":7},{"damage":12,"enemies":"3 Byrds","floor":18,"turns":3},{"damage":19,"enemies":"Spheric Guardian","floor":20,"turns":4},{"damage":33,"enemies":"Snecko","floor":22,"turns":6},{"damage":54,"enemies":"Book of Stabbing","floor":23,"turns":5},{"damage":0,"enemies":"Gremlin Leader","floor":25,"turns":5},{"damage":26,"enemies":"Slavers","floor":28,"turns":5},{"damage":15,"enemies":"3 Cultists","floor":31,"turns":4},{"damage":66,"enemies":"Champ","floor":33,"turns":12},{"damage":0,"enemies":"3 Shapes","floor":35,"turns":3},{"damage":23,"enemies":"2 Orb Walkers","floor":36,"turns":5},{"damage":16,"enemies":"3 Darklings","floor":37,"turns":4},{"damage":0,"enemies":"4 Shapes","floor":38,"turns":3},{"damage":0,"enemies":"Nemesis","floor":40,"turns":5},{"damage":2,"enemies":"Giant Head","floor":45,"turns":7},{"damage":7,"enemies":"Sphere and 2 Shapes","floor":46,"turns":5},{"damage":51,"enemies":"Jaw Worm Horde","floor":47,"turns":5},{"damage":13,"enemies":"Writhing Mass","floor":48,"turns":4},{"damage":38,"enemies":"Awakened One","floor":50,"turns":9},{"damage":16,"enemies":"Shield and Spear","floor":54,"turns":5},{"damage":49,"enemies":"The Heart","floor":55,"turns":11}],"seed_played":"-1868441355286513996","potions_obtained":[{"floor":4.0,"key":"Energy Potion"},{"floor":5.0,"key":"Block Potion"},{"floor":7.0,"key":"FairyPotion"},{"floor":12,"key":"Dexterity Potion"},{"floor":14,"key":"Fire Potion"},{"floor":18,"key":"Explosive Potion"},{"floor":25,"key":"CultistPotion"},{"floor":31,"key":"Dexterity Potion"},{"floor":33,"key":"HeartOfIron"},{"floor":36,"key":"ElixirPotion"},{"floor":37,"key":"PowerPotion"},{"floor":40,"key":"LiquidMemories"},{"floor":48,"key":"Fire Potion"},{"floor":54,"key":"LiquidBronze"}],"is_trial":false,"path_per_floor":["M","?","M","M","M","E","M","E","T","E","R","E","R","M","R","B",null,"M","?","M","$","M","E","?","E","T","R","E","R","T","M","R","B",null,"M","?","M","M","?","E","$","R","T","R","E","M","M","M","R","B",null,"R","$","E","B",null],"character_chosen":"IRONCLAD","items_purchased":["Forethought+1","Bag of Preparation","Bird Faced Urn","Strength Potion"],"campfire_rested":4,"item_purchase_floors":[21,21,41,53],"current_hp_per_floor":[72,72,71,77,68,50,50,16,16,24,52,50,50,42,72,48,103,103,103,90,90,69,27,27,45,45,75,67,67,67,73,73,20,103,103,93,97,103,103,103,103,103,103,103,103,103,70,72,102,93,103,103,103,97,73],"gold":28,"neow_bonus":"TWENTY_PERCENT_HP_BONUS","is_daily":false,"chose_seed":false,"campfire_upgraded":5,"win_rate":0.0,"timestamp":1612352770,"path_taken":["M","?","M","M","M","E","M","E","T","E","R","E","R","M","R","BOSS","M","?","M","$","M","E","?","E","T","R","E","R","?","M","R","BOSS","M","?","M","M","?","E","$","R","T","R","E","?","M","M","R","BOSS","R","$","E","BOSS"],"items_purchased_type":["Card","Relic","Relic","Potion"],"build_version":"2020-12-22","purchased_purges":3,"victory":true,"max_hp_per_floor":[96,96,96,96,96,96,96,96,96,96,96,103,103,103,103,103,103,103,103,103,103,103,103,103,103,103,103,103,103,103,103,103,103,103,103,103,103,103,103,103,103,103,103,103,103,103,103,103,103,103,103,103,103,103,103],"card_choices":[{"not_picked":["Warcry","Power Through"],"picked":"Twin Strike","floor":1.0},{"not_picked":["Whirlwind","Thunderclap"],"picked":"Body Slam","floor":3.0},{"not_picked":["Headbutt","Flame Barrier"],"picked":"Inflame","floor":4.0},{"not_picked":["Wild Strike","Thunderclap"],"picked":"Headbutt","floor":5.0},{"not_picked":["Dark Embrace","Sever Soul"],"picked":"Cleave","floor":6.0},{"not_picked":["Clash","Uppercut"],"picked":"Second Wind","floor":7.0},{"not_picked":["Rage","Armaments"],"picked":"Sentinel","floor":8.0},{"not_picked":["Dropkick","Evolve"],"picked":"Shrug It Off+1","floor":10.0},{"not_picked":["Sever Soul","Iron Wave"],"picked":"Juggernaut","floor":12},{"not_picked":["Thunderclap","Shockwave+1"],"picked":"Battle Trance+1","floor":14},{"not_picked":["Bludgeon","Berserk"],"picked":"Reaper","floor":16},{"not_picked":["Sentinel+1","Flex+1"],"picked":"Entrench+1","floor":18},{"not_picked":["Flex+1","Sword Boomerang+1"],"picked":"Warcry+1","floor":20},{"not_picked":["Perfected Strike","Shrug It Off+1","Body Slam"],"picked":"SKIP","floor":22},{"not_picked":["Heavy Blade+1","Cleave"],"picked":"Offering+1","floor":23},{"not_picked":["Rage+1","Clash"],"picked":"Fire Breathing","floor":25},{"not_picked":["Warcry+1","Shrug It Off+1"],"picked":"Feel No Pain","floor":27},{"not_picked":["Wild Strike","Havoc+1","True Grit+1"],"picked":"SKIP","floor":28},{"not_picked":["Wild Strike","Havoc+1"],"picked":"True Grit+1","floor":28},{"not_picked":["Rampage","Iron Wave"],"picked":"Ghostly Armor+1","floor":31},{"not_picked":["Exhume+1","Feed"],"picked":"Barricade","floor":33},{"not_picked":["Anger+1","Cleave+1","Pommel Strike"],"picked":"SKIP","floor":35},{"not_picked":["Thunderclap+1","Inflame+1"],"picked":"Shrug It Off+1","floor":37},{"not_picked":["Burning Pact+1","Fiend Fire"],"picked":"Shockwave+1","floor":38},{"not_picked":["True Grit+1","Shrug It Off+1"],"picked":"Disarm+1","floor":40},{"not_picked":["Uppercut+1","Bludgeon","Ghostly Armor+1"],"picked":"SKIP","floor":45},{"not_picked":["Thunderclap+1","Anger+1","Shrug It Off+1"],"picked":"SKIP","floor":46},{"not_picked":["Combust+1","Iron Wave","True Grit+1"],"picked":"SKIP","floor":47},{"not_picked":["Pommel Strike+1","Twin Strike+1","Havoc+1"],"picked":"SKIP","floor":48},{"not_picked":["Pummel+1","Bludgeon"],"picked":"Body Slam+1","floor":54}],"player_experience":350767,"relics_obtained":[{"floor":6.0,"key":"Ancient Tea Set"},{"floor":8.0,"key":"Bronze Scales"},{"floor":9.0,"key":"Toxic Egg 2"},{"floor":10.0,"key":"Paper Frog"},{"floor":12,"key":"Strawberry"},{"floor":17,"key":"Dream Catcher"},{"floor":17,"key":"Gremlin Horn"},{"floor":17,"key":"FossilizedHelix"},{"floor":23,"key":"Anchor"},{"floor":25,"key":"Ice Cream"},{"floor":26,"key":"Happy Flower"},{"floor":28,"key":"Bottled Lightning"},{"floor":30,"key":"Vajra"},{"floor":36,"key":"Torii"},{"floor":40,"key":"Kunai"},{"floor":45,"key":"Pen Nib"},{"floor":54,"key":"InkBottle"}],"event_choices":[{"damage_healed":0.0,"max_hp_gain":0.0,"max_hp_loss":0.0,"gold_gain":0.0,"event_name":"Living Wall","player_choice":"Grow","floor":2.0,"gold_loss":0.0,"damage_taken":0.0,"cards_upgraded":["Twin Strike"]},{"cards_removed":["Strike_R"],"damage_healed":0,"gold_gain":0,"player_choice":"Gave Gold","damage_taken":0,"max_hp_gain":0,"max_hp_loss":0,"event_name":"Beggar","floor":19,"gold_loss":75},{"damage_healed":0,"gold_gain":0,"player_choice":"Ignored","damage_taken":0,"max_hp_gain":0,"max_hp_loss":0,"event_name":"Ghosts","floor":24,"gold_loss":0},{"damage_healed":0,"gold_gain":0,"player_choice":"Fight","damage_taken":0,"max_hp_gain":0,"max_hp_loss":0,"event_name":"Mysterious Sphere","floor":36,"gold_loss":0},{"damage_healed":0,"gold_gain":0,"player_choice":"Forge","damage_taken":0,"max_hp_gain":0,"max_hp_loss":0,"event_name":"Accursed Blacksmith","floor":39,"gold_loss":0,"cards_upgraded":["Barricade"]}],"is_beta":false,"boss_relics":[{"not_picked":["Coffee Dripper","Velvet Choker"],"picked":"Calling Bell"},{"not_picked":["Runic Dome","Empty Cage"],"picked":"Pandora\u0027s Box"}],"items_purged_floors":[21,41,53],"is_endless":false,"potions_floor_spawned":[4,5,7,12,14,18,25,31,33,36,37,40,48,54],"ascension_level":3}}