{"host":"ol6cojosz79w5ghb","time":1612319773,"event":{"mods":["BaseMod","Minty Spire (QoL Compilation)"],"gold_per_floor":[110,110,123,123,123,123,123,154,154,154,192,213,247,247,247,366,366,384,384,384,384,384,415,453,494,519,531,567,579,591,618,630,773,785,810,822,834,862,874,886,898,933,945,957,969,981,953,988,1000,1012],"floor_reached":51,"language":"ENG","playtime":3456,"items_purged":[],"score":790,"play_id":"97a23b01-8395-421f-aa42-26ed632e3c1c","local_time":"20210202183613","daily_mods":["Draft","Allstar","Colorless Cards","Heirloom","Time Dilation","Flight"],"is_ascension_mode":false,"campfire_choices":[{"data":"Seeing Red","floor":6,"key":"SMITH"},{"floor":7,"key":"REST"},{"floor":15,"key":"REST"},{"data":"J.A.X.","floor":29,"key":"SMITH"},{"data":"Enlightenment","floor":30,"key":"SMITH"},{"data":"Headbutt","floor":32,"key":"SMITH"},{"data":"Whirlwind","floor":40,"key":"SMITH"},{"data":"Anger","floor":44,"key":"SMITH"},{"data":"Dual Wield","floor":49,"key":"SMITH"}],"circlet_count":0,"master_deck":["Cleave+1","Enlightenment+1","Intimidate","Heavy Blade","Iron Wave","Thunderclap+1","Discovery","Sword Boomerang","Pommel Strike+1","Sentinel","Whirlwind+1","Jack Of All Trades","Seeing Red+1","Shrug It Off+1","Headbutt+1","Cleave","Anger+1","The Bomb","Headbutt+1","J.A.X.+1","Iron Wave","Dual Wield+1","Ghostly Armor","Impervious","Swift Strike+1","Twin Strike+1"],"relics":["Black Blood","Calipers","Golden Idol","Happy Flower","Pen Nib","Turnip","Meat on the Bone","CaptainsWheel","StoneCalendar","Bird Faced Urn","Self Forming Clay","Vajra","Gambling Chip","MawBank","SacredBark","PreservedInsect","Question Card"],"acts_visited":["Exordium","TheCity","TheBeyond"],"potions_floor_usage":[11,24,28,50,50],"damage_taken":[{"damage":6,"enemies":"Jaw Worm","floor":1,"turns":2},{"damage":0,"enemies":"Small Slimes","floor":3,"turns":1},{"damage":11,"enemies":"3 Sentries","floor":8,"turns":3},{"damage":25,"enemies":"Gremlin Nob","floor":11,"turns":4},{"damage":0,"enemies":"Cultist","floor":12,"turns":2},{"damage":23,"enemies":"Lagavulin","floor":13,"turns":5},{"damage":0,"enemies":"Slime Boss","floor":16,"turns":5},{"damage":10,"enemies":"2 Thieves","floor":18,"turns":2},{"damage":3,"enemies":"Gremlin Leader","floor":23,"turns":4},{"damage":11,"enemies":"Slavers","floor":24,"turns":3},{"damage":18,"enemies":"Gremlin Leader","floor":25,"turns":5},{"damage":3,"enemies":"Shell Parasite","floor":28,"turns":4},{"damage":18,"enemies":"Snake Plant","floor":31,"turns":2},{"damage":11,"enemies":"Collector","floor":33,"turns":6},{"damage":14,"enemies":"Orb Walker","floor":35,"turns":3},{"damage":15,"enemies":"3 Shapes","floor":38,"turns":2},{"damage":13,"enemies":"Sphere and 2 Shapes","floor":42,"turns":6},{"damage":16,"enemies":"Transient","floor":48,"turns":5},{"damage":38,"enemies":"Donu and Deca","floor":50,"turns":6}],"seed_played":"1349795165780534380","potions_obtained":[{"floor":8,"key":"DuplicationPotion"},{"floor":11,"key":"SkillPotion"},{"floor":16,"key":"GamblersBrew"},{"floor":18,"key":"FearPotion"},{"floor":23,"key":"BloodPotion"},{"floor":25,"key":"ElixirPotion"},{"floor":31,"key":"DistilledChaos"},{"floor":33,"key":"Swift Potion"}],"is_trial":true,"path_per_floor":["M","?","M","?","?","R","R","E","T","?","E","M","E","T","R","B",null,"M","?","?","T","?","E","E","E","T","?","M","R","R","M","R","B",null,"M","?","?","M","$","R","T","M","T","R","$","?","?","M","R","B",null],"character_chosen":"IRONCLAD","items_purchased":[],"campfire_rested":2,"item_purchase_floors":[],"current_hp_per_floor":[80,64,70,50,47,47,71,66,66,66,47,53,48,48,72,78,80,80,80,80,80,80,80,80,74,74,74,80,80,80,74,74,75,80,78,78,78,75,75,75,75,76,76,76,76,76,76,72,72,58],"gold":1024,"neow_bonus":"","is_daily":false,"chose_seed":false,"campfire_upgraded":7,"win_rate":0.0,"timestamp":1612319773,"path_taken":["M","?","M","?","?","R","R","E","T","?","E","?","E","?","R","BOSS","M","?","?","?","?","E","E","E","T","?","?","R","R","M","R","BOSS","M","?","?","?","?","R","?","M","T","R","?","?","?","?","R","BOSS"],"items_purchased_type":[],"build_version":"2020-12-22","purchased_purges":0,"victory":true,"max_hp_per_floor":[80,80,80,80,80,80,80,80,80,80,80,80,80,80,80,80,80,80,80,80,80,80,80,80,80,80,80,80,80,80,80,80,80,80,80,80,80,80,80,80,80,80,80,80,80,80,80,80,80,80],"card_choices":[{"not_picked":["Body Slam","Warcry"],"picked":"Anger","floor":0},{"not_picked":["Deep Breath","Heavy Blade"],"picked":"Cleave","floor":0},{"not_picked":["Feel No Pain","Intimidate"],"picked":"Enlightenment","floor":0},{"not_picked":["Entrench","Havoc"],"picked":"Intimidate","floor":0},{"not_picked":["Spot Weakness","Havoc"],"picked":"Blood for Blood","floor":0},{"not_picked":["Spot Weakness","Armaments"],"picked":"Heavy Blade","floor":0},{"not_picked":["Enlightenment","Intimidate"],"picked":"Iron Wave","floor":0},{"not_picked":["Rampage","Armaments"],"picked":"Thunderclap","floor":0},{"not_picked":["Blind","Body Slam"],"picked":"Clothesline","floor":0},{"not_picked":["Burning Pact","Armaments"],"picked":"Discovery","floor":0},{"not_picked":["Wild Strike","Pommel Strike"],"picked":"Sword Boomerang","floor":0},{"not_picked":["Heavy Blade","Warcry"],"picked":"Pommel Strike","floor":0},{"not_picked":["Flex","Heavy Blade"],"picked":"Sentinel","floor":0},{"not_picked":["Warcry","Madness"],"picked":"Whirlwind","floor":0},{"not_picked":["Perfected Strike","Blind"],"picked":"Jack Of All Trades","floor":0},{"not_picked":["Dropkick","Thunderclap"],"picked":"Seeing Red","floor":1},{"not_picked":["Clothesline","Body Slam"],"picked":"Shrug It Off","floor":3},{"not_picked":["Dark Embrace","Iron Wave","Perfected Strike"],"picked":"SKIP","floor":8},{"not_picked":["Clash","Double Tap"],"picked":"Headbutt","floor":11},{"not_picked":["Shrug It Off","Clothesline"],"picked":"Cleave","floor":12},{"not_picked":["Heavy Blade","Armaments"],"picked":"Anger","floor":13},{"not_picked":["Offering","Secret Weapon"],"picked":"The Bomb","floor":16},{"not_picked":["Shrug It Off","True Grit"],"picked":"Headbutt","floor":18},{"not_picked":["Bloodletting","Clash"],"picked":"Iron Wave","floor":23},{"not_picked":["Twin Strike","Body Slam+1"],"picked":"Dual Wield","floor":24},{"not_picked":["Wild Strike+1","Blind"],"picked":"Ghostly Armor","floor":25},{"not_picked":["Wild Strike+1","Second Wind","Apotheosis"],"picked":"SKIP","floor":28},{"not_picked":["Madness","Warcry","Burning Pact"],"picked":"SKIP","floor":31},{"not_picked":["Offering","Magnetism"],"picked":"Impervious","floor":33},{"not_picked":["Wild Strike+1","Pommel Strike","Reckless Charge+1"],"picked":"SKIP","floor":35},{"not_picked":["Deep Breath","Clash+1"],"picked":"Swift Strike+1","floor":38},{"not_picked":["Rage+1","Infernal Blade"],"picked":"Twin Strike+1","floor":42},{"not_picked":["Warcry","Anger","True Grit","Cleave+1"],"picked":"SKIP","floor":48}],"player_experience":225039,"relics_obtained":[{"floor":8,"key":"Pen Nib"},{"floor":9,"key":"Turnip"},{"floor":11,"key":"Meat on the Bone"},{"floor":13,"key":"CaptainsWheel"},{"floor":14,"key":"StoneCalendar"},{"floor":21,"key":"Bird Faced Urn"},{"floor":23,"key":"Self Forming Clay"},{"floor":24,"key":"Vajra"},{"floor":25,"key":"Gambling Chip"},{"floor":26,"key":"MawBank"},{"floor":41,"key":"PreservedInsect"},{"floor":43,"key":"Question Card"}],"event_choices":[{"damage_healed":0,"gold_gain":0,"player_choice":"Entered Light","damage_taken":16,"max_hp_gain":0,"max_hp_loss":0,"event_name":"Shining Light","floor":2,"gold_loss":0,"cards_upgraded":["Pommel Strike","Cleave"]},{"damage_healed":0,"gold_gain":0,"player_choice":"Take Damage","damage_taken":20,"relics_obtained":["Golden Idol"],"max_hp_gain":0,"max_hp_loss":0,"event_name":"Golden Idol","floor":4,"gold_loss":0},{"damage_healed":0,"gold_gain":0,"player_choice":"Success","damage_taken":3,"relics_obtained":["Happy Flower"],"max_hp_gain":0,"max_hp_loss":0,"event_name":"Scrap Ooze","floor":5,"gold_loss":0},{"cards_removed":["Clothesline"],"damage_healed":0,"gold_gain":0,"player_choice":"Forget","damage_taken":0,"max_hp_gain":0,"max_hp_loss":0,"event_name":"Living Wall","floor":10,"gold_loss":0},{"damage_healed":0,"gold_gain":0,"player_choice":"Obtain J.A.X.","damage_taken":0,"max_hp_gain":0,"max_hp_loss":0,"event_name":"Drug Dealer","floor":19,"gold_loss":0,"cards_obtained":["J.A.X."]},{"damage_healed":0,"gold_gain":0,"player_choice":"Ignored","damage_taken":0,"max_hp_gain":0,"max_hp_loss":0,"event_name":"Vampires","floor":20,"gold_loss":0},{"damage_healed":0,"gold_gain":0,"player_choice":"Ignored","damage_taken":0,"max_hp_gain":0,"max_hp_loss":0,"event_name":"Ghosts","floor":22,"gold_loss":0},{"cards_removed":["Blood for Blood"],"damage_healed":0,"gold_gain":0,"player_choice":"Elegance","damage_taken":0,"max_hp_gain":0,"max_hp_loss":0,"event_name":"Back to Basics","floor":27,"gold_loss":0},{"damage_healed":0,"gold_gain":0,"player_choice":"Ignored","damage_taken":0,"max_hp_gain":0,"max_hp_loss":0,"event_name":"Tomb of Lord Red Mask","floor":36,"gold_loss":0},{"damage_healed":0,"gold_gain":0,"player_choice":"Forge","damage_taken":0,"max_hp_gain":0,"max_hp_loss":0,"event_name":"Accursed Blacksmith","floor":37,"gold_loss":0,"cards_upgraded":["Headbutt"]},{"cards_removed":["Anger"],"damage_healed":0,"gold_gain":0,"player_choice":"Removed Attack","damage_taken":0,"max_hp_gain":0,"max_hp_loss":0,"event_name":"Falling","floor":46,"gold_loss":0},{"damage_healed":0,"gold_gain":0,"player_choice":"Upgraded Two","damage_taken":0,"max_hp_gain":0,"max_hp_loss":0,"event_name":"Designer","floor":47,"gold_loss":40,"cards_upgraded":["Thunderclap","Shrug It Off"]}],"is_beta":false,"boss_relics":[{"not_picked":["Coffee Dripper","Philosopher\u0027s Stone"],"picked":"Black Blood"},{"not_picked":["Runic Dome","Mark of Pain"],"picked":"SacredBark"}],"items_purged_floors":[],"is_endless":false,"potions_floor_spawned":[8,11,16,18,23,25,31,33,35,42],"ascension_level":0}}