{"host":"lip44byzewa3adv8","time":1612361743,"event":{"mods":["BaseMod","Curses Come First","Minty Spire (QoL Compilation)","Relic Sorter","Relic Stats","StSLib","Synergy Search"],"gold_per_floor":[115,129,148,161,161,29,43,54,54,70,70,145,145,165,165,269,269,280,280,293,310,328,328,328,328],"floor_reached":24,"language":"ENG","playtime":1250,"items_purged":[],"score":252,"play_id":"65985c4f-48a0-47aa-a5b9-7650eb7c8c69","local_time":"20210203091543","is_ascension_mode":true,"campfire_choices":[{"floor":11.0,"key":"REST"},{"floor":15.0,"key":"REST"},{"floor":23,"key":"REST"}],"circlet_count":0,"master_deck":["Survivor","Neutralize","Bullet Time","Dagger Spray","PiercingWail","Flying Knee","PiercingWail","Riddle With Holes","Dagger Throw","Dodge and Roll","Blade Dance","Backflip","Cloak And Dagger","Dodge and Roll","Adrenaline","Cloak And Dagger","Cloak And Dagger","Backflip","Blur","Burst","Tactician","Deadly Poison","Eviscerate","Die Die Die","Bouncing Flask","Noxious Fumes","Dash","Dodge and Roll","Terror+1"],"relics":["Ring of the Snake","Blood Vial","Turnip","Bronze Scales","Pandora\u0027s Box"],"acts_visited":["Exordium","TheCity"],"potions_floor_usage":[16,16,20,20,22,24],"damage_taken":[{"damage":0.0,"enemies":"Jaw Worm","floor":1.0,"turns":4.0},{"damage":1.0,"enemies":"Small Slimes","floor":2.0,"turns":4.0},{"damage":0.0,"enemies":"Cultist","floor":3.0,"turns":5.0},{"damage":6.0,"enemies":"Looter","floor":4.0,"turns":4.0},{"damage":0.0,"enemies":"Exordium Wildlife","floor":7.0,"turns":4.0},{"damage":27.0,"enemies":"Large Slime","floor":8.0,"turns":8.0},{"damage":3.0,"enemies":"Looter","floor":10.0,"turns":3.0},{"damage":0.0,"enemies":"2 Fungi Beasts","floor":14.0,"turns":2.0},{"damage":15,"enemies":"Slime Boss","floor":16,"turns":9},{"damage":11,"enemies":"Spheric Guardian","floor":18,"turns":5},{"damage":7,"enemies":"2 Thieves","floor":20,"turns":4},{"damage":8,"enemies":"Snake Plant","floor":21,"turns":4},{"damage":10,"enemies":"Snecko","floor":22,"turns":6},{"damage":54,"enemies":"Slavers","floor":24,"turns":4}],"seed_played":"-6604530753645965849","potions_obtained":[{"floor":1.0,"key":"PowerPotion"},{"floor":3.0,"key":"Strength Potion"},{"floor":7.0,"key":"Strength Potion"},{"floor":14.0,"key":"EntropicBrew"},{"floor":20,"key":"Fire Potion"}],"is_trial":false,"path_per_floor":["M","M","M","M","?","$","M","M","T","M","R","?","T","M","R","B",null,"M","?","M","M","M","R","E"],"character_chosen":"THE_SILENT","items_purchased":["Riddle With Holes","Dagger Throw","Dodge and Roll"],"campfire_rested":3,"item_purchase_floors":[6,6,6],"current_hp_per_floor":[45,44,44,38,26,26,28,3,3,2,23,12,12,14,35,22,58,49,49,44,38,30,51,0,0],"gold":328,"neow_bonus":"THREE_RARE_CARDS","is_daily":false,"chose_seed":false,"campfire_upgraded":0,"win_rate":0.0,"timestamp":1612361743,"path_taken":["M","M","M","M","?","$","M","M","T","M","R","?","?","M","R","BOSS","M","?","?","M","M","R","E"],"items_purchased_type":["Card","Card","Card"],"build_version":"2020-12-22","purchased_purges":0,"victory":false,"max_hp_per_floor":[70,70,70,70,70,70,70,70,70,70,70,70,70,70,70,70,70,70,70,70,70,70,70,70,70],"relic_stats":{"Blood Vial":20,"counters":[14,66],"Bronze Scales":[90],"Pandora\u0027s Box":["Cloak And Dagger","Cloak And Dagger","Backflip","Blur","Burst","Tactician","Deadly Poison","Eviscerate","Die Die Die","Bouncing Flask"],"Turnip":[7],"obtain_stats":[{"Blood Vial":5,"Bronze Scales":13,"Pandora\u0027s Box":17,"Turnip":9,"Ring of the Snake":0},{"Blood Vial":4,"Bronze Scales":7,"Pandora\u0027s Box":9,"Turnip":6,"Ring of the Snake":0},{"Blood Vial":17,"Bronze Scales":32,"Pandora\u0027s Box":43,"Turnip":29,"Ring of the Snake":0}],"Ring of the Snake":[28]},"card_choices":[{"not_picked":["Night Terror","Storm of Steel"],"picked":"Bullet Time","floor":0.0},{"not_picked":["Flechettes","Finisher"],"picked":"Dagger Spray","floor":1.0},{"not_picked":["Backstab","Calculated Gamble"],"picked":"PiercingWail","floor":2.0},{"not_picked":["Outmaneuver","Acrobatics"],"picked":"Flying Knee","floor":3.0},{"not_picked":["Bane","Endless Agony"],"picked":"PiercingWail","floor":4.0},{"not_picked":["Poisoned Stab","Dash"],"picked":"Blade Dance","floor":7.0},{"not_picked":["Bullet Time","Sucker Punch"],"picked":"Backflip","floor":8.0},{"not_picked":["Deflect","Skewer"],"picked":"Cloak And Dagger","floor":10.0},{"not_picked":["Underhanded Strike","Expertise"],"picked":"Dodge and Roll","floor":14.0},{"not_picked":["A Thousand Cuts","Bullet Time"],"picked":"Adrenaline","floor":16},{"not_picked":["Deadly Poison","Bouncing Flask"],"picked":"Noxious Fumes","floor":18},{"not_picked":["Outmaneuver","Poisoned Stab+1"],"picked":"Dash","floor":20},{"not_picked":["Expertise","Skewer"],"picked":"Dodge and Roll","floor":21},{"not_picked":["Blur","Cloak And Dagger"],"picked":"Terror+1","floor":22}],"player_experience":796854,"relics_obtained":[{"floor":9.0,"key":"Turnip"},{"floor":13.0,"key":"Bronze Scales"}],"event_choices":[{"damage_healed":0.0,"max_hp_gain":0.0,"max_hp_loss":0.0,"gold_gain":0.0,"event_name":"Scrap Ooze","player_choice":"Success","floor":5.0,"gold_loss":0.0,"damage_taken":12.0,"relics_obtained":["Blood Vial"]},{"damage_healed":0.0,"max_hp_gain":0.0,"max_hp_loss":0.0,"gold_gain":75.0,"event_name":"World of Goop","player_choice":"Gather Gold","floor":12.0,"gold_loss":0.0,"damage_taken":11.0},{"damage_healed":0,"gold_gain":0,"player_choice":"Ignored","damage_taken":0,"max_hp_gain":0,"max_hp_loss":0,"event_name":"N\u0027loth","floor":19,"gold_loss":0}],"is_beta":false,"boss_relics":[{"not_picked":["Empty Cage","Sozu"],"picked":"Pandora\u0027s Box"}],"items_purged_floors":[],"is_endless":false,"potions_floor_spawned":[1,3,7,14,20],"killed_by":"Slavers","ascension_level":6}}