{"host":"kgg8sccfjvuthy9j","time":1612359796,"event":{"mods":["BaseMod","Googly Eyes","Marisa????????","Minty Spire (QoL Compilation)","Onozuka Komachi Mod","Reimu??????","StSLib","Waifu the Spire","Yakumo Yukari mod"],"gold_per_floor":[362,114,114,79,96,129,140,168,168,168,181,191,219,235,235,339,339,350,363,376,376,376],"floor_reached":21,"language":"ENG","playtime":2256,"items_purged":[],"score":228,"play_id":"ba86587c-8a21-4e7c-9f0c-083f201efbcd","local_time":"20210203134316","is_ascension_mode":false,"campfire_choices":[{"data":"JA","floor":10,"key":"SMITH"},{"floor":15,"key":"REST"}],"circlet_count":0,"master_deck":["Strike_MRS","Strike_MRS","Strike_MRS","Strike_MRS","Defend_MRS","Defend_MRS","Defend_MRS","Defend_MRS","MasterSpark+1","UpSweep","Parasite","PowerUp","EnergyFlow","DeepEcoloBomb+1","RefractionSpark","GravityBeat","JA+1","PulseMagic","NonDirectionalLaser","MilkyWay","StarlightTyphoon","DarkMatter","CasketOfStar+1","PowerUp+1","MilkyWay","GalacticHalo+1"],"relics":["MiniHakkero","Sling","Darkstone Periapt","Juzu Bracelet","Frozen Egg 2","PreservedInsect","Black Star"],"acts_visited":["Exordium","TheCity"],"potions_floor_usage":[13,13,18],"damage_taken":[{"damage":1,"enemies":"Cultist","floor":1,"turns":3},{"damage":0,"enemies":"Small Slimes","floor":5,"turns":2},{"damage":17,"enemies":"3 Sentries","floor":6,"turns":6},{"damage":6,"enemies":"2 Louse","floor":7,"turns":3},{"damage":2,"enemies":"Gremlin Nob","floor":8,"turns":2},{"damage":2,"enemies":"Large Slime","floor":11,"turns":2},{"damage":5,"enemies":"Lots of Slimes","floor":12,"turns":2},{"damage":0,"enemies":"Lagavulin","floor":13,"turns":4},{"damage":18,"enemies":"Exordium Thugs","floor":14,"turns":4},{"damage":31,"enemies":"The Guardian","floor":16,"turns":10},{"damage":7,"enemies":"Chosen","floor":18,"turns":4},{"damage":34,"enemies":"3 Byrds","floor":19,"turns":5},{"damage":26,"enemies":"Centurion and Healer","floor":20,"turns":5},{"damage":13,"enemies":"Snake Plant","floor":21,"turns":5}],"seed_played":"-8102605083045071181","potions_obtained":[{"floor":1,"key":"Explosive Potion"},{"floor":6,"key":"Fire Potion"},{"floor":7,"key":"Fire Potion"},{"floor":19,"key":"Energy Potion"}],"is_trial":false,"path_per_floor":["M","$","?","?","M","E","M","E","T","R","M","M","E","M","R","B",null,"M","M","M","M"],"character_chosen":"MARISA","items_purchased":["EnergyFlow","Sling","DeepEcoloBomb"],"campfire_rested":1,"item_purchase_floors":[2,2,2],"current_hp_per_floor":[74,74,59,75,75,58,52,50,50,50,48,43,43,25,47,16,75,68,34,8,0,0],"gold":376,"neow_bonus":"TWO_FIFTY_GOLD","is_daily":false,"chose_seed":false,"campfire_upgraded":1,"win_rate":0.0,"timestamp":1612359796,"path_taken":["M","$","?","?","M","E","M","E","T","R","M","M","E","M","R","BOSS","M","M","M","M"],"items_purchased_type":["Card","Relic","Card"],"build_version":"2020-12-22","purchased_purges":0,"victory":false,"max_hp_per_floor":[75,75,75,75,75,75,75,75,75,75,75,75,75,75,75,75,75,75,75,75,75,75],"card_choices":[{"not_picked":["EventHorizon","MilkyWay"],"picked":"PowerUp","floor":1},{"not_picked":["LuminesStrike","MachineGunSpark"],"picked":"RefractionSpark","floor":5},{"not_picked":["6A","WitchLeyline"],"picked":"GravityBeat","floor":6},{"not_picked":["MilkyWay","SuperPerseids"],"picked":"JA","floor":7},{"not_picked":["MagicChant","ChargingUp"],"picked":"PulseMagic","floor":8},{"not_picked":["SuperPerseids","Orbital"],"picked":"NonDirectionalLaser","floor":11},{"not_picked":["ShootingEcho","DarkSpark"],"picked":"MilkyWay","floor":12},{"not_picked":["DarkSpark","ShootTheMoon"],"picked":"StarlightTyphoon","floor":13},{"not_picked":["RefractionSpark","GalacticHalo"],"picked":"DarkMatter","floor":14},{"not_picked":["FinalSpark","UltimateShortwave"],"picked":"CasketOfStar+1","floor":16},{"not_picked":["DeepEcoloBomb+1","GalacticHalo"],"picked":"PowerUp+1","floor":18},{"not_picked":["UnstableBomb+1","DeepEcoloBomb"],"picked":"MilkyWay","floor":19},{"not_picked":["WitchLeyline+1","DC"],"picked":"GalacticHalo+1","floor":20}],"player_experience":170283,"relics_obtained":[{"floor":6,"key":"Darkstone Periapt"},{"floor":8,"key":"Juzu Bracelet"},{"floor":9,"key":"Frozen Egg 2"},{"floor":13,"key":"PreservedInsect"}],"event_choices":[{"damage_healed":0,"gold_gain":0,"player_choice":"Entered Light","damage_taken":15,"max_hp_gain":0,"max_hp_loss":0,"event_name":"Shining Light","floor":3,"gold_loss":0,"cards_upgraded":["DeepEcoloBomb","MasterSpark"]},{"damage_healed":18,"gold_gain":0,"player_choice":"Healed","damage_taken":0,"max_hp_gain":0,"max_hp_loss":0,"event_name":"The Cleric","floor":4,"gold_loss":35}],"is_beta":false,"boss_relics":[{"not_picked":["Philosopher\u0027s Stone","Runic Dome"],"picked":"Black Star"}],"items_purged_floors":[],"is_endless":false,"potions_floor_spawned":[1,6,7,19],"killed_by":"Snake Plant","ascension_level":0}}