{"host":"kw4o7b3ro2ktmmbe","time":1612351631,"event":{"mods":["BaseMod","Bossed Relics","Evolution","Fireblade Mod","Minty Spire (QoL Compilation)","StSLib"],"gold_per_floor":[109,109,109,119,138,170,170,185,185,197,44,63,63,88,88,183,183,196,208,208,408,428,462,462,489,514,542,571,593,605,103,103,207,207,224,71,121,135,147,147,181,181,181,201,201,212,228,245,245,245],"floor_reached":51,"language":"ENG","playtime":3365,"items_purged":[],"score":1199,"play_id":"aefedf02-fef4-425a-970b-b084bbcda59a","local_time":"20210204002711","is_ascension_mode":true,"campfire_choices":[{"data":"FireBladeMod:FlamingSword","floor":7.0,"key":"SMITH"},{"floor":15.0,"key":"REST"},{"data":"FireBladeMod:DeathBlade","floor":24.0,"key":"SMITH"},{"floor":32.0,"key":"REST"},{"data":"FireBladeMod:Wildfire","floor":40.0,"key":"SMITH"},{"data":"FireBladeMod:Wildfire","floor":45.0,"key":"SMITH"},{"floor":49,"key":"REST"}],"circlet_count":0,"master_deck":["FireBladeMod:SoulStrike","FireBladeMod:SoulStrike","FireBladeMod:SoulStrike+1","FireBladeMod:DefendFireBlade+1","FireBladeMod:DefendFireBlade+1","FireBladeMod:DefendFireBlade+1","FireBladeMod:DefendFireBlade+1","FireBladeMod:FlamingSword+1","FireBladeMod:FireBarrier","FireBladeMod:SmokeScreen","FireBladeMod:StunningBlow","FireBladeMod:DeathBlade+1","FireBladeMod:SoulSword","FireBladeMod:Wildfire+1","FireBladeMod:RapidHits","FireBladeMod:ScorchingStrike+1","FireBladeMod:Wildfire+1","FireBladeMod:StunningBlow","FireBladeMod:StunningBlow+1","FireBladeMod:LayeredDefense","FireBladeMod:GetPumped+1","FireBladeMod:SmashingEndurance+1","FireBladeMod:Accelerant+1","FireBladeMod:DebilitatingBlow"],"relics":["EVO:Axolotl","Snecko Eye","Ornamental Fan","Ice Cream","Medical Kit","Thread and Needle","Tiny House","Bag of Marbles","Art of War","HornCleat","Dream Catcher","MawBank","Meat on the Bone","White Beast Statue","Pandora\u0027s Box","Potion Belt","FireBladeMod:GymTowel","Mercury Hourglass","Singing Bowl"],"acts_visited":["Exordium","TheCity","TheBeyond"],"potions_floor_usage":[47,48,50,50],"damage_taken":[{"damage":0.0,"enemies":"Small Slimes","floor":1.0,"turns":2.0},{"damage":6.0,"enemies":"2 Louse","floor":4.0,"turns":2.0},{"damage":0.0,"enemies":"Cultist","floor":5.0,"turns":2.0},{"damage":11.0,"enemies":"Lagavulin","floor":6.0,"turns":6.0},{"damage":5.0,"enemies":"Lots of Slimes","floor":8.0,"turns":4.0},{"damage":7.0,"enemies":"Looter","floor":10.0,"turns":2.0},{"damage":4.0,"enemies":"Exordium Wildlife","floor":12.0,"turns":2.0},{"damage":0.0,"enemies":"3 Sentries","floor":14.0,"turns":5.0},{"damage":12.0,"enemies":"Hexaghost","floor":16.0,"turns":6.0},{"damage":7.0,"enemies":"2 Thieves","floor":18.0,"turns":3.0},{"damage":7.0,"enemies":"Spheric Guardian","floor":19.0,"turns":3.0},{"damage":0.0,"enemies":"Cultist and Chosen","floor":22.0,"turns":2.0},{"damage":10.0,"enemies":"Gremlin Leader","floor":23.0,"turns":4.0},{"damage":5.0,"enemies":"Slavers","floor":25.0,"turns":5.0},{"damage":0.0,"enemies":"Book of Stabbing","floor":27.0,"turns":3.0},{"damage":0.0,"enemies":"Centurion and Healer","floor":28.0,"turns":3.0},{"damage":0.0,"enemies":"Chosen and Byrds","floor":29.0,"turns":3.0},{"damage":0.0,"enemies":"Automaton","floor":33.0,"turns":6.0},{"damage":0.0,"enemies":"3 Shapes","floor":35.0,"turns":4.0},{"damage":12.0,"enemies":"Mind Bloom Boss Battle","floor":37.0,"turns":5.0},{"damage":0.0,"enemies":"3 Darklings","floor":38.0,"turns":4.0},{"damage":0.0,"enemies":"Sphere and 2 Shapes","floor":39.0,"turns":3.0},{"damage":12.0,"enemies":"Reptomancer","floor":41.0,"turns":5.0},{"damage":0.0,"enemies":"Maw","floor":44.0,"turns":4.0},{"damage":12.0,"enemies":"Jaw Worm Horde","floor":46.0,"turns":3.0},{"damage":0,"enemies":"Writhing Mass","floor":47,"turns":1},{"damage":0,"enemies":"Maw","floor":48,"turns":3},{"damage":0,"enemies":"Donu and Deca","floor":50,"turns":5}],"seed_played":"-6468889551731417865","potions_obtained":[{"floor":5.0,"key":"Strength Potion"},{"floor":10.0,"key":"PowerPotion"},{"floor":12.0,"key":"DistilledChaos"},{"floor":22.0,"key":"Swift Potion"},{"floor":23.0,"key":"Ancient Potion"},{"floor":28.0,"key":"Strength Potion"},{"floor":33.0,"key":"ColorlessPotion"},{"floor":37.0,"key":"DuplicationPotion"},{"floor":38.0,"key":"Fruit Juice"},{"floor":39.0,"key":"SmokeBomb"},{"floor":41.0,"key":"Weak Potion"},{"floor":46.0,"key":"DuplicationPotion"},{"floor":47,"key":"Energy Potion"},{"floor":48,"key":"EssenceOfSteel"}],"is_trial":false,"path_per_floor":["M","?","?","M","M","E","R","M","T","M","$","M","?","E","R","B",null,"M","M","?","?","M","E","R","E","T","E","M","M","?","$","R","B",null,"M","$","?","M","M","R","E","?","T","M","R","M","M","M","R","B",null],"character_chosen":"THE_FIREBLADE","items_purchased":["Medical Kit","Meat on the Bone","White Beast Statue","Potion Belt"],"campfire_rested":3,"item_purchase_floors":[11,31,31,36],"current_hp_per_floor":[63,49,49,43,43,32,32,27,27,20,20,16,16,16,37,25,59,52,45,45,45,45,35,35,30,30,30,30,30,30,30,51,51,65,65,65,53,58,58,58,46,46,46,48,48,48,48,50,75,75],"gold":245,"neow_bonus":"BOSS_RELIC","is_daily":false,"chose_seed":false,"campfire_upgraded":4,"win_rate":0.0,"timestamp":1612351631,"path_taken":["M","?","?","M","?","E","R","M","T","M","$","?","?","E","R","BOSS","M","M","?","?","M","E","R","E","T","E","?","M","?","$","R","BOSS","M","$","?","M","M","R","E","?","T","M","R","M","M","?","R","BOSS"],"items_purchased_type":["Relic","Relic","Relic","Relic"],"build_version":"2020-12-22","purchased_purges":0,"victory":true,"max_hp_per_floor":[70,70,70,70,70,70,70,70,70,70,70,70,70,70,70,70,70,70,70,70,70,70,70,70,70,70,70,70,70,70,70,70,70,70,70,70,70,75,75,75,75,75,75,77,77,77,77,79,81,81],"card_choices":[{"not_picked":["FireBladeMod:ComplexDefense","FireBladeMod:Robust"],"picked":"FireBladeMod:Flames","floor":1.0},{"not_picked":["FireBladeMod:StingingSlash","FireBladeMod:IronEndurance","FireBladeMod:Turtle"],"picked":"SKIP","floor":4.0},{"not_picked":["FireBladeMod:ComplexDefense","FireBladeMod:RapidDodges"],"picked":"FireBladeMod:SmokeScreen","floor":5.0},{"not_picked":["FireBladeMod:SmokeInTheEyes","FireBladeMod:Shove"],"picked":"FireBladeMod:StunningBlow","floor":6.0},{"not_picked":["FireBladeMod:ThirdDegree","FireBladeMod:Shove"],"picked":"FireBladeMod:DeathBlade","floor":8.0},{"not_picked":["FireBladeMod:ComplexDefense","FireBladeMod:StingingSlash"],"picked":"FireBladeMod:SoulSword","floor":10.0},{"not_picked":["FireBladeMod:Flames","FireBladeMod:StingingSlash","FireBladeMod:Robust"],"picked":"SKIP","floor":12.0},{"not_picked":["FireBladeMod:AntiMagic","FireBladeMod:BasicSmash"],"picked":"FireBladeMod:Wildfire","floor":14.0},{"not_picked":["FireBladeMod:BodyAsFuel","FireBladeMod:Blitzkreig"],"picked":"FireBladeMod:RapidHits","floor":16.0},{"not_picked":["FireBladeMod:ComplexAttack","FireBladeMod:FerventSlash"],"picked":"FireBladeMod:ScorchingStrike+1","floor":18.0},{"not_picked":["FireBladeMod:SoulStrike","FireBladeMod:Tempo"],"picked":"FireBladeMod:Wildfire","floor":19.0},{"not_picked":["FireBladeMod:IronEndurance","FireBladeMod:Flames"],"picked":"FireBladeMod:StunningBlow","floor":22.0},{"not_picked":["FireBladeMod:MomentumStrikes+1","FireBladeMod:EruptionSlash","FireBladeMod:FerventSlash"],"picked":"SKIP","floor":23.0},{"not_picked":["FireBladeMod:ComplexAttack","FireBladeMod:Robust","FireBladeMod:BasicSmash"],"picked":"SKIP","floor":25.0},{"not_picked":["FireBladeMod:SpiritEndurance","FireBladeMod:QuickJabs+1","FireBladeMod:SoulSword"],"picked":"SKIP","floor":27.0},{"not_picked":["FireBladeMod:FerventSlash+1","FireBladeMod:ScorchingStrike","FireBladeMod:StingingSlash"],"picked":"SKIP","floor":28.0},{"not_picked":["FireBladeMod:ComboSlashes","FireBladeMod:BackhandSwing","FireBladeMod:Robust"],"picked":"SKIP","floor":29.0},{"not_picked":["FireBladeMod:ComplexDefense","FireBladeMod:BackhandSwing+1"],"picked":"FireBladeMod:StunningBlow+1","floor":32.0},{"not_picked":["FireBladeMod:BattleStamina","FireBladeMod:BodyAsFuel"],"picked":"FireBladeMod:LayeredDefense","floor":33.0},{"not_picked":["FireBladeMod:AdrenalineBoost+1","FireBladeMod:IronEndurance"],"picked":"FireBladeMod:GetPumped+1","floor":35.0},{"not_picked":["FireBladeMod:ComplexDefense+1","FireBladeMod:OverCharge","FireBladeMod:SmokeInTheEyes"],"picked":"SKIP","floor":38.0},{"not_picked":["FireBladeMod:ComboCleave+1","FireBladeMod:SmokySwing"],"picked":"FireBladeMod:SmashingEndurance+1","floor":39.0},{"not_picked":["FireBladeMod:FinishingBarrage+1","FireBladeMod:WellPrepared+1","FireBladeMod:ComboSlashes"],"picked":"SKIP","floor":41.0},{"not_picked":["FireBladeMod:Reposition","FireBladeMod:SmokySwing+1","FireBladeMod:ComplexAttack+1"],"picked":"Singing Bowl","floor":44.0},{"not_picked":["FireBladeMod:SpinningSmash+1","FireBladeMod:Flames"],"picked":"FireBladeMod:Accelerant+1","floor":46.0},{"not_picked":["FireBladeMod:Speed","FireBladeMod:Robust+1"],"picked":"FireBladeMod:DebilitatingBlow","floor":47},{"not_picked":["FireBladeMod:ComplexAttack","FireBladeMod:BasicSmash+1","FireBladeMod:OverCharge+1"],"picked":"Singing Bowl","floor":48},{"not_picked":["FireBladeMod:SpinningSmash","FireBladeMod:SmashingEndurance+1","FireBladeMod:WellPrepared"],"picked":"Singing Bowl","floor":49}],"player_experience":1918999,"relics_obtained":[{"floor":6.0,"key":"Ornamental Fan"},{"floor":9.0,"key":"Ice Cream"},{"floor":14.0,"key":"Thread and Needle"},{"floor":23.0,"key":"Art of War"},{"floor":25.0,"key":"HornCleat"},{"floor":26.0,"key":"Dream Catcher"},{"floor":27.0,"key":"MawBank"},{"floor":37.0,"key":"FireBladeMod:GymTowel"},{"floor":41.0,"key":"Mercury Hourglass"},{"floor":43.0,"key":"Singing Bowl"}],"event_choices":[{"damage_healed":0.0,"max_hp_gain":0.0,"max_hp_loss":0.0,"gold_gain":0.0,"event_name":"Shining Light","player_choice":"Entered Light","floor":2.0,"gold_loss":0.0,"damage_taken":14.0,"cards_upgraded":["FireBladeMod:DefendFireBlade","FireBladeMod:SoulStrike"]},{"cards_removed":["FireBladeMod:StrikeFireBlade"],"damage_healed":0.0,"max_hp_gain":0.0,"max_hp_loss":0.0,"gold_gain":0.0,"event_name":"Purifier","player_choice":"Purged","floor":3.0,"gold_loss":0.0,"damage_taken":0.0},{"damage_healed":0.0,"max_hp_gain":0.0,"max_hp_loss":0.0,"gold_gain":0.0,"event_name":"Liars Game","player_choice":"Ignored","floor":13.0,"gold_loss":0.0,"damage_taken":0.0},{"damage_healed":0.0,"max_hp_gain":0.0,"max_hp_loss":0.0,"gold_gain":0.0,"event_name":"The Mausoleum","player_choice":"Opened","floor":20.0,"gold_loss":0.0,"damage_taken":0.0,"relics_obtained":["Bag of Marbles"]},{"damage_healed":0.0,"max_hp_gain":0.0,"max_hp_loss":0.0,"gold_gain":250.0,"event_name":"The Joust","player_choice":"Bet on Owner","floor":21.0,"gold_loss":50.0,"damage_taken":0.0},{"damage_healed":0.0,"max_hp_gain":0.0,"max_hp_loss":0.0,"gold_gain":0.0,"event_name":"Back to Basics","player_choice":"Simplicity","floor":30.0,"gold_loss":0.0,"damage_taken":0.0,"cards_upgraded":["FireBladeMod:DefendFireBlade","FireBladeMod:DefendFireBlade","FireBladeMod:DefendFireBlade"]},{"damage_healed":0.0,"max_hp_gain":0.0,"max_hp_loss":0.0,"gold_gain":0.0,"event_name":"MindBloom","player_choice":"Fight","floor":37.0,"gold_loss":0.0,"damage_taken":0.0},{"cards_removed":["FireBladeMod:Flames"],"damage_healed":0.0,"max_hp_gain":0.0,"max_hp_loss":0.0,"gold_gain":0.0,"event_name":"Purifier","player_choice":"Purged","floor":42.0,"gold_loss":0.0,"damage_taken":0.0}],"is_beta":false,"boss_relics":[{"not_picked":["Cursed Key","Black Star"],"picked":"Tiny House"},{"not_picked":["Empty Cage","Coffee Dripper"],"picked":"Pandora\u0027s Box"}],"items_purged_floors":[],"is_endless":false,"potions_floor_spawned":[5,10,12,14,22,23,28,33,35,37,38,39,41,44,46,47,48],"ascension_level":7}}