{"host":"xp5rvh2jwe2ejyfm","time":1612396732,"event":{"mods":["Aspiration","BaseMod","BetterRewards","Colored Powertips","Conspire","Downfall","GifTheSpireLib","Gremlin Mod","Hermit","Hubris","Jorbs\u0027s Wanderer Trilogy","Minty Spire (QoL Compilation)","Replay The Spire","Robot Space Explorer","Shade Mod","Somnambulant","StSLib","The Bug Knight","The Clintock","The Construct","The Cursed","The Disciple","The Forsaken","The Hierophant","The Necromancer","The Runesmith","The Servant 0.9.4","The Valiant","The Witch","thorton"],"gold_per_floor":[119,135,149,161,161,190,190,200,200,218,218,238,271,40,40,137,137,153,26,43,43,58,84,84,84,134,134,154,154,253,270,270,270,270],"floor_reached":33,"language":"ENG","playtime":1360,"items_purged":[],"score":294,"play_id":"3c03f027-461b-4320-b084-c8344283012a","local_time":"20210203185852","is_ascension_mode":false,"campfire_choices":[{"data":"Shade:OpenGraves","floor":7,"key":"SMITH"},{"data":"Shade:AuraOfUnlife","floor":7,"key":"SMITH"},{"data":"Shade:OpenGraves","floor":11,"key":"SMITH"},{"data":"Shade:AnimateDead","floor":11,"key":"SMITH"},{"floor":15,"key":"REST"},{"floor":24,"key":"REST"},{"floor":27,"key":"RECALL"},{"floor":29,"key":"REST"}],"circlet_count":0,"master_deck":["Shade:Strike_Shade+1","Shade:Strike_Shade+1","Shade:Strike_Shade+1","Shade:Strike_Shade+1","Shade:Defend_Shade+1","Shade:Defend_Shade+1","Shade:Defend_Shade+1","Shade:Defend_Shade+1","Shade:AnimateDead+1","Shade:CarefulCut","Shade:SkeletonArmy","Shade:OpenGraves+1","Shade:FuneraryJewels","Shade:FingerOfDeath","Regret","Shade:AuraOfUnlife+1","Shade:FleshToFlesh","Shade:OpenGraves+1","Shade:Bonestorm","Shade:Bonestorm","Shade:CloudOfShrapnel","Shade:UnbarTheGrave","Shade:CommandSoldier+1","Apotheosis","Jack Of All Trades","Good Instincts","Shade:CallOfTheGrave","Shade:FingerOfDeath","Shade:SensePrey","Shade:Bite_Shade","Shade:CommandSoldier"],"relics":["Shade:YorickSkull","NeowsBlessing","Replay:Arrowhead","hubris:OldNail","Art of War","Oddly Smooth Stone","theForsaken:PaleLantern","ReplayTheSpireMod:ShopPack","Meat on the Bone","Ancient Tea Set"],"acts_visited":["Exordium","TheCity"],"potions_floor_usage":[6,6,12,13,22,23,31],"damage_taken":[{"damage":0,"enemies":"2 Louse","floor":1,"turns":1},{"damage":0,"enemies":"Small Slimes","floor":2,"turns":1},{"damage":0,"enemies":"Jaw Worm","floor":3,"turns":1},{"damage":14,"enemies":"Gremlin Gang","floor":4,"turns":5},{"damage":6,"enemies":"HollowMod:MossKnight","floor":6,"turns":8},{"damage":9,"enemies":"Exordium Thugs","floor":8,"turns":5},{"damage":6,"enemies":"Looter","floor":10,"turns":3},{"damage":21,"enemies":"3 Louse","floor":12,"turns":3},{"damage":4,"enemies":"conspire:MimicChest","floor":13,"turns":7},{"damage":7,"enemies":"Fading Forest","floor":16,"turns":11},{"damage":4,"enemies":"3 Byrds","floor":18,"turns":4},{"damage":5,"enemies":"Spheric Guardian","floor":20,"turns":4},{"damage":43,"enemies":"Snake Plant","floor":22,"turns":5},{"damage":20,"enemies":"Replay:Snechameleon","floor":23,"turns":8},{"damage":10,"enemies":"Cultist and Chosen","floor":28,"turns":7},{"damage":4,"enemies":"Snecko","floor":31,"turns":4},{"damage":61,"enemies":"Automaton","floor":33,"turns":8}],"seed_played":"345845201129448751","potions_obtained":[{"floor":2,"key":"Dexterity Potion"},{"floor":4,"key":"FearPotion"},{"floor":6,"key":"Adrenaline Potion"},{"floor":12,"key":"Fruit Juice"},{"floor":13,"key":"conspire:TimeTravelPotion"},{"floor":20,"key":"Explosive Potion"},{"floor":23,"key":"Slimebound:ThreeZeroPotion"}],"is_trial":false,"path_per_floor":["M","M","M","M","?","E","R","M","T","M","R","M","?","$","R","B",null,"M","$","M","?","M","E","R","?","T","R","M","R","?","M","R","B"],"character_chosen":"SHADE","items_purchased":["Oddly Smooth Stone","Shade:CloudOfShrapnel","ReplayTheSpireMod:ShopPack"],"campfire_rested":3,"item_purchase_floors":[14,14,19],"current_hp_per_floor":[65,65,65,51,51,45,45,36,36,30,30,14,10,10,31,34,70,66,66,61,61,35,15,36,36,36,36,38,59,59,58,58,0,0],"gold":270,"neow_bonus":"THREE_ENEMY_KILL","is_daily":false,"chose_seed":false,"campfire_upgraded":4,"win_rate":0.0,"timestamp":1612396732,"path_taken":["M","M","M","M","?","E","R","M","T","M","R","M","?","$","R","BOSS","M","$","?","?","M","E","R","?","T","R","M","R","?","M","R","BOSS"],"items_purchased_type":["Relic","Card","Relic"],"build_version":"2020-12-22","purchased_purges":0,"victory":false,"max_hp_per_floor":[65,65,65,65,65,65,65,65,65,65,65,70,70,70,70,70,70,70,70,70,70,70,70,70,70,70,70,70,70,70,70,70,70,70],"card_choices":[{"not_picked":["Shade:FuneraryArmor","Shade:LyeBath"],"picked":"Shade:SkeletonArmy","floor":1},{"not_picked":["Shade:FeralStrike","Shade:SpontaneousRitual"],"picked":"Shade:OpenGraves","floor":2},{"not_picked":["Shade:AncientSpear","Shade:Haruspicy"],"picked":"Shade:FuneraryJewels","floor":3},{"not_picked":["Shade:BoneShards","Shade:SpontaneousRitual"],"picked":"Shade:FingerOfDeath","floor":4},{"not_picked":["Shade:Premonition","Shade:Bonestorm"],"picked":"Shade:AuraOfUnlife","floor":6},{"not_picked":["Shade:CallWraith","Shade:SpontaneousRitual"],"picked":"Shade:FleshToFlesh","floor":8},{"not_picked":["Shade:ExtraLimbs","Shade:AblativeArmor"],"picked":"Shade:OpenGraves","floor":10},{"not_picked":["Shade:Frenzy","Shade:CommandSoldier"],"picked":"Shade:Bonestorm","floor":12},{"not_picked":["Shade:Premonition","Shade:FeralStrike"],"picked":"Shade:Bonestorm","floor":13},{"not_picked":["Shade:Consume","Shade:SelfBurial"],"picked":"Shade:UnbarTheGrave","floor":16},{"not_picked":["Shade:Excise","Shade:ClawBack"],"picked":"Shade:CommandSoldier+1","floor":18},{"not_picked":["ReplayTheSpireMod:Necrogeddon","The Bomb"],"picked":"Apotheosis","floor":19},{"not_picked":["Mind Blast","Replay:Sssssssssstrike"],"picked":"Jack Of All Trades","floor":19},{"not_picked":["Madness","Impatience"],"picked":"Good Instincts","floor":19},{"not_picked":["Shade:DangerousRitual","Shade:GraveStillness"],"picked":"Shade:CallOfTheGrave","floor":20},{"not_picked":["Shade:RavenousHorde","Shade:AncientSpear"],"picked":"Shade:FingerOfDeath","floor":22},{"not_picked":["Shade:FreshBones","Shade:ClawBack"],"picked":"Shade:SensePrey","floor":23},{"not_picked":["Shade:FeralStrike","Shade:Asphyxiate+1"],"picked":"Shade:Bite_Shade","floor":28},{"not_picked":["Shade:ClawBack","Shade:PotionOfRestlessness"],"picked":"Shade:CommandSoldier","floor":31}],"player_experience":408686,"relics_obtained":[{"floor":6,"key":"hubris:OldNail"},{"floor":13,"key":"Art of War"},{"floor":23,"key":"Meat on the Bone"},{"floor":26,"key":"Ancient Tea Set"}],"event_choices":[{"damage_healed":0,"gold_gain":0,"player_choice":"Box","damage_taken":0,"relics_obtained":["Replay:Arrowhead"],"max_hp_gain":0,"max_hp_loss":0,"event_name":"Big Fish","floor":5,"gold_loss":0,"cards_obtained":["Regret"]},{"damage_healed":0,"gold_gain":0,"player_choice":"Simplicity","damage_taken":0,"max_hp_gain":0,"max_hp_loss":0,"event_name":"Back to Basics","floor":21,"gold_loss":0,"cards_upgraded":["Shade:Strike_Shade","Shade:Strike_Shade","Shade:Strike_Shade","Shade:Strike_Shade","Shade:Defend_Shade","Shade:Defend_Shade","Shade:Defend_Shade","Shade:Defend_Shade"]},{"damage_healed":0,"gold_gain":99,"player_choice":"Stole From Cult","damage_taken":0,"max_hp_gain":0,"max_hp_loss":0,"event_name":"Nest","floor":30,"gold_loss":0}],"is_beta":false,"boss_relics":[{"not_picked":["Kintsugi","Empty Cage"],"picked":"theForsaken:PaleLantern"}],"items_purged_floors":[],"is_endless":false,"potions_floor_spawned":[2,4,6,12,13,20,23],"killed_by":"Automaton","ascension_level":0}}