{"host":"h5acbxt0wmjo1kpm","time":1612346016,"event":{"mods":["2.2 Compatiblity","Act Like it!","AlwaysNeverKeys","Aspiration","Bard","Bartender","BaseMod","Better Third Choice","Colored Map","Downfall","Elementarium","Gensokyo","GifTheSpireLib","Hallownest","Marisa????????","Menagerie","Minty Spire (QoL Compilation)","Permanent Neow","Potionbrewer","Quick Restart","Relic Filter","Reliquary","Robot Space Explorer","RumiaBox-????????","Shade Mod","Spicy Shops","StSLib","Strawberry Spire","The Blackbeard","The Dragon Tamer","The Gatherer","The Hayseed","The Problem Sleuth","The Servant 0.9.4","Wandering Minibosses","Wide Potions"],"gold_per_floor":[99,117,137,151,61,91,91,91,117,132,17,52,52,65,84,184,184,184,200,155,171,241,241,241,241,241,273,273,300,312,312,329,427,427,427,439,439,487,0,15,15,42,52,84,103,121,21,21,21],"floor_reached":47,"language":"ENG","playtime":3090,"items_purged":["bronze:Strike","Hallownest:curseDreamersLament"],"score":709,"play_id":"437fae52-0a3d-43c9-9c34-c64deea28d0e","local_time":"20210203015336","is_ascension_mode":true,"campfire_choices":[{"data":"bronze:Goto","floor":1,"key":"SMITH"},{"data":"bronze:Boost","floor":8,"key":"SMITH"},{"data":"bronze:Virus","floor":13,"key":"SMITH"},{"data":"bronze:Flail","floor":18,"key":"SMITH"},{"data":"bronze:CloningBeam","floor":25,"key":"SMITH"},{"data":"bronze:Optimize","floor":28,"key":"SMITH"},{"floor":35,"key":"RECALL"},{"data":"bronze:Repair","floor":47,"key":"SMITH"}],"circlet_count":0,"master_deck":["bronze:Strike","bronze:Strike","bronze:Strike","bronze:Defend","bronze:Defend","bronze:Defend","bronze:Defend","bronze:Replicate","bronze:OilSpill","bronze:GetLatest","bronze:Boost+1","bronze:Flail+1","bronze:ChildClass","bronze:Optimize+1","bronze:FineTuning","bronze:Virus+1","bronze:CloningBeam+1","bronze:Optimize","bronze:FineTuning+1","bronze:FunctionCard","bronze:Repulsor+1","bronze:Library+1","theSleuth:MortholDryax","bronze:Repair+1","bronze:RecursiveStrike+1","bronze:Terminator+1"],"relics":["Cursed Key","GodSword5","aspiration:SeaSaltIceCream","Cracked Core","Ccalipers","strawberrySpire:ShipInABottle","potionbrewer:BhaskarasWheel","wanderingMiniBosses:CarrionFlame","Singing Bowl","HornCleat","reliquary:Knoch","aspiration:RunicSpoon","Happy Flower","GodSword6","aspiration:VileToxins","reliquary:PartyBalloon","strawberrySpire:TinySteamboat","downfall:HeartBlessingRed"],"acts_visited":["Menagerie:Menagerie","Hallownest:CityofTears","Gensokyo:Gensokyoest"],"potions_floor_usage":[21,29,43,44,44],"damage_taken":[{"damage":0,"enemies":"Menagerie:2_RABBITS","floor":2,"turns":4},{"damage":0,"enemies":"Menagerie:StygianBoar","floor":3,"turns":2},{"damage":0,"enemies":"Menagerie:MonstrousExperiment","floor":4,"turns":4},{"damage":2,"enemies":"downfall:FleeingMerchant","floor":5,"turns":4},{"damage":1,"enemies":"Gensokyo:Aya","floor":6,"turns":3},{"damage":5,"enemies":"Menagerie:Hydra","floor":9,"turns":4},{"damage":1,"enemies":"Menagerie:MENAGERIE_WILDLIFE","floor":10,"turns":1},{"damage":2,"enemies":"downfall:FleeingMerchant","floor":11,"turns":7},{"damage":4,"enemies":"Menagerie:MaskedSummoner","floor":12,"turns":6},{"damage":4,"enemies":"Menagerie:EntropyWarlock","floor":14,"turns":3},{"damage":0,"enemies":"Menagerie:BEAST_MAGE_AND_PROWLING_AMALGAM","floor":15,"turns":5},{"damage":5,"enemies":"SI_SHIV_ARCHETYPE","floor":16,"turns":5},{"damage":14,"enemies":"Hallownest:Guard_and_Sentry","floor":19,"turns":4},{"damage":9,"enemies":"Hallownest:3_Youths","floor":21,"turns":4},{"damage":5,"enemies":"downfall:FleeingMerchant","floor":22,"turns":4},{"damage":11,"enemies":"Hallownest:Nosk","floor":27,"turns":8},{"damage":0,"enemies":"Hallownest:eliteWatcherKnight","floor":29,"turns":8},{"damage":6,"enemies":"Hallownest:2_Flukemon","floor":30,"turns":3},{"damage":0,"enemies":"Hallownest:Master_and_Novice","floor":32,"turns":1},{"damage":12,"enemies":"DF_ARCHETYPE_CLAW","floor":33,"turns":5},{"damage":10,"enemies":"Gensokyo:3_Bats","floor":36,"turns":3},{"damage":0,"enemies":"Gensokyo:3_Boulders","floor":40,"turns":3},{"damage":12,"enemies":"Gensokyo:Marisa","floor":42,"turns":4},{"damage":0,"enemies":"Gensokyo:Rafflesia","floor":43,"turns":5},{"damage":0,"enemies":"Gensokyo:Kasen","floor":44,"turns":6},{"damage":0,"enemies":"Gensokyo:Dusk_and_Dawn","floor":45,"turns":2},{"damage":74,"enemies":"Gensokyo:AtlasGolem","floor":46,"turns":5}],"seed_played":"4811621169054774679","potions_obtained":[{"floor":3,"key":"potionbrewer:AcidPotion"},{"floor":4,"key":"potionbrewer:QuicksilverPotion"},{"floor":14,"key":"Explosive Potion"},{"floor":16,"key":"Regen Potion"},{"floor":27,"key":"ColorlessPotion"},{"floor":29,"key":"DuplicationPotion"},{"floor":43,"key":"potionbrewer:DiscountPotion"}],"is_trial":false,"path_per_floor":["R","M","M","M","$","?","T","R","E","M","$","E","R","M","M","B",null,"R","M","?","M","$","?","T","R","?","E","R","E","M","T","M","B",null,"R","M","?","T","$","M","T","E","M","E","M","M","R"],"character_chosen":"THE_AUTOMATON","items_purchased":["Singing Bowl","GodSword6","bronze:Repair","aspiration:VileToxins"],"campfire_rested":0,"item_purchase_floors":[22,39,39,39],"current_hp_per_floor":[70,70,70,70,68,67,67,67,62,61,59,55,55,51,51,46,70,70,56,63,65,60,76,76,76,72,63,63,63,59,59,61,49,82,82,74,62,62,62,72,72,68,88,88,90,18,18,18,18],"gold":21,"neow_bonus":"BOSS_RELIC","is_daily":false,"chose_seed":false,"campfire_upgraded":7,"win_rate":0.0,"timestamp":1612346016,"path_taken":["R","M","M","M","$","?","T","R","E","M","$","E","R","?","M","BOSS","R","M","?","M","$","?","T","R","?","E","R","E","M","?","M","BOSS","R","M","?","?","$","?","T","E","M","E","M","M","R"],"items_purchased_type":["Relic","Relic","Card","Relic"],"build_version":"2020-12-22","purchased_purges":2,"victory":false,"max_hp_per_floor":[70,70,70,70,70,70,70,70,70,70,70,70,70,70,70,70,70,70,70,76,76,76,76,76,76,76,78,78,78,80,80,82,82,82,82,84,84,84,84,86,86,86,88,88,90,92,92,92,92],"card_choices":[{"not_picked":["bronze:WhirlingStrike","bronze:Branch"],"picked":"bronze:OilSpill","floor":2},{"not_picked":["bronze:Shell","bronze:BronzeOrb"],"picked":"bronze:Branch","floor":3},{"not_picked":["bronze:Branch","bronze:InfiniteBeams"],"picked":"bronze:GetLatest","floor":4},{"not_picked":["bronze:Constructor","bronze:Shell"],"picked":"bronze:Boost","floor":5},{"not_picked":["bronze:BitShift","bronze:GetLatest"],"picked":"bronze:Flail","floor":6},{"not_picked":["bronze:Invalidate","bronze:Frontload"],"picked":"bronze:ChildClass","floor":9},{"not_picked":["bronze:FineTuning","bronze:DelayedGuard"],"picked":"bronze:Optimize","floor":10},{"not_picked":["bronze:OilSpill","bronze:Invalidate"],"picked":"bronze:FineTuning","floor":11},{"not_picked":["bronze:Shield","bronze:FineTuning"],"picked":"bronze:Virus","floor":12},{"not_picked":["bronze:NullPointer+1","bronze:BitShift"],"picked":"bronze:CloningBeam","floor":14},{"not_picked":["bronze:BugBarrage","bronze:Frontload+1"],"picked":"bronze:Optimize","floor":15},{"not_picked":["bronze:InfiniteLoop","bronze:Virus"],"picked":"bronze:Hardcode+1","floor":16},{"not_picked":["bronze:Overheat","bronze:DelayedSlice+1"],"picked":"bronze:CutThrough+1","floor":19},{"not_picked":["bronze:NullPointer","bronze:Branch"],"picked":"bronze:FineTuning+1","floor":21},{"not_picked":["bronze:ClassDefault","bronze:Allocate+1","bronze:DigitalCarnage+1"],"picked":"SKIP","floor":22},{"not_picked":["bronze:Overload+1","bronze:Turbo","bronze:InfiniteBeams+1"],"picked":"Singing Bowl","floor":27},{"not_picked":["bronze:OilSpill+1","bronze:Deprecate+1"],"picked":"bronze:Repulsor+1","floor":29},{"not_picked":["bronze:CutThrough","bronze:Optimize","bronze:BuggyMess+1"],"picked":"Singing Bowl","floor":30},{"not_picked":["bronze:Iterate","bronze:DelayedSlice","bronze:Deprecate+1"],"picked":"Singing Bowl","floor":32},{"not_picked":["bronze:Format","bronze:ThunderWave"],"picked":"bronze:Library+1","floor":33},{"not_picked":["bronze:Shield+1","bronze:Separator+1","bronze:DelayedSlice+1"],"picked":"Singing Bowl","floor":36},{"not_picked":["bronze:OilSpill","bronze:ForceShield+1","bronze:Overload+1"],"picked":"Singing Bowl","floor":40},{"not_picked":["bronze:CutThrough+1","bronze:Iterate"],"picked":"bronze:RecursiveStrike+1","floor":42},{"not_picked":["bronze:BugBarrage+1","bronze:ForceShield","bronze:Iterate+1"],"picked":"Singing Bowl","floor":43},{"not_picked":["bronze:OilSpill+1","bronze:Turbo"],"picked":"bronze:Terminator+1","floor":44},{"not_picked":["bronze:BuggyMess+1","bronze:Shell","bronze:Frontload+1"],"picked":"Singing Bowl","floor":45},{"not_picked":["bronze:CloningBeam+1","bronze:Branch","bronze:Break+1"],"picked":"Singing Bowl","floor":46}],"player_experience":2654589,"relics_obtained":[{"floor":6,"key":"GodSword5"},{"floor":7,"key":"aspiration:SeaSaltIceCream"},{"floor":9,"key":"Ccalipers"},{"floor":12,"key":"strawberrySpire:ShipInABottle"},{"floor":19,"key":"wanderingMiniBosses:CarrionFlame"},{"floor":27,"key":"HornCleat"},{"floor":29,"key":"reliquary:Knoch"},{"floor":38,"key":"Happy Flower"},{"floor":42,"key":"reliquary:PartyBalloon"},{"floor":44,"key":"strawberrySpire:TinySteamboat"}],"event_choices":[{"damage_healed":0,"gold_gain":0,"player_choice":"Release","damage_taken":0,"max_hp_gain":0,"max_hp_loss":0,"event_name":"Menagerie:StasisChamber","floor":6,"gold_loss":0}],"is_beta":false,"boss_relics":[{"not_picked":["Black Star","strawberrySpire:JuiceKeg"],"picked":"potionbrewer:BhaskarasWheel"},{"not_picked":["Coffee Dripper","aspiration:IroncladSkillbook"],"picked":"aspiration:RunicSpoon"}],"items_purged_floors":[5,11],"is_endless":false,"potions_floor_spawned":[3,4,14,16,19,27,29,40,42,43],"ascension_level":2}}