{"host":"2c1pg2m9wpz3w4c0","time":1612395857,"event":{"mods":["AchievementEnabler","Act Like it!","Aspiration","BaseMod","Better Note","BetterRewards","Curses Come First","Disable Question Mark Monsters","Halation","Hubris","Infinite Spire","Lotus Mark","Marisa????????","Minty Spire (QoL Compilation)","Replay The Spire","StSLib","SuperFastMode","The Clintock","The Jungle","The Marked","The Runesmith","Transform Curses"],"gold_per_floor":[119,136,136,155,230,230,246,246,293,293,293,313,333,350,350,445,445,461,461,461,165,165,165,165,22,46,46,146,162,191,206,206,323,323,343,343,343,363,363,405,405,405,429,429,429,429,447,467,467,482,482],"floor_reached":50,"language":"ENG","playtime":2707,"items_purged":[],"score":528,"play_id":"92d738e4-57fa-48f7-b6a5-1233262a666c","local_time":"20210203164417","is_ascension_mode":false,"campfire_choices":[{"floor":6,"key":"REST"},{"floor":10,"key":"REST"},{"data":"Accuracy","floor":15,"key":"SMITH"},{"data":"Outmaneuver","floor":23,"key":"SMITH"},{"data":"Tactician","floor":24,"key":"SMITH"},{"floor":32,"key":"REST"},{"floor":41,"key":"REST"},{"floor":44,"key":"REST"},{"floor":49,"key":"DIG"}],"circlet_count":0,"master_deck":["Strike_G","Strike_G","Strike_G","Strike_G","Strike_G","Defend_G","Defend_G","Defend_G","Defend_G","Defend_G","Survivor","Neutralize","Accuracy+1","Outmaneuver","hubris:SlightOfHand","Blade Dance","Cloak And Dagger+1","Dagger Throw","Tactician+1","Backstab","Outmaneuver+1","Underhanded Strike","ReplayTheSpireMod:Speed Training","Adrenaline","Accuracy+1","Feed+1","Dagger Throw+1","Hidden Blade","Quick Slash","lotusMarks:FullBloom+1","lotusMarks:Mark+1","Storm of Steel+1","Dodge and Roll+1","Cloak And Dagger+1","Calculated Gamble","lotusMarks:Mark","Phantasmal Killer+1"],"relics":["Ring of the Snake","halation:QuantumPhysicsTextbook","aspiration:HummingbirdHeart","CultistMask","hubris:Towel","infinitespire:Beetle Shell","Vampiric Spirits","HoveringKite","Golden Egg","Tiny Chest","halation:AfternoonTea","Ornamental Fan","halation:IllGainedPizza","Replay:Rubber Ducky","ReplayTheSpireMod:Shallot","halation:PinkSoulGem","infinitespire:Joker Card","Chameleon Ring","ReplayTheSpireMod:TigerMarble","aspiration:TomeofQuesting","Matryoshka"],"acts_visited":["Exordium","theJungle:Jungle","TheBeyond"],"potions_floor_usage":[16,16,33,33,35,38,38,40,40,47,47,47,47,47,47,47,48,48],"damage_taken":[{"damage":0,"enemies":"2 Louse","floor":1,"turns":3},{"damage":0,"enemies":"Cultist","floor":2,"turns":3},{"damage":0,"enemies":"Small Slimes","floor":4,"turns":4},{"damage":3,"enemies":"3 Louse","floor":7,"turns":4},{"damage":2,"enemies":"Blue Slaver","floor":12,"turns":4},{"damage":0,"enemies":"Red Slaver","floor":13,"turns":3},{"damage":3,"enemies":"Exordium Thugs","floor":14,"turns":6},{"damage":20,"enemies":"Hexaghost","floor":16,"turns":11},{"damage":17,"enemies":"theJungle:MUSHROOMGANG","floor":18,"turns":7},{"damage":30,"enemies":"JungleHuntersEvent","floor":27,"turns":9},{"damage":0,"enemies":"Shell Parasite","floor":29,"turns":3},{"damage":20,"enemies":"Nightmare","floor":30,"turns":6},{"damage":22,"enemies":"theJungle:Lyon","floor":31,"turns":5},{"damage":37,"enemies":"theJungle:QueenSpyder","floor":33,"turns":19},{"damage":3,"enemies":"3 Shapes","floor":35,"turns":6},{"damage":22,"enemies":"Orb Walker","floor":38,"turns":4},{"damage":48,"enemies":"Reptomancer","floor":40,"turns":7},{"damage":0,"enemies":"3 Darklings","floor":47,"turns":3},{"damage":0,"enemies":"Transient","floor":48,"turns":5},{"damage":79,"enemies":"hubris:GrandSnecko","floor":50,"turns":9}],"seed_played":"1245449776661326374","potions_obtained":[{"floor":2,"key":"Elixir"},{"floor":4,"key":"AttackPotion"},{"floor":7,"key":"PowerPotion"},{"floor":29,"key":"Milkshake"},{"floor":31,"key":"Reflective Coating"},{"floor":33,"key":"Explosive Potion"},{"floor":35,"key":"EntropicBrew"},{"floor":46,"key":"Languid Potion"},{"floor":46,"key":"EntropicBrew"},{"floor":47,"key":"SteroidPotion"}],"is_trial":false,"path_per_floor":["M","M","?","M","?","R","M","?","T","R","T","M","M","M","R","B",null,"M","?","?","$","?","R","R","$","T","?","?","M","NM","M","R","B",null,"M","T","T","M","?","E","R","T","T","R","T","R","M","M","R","B"],"character_chosen":"THE_SILENT","items_purchased":["Accuracy","aspiration:HummingbirdHeart","Outmaneuver","hubris:SlightOfHand","Blade Dance","Golden Egg","Dagger Throw","Tiny Chest"],"campfire_rested":5,"item_purchase_floors":[0,0,0,0,0,21,21,25],"current_hp_per_floor":[38,38,38,38,27,48,45,45,45,66,66,68,70,67,67,50,70,53,53,53,53,62,62,62,62,62,40,40,41,27,15,37,23,74,75,75,75,56,56,26,49,49,49,72,72,72,78,78,78,0,0],"gold":482,"neow_bonus":"","is_daily":false,"chose_seed":false,"campfire_upgraded":3,"win_rate":0.0,"timestamp":1612395857,"path_taken":["M","M","?","?","?","R","M","?","T","R","?","?","M","M","R","BOSS","M","?","?","$","?","R","R","$","T","?","?","?","NM","M","R","BOSS","M","?","?","?","?","E","R","?","T","R","?","R","M","M","R","BOSS"],"items_purchased_type":["Card","Relic","Card","Card","Card","Relic","Card","Relic"],"build_version":"2020-12-22","purchased_purges":0,"victory":false,"max_hp_per_floor":[70,70,70,70,70,70,70,70,70,70,70,70,70,70,70,70,70,70,70,70,70,70,70,70,70,70,70,70,70,70,74,74,74,74,78,78,78,78,78,78,78,78,78,78,78,78,78,78,78,78,78],"card_choices":[{"not_picked":["Slice","Sneak Up"],"picked":"Cloak And Dagger","floor":1},{"not_picked":["Blade Dance","Bane"],"picked":"Dagger Throw","floor":2},{"not_picked":["Expertise","Slice"],"picked":"Tactician","floor":4},{"not_picked":["Acrobatics","lotusMarks:LotusStrike"],"picked":"Backstab","floor":7},{"not_picked":["lotusMarks:LotusSlash","Fluid Movement"],"picked":"Outmaneuver","floor":12},{"not_picked":["Slice","Noxious Fumes"],"picked":"Underhanded Strike","floor":13},{"not_picked":["Acrobatics","Bane"],"picked":"ReplayTheSpireMod:Speed Training","floor":14},{"not_picked":["Phantasmal Killer","Corpse Explosion"],"picked":"Adrenaline","floor":16},{"not_picked":["Blade Dance","Flying Knee"],"picked":"Accuracy+1","floor":18},{"not_picked":["Backflip","Dodge and Roll"],"picked":"Hidden Blade","floor":27},{"not_picked":["Underhanded Strike","Endless Agony"],"picked":"Quick Slash","floor":29},{"not_picked":["Grand Finale","Bouncing Flask"],"picked":"lotusMarks:FullBloom+1","floor":30},{"not_picked":["Prepared","Slice"],"picked":"lotusMarks:Mark+1","floor":31},{"not_picked":["ReplayTheSpireMod:From All Sides","Atom Bomb"],"picked":"Storm of Steel","floor":33},{"not_picked":["ReplayTheSpireMod:Exploit Weakness+1","Skewer+1"],"picked":"Dodge and Roll+1","floor":35},{"not_picked":["hubris:SlightOfHand+1","Sucker Punch+1"],"picked":"Cloak And Dagger+1","floor":38},{"not_picked":["Choke","ReplayTheSpireMod:Exploit Weakness+1"],"picked":"Calculated Gamble","floor":40},{"not_picked":["Choke","Infinite Blades"],"picked":"lotusMarks:Mark","floor":47},{"not_picked":["lotusMarks:SeasonOfFire","Dodge and Roll"],"picked":"Phantasmal Killer","floor":48}],"player_experience":1218351,"relics_obtained":[{"floor":9,"key":"infinitespire:Beetle Shell"},{"floor":11,"key":"Vampiric Spirits"},{"floor":26,"key":"halation:AfternoonTea"},{"floor":27,"key":"Ornamental Fan"},{"floor":30,"key":"halation:IllGainedPizza"},{"floor":36,"key":"Replay:Rubber Ducky"},{"floor":37,"key":"ReplayTheSpireMod:Shallot"},{"floor":40,"key":"infinitespire:Joker Card"},{"floor":42,"key":"Chameleon Ring"},{"floor":43,"key":"ReplayTheSpireMod:TigerMarble"},{"floor":45,"key":"aspiration:TomeofQuesting"},{"floor":49,"key":"Matryoshka"}],"event_choices":[{"damage_healed":0,"gold_gain":0,"player_choice":"Trade","damage_taken":0,"relics_obtained":["CultistMask"],"max_hp_gain":0,"max_hp_loss":0,"event_name":"FaceTrader","floor":3,"gold_loss":0},{"damage_healed":0,"gold_gain":75,"player_choice":"Gather Gold","damage_taken":11,"max_hp_gain":0,"max_hp_loss":0,"event_name":"World of Goop","floor":5,"gold_loss":0},{"damage_healed":0,"gold_gain":0,"player_choice":"Upgraded","damage_taken":0,"max_hp_gain":0,"max_hp_loss":0,"event_name":"Upgrade Shrine","floor":19,"gold_loss":0,"cards_upgraded":["Cloak And Dagger"]},{"cards_removed":["Cloak And Dagger"],"damage_healed":0,"gold_gain":0,"player_choice":"Take \u0026 Give","damage_taken":0,"max_hp_gain":0,"max_hp_loss":0,"event_name":"betterNote:BetterNote","floor":20,"gold_loss":0,"cards_obtained":["Feed"]},{"damage_healed":0,"gold_gain":100,"player_choice":"Pray","damage_taken":0,"max_hp_gain":0,"max_hp_loss":0,"event_name":"Golden Shrine","floor":28,"gold_loss":0}],"is_beta":false,"boss_relics":[{"not_picked":["halation:PinkAlligatorPlush","halation:ForbiddenBikini"],"picked":"HoveringKite"},{"not_picked":["halation:Yufonium","hubris:GrandSneckoEye","Snecko Scales"]}],"items_purged_floors":[],"is_endless":true,"potions_floor_spawned":[2,4,7,13,29,31,33,35,47],"killed_by":"hubris:GrandSnecko","ascension_level":0}}