{"host":"zi8hgkvmbjur1a9v","time":1612371276,"event":{"mods":["AchievementEnabler","AlwaysNeverKeys","Aspiration","BaseMod","BetterRewards","Colored Map","Colored Powertips","Conspire","Downfall","Energized Spire","Friendly Minions","Hubris","Infinite Spire","Minty Spire (QoL Compilation)","Permanent Neow","Quick Restart","Relic Filter","Replay The Spire","Shop Mod","StSLib"],"gold_per_floor":[0,16,30,43,43,61,61,114,124,124,152,170,170,205,222,222,222,222],"floor_reached":16,"language":"ENG","playtime":876,"items_purged":[],"score":129,"play_id":"1250bfc3-5f08-4835-b2dc-4d1c1d7a2976","local_time":"20210203115436","is_ascension_mode":false,"campfire_choices":[{"data":"Replay:Dark Deal","floor":1,"key":"SMITH"}],"circlet_count":0,"master_deck":["champ:Strike","champ:Strike","champ:Strike","champ:Strike","champ:Defend","champ:Defend","champ:Defend","champ:Defend","champ:Execute","champ:Taunt","Replay:Dark Deal+1","champ:Duel","champ:ShieldSlam","champ:FalseCounter","Normality","champ:ShieldWall","champ:Lariat","infinitespire:Punishment","champ:HeavySlash","champ:FocusedDefense","champ:CrookedStrike"],"relics":["champ:ChampionCrown","Ring of Peace","Ring of Fangs","infinitespire:CheckeredPen","Smiling Mask","hubris:OldNail","hubris:Metronome","hubris:KleinBottle","hubris:FruitBowl","ReplayTheSpireMod:Lightbulb","Replay:Ringing Soul"],"acts_visited":["Exordium"],"potions_floor_usage":[11,11,12],"damage_taken":[{"damage":3,"enemies":"2 Louse","floor":2,"turns":2},{"damage":4,"enemies":"Cultist","floor":3,"turns":3},{"damage":11,"enemies":"Small Slimes","floor":4,"turns":3},{"damage":8,"enemies":"3 Louse","floor":6,"turns":3},{"damage":29,"enemies":"Blue Slaver","floor":9,"turns":4},{"damage":0,"enemies":"Lagavulin","floor":11,"turns":4},{"damage":0,"enemies":"2 Fungi Beasts","floor":12,"turns":4},{"damage":0,"enemies":"conspire:MimicChest","floor":14,"turns":4},{"damage":0,"enemies":"Red Slaver","floor":15,"turns":3},{"damage":23,"enemies":"WA_ARCHETYPE_RETAIN","floor":16,"turns":4}],"seed_played":"-5292317871315005208","potions_obtained":[{"floor":6,"key":"PowerPotion"},{"floor":9,"key":"champ:UltimateStancePotion"},{"floor":11,"key":"SkillPotion"},{"floor":14,"key":"SpeedPotion"}],"is_trial":false,"path_per_floor":["R","M","M","M","?","M","T","T","M","$","E","M","?","?","M","B"],"character_chosen":"THE_CHAMP","items_purchased":["hubris:OldNail","hubris:Metronome","hubris:KleinBottle","hubris:FruitBowl"],"campfire_rested":0,"item_purchase_floors":[10,10,10,10],"current_hp_per_floor":[90,87,83,82,82,74,74,74,65,1,1,1,1,1,5,0,0,0],"gold":222,"neow_bonus":"RANDOM_COLORLESS_2","is_daily":false,"chose_seed":false,"campfire_upgraded":1,"win_rate":0.0,"timestamp":1612371276,"path_taken":["R","M","M","M","?","M","T","?","?","?","E","M","?","?","M","BOSS"],"items_purchased_type":["Relic","Relic","Relic","Relic"],"build_version":"2020-12-22","purchased_purges":0,"victory":false,"max_hp_per_floor":[90,90,90,90,90,90,90,90,90,90,90,90,90,90,94,94,94,94],"card_choices":[{"not_picked":["Violence","Chrysalis"],"picked":"Replay:Dark Deal","floor":0},{"not_picked":["champ:GutPunch","champ:FancyFootwork"],"picked":"champ:Duel","floor":2},{"not_picked":["champ:BladeFlurry","champ:PreciseThrust"],"picked":"champ:ShieldSlam","floor":3},{"not_picked":["champ:Shatter","champ:BerserkersShout"],"picked":"champ:FalseCounter","floor":4},{"not_picked":["champ:StanceDance","champ:CalledShot"],"picked":"champ:ShieldWall","floor":6},{"not_picked":["champ:FalseCounter","champ:FanOfKnives"],"picked":"champ:Lariat","floor":9},{"not_picked":["infinitespire:NeuralNetwork","infinitespire:Menacing"],"picked":"infinitespire:Punishment","floor":10},{"not_picked":["champ:Haymaker","champ:PreemptiveStrike"],"picked":"champ:HeavySlash","floor":11},{"not_picked":["champ:DefensiveShout","champ:Haymaker"],"picked":"champ:FocusedDefense","floor":12},{"not_picked":["champ:PerfectedStrike","champ:HeartStrike"],"picked":"champ:CrookedStrike","floor":15}],"player_experience":607638,"relics_obtained":[{"floor":5,"key":"Ring of Peace"},{"floor":5,"key":"Ring of Fangs"},{"floor":7,"key":"infinitespire:CheckeredPen"},{"floor":8,"key":"Smiling Mask"},{"floor":11,"key":"ReplayTheSpireMod:Lightbulb"},{"floor":14,"key":"Replay:Ringing Soul"}],"event_choices":[{"damage_healed":0,"gold_gain":0,"player_choice":"Fled","damage_taken":0,"max_hp_gain":0,"max_hp_loss":0,"event_name":"Scrap Ooze","floor":13,"gold_loss":0}],"is_beta":false,"boss_relics":[],"items_purged_floors":[],"is_endless":false,"potions_floor_spawned":[6,9,11,14],"killed_by":"WA_ARCHETYPE_RETAIN","ascension_level":0}}