{"host":"684z1xpuwaoqmmh1","time":1612369439,"event":{"mods":["A Magickal Journey","BaseMod","Dio Mod","Downfall","Hermit","Jorbs\u0027s Wanderer Trilogy","Marisa????????","Minty Spire (QoL Compilation)","Robot Space Explorer","Shade Mod","StSLib","The Dragon Tamer","The Elementalist","The Hayseed","The Hierophant","The Marked","The Mystic","The Runesmith","The Saiyan","The Vixen","TheBandit","TheFirefly"],"gold_per_floor":[88,106,120,132,147,179,191,219,219,219,219,219,250,269,269,364,364,381,394,414,414,15,46,64,97,97,126,139,164,176,206,206,304,304,319,338,361,179,195,230,230,289,341,377,377,387,387,387,387,387,387,387,25,59,59],"floor_reached":56,"language":"ENG","playtime":3388,"items_purged":["Saiyan:LastResort+1"],"score":1733,"play_id":"a36f3226-bf70-49d7-a310-d358c42421b5","local_time":"20210203182359","is_ascension_mode":true,"campfire_choices":[{"data":"Saiyan:SenzuBean","floor":10,"key":"SMITH"},{"data":"Saiyan:SuperSaiyanForm","floor":12,"key":"SMITH"},{"data":"Saiyan:AugmentedBlast","floor":15,"key":"SMITH"},{"data":"Saiyan:TransfigurationBeam","floor":32,"key":"SMITH"},{"floor":41,"key":"RECALL"},{"data":"Saiyan:MajinSeal","floor":45,"key":"SMITH"},{"data":"Saiyan:RuthlessBlow","floor":47,"key":"SMITH"},{"data":"Saiyan:PlotArmor","floor":49,"key":"SMITH"},{"data":"Saiyan:BurningSoul","floor":52,"key":"SMITH"}],"circlet_count":0,"master_deck":["Saiyan:SAIYA_Strike+1","Saiyan:SAIYA_Defend+1","Saiyan:SAIYA_Defend+1","Saiyan:SAIYA_Defend+1","Saiyan:EnergyBlast","Saiyan:KaioKen+1","Saiyan:RuthlessBlow+1","Saiyan:AugmentedBlast+1","Saiyan:Flurry","Saiyan:RemoveWeights+1","Saiyan:SuperSaiyanForm+1","Saiyan:MonkeyTail+1","Saiyan:BackAttack","Saiyan:Flurry","Saiyan:SenzuBean+1","Saiyan:Makankosappo+1","Saiyan:KameHameHa+1","Saiyan:TransfigurationBeam+1","Saiyan:PlotArmor+1","Saiyan:Quickening","Saiyan:TurtleShell+1","Saiyan:PlotArmor","Saiyan:MajinSeal+1","Saiyan:Overexert+1","Saiyan:TheBomb+1","Saiyan:BurningSoul+1","Saiyan:BurningSoul","Saiyan:PlotArmor+1","Saiyan:SuperSaiyanForm+1","Saiyan:PowerUp"],"relics":["SaiyanSoul","SaiyanHeart","Orichalcum","Matryoshka","Guardian:PocketSentry","The Courier","bronze:BronzeIdol","Strawberry","Busted Crown","Ancient Tea Set","Oddly Smooth Stone","sneckomod:BlankCard","Pear","Shuriken","Tiny Chest","Potion Belt","Toy Ornithopter","Akabeko","Bag of Preparation","Runesmith:Nanobots","Question Card","Boot","Whetstone","Ice Cream","War Paint","Astrolabe","CeramicFish","TheAbacus","Nunchaku","Peace Pipe","PreservedInsect","Guardian:GemstoneGun","hexamod:BolsterEngine","MealTicket","Bag of Marbles","Thread and Needle","DollysMirror","Lantern","hexamod:CandleOfCauterizing"],"acts_visited":["Exordium","TheCity","TheBeyond","TheEnding"],"potions_floor_usage":[6,8,18,20,20,24,27,28,31,31,40,40,40,40,42,44,46,46,55,55,55,55],"damage_taken":[{"damage":0,"enemies":"Cultist","floor":1,"turns":3},{"damage":0,"enemies":"Jaw Worm","floor":2,"turns":4},{"damage":0,"enemies":"2 Louse","floor":3,"turns":4},{"damage":15,"enemies":"Exordium Thugs","floor":4,"turns":5},{"damage":0,"enemies":"Large Slime","floor":5,"turns":4},{"damage":13,"enemies":"3 Sentries","floor":6,"turns":6},{"damage":5,"enemies":"3 Louse","floor":7,"turns":4},{"damage":0,"enemies":"Gremlin Nob","floor":8,"turns":2},{"damage":4,"enemies":"Lagavulin","floor":13,"turns":5},{"damage":4,"enemies":"Lots of Slimes","floor":14,"turns":5},{"damage":0,"enemies":"The Guardian","floor":16,"turns":11},{"damage":0,"enemies":"Chosen","floor":18,"turns":7},{"damage":0,"enemies":"3 Byrds","floor":19,"turns":7},{"damage":9,"enemies":"Snecko","floor":20,"turns":7},{"damage":1,"enemies":"Slavers","floor":23,"turns":6},{"damage":1,"enemies":"Shelled Parasite and Fungi","floor":24,"turns":7},{"damage":6,"enemies":"Gremlin Leader","floor":25,"turns":5},{"damage":6,"enemies":"Book of Stabbing","floor":27,"turns":3},{"damage":0,"enemies":"Snake Plant","floor":28,"turns":1},{"damage":3,"enemies":"Slavers","floor":29,"turns":5},{"damage":0,"enemies":"Snecko","floor":30,"turns":1},{"damage":0,"enemies":"Book of Stabbing","floor":31,"turns":2},{"damage":0,"enemies":"Automaton","floor":33,"turns":7},{"damage":2,"enemies":"3 Shapes","floor":35,"turns":3},{"damage":0,"enemies":"Orb Walker","floor":36,"turns":4},{"damage":0,"enemies":"Transient","floor":37,"turns":5},{"damage":4,"enemies":"3 Darklings","floor":39,"turns":4},{"damage":24,"enemies":"Giant Head","floor":40,"turns":9},{"damage":14,"enemies":"Mind Bloom Boss Battle","floor":42,"turns":7},{"damage":1,"enemies":"Reptomancer","floor":44,"turns":6},{"damage":0,"enemies":"Jaw Worm Horde","floor":46,"turns":3},{"damage":57,"enemies":"Awakened One","floor":50,"turns":8},{"damage":58,"enemies":"Shield and Spear","floor":54,"turns":6},{"damage":34,"enemies":"The Heart","floor":55,"turns":6}],"seed_played":"8611496166590070508","potions_obtained":[{"floor":1,"key":"Strength Potion"},{"floor":2,"key":"Swift Potion"},{"floor":4,"key":"bronze:BurnAndBuffPotion"},{"floor":13,"key":"EssenceOfSteel"},{"floor":14,"key":"Guardian:BlockOnCardUsePotion"},{"floor":19,"key":"FearPotion"},{"floor":25,"key":"Regen Potion"},{"floor":27,"key":"Explosive Potion"},{"floor":29,"key":"SteroidPotion"},{"floor":30,"key":"champ:CounterPotion"},{"floor":35,"key":"FearPotion"},{"floor":42,"key":"Dexterity Potion"},{"floor":44,"key":"sneckomod:MuddlingPotion"}],"is_trial":false,"path_per_floor":["M","M","M","M","M","E","M","E","T","R","?","R","E","M","R","B",null,"M","M","M","?","$","E","M","E","T","E","M","E","M","E","R","B",null,"M","M","M","$","M","E","R","?","T","E","R","M","R","?","R","B",null,"R","$","E","B",null],"character_chosen":"SAIYAJIN","items_purchased":["Pear","Shuriken","TheAbacus","Thread and Needle","DollysMirror"],"campfire_rested":0,"item_purchase_floors":[22,22,38,53,53],"current_hp_per_floor":[61,62,63,50,52,40,36,36,36,36,36,36,33,38,38,39,80,81,82,73,73,83,84,85,79,79,88,94,93,94,102,102,103,103,102,103,104,104,101,95,95,87,87,92,92,103,103,103,103,47,107,107,107,49,38],"gold":59,"neow_bonus":"REMOVE_CARD","is_daily":false,"chose_seed":false,"campfire_upgraded":8,"win_rate":0.0,"timestamp":1612369439,"path_taken":["M","M","?","M","M","E","M","E","T","R","?","R","E","M","R","BOSS","M","M","M","?","$","E","M","E","T","E","M","E","M","E","R","BOSS","M","M","M","$","M","E","R","?","T","E","R","M","R","?","R","BOSS","R","$","E","BOSS"],"items_purchased_type":["Relic","Relic","Relic","Relic","Relic"],"build_version":"2020-12-22","purchased_purges":1,"victory":true,"max_hp_per_floor":[61,62,63,65,67,68,69,69,69,69,69,69,70,79,79,80,80,81,82,82,82,92,94,96,96,96,97,98,100,101,102,102,103,103,104,105,106,106,107,109,109,110,110,111,111,112,112,106,106,107,107,107,107,107,110],"card_choices":[{"not_picked":["Saiyan:Afterimage","Saiyan:MeteorDash"],"picked":"Saiyan:AugmentedBlast","floor":1},{"not_picked":["Saiyan:RemoveWeights","Saiyan:DragonFist"],"picked":"Saiyan:Flurry","floor":2},{"not_picked":["Saiyan:PlotArmor","Saiyan:Planning"],"picked":"Saiyan:RemoveWeights","floor":3},{"not_picked":["Saiyan:ExpandingShockwave","Saiyan:Endure"],"picked":"Saiyan:SuperSaiyanForm","floor":4},{"not_picked":["Saiyan:DoubleMasenko","Saiyan:FinalFlash"],"picked":"Saiyan:MonkeyTail","floor":5},{"not_picked":["Saiyan:DoubleMasenko","Saiyan:PlotArmor"],"picked":"Saiyan:BackAttack","floor":6},{"not_picked":["Saiyan:DragonFist","Saiyan:FingerParry"],"picked":"Saiyan:Flurry","floor":7},{"not_picked":["Saiyan:Reset","Saiyan:PlotArmor"],"picked":"Saiyan:SenzuBean","floor":8},{"not_picked":["Saiyan:DragonFist","Saiyan:DrainingStrike"],"picked":"Saiyan:Makankosappo","floor":13},{"not_picked":["Saiyan:Kienzan","Saiyan:Quickening"],"picked":"Saiyan:KameHameHa","floor":14},{"not_picked":["Saiyan:SenzuBean","Saiyan:TheBomb"],"picked":"Saiyan:TransfigurationBeam","floor":16},{"not_picked":[],"picked":"Saiyan:PlotArmor","floor":18},{"not_picked":["Saiyan:SaiyanHubris"],"picked":"SKIP","floor":19},{"not_picked":["Saiyan:AugmentedBlast"],"picked":"SKIP","floor":20},{"not_picked":["Saiyan:Planning"],"picked":"SKIP","floor":23},{"not_picked":["Saiyan:Makankosappo+1"],"picked":"SKIP","floor":24},{"not_picked":["Saiyan:SaiyanHubris"],"picked":"SKIP","floor":25},{"not_picked":[],"picked":"Saiyan:Quickening","floor":27},{"not_picked":["Saiyan:RemoveWeights"],"picked":"Saiyan:TurtleShell+1","floor":28},{"not_picked":["Saiyan:KameHameHa"],"picked":"Saiyan:PlotArmor","floor":29},{"not_picked":["Saiyan:FingerParry+1","Saiyan:SaiyanHubris"],"picked":"SKIP","floor":30},{"not_picked":["Saiyan:Flurry","Saiyan:LastResort"],"picked":"SKIP","floor":31},{"not_picked":["Saiyan:Rekindle"],"picked":"Saiyan:MajinSeal","floor":33},{"not_picked":["Saiyan:Pacing","Saiyan:FingerParry"],"picked":"SKIP","floor":35},{"not_picked":["Saiyan:DoubleMasenko+1","Saiyan:Pacing+1"],"picked":"SKIP","floor":36},{"not_picked":["Saiyan:PlotArmor","Saiyan:BurningSoul"],"picked":"SKIP","floor":37},{"not_picked":["Saiyan:PlotArmor"],"picked":"Saiyan:BurningSoul","floor":37},{"not_picked":["Saiyan:BigBangAttack","Saiyan:MeteorDash+1"],"picked":"SKIP","floor":39},{"not_picked":["Saiyan:TurtleShell","Saiyan:Flurry+1"],"picked":"SKIP","floor":40},{"not_picked":["Saiyan:DragonFist+1"],"picked":"Saiyan:BurningSoul","floor":42},{"not_picked":["Saiyan:SaiyanHubris+1"],"picked":"Saiyan:PlotArmor+1","floor":44},{"not_picked":["Saiyan:Makankosappo","Saiyan:MonkeyTail"],"picked":"SKIP","floor":46},{"not_picked":["Saiyan:KiExplosion"],"picked":"Saiyan:PowerUp","floor":54}],"player_experience":2982074,"relics_obtained":[{"floor":6,"key":"Orichalcum"},{"floor":8,"key":"Matryoshka"},{"floor":9,"key":"Guardian:PocketSentry"},{"floor":9,"key":"The Courier"},{"floor":13,"key":"bronze:BronzeIdol"},{"floor":14,"key":"Strawberry"},{"floor":18,"key":"Ancient Tea Set"},{"floor":19,"key":"Oddly Smooth Stone"},{"floor":20,"key":"sneckomod:BlankCard"},{"floor":23,"key":"Tiny Chest"},{"floor":23,"key":"Potion Belt"},{"floor":24,"key":"Toy Ornithopter"},{"floor":25,"key":"Akabeko"},{"floor":26,"key":"Bag of Preparation"},{"floor":26,"key":"Runesmith:Nanobots"},{"floor":27,"key":"Question Card"},{"floor":29,"key":"Boot"},{"floor":29,"key":"Whetstone"},{"floor":31,"key":"Ice Cream"},{"floor":33,"key":"War Paint"},{"floor":36,"key":"CeramicFish"},{"floor":40,"key":"Nunchaku"},{"floor":40,"key":"Peace Pipe"},{"floor":42,"key":"PreservedInsect"},{"floor":42,"key":"Guardian:GemstoneGun"},{"floor":44,"key":"hexamod:BolsterEngine"},{"floor":44,"key":"MealTicket"},{"floor":46,"key":"Bag of Marbles"},{"floor":54,"key":"Lantern"},{"floor":54,"key":"hexamod:CandleOfCauterizing"}],"event_choices":[{"damage_healed":0,"gold_gain":0,"player_choice":"Grow","damage_taken":0,"max_hp_gain":0,"max_hp_loss":0,"event_name":"Living Wall","floor":11,"gold_loss":0,"cards_upgraded":["Saiyan:MonkeyTail"]},{"damage_healed":0,"gold_gain":0,"player_choice":"Simplicity","damage_taken":0,"max_hp_gain":0,"max_hp_loss":0,"event_name":"Back to Basics","floor":21,"gold_loss":0,"cards_upgraded":["Saiyan:SAIYA_Strike","Saiyan:SAIYA_Strike","Saiyan:SAIYA_Strike","Saiyan:SAIYA_Defend","Saiyan:SAIYA_Defend","Saiyan:SAIYA_Defend","Saiyan:SAIYA_Defend"]},{"damage_healed":0,"gold_gain":0,"player_choice":"Fight","damage_taken":0,"max_hp_gain":0,"max_hp_loss":0,"event_name":"MindBloom","floor":42,"gold_loss":0},{"damage_healed":0,"gold_gain":0,"player_choice":"Max HP","damage_taken":0,"max_hp_gain":0,"max_hp_loss":6,"event_name":"Winding Halls","floor":48,"gold_loss":0}],"is_beta":false,"boss_relics":[{"not_picked":["Coffee Dripper","Ectoplasm"],"picked":"Busted Crown"},{"not_picked":["Pandora\u0027s Box","Cursed Key"],"picked":"Astrolabe"}],"items_purged_floors":[38],"is_endless":false,"potions_floor_spawned":[1,2,4,13,14,19,25,27,29,30,35,42,44],"ascension_level":3}}