{"host":"p0hktren06injwdf","time":1612386024,"event":{"mods":["AchievementEnabler","BaseMod","Colored Map","DeckTracker","Minty Spire (QoL Compilation)","Permanent Neow","StSLib","SuperFastMode"],"gold_per_floor":[116,39,39,63,63,90,90,116,165,90,102,118,132,144,144,217,217,233,243,259,270,320,320,320,320,320],"floor_reached":25,"language":"KOR","playtime":472,"items_purged":["Strike_R"],"score":666,"play_id":"341d8da5-859a-4abc-9ad2-be72a8443cbf","local_time":"20210204060024","is_ascension_mode":true,"campfire_choices":[{"data":"Feel No Pain","floor":7,"key":"SMITH"},{"data":"Bash","floor":15,"key":"SMITH"},{"data":"Impervious","floor":24,"key":"SMITH"}],"circlet_count":0,"master_deck":["AscendersBane","Strike_R","Strike_R","Strike_R","Strike_R","Defend_R","Defend_R","Defend_R+1","Defend_R+1","Bash+1","Feel No Pain+1","Shrug It Off","Shrug It Off","Cleave+1","Heavy Blade+1","Impervious+1","Disarm","Body Slam+1","Flame Barrier+1"],"relics":["Burning Blood","NeowsBlessing","War Paint","Vajra","Molten Egg 2","MealTicket","Coffee Dripper"],"acts_visited":["Exordium","TheCity"],"potions_floor_usage":[14,16,23,25],"damage_taken":[{"damage":0,"enemies":"Cultist","floor":1,"turns":1},{"damage":0,"enemies":"Lagavulin","floor":6,"turns":1},{"damage":0,"enemies":"3 Sentries","floor":8,"turns":2},{"damage":0,"enemies":"2 Louse","floor":11,"turns":3},{"damage":4,"enemies":"Jaw Worm","floor":12,"turns":3},{"damage":33,"enemies":"Exordium Thugs","floor":13,"turns":7},{"damage":15,"enemies":"Large Slime","floor":14,"turns":8},{"damage":0,"enemies":"The Guardian","floor":16,"turns":9},{"damage":12,"enemies":"2 Thieves","floor":18,"turns":5},{"damage":10,"enemies":"Shell Parasite","floor":19,"turns":7},{"damage":42,"enemies":"Sentry and Sphere","floor":20,"turns":10},{"damage":19,"enemies":"Centurion and Healer","floor":21,"turns":7},{"damage":0,"enemies":"Book of Stabbing","floor":23,"turns":1},{"damage":43,"enemies":"Chosen and Byrds","floor":25,"turns":7}],"seed_played":"7181209497725396571","potions_obtained":[{"floor":8,"key":"BloodPotion"},{"floor":11,"key":"PowerPotion"},{"floor":14,"key":"SmokeBomb"},{"floor":16,"key":"FearPotion"},{"floor":20,"key":"PowerPotion"}],"is_trial":false,"path_per_floor":["M","$","$","T","?","E","R","E","T","$","M","M","M","M","R","B",null,"M","M","M","M","?","E","R","M"],"character_chosen":"IRONCLAD","items_purchased":["Feel No Pain"],"campfire_rested":0,"item_purchase_floors":[2],"current_hp_per_floor":[74,74,74,74,79,80,80,80,80,80,80,80,53,60,60,66,77,71,67,31,18,18,24,24,0,0],"gold":320,"neow_bonus":"THREE_ENEMY_KILL","is_daily":false,"chose_seed":false,"campfire_upgraded":3,"win_rate":0.0,"timestamp":1612386024,"path_taken":["M","?","$","?","?","E","R","E","T","$","M","M","M","M","R","BOSS","M","M","M","M","?","E","R","M"],"items_purchased_type":["Card"],"build_version":"2020-12-22","purchased_purges":1,"victory":false,"max_hp_per_floor":[75,75,75,75,80,80,80,80,80,80,80,80,80,80,80,80,80,80,80,80,80,80,80,80,80,80],"card_choices":[{"not_picked":["Clash","Heavy Blade","Blood for Blood"],"picked":"SKIP","floor":1},{"not_picked":["Wild Strike","Carnage","Searing Blow"],"picked":"SKIP","floor":6},{"not_picked":["Uppercut+1","Anger+1"],"picked":"Shrug It Off","floor":8},{"not_picked":["Warcry","Armaments","Headbutt+1"],"picked":"SKIP","floor":11},{"not_picked":["Bloodletting","Havoc"],"picked":"Shrug It Off","floor":12},{"not_picked":["Berserk","Anger+1"],"picked":"Cleave+1","floor":13},{"not_picked":["Spot Weakness","Wild Strike+1"],"picked":"Heavy Blade+1","floor":14},{"not_picked":["Double Tap","Brutality"],"picked":"Impervious","floor":16},{"not_picked":["Sword Boomerang+1","Heavy Blade+1"],"picked":"Disarm","floor":18},{"not_picked":["Infernal Blade","Sword Boomerang+1"],"picked":"Body Slam+1","floor":19},{"not_picked":["Carnage+1","True Grit","Twin Strike+1"],"picked":"SKIP","floor":20},{"not_picked":["Sever Soul+1","Rampage+1"],"picked":"Flame Barrier+1","floor":21}],"player_experience":996633,"relics_obtained":[{"floor":4,"key":"War Paint"},{"floor":6,"key":"Vajra"},{"floor":8,"key":"Molten Egg 2"},{"floor":9,"key":"MealTicket"}],"event_choices":[{"damage_healed":0,"gold_gain":0,"player_choice":"Donut","damage_taken":0,"max_hp_gain":5,"max_hp_loss":0,"event_name":"Big Fish","floor":5,"gold_loss":0},{"damage_healed":0,"gold_gain":50,"player_choice":"Pray","damage_taken":0,"max_hp_gain":0,"max_hp_loss":0,"event_name":"Golden Shrine","floor":22,"gold_loss":0}],"is_beta":false,"boss_relics":[{"not_picked":["Black Star","SacredBark"],"picked":"Coffee Dripper"}],"items_purged_floors":[10],"is_endless":false,"potions_floor_spawned":[8,11,14,16,20,23],"killed_by":"Chosen and Byrds","ascension_level":20}}