{"host":"fj5i6t4nkss7815d","time":1612333029,"event":{"mods":["AchievementEnabler","BaseMod","Minty Spire (QoL Compilation)","Quick Restart","Relic Stats"],"gold_per_floor":[119,136,5,80,80,123,123,161,214,248,269,284,284,324,324,407,416,411,429,25,44,44,44,87,87,111,111,26,40,69,69,69,69,69],"floor_reached":33,"language":"ENG","playtime":1606,"items_purged":["Strike_G","Wraith Form v2"],"score":682,"play_id":"938e981f-9f5d-42b9-874a-88b192b460cc","local_time":"20210202221709","is_ascension_mode":true,"campfire_choices":[{"data":"Bane","floor":7.0,"key":"SMITH"},{"floor":13.0,"key":"REST"},{"data":"Bouncing Flask","floor":15.0,"key":"SMITH"},{"floor":23.0,"key":"REST"},{"floor":25.0,"key":"REST"},{"floor":27.0,"key":"REST"},{"floor":32,"key":"REST"}],"circlet_count":0,"master_deck":["AscendersBane","Strike_G","Strike_G","Strike_G","Defend_G","Defend_G","Defend_G","Survivor","Neutralize","Slice","Crippling Poison","Bane+1","Bouncing Flask+1","Dagger Spray","Poisoned Stab","Blur","Backflip","Burst","CurseOfTheBell","Noxious Fumes+1","Noxious Fumes","Grand Finale","Noxious Fumes","Footwork","Dagger Throw+1"],"relics":["Ring of the Snake","NeowsBlessing","CeramicFish","Ancient Tea Set","Oddly Smooth Stone","Mercury Hourglass","Smiling Mask","Calling Bell","Strawberry","Darkstone Periapt","Prayer Wheel","Shuriken","Sundial","Bag of Marbles","StrikeDummy","Toy Ornithopter"],"acts_visited":["Exordium","TheCity"],"potions_floor_usage":[33],"damage_taken":[{"damage":0.0,"enemies":"2 Louse","floor":1.0,"turns":1.0},{"damage":0.0,"enemies":"Cultist","floor":2.0,"turns":1.0},{"damage":0.0,"enemies":"Lagavulin","floor":6.0,"turns":1.0},{"damage":6.0,"enemies":"Gremlin Nob","floor":8.0,"turns":3.0},{"damage":21.0,"enemies":"Lagavulin","floor":10.0,"turns":4.0},{"damage":0.0,"enemies":"Small Slimes","floor":11.0,"turns":2.0},{"damage":0.0,"enemies":"2 Fungi Beasts","floor":12.0,"turns":2.0},{"damage":0.0,"enemies":"Gremlin Nob","floor":14.0,"turns":3.0},{"damage":4.0,"enemies":"The Guardian","floor":16.0,"turns":8.0},{"damage":16.0,"enemies":"2 Thieves","floor":18.0,"turns":5.0},{"damage":22.0,"enemies":"Shell Parasite","floor":21.0,"turns":7.0},{"damage":39.0,"enemies":"Book of Stabbing","floor":24.0,"turns":5.0},{"damage":6.0,"enemies":"Snake Plant","floor":29.0,"turns":3.0},{"damage":42,"enemies":"Gremlin Leader","floor":30,"turns":7},{"damage":32,"enemies":"Champ","floor":33,"turns":10}],"seed_played":"-423451057748113286","potions_obtained":[{"floor":2.0,"key":"ColorlessPotion"},{"floor":8.0,"key":"Ancient Potion"},{"floor":10.0,"key":"DuplicationPotion"},{"floor":18.0,"key":"BlessingOfTheForge"}],"is_trial":false,"path_per_floor":["M","M","$","?","?","E","R","E","T","E","M","M","R","E","R","B",null,"M","?","$","M","?","R","E","R","T","R","?","M","E","?","R","B"],"character_chosen":"THE_SILENT","items_purchased":["Bane","Noxious Fumes","Shuriken"],"campfire_rested":5,"item_purchase_floors":[3,20,20],"current_hp_per_floor":[59,59,59,48,48,48,48,42,42,21,21,21,40,40,40,36,66,50,50,50,28,28,49,10,31,31,52,52,46,4,19,40,13,13],"gold":69,"neow_bonus":"THREE_ENEMY_KILL","is_daily":false,"chose_seed":false,"campfire_upgraded":2,"win_rate":0.0,"timestamp":1612333029,"path_taken":["M","M","$","?","?","E","R","E","T","E","?","M","R","E","R","BOSS","M","?","$","M","?","R","E","R","T","R","?","M","E","?","R","BOSS"],"items_purchased_type":["Card","Card","Relic"],"build_version":"2020-12-22","purchased_purges":2,"victory":false,"max_hp_per_floor":[66,66,66,66,66,66,66,66,66,66,66,66,66,66,66,66,73,73,73,73,73,73,73,73,73,73,73,73,73,73,73,73,73,73],"relic_stats":{"Darkstone Periapt":0,"counters":[15,62],"Shuriken":[6],"Sundial":[2],"CeramicFish":126,"Prayer Wheel":3,"Smiling Mask":50,"obtain_stats":[{"Darkstone Periapt":17,"NeowsBlessing":0,"CeramicFish":6,"Oddly Smooth Stone":9,"Ancient Tea Set":8,"Smiling Mask":14,"Mercury Hourglass":10,"Calling Bell":17,"Shuriken":20,"Sundial":24,"Strawberry":17,"Prayer Wheel":17,"Bag of Marbles":26,"StrikeDummy":28,"Toy Ornithopter":30,"Ring of the Snake":0},{"Darkstone Periapt":9,"NeowsBlessing":0,"CeramicFish":3,"Oddly Smooth Stone":4,"Ancient Tea Set":4,"Smiling Mask":8,"Mercury Hourglass":5,"Calling Bell":9,"Shuriken":10,"Sundial":12,"Strawberry":9,"Prayer Wheel":9,"Bag of Marbles":12,"StrikeDummy":12,"Toy Ornithopter":14,"Ring of the Snake":0},{"Darkstone Periapt":25,"NeowsBlessing":0,"CeramicFish":3,"Oddly Smooth Stone":6,"Ancient Tea Set":6,"Smiling Mask":17,"Mercury Hourglass":10,"Calling Bell":25,"Shuriken":30,"Sundial":42,"Strawberry":25,"Prayer Wheel":25,"Bag of Marbles":42,"StrikeDummy":42,"Toy Ornithopter":52,"Ring of the Snake":0}],"Toy Ornithopter":5,"Ring of the Snake":[30],"Mercury Hourglass":[141]},"card_choices":[{"not_picked":["Dagger Throw","Cloak And Dagger"],"picked":"Slice","floor":1.0},{"not_picked":["Cloak And Dagger","Flying Knee"],"picked":"Crippling Poison","floor":2.0},{"not_picked":["Unload","Backflip"],"picked":"Bouncing Flask","floor":6.0},{"not_picked":["Concentrate","Riddle With Holes"],"picked":"Dagger Spray","floor":8.0},{"not_picked":["Concentrate","Well Laid Plans"],"picked":"Poisoned Stab","floor":10.0},{"not_picked":["Deflect","Bane"],"picked":"Blur","floor":11.0},{"not_picked":["Blade Dance","Slice","Flechettes"],"picked":"SKIP","floor":12.0},{"not_picked":["Dagger Throw","Sucker Punch"],"picked":"Backflip","floor":14.0},{"not_picked":["Storm of Steel","Malaise"],"picked":"Burst","floor":16.0},{"not_picked":["Dodge and Roll","Flying Knee"],"picked":"Noxious Fumes+1","floor":18.0},{"not_picked":["Tactician+1","All Out Attack"],"picked":"Noxious Fumes","floor":18.0},{"not_picked":["Bane","Sucker Punch"],"picked":"Footwork","floor":21.0},{"not_picked":["Night Terror","Bane","Prepared"],"picked":"SKIP","floor":21.0},{"not_picked":["Tactician","Concentrate"],"picked":"Dagger Throw+1","floor":24.0},{"not_picked":["Backflip","Expertise+1","Acrobatics"],"picked":"SKIP","floor":29.0},{"not_picked":["Eviscerate","Dagger Throw+1","Bane"],"picked":"SKIP","floor":29.0},{"not_picked":["Blade Dance","Glass Knife","Predator"],"picked":"SKIP","floor":30}],"player_experience":996621,"relics_obtained":[{"floor":6.0,"key":"CeramicFish"},{"floor":8.0,"key":"Ancient Tea Set"},{"floor":9.0,"key":"Oddly Smooth Stone"},{"floor":10.0,"key":"Mercury Hourglass"},{"floor":14.0,"key":"Smiling Mask"},{"floor":17.0,"key":"Strawberry"},{"floor":17.0,"key":"Darkstone Periapt"},{"floor":17.0,"key":"Prayer Wheel"},{"floor":24.0,"key":"Sundial"},{"floor":26.0,"key":"Bag of Marbles"},{"floor":30,"key":"Toy Ornithopter"}],"event_choices":[{"damage_healed":0.0,"max_hp_gain":0.0,"max_hp_loss":0.0,"gold_gain":75.0,"event_name":"World of Goop","player_choice":"Gather Gold","floor":4.0,"gold_loss":0.0,"damage_taken":11.0},{"cards_removed":["Defend_G"],"damage_healed":0.0,"max_hp_gain":0.0,"max_hp_loss":0.0,"gold_gain":0.0,"event_name":"Purifier","player_choice":"Purged","floor":5.0,"gold_loss":0.0,"damage_taken":0.0},{"damage_healed":0.0,"max_hp_gain":0.0,"max_hp_loss":0.0,"gold_gain":0.0,"cards_transformed":["Strike_G","Defend_G"],"event_name":"Drug Dealer","player_choice":"Became Test Subject","floor":19.0,"gold_loss":0.0,"damage_taken":0.0,"cards_obtained":["Wraith Form v2","Grand Finale"]},{"damage_healed":0.0,"max_hp_gain":0.0,"max_hp_loss":0.0,"gold_gain":0.0,"event_name":"Vampires","player_choice":"Ignored","floor":22.0,"gold_loss":0.0,"damage_taken":0.0},{"damage_healed":0.0,"max_hp_gain":0.0,"max_hp_loss":0.0,"gold_gain":0.0,"event_name":"Addict","player_choice":"Obtained Relic","floor":28.0,"gold_loss":85.0,"damage_taken":0.0,"relics_obtained":["StrikeDummy"]},{"damage_healed":15,"gold_gain":0,"player_choice":"Heal","damage_taken":0,"max_hp_gain":0,"max_hp_loss":0,"event_name":"The Library","floor":31,"gold_loss":0}],"is_beta":false,"boss_relics":[{"not_picked":["Ectoplasm","Busted Crown"],"picked":"Calling Bell"}],"items_purged_floors":[3,20],"is_endless":false,"potions_floor_spawned":[2,8,10,12,18,21],"killed_by":"Champ","ascension_level":18}}