{"host":"sc0o2qwpf9j16a4i","time":1612361833,"event":{"mods":["AchievementEnabler","BaseMod","BetterRewards","Block Reminder","Colored Map","Colored Powertips","Custom Start","Highlight Path","Minty Spire (QoL Compilation)","Relic Stats"],"gold_per_floor":[110,110,185,185,150,178,209,220,296,315,38,63,73,83,83,179,179,192,192,217,248,266,294,326,355,435,469,469,485,502,49,49,152,152,164,15,237,270,1269,1299,1329,494,519,26,46,73,73,105,105,105],"floor_reached":51,"language":"ENG","playtime":2117,"items_purged":["Strike_B","Normality"],"score":1187,"play_id":"4d8cea86-20b5-4cbc-af0c-42d4605ff95e","local_time":"20210203161713","daily_mods":["Allstar","Flight","DeadlyEvents"],"is_ascension_mode":false,"campfire_choices":[{"data":"Beam Cell","floor":15,"key":"SMITH"},{"floor":28,"key":"REST"},{"data":"Sadistic Nature","floor":32,"key":"SMITH"},{"data":"Hologram","floor":47,"key":"SMITH"},{"data":"Turbo","floor":49,"key":"SMITH"}],"circlet_count":0,"master_deck":["Strike_B+1","Defend_B+1","Defend_B","Defend_B","Defend_B","Zap","Dualcast+1","Blind","Jack Of All Trades","Blind","Secret Weapon+1","Sadistic Nature+1","Cold Snap","Ball Lightning","Coolheaded","Go for the Eyes","Conserve Battery","Beam Cell+1","Compile Driver+1","Leap","All For One","Double Energy","Hologram+1","Gash","Coolheaded+1","FTL","Gash","Turbo","Compile Driver","Barrage","All For One+1","Electrodynamics","Barrage+1","Recycle+1","Normality","Echo Form","Hologram+1","Sadistic Nature+1","Glacier","Secret Technique","FTL","Turbo+1","Coolheaded+1","Sweeping Beam+1","Steam+1"],"relics":["Cracked Core","Bag of Preparation","MealTicket","Strawberry","Symbiotic Virus","Question Card","Pear","Inserter","Centennial Puzzle","Mercury Hourglass","Bronze Scales","FossilizedHelix","Red Mask","Shuriken","Orichalcum","Akabeko","Whetstone","Empty Cage","Sling","Boot","White Beast Statue","Frozen Egg 2","DollysMirror","Bag of Marbles","Art of War","War Paint","DataDisk","TungstenRod","Regal Pillow","Turnip"],"acts_visited":["Exordium","TheCity","TheBeyond"],"potions_floor_usage":[12,16,21,21,24,25,40,50],"damage_taken":[{"damage":8,"enemies":"Jaw Worm","floor":1,"turns":2},{"damage":14,"enemies":"Gremlin Nob","floor":6,"turns":5},{"damage":14,"enemies":"3 Sentries","floor":7,"turns":7},{"damage":0,"enemies":"Small Slimes","floor":8,"turns":2},{"damage":0,"enemies":"Cultist","floor":10,"turns":2},{"damage":12,"enemies":"Gremlin Nob","floor":12,"turns":4},{"damage":0,"enemies":"2 Fungi Beasts","floor":13,"turns":2},{"damage":0,"enemies":"Large Slime","floor":14,"turns":4},{"damage":0,"enemies":"The Guardian","floor":16,"turns":9},{"damage":0,"enemies":"3 Byrds","floor":18,"turns":4},{"damage":4,"enemies":"Book of Stabbing","floor":21,"turns":4},{"damage":17,"enemies":"2 Thieves","floor":22,"turns":2},{"damage":9,"enemies":"Gremlin Leader","floor":23,"turns":6},{"damage":14,"enemies":"Slavers","floor":24,"turns":4},{"damage":5,"enemies":"Masked Bandits","floor":25,"turns":3},{"damage":18,"enemies":"Gremlin Leader","floor":27,"turns":5},{"damage":0,"enemies":"Cultist and Chosen","floor":29,"turns":4},{"damage":0,"enemies":"Snecko","floor":30,"turns":4},{"damage":10,"enemies":"Champ","floor":33,"turns":5},{"damage":0,"enemies":"3 Shapes","floor":35,"turns":3},{"damage":0,"enemies":"Nemesis","floor":38,"turns":3},{"damage":0,"enemies":"Giant Head","floor":40,"turns":3},{"damage":7,"enemies":"Reptomancer","floor":41,"turns":6},{"damage":0,"enemies":"3 Darklings","floor":45,"turns":5},{"damage":5,"enemies":"Nemesis","floor":46,"turns":5},{"damage":0,"enemies":"Reptomancer","floor":48,"turns":4},{"damage":23,"enemies":"Time Eater","floor":50,"turns":11}],"seed_played":"5472381291072333093","potions_obtained":[{"floor":6,"key":"PotionOfCapacity"},{"floor":8,"key":"FocusPotion"},{"floor":13,"key":"GamblersBrew"},{"floor":16,"key":"BlessingOfTheForge"},{"floor":21,"key":"LiquidBronze"},{"floor":22,"key":"GamblersBrew"},{"floor":23,"key":"Fire Potion"},{"floor":27,"key":"AttackPotion"},{"floor":29,"key":"Explosive Potion"},{"floor":41,"key":"SpeedPotion"},{"floor":48,"key":"Block Potion"}],"is_trial":true,"path_per_floor":["M","?","?","?","?","E","E","M","T","M","$","E","M","M","R","B",null,"M","?","T","E","M","E","E","?","T","E","R","M","M","$","R","B",null,"M","$","?","E","?","E","E","$","T","$","M","E","R","E","R","B",null],"character_chosen":"DEFECT","items_purchased":["Question Card","Conserve Battery","All For One","Akabeko","Whetstone","Sling","DollysMirror","Glacier","Secret Technique","Bag of Marbles","Art of War","FTL","DataDisk","TungstenRod","Turbo"],"campfire_rested":1,"item_purchase_floors":[11,11,31,31,31,36,42,42,42,42,42,42,44,44,44],"current_hp_per_floor":[67,60,49,34,52,38,31,31,31,31,46,44,44,44,44,44,92,92,92,92,88,71,62,48,43,43,25,52,52,52,67,67,57,92,92,92,92,92,92,92,85,92,92,92,92,87,87,87,87,64],"gold":105,"neow_bonus":"","is_daily":false,"chose_seed":false,"campfire_upgraded":4,"win_rate":0.0,"timestamp":1612361833,"path_taken":["M","?","?","?","?","E","?","?","T","?","?","E","?","M","R","BOSS","M","?","?","?","?","E","E","?","T","?","R","M","?","$","R","BOSS","M","?","?","?","?","E","E","$","T","?","?","?","R","E","R","BOSS"],"items_purchased_type":["Relic","Card","Card","Relic","Relic","Relic","Relic","Card","Card","Relic","Relic","Card","Relic","Relic","Card"],"build_version":"2020-12-22","purchased_purges":2,"victory":true,"max_hp_per_floor":[75,75,75,75,75,75,82,82,82,82,82,92,92,92,92,92,92,92,92,92,92,92,92,92,92,92,92,92,92,92,92,92,92,92,92,92,92,92,92,92,92,92,92,92,92,92,92,92,92,92],"relic_stats":{"Regal Pillow":0,"Inserter":[40],"counters":[27,116],"Bag of Preparation":[52],"Whetstone":["Compile Driver","All For One"],"Orichalcum":[144],"War Paint":["Secret Weapon","Defend_B"],"Question Card":21,"Boot":[48],"Mercury Hourglass":[308],"Centennial Puzzle":[30],"Shuriken":[35],"Bronze Scales":[127],"MealTicket":37,"Turnip":[0],"Art of War":[4],"obtain_stats":[{"Regal Pillow":46,"Bag of Preparation":2,"Whetstone":31,"Empty Cage":34,"Sling":36,"Boot":38,"Centennial Puzzle":20,"DollysMirror":42,"Strawberry":7,"MealTicket":6,"Red Mask":25,"Cracked Core":0,"Pear":12,"Inserter":17,"Orichalcum":27,"Frozen Egg 2":41,"War Paint":43,"Question Card":11,"Akabeko":31,"White Beast Statue":40,"Mercury Hourglass":21,"DataDisk":44,"Shuriken":26,"Bronze Scales":23,"Turnip":48,"Bag of Marbles":42,"Art of War":42,"Symbiotic Virus":9,"FossilizedHelix":24,"TungstenRod":44},{"Regal Pillow":25,"Bag of Preparation":1,"Whetstone":18,"Empty Cage":19,"Sling":20,"Boot":21,"Centennial Puzzle":10,"DollysMirror":23,"Strawberry":3,"MealTicket":2,"Red Mask":15,"Cracked Core":0,"Pear":6,"Inserter":9,"Orichalcum":16,"Frozen Egg 2":23,"War Paint":23,"Question Card":5,"Akabeko":18,"White Beast Statue":22,"Mercury Hourglass":11,"DataDisk":23,"Shuriken":15,"Bronze Scales":13,"Turnip":26,"Bag of Marbles":23,"Art of War":23,"Symbiotic Virus":4,"FossilizedHelix":14,"TungstenRod":23},{"Regal Pillow":101,"Bag of Preparation":2,"Whetstone":72,"Empty Cage":77,"Sling":79,"Boot":82,"Centennial Puzzle":41,"DollysMirror":91,"Strawberry":14,"MealTicket":7,"Red Mask":59,"Cracked Core":0,"Pear":22,"Inserter":37,"Orichalcum":64,"Frozen Egg 2":91,"War Paint":91,"Question Card":18,"Akabeko":72,"White Beast Statue":85,"Mercury Hourglass":45,"DataDisk":91,"Shuriken":59,"Bronze Scales":53,"Turnip":105,"Bag of Marbles":91,"Art of War":91,"Symbiotic Virus":16,"FossilizedHelix":57,"TungstenRod":91}],"TungstenRod":5},"card_choices":[{"not_picked":["Blizzard","Compile Driver"],"picked":"Cold Snap","floor":1},{"not_picked":["Cold Snap","Go for the Eyes"],"picked":"Ball Lightning","floor":6},{"not_picked":["Blizzard","Gash"],"picked":"Coolheaded","floor":7},{"not_picked":["Auto Shields","Gash"],"picked":"Go for the Eyes","floor":8},{"not_picked":["Consume","Blizzard","Redo"],"picked":"SKIP","floor":10},{"not_picked":["Rebound","Fission","Consume"],"picked":"Beam Cell","floor":12},{"not_picked":["Self Repair","Reprogram","Double Energy"],"picked":"Compile Driver","floor":13},{"not_picked":["Rebound","Streamline","Steam"],"picked":"Leap","floor":14},{"not_picked":["Fission","Thunder Strike","Reboot"],"picked":"All For One","floor":16},{"not_picked":["Gash","Hello World","Static Discharge"],"picked":"Double Energy","floor":18},{"not_picked":["Hello World","Self Repair","Beam Cell"],"picked":"Hologram+1","floor":21},{"not_picked":["Conserve Battery","Ball Lightning","Blizzard"],"picked":"Gash","floor":22},{"not_picked":["Beam Cell","Fission","Heatsinks+1"],"picked":"Coolheaded+1","floor":23},{"not_picked":["Streamline","BootSequence","Ball Lightning"],"picked":"FTL","floor":24},{"not_picked":["Consume","Ball Lightning","Self Repair+1"],"picked":"Gash","floor":25},{"not_picked":["Rainbow","Steam","Beam Cell"],"picked":"Turbo","floor":27},{"not_picked":["Sweeping Beam","Gash","Consume+1"],"picked":"Compile Driver","floor":29},{"not_picked":["Conserve Battery+1","Ball Lightning","Storm+1"],"picked":"Barrage","floor":30},{"not_picked":["Biased Cognition","Multi-Cast","Core Surge"],"picked":"Electrodynamics","floor":33},{"not_picked":["Reinforced Body","Beam Cell","Leap+1"],"picked":"Barrage+1","floor":35},{"not_picked":["Leap+1","Tempest+1","Rip and Tear+1"],"picked":"Recycle+1","floor":38},{"not_picked":["All For One","Beam Cell+1","Glacier"],"picked":"Echo Form","floor":40},{"not_picked":["Capacitor+1","Hello World+1","Leap"],"picked":"Hologram","floor":41},{"not_picked":["Melter+1","Cold Snap+1","Skim"],"picked":"Coolheaded+1","floor":45},{"not_picked":["Ball Lightning+1","Beam Cell+1","Gash"],"picked":"Sweeping Beam+1","floor":46},{"not_picked":["Sweeping Beam+1","FTL","Turbo"],"picked":"Steam+1","floor":48}],"player_experience":1153108,"relics_obtained":[{"floor":6,"key":"MealTicket"},{"floor":7,"key":"Strawberry"},{"floor":9,"key":"Symbiotic Virus"},{"floor":12,"key":"Pear"},{"floor":20,"key":"Centennial Puzzle"},{"floor":21,"key":"Mercury Hourglass"},{"floor":23,"key":"Bronze Scales"},{"floor":24,"key":"FossilizedHelix"},{"floor":25,"key":"Red Mask"},{"floor":26,"key":"Shuriken"},{"floor":27,"key":"Orichalcum"},{"floor":38,"key":"Boot"},{"floor":40,"key":"White Beast Statue"},{"floor":41,"key":"Frozen Egg 2"},{"floor":43,"key":"War Paint"},{"floor":46,"key":"Regal Pillow"},{"floor":48,"key":"Turnip"}],"event_choices":[{"damage_healed":0,"gold_gain":0,"player_choice":"Success","damage_taken":7,"relics_obtained":["Bag of Preparation"],"max_hp_gain":0,"max_hp_loss":0,"event_name":"Scrap Ooze","floor":2,"gold_loss":0},{"damage_healed":0,"gold_gain":75,"player_choice":"Gather Gold","damage_taken":11,"max_hp_gain":0,"max_hp_loss":0,"event_name":"World of Goop","floor":3,"gold_loss":0},{"damage_healed":0,"gold_gain":0,"player_choice":"Entered Light","damage_taken":15,"max_hp_gain":0,"max_hp_loss":0,"event_name":"Shining Light","floor":4,"gold_loss":0,"cards_upgraded":["Strike_B","Dualcast"]},{"damage_healed":18,"gold_gain":0,"player_choice":"Healed","damage_taken":0,"max_hp_gain":0,"max_hp_loss":0,"event_name":"The Cleric","floor":5,"gold_loss":35},{"damage_healed":0,"gold_gain":0,"player_choice":"Ignored","damage_taken":0,"max_hp_gain":0,"max_hp_loss":0,"event_name":"Beggar","floor":19,"gold_loss":0},{"damage_healed":0,"gold_gain":0,"player_choice":"Fought Bandits","damage_taken":0,"max_hp_gain":0,"max_hp_loss":0,"event_name":"Masked Bandits","floor":25,"gold_loss":0},{"damage_healed":0,"gold_gain":222,"player_choice":"Wore Mask","damage_taken":0,"max_hp_gain":0,"max_hp_loss":0,"event_name":"Tomb of Lord Red Mask","floor":37,"gold_loss":0},{"damage_healed":0,"gold_gain":999,"player_choice":"Gold","damage_taken":0,"max_hp_gain":0,"max_hp_loss":0,"event_name":"MindBloom","floor":39,"gold_loss":0,"cards_obtained":["Normality","Normality"]}],"is_beta":false,"boss_relics":[{"not_picked":["Ectoplasm","Philosopher\u0027s Stone"],"picked":"Inserter"},{"not_picked":["Runic Dome","Velvet Choker"],"picked":"Empty Cage"}],"items_purged_floors":[31,42],"is_endless":false,"potions_floor_spawned":[6,8,13,16,21,22,23,27,29,38,41,45,46,48],"ascension_level":0}}