{"host":"dpe3norgfzki4jhi","time":1612361367,"event":{"mods":["AchievementEnabler","Act Like it!","BaseMod","Colored Map","Friendly Minions","Glutton Mod","Gremlin Mod","Luminous","Minty Spire (QoL Compilation)","StSLib","SuperFastMode","The Death Knight","The Dragon Tamer","The Runesmith","TheHeartMod","Youmu£¨ûëÛÞèí?£©","Yuyuko"],"gold_per_floor":[118,137,148,167,183,215,226,226,253,253,270,270,220,237,237,342,342,322,302,302,313,313,329,344,344,344,11,11,29,47,67,67,172,172,185,19,19,39,57,57,88,88,114,131,147,163,163,174,174,174,174,174,32,61,61,61,61],"floor_reached":55,"language":"KOR","playtime":4699,"items_purged":[],"score":711,"play_id":"6a82bdd5-64da-4f97-ba80-672ee10bc27e","local_time":"20210203230927","is_ascension_mode":false,"metric_token":1119,"campfire_choices":[{"data":"DTMod:Training","floor":8.0,"key":"SMITH"},{"data":"DTMod:Training","floor":10.0,"key":"SMITH"},{"data":"DTMod:Training","floor":12.0,"key":"SMITH"},{"floor":15.0,"key":"REST"},{"data":"DTMod:Dissolve","floor":25.0,"key":"SMITH"},{"data":"DTMod:DragonDance","floor":28.0,"key":"SMITH"},{"data":"DTMod:DarkBreath","floor":32.0,"key":"SMITH"},{"data":"DTMod:Dissolve","floor":40.0,"key":"SMITH"},{"data":"DTMod:LightShield","floor":42.0,"key":"SMITH"},{"floor":47.0,"key":"RECALL"},{"data":"DTMod:BizarreTactic","floor":49.0,"key":"SMITH"},{"data":"DTMod:Dissolve","floor":52.0,"key":"SMITH"}],"dtmod_dragon_data":[46,50,3,1,6,10],"circlet_count":0,"master_deck":["DTMod:Strike","DTMod:Strike","DTMod:Strike","DTMod:DoubleHit","DTMod:TargetDefense","DTMod:TargetDefense","DTMod:TargetDefense","DTMod:TargetDefense","DTMod:SwitchingTactic","DTMod:TagTeam","DTMod:LastStand","DTMod:Threaten","DTMod:Harmonize","DTMod:Training+1","DTMod:Training+1","DTMod:Training+1","DTMod:BlazingStrike","DTMod:LowKick","DTMod:LightShield+1","DTMod:BizarreTactic","DTMod:Dissolve+1","DTMod:CrossStep+1","DTMod:DarkBreath+1","DTMod:DragonDance+1","DTMod:Dissolve+1","DTMod:TagTeam","DTMod:SneakAttack","DTMod:Multitask","CurseOfTheBell","DTMod:ComboAttack+1","DTMod:Dissolve+1","DTMod:Dissolve+1","DTMod:SneakAttack+1","DTMod:BuildUp+1","DTMod:Dissolve+1","DTMod:CalculatedDefense+1","DTMod:BizarreTactic+1","DTMod:Weaken+1","DTMod:TauntingStrike","DTMod:Dissolve","DTMod:Dissolve+1","DTMod:Safeguard"],"relics":["DTMod:MagicStone","NeowsBlessing","Strawberry","Orichalcum","Enchiridion","Bottled Tornado","Membership Card","DTMod:TacticalNote","Calling Bell","Akabeko","Ornamental Fan","Runesmith:Locket","Happy Flower","Centennial Puzzle","Question Card","DollysMirror","Oddly Smooth Stone"],"acts_visited":[],"potions_floor_usage":[],"damage_taken":[{"damage":0.0,"enemies":"2 Louse","floor":1.0,"turns":1.0},{"damage":0.0,"enemies":"Small Slimes","floor":2.0,"turns":1.0},{"damage":0.0,"enemies":"Cultist","floor":3.0,"turns":1.0},{"damage":1.0,"enemies":"Large Slime","floor":4.0,"turns":11.0},{"damage":0.0,"enemies":"Exordium Thugs","floor":5.0,"turns":11.0},{"damage":37.0,"enemies":"3 Sentries","floor":6.0,"turns":20.0},{"damage":0.0,"enemies":"Red Slaver","floor":7.0,"turns":7.0},{"damage":0.0,"enemies":"Large Slime","floor":11.0,"turns":7.0},{"damage":0.0,"enemies":"Exordium Thugs","floor":14.0,"turns":4.0},{"damage":18.0,"enemies":"Slime Boss","floor":16.0,"turns":13.0},{"damage":0.0,"enemies":"2 Thieves","floor":18.0,"turns":4.0},{"damage":0.0,"enemies":"Shell Parasite","floor":20.0,"turns":1.0},{"damage":0.0,"enemies":"Snecko","floor":21.0,"turns":11.0},{"damage":0.0,"enemies":"Centurion and Healer","floor":23.0,"turns":8.0},{"damage":3.0,"enemies":"3 Cultists","floor":24.0,"turns":5.0},{"damage":0.0,"enemies":"Sentry and Sphere","floor":29.0,"turns":6.0},{"damage":0.0,"enemies":"Shelled Parasite and Fungi","floor":30.0,"turns":8.0},{"damage":0.0,"enemies":"Chosen and Byrds","floor":31.0,"turns":10.0},{"damage":35.0,"enemies":"Collector","floor":33.0,"turns":16.0},{"damage":7.0,"enemies":"3 Shapes","floor":35.0,"turns":5.0},{"damage":11.0,"enemies":"3 Darklings","floor":38.0,"turns":8.0},{"damage":0.0,"enemies":"Sphere and 2 Shapes","floor":39.0,"turns":6.0},{"damage":15.0,"enemies":"Reptomancer","floor":41.0,"turns":5.0},{"damage":0.0,"enemies":"Spire Growth","floor":44.0,"turns":6.0},{"damage":2.0,"enemies":"Maw","floor":45.0,"turns":10.0},{"damage":27.0,"enemies":"Jaw Worm Horde","floor":46.0,"turns":7.0},{"damage":2.0,"enemies":"Spire Growth","floor":48.0,"turns":4.0},{"damage":1.0,"enemies":"Time Eater","floor":50.0,"turns":13.0},{"damage":11.0,"enemies":"Shield and Spear","floor":54.0,"turns":10.0},{"damage":0,"enemies":"The Heart","floor":55,"turns":1}],"seed_played":"-5183207341738418343","potions_obtained":[{"floor":3.0,"key":"SkillPotion"},{"floor":4.0,"key":"Regen Potion"},{"floor":7.0,"key":"AttackPotion"},{"floor":11.0,"key":"SpeedPotion"},{"floor":19.0,"key":"SmokeBomb"},{"floor":23.0,"key":"Energy Potion"},{"floor":30.0,"key":"Energy Potion"},{"floor":33.0,"key":"SneckoOil"},{"floor":39.0,"key":"AttackPotion"},{"floor":44.0,"key":"DistilledChaos"}],"is_trial":false,"path_per_floor":["M","M","M","M","M","E","M","R","T","R","M","R","?","M","R","B",null,"M","?","M","M","?","M","M","R","T","$","R","M","M","M","R","B",null,"M","$","?","M","M","R","E","R","T","M","M","M","R","M","R","B",null,"R","$","E","B"],"character_chosen":"THE_DT","items_purchased":["Membership Card","DTMod:TacticalNote","DTMod:DarkBreath","DTMod:DragonDance","Happy Flower","Centennial Puzzle","DTMod:Dissolve","DTMod:Dissolve","Dexterity Potion","DollysMirror"],"campfire_rested":1,"item_purchase_floors":[27,27,27,27,36,36,36,53,53,53],"current_hp_per_floor":[45,45,45,44,44,14,14,14,14,14,14,14,14,14,29,11,52,52,52,52,52,36,43,47,47,47,47,47,52,52,52,52,17,52,45,45,45,41,48,48,37,37,37,44,49,25,25,30,30,36,52,52,52,41,48,48,48],"gold":61,"neow_bonus":"THREE_ENEMY_KILL","is_daily":false,"chose_seed":false,"campfire_upgraded":10,"win_rate":0.0,"timestamp":1612361367,"path_taken":["M","M","M","M","M","E","M","R","T","R","M","R","?","M","R","BOSS","M","?","?","M","?","M","M","R","T","?","R","M","M","M","R","BOSS","M","?","?","?","M","R","E","R","T","M","M","M","R","M","R","BOSS","R","$","E","BOSS"],"items_purchased_type":["Relic","Relic","Card","Card","Relic","Relic","Card","Card","Potion","Relic"],"build_version":"2020-12-22","purchased_purges":0,"victory":false,"max_hp_per_floor":[45,45,45,45,45,52,52,52,52,52,52,52,52,52,52,52,52,52,52,52,52,52,52,52,52,52,52,52,52,52,52,52,52,52,52,52,52,52,52,52,52,52,52,52,52,52,52,52,52,52,52,52,52,52,52,52,52],"card_choices":[{"not_picked":["DTMod:MagicField","DTMod:MaximumCharge"],"picked":"DTMod:TagTeam","floor":1.0},{"not_picked":["DTMod:Punisher","DTMod:Weaken"],"picked":"DTMod:LastStand","floor":2.0},{"not_picked":["DTMod:BlazingStrike","DTMod:LowKick"],"picked":"DTMod:Threaten","floor":3.0},{"not_picked":["DTMod:Dissolve","DTMod:Cover"],"picked":"DTMod:Harmonize","floor":4.0},{"not_picked":["DTMod:Cover","DTMod:QuickFly"],"picked":"DTMod:Training","floor":5.0},{"not_picked":["DTMod:WarmUp","DTMod:RecklessFlurry"],"picked":"DTMod:Training","floor":6.0},{"not_picked":["DTMod:BlueScale","DTMod:BuildUp"],"picked":"DTMod:Training","floor":7.0},{"not_picked":["DTMod:Weaken","DTMod:CleansingStrike"],"picked":"DTMod:BlazingStrike","floor":11.0},{"not_picked":["DTMod:Feint","DTMod:QuickFly"],"picked":"DTMod:LowKick","floor":14.0},{"not_picked":["DTMod:HeadStart","DTMod:Outburst"],"picked":"DTMod:LightShield","floor":16.0},{"not_picked":["DTMod:MagicField","DTMod:Training"],"picked":"DTMod:BizarreTactic","floor":18.0},{"not_picked":["DTMod:Feint+1","DTMod:HeatWave"],"picked":"DTMod:Dissolve","floor":21.0},{"not_picked":["DTMod:Adaptation+1","DTMod:Cover","DTMod:Threaten"],"picked":"SKIP","floor":23.0},{"not_picked":["DTMod:Prediction","DTMod:Weaken"],"picked":"DTMod:CrossStep+1","floor":24.0},{"not_picked":["DTMod:BlueScale","DTMod:RunningTactic+1"],"picked":"DTMod:Dissolve+1","floor":29.0},{"not_picked":["DTMod:GhostSkin","DTMod:Shift"],"picked":"DTMod:TagTeam","floor":30.0},{"not_picked":["DTMod:HeatWave+1","DTMod:LastStand+1"],"picked":"DTMod:SneakAttack","floor":31.0},{"not_picked":["DTMod:GearUp","DTMod:Outburst"],"picked":"DTMod:Multitask","floor":33.0},{"not_picked":["DTMod:CleansingStrike","DTMod:Conduct"],"picked":"DTMod:ComboAttack+1","floor":35.0},{"not_picked":["DTMod:Punisher+1","DTMod:CleansingStrike"],"picked":"DTMod:SneakAttack+1","floor":38.0},{"not_picked":["DTMod:BreakAttack","DTMod:MaximumCharge"],"picked":"DTMod:BuildUp+1","floor":39.0},{"not_picked":["DTMod:Threaten","DTMod:Harmonize"],"picked":"DTMod:Dissolve","floor":41.0},{"not_picked":["DTMod:ComboAttack","DTMod:FlameSlash+1","DTMod:BurningEnergy+1"],"picked":"DTMod:CalculatedDefense+1","floor":44.0},{"not_picked":["DTMod:Haste","DTMod:Threaten+1","DTMod:Training"],"picked":"DTMod:BizarreTactic","floor":45.0},{"not_picked":["DTMod:Training+1","DTMod:QuickFly","DTMod:Dissolve+1"],"picked":"DTMod:Weaken+1","floor":46.0},{"not_picked":["DTMod:PurifyingFlame","DTMod:Training","DTMod:Threaten"],"picked":"DTMod:TauntingStrike","floor":48.0},{"not_picked":["DTMod:BizarreTactic","DTMod:WarmUp","DTMod:Threaten"],"picked":"DTMod:Safeguard","floor":54.0}],"player_experience":152616,"relics_obtained":[{"floor":6.0,"key":"Strawberry"},{"floor":9.0,"key":"Orichalcum"},{"floor":22.0,"key":"Enchiridion"},{"floor":26.0,"key":"Bottled Tornado"},{"floor":34.0,"key":"Akabeko"},{"floor":34.0,"key":"Ornamental Fan"},{"floor":34.0,"key":"Runesmith:Locket"},{"floor":41.0,"key":"Question Card"},{"floor":54.0,"key":"Oddly Smooth Stone"}],"event_choices":[{"cards_removed":["DTMod:Strike"],"damage_healed":0.0,"max_hp_gain":0.0,"max_hp_loss":0.0,"gold_gain":0.0,"event_name":"The Cleric","player_choice":"Card Removal","floor":13.0,"gold_loss":50.0,"damage_taken":0.0},{"damage_healed":0.0,"max_hp_gain":0.0,"max_hp_loss":0.0,"gold_gain":0.0,"event_name":"The Woman in Blue","player_choice":"Bought 1 Potion","floor":19.0,"gold_loss":0.0,"damage_taken":0.0},{"damage_healed":0.0,"max_hp_gain":0.0,"max_hp_loss":0.0,"gold_gain":0.0,"event_name":"Cursed Tome","player_choice":"Obtained Book","floor":22.0,"gold_loss":0.0,"damage_taken":16.0},{"damage_healed":0.0,"max_hp_gain":0.0,"max_hp_loss":0.0,"gold_gain":0.0,"event_name":"Duplicator","player_choice":"Copied","floor":37.0,"gold_loss":0.0,"damage_taken":0.0,"cards_obtained":["DTMod:Dissolve"]}],"is_beta":false,"boss_relics":[{"not_picked":["Fusion Hammer","Cursed Key"],"picked":"DTMod:MagicStone"},{"not_picked":["Black Star","Snecko Eye"],"picked":"Calling Bell"}],"items_purged_floors":[],"is_endless":false,"potions_floor_spawned":[3,4,7,11,23,24,30,33,35,39,44],"killed_by":"The Heart","ascension_level":0}}