{"host":"92wx9z21c4p52du4","time":1612317727,"event":{"mods":["BaseMod","Downfall","Hermit","Minty Spire (QoL Compilation)","Reliquary","StSLib","The Hierophant"],"gold_per_floor":[99,113,131,131,150,178,178,58,86,133,133,168,168,181,208,208,208,208],"floor_reached":16,"language":"ENG","playtime":990,"items_purged":["hexamod:Defend"],"score":106,"play_id":"1c82cc23-9ba5-4683-ac6d-b08e10cf07b2","local_time":"20210202200207","is_ascension_mode":false,"campfire_choices":[{"data":"Apotheosis","floor":1,"key":"SMITH"},{"floor":11,"key":"REST"}],"circlet_count":0,"master_deck":["hexamod:Strike","hexamod:Strike","hexamod:Strike","hexamod:Strike","hexamod:Defend","hexamod:Defend","hexamod:Defend","hexamod:Sear","hexamod:Float","Apotheosis+1","hexamod:ShieldOfDarkness","hexamod:Incineration","hexamod:Float","hexamod:SecondSeal","hexamod:SpectersWail","hexamod:ChargedBarrage","hexamod:SecondSeal","hexamod:TurnItUp","hexamod:SpectralAdrenaline","hexamod:FastForward","hexamod:FastForward","hexamod:SoulSteal"],"relics":["hexamod:SpiritBrand","Pocketwatch","CaptainsWheel","FaceOfCleric"],"acts_visited":["Exordium"],"potions_floor_usage":[16,16],"damage_taken":[{"damage":0,"enemies":"Cultist","floor":2,"turns":3},{"damage":1,"enemies":"Jaw Worm","floor":3,"turns":4},{"damage":1,"enemies":"2 Louse","floor":5,"turns":3},{"damage":0,"enemies":"2 Fungi Beasts","floor":6,"turns":4},{"damage":0,"enemies":"downfall:FleeingMerchant","floor":8,"turns":4},{"damage":2,"enemies":"Exordium Thugs","floor":9,"turns":4},{"damage":10,"enemies":"Lagavulin","floor":10,"turns":6},{"damage":11,"enemies":"Red Slaver","floor":12,"turns":3},{"damage":0,"enemies":"Exordium Wildlife","floor":14,"turns":2},{"damage":7,"enemies":"Blue Slaver","floor":15,"turns":5},{"damage":45,"enemies":"WA_ARCHETYPE_RETAIN","floor":16,"turns":9}],"seed_played":"-486400798728460493","potions_obtained":[{"floor":6,"key":"bronze:BurnAndBuffPotion"},{"floor":9,"key":"BlessingOfTheForge"},{"floor":10,"key":"BlessingOfTheForge"},{"floor":14,"key":"Guardian:BlockOnCardUsePotion"},{"floor":15,"key":"hexamod:EctoCoolerPotion"}],"is_trial":false,"path_per_floor":["R","M","M","?","M","M","T","$","M","E","R","M","?","M","M","B"],"character_chosen":"THE_SPIRIT","items_purchased":["hexamod:SecondSeal"],"campfire_rested":1,"item_purchase_floors":[8],"current_hp_per_floor":[49,49,48,48,47,47,47,47,45,35,56,45,45,46,40,0,0,0],"gold":208,"neow_bonus":"RANDOM_COLORLESS_2","is_daily":false,"chose_seed":false,"campfire_upgraded":1,"win_rate":0.0,"timestamp":1612317727,"path_taken":["R","M","M","?","M","M","T","$","M","E","R","?","?","?","M","BOSS"],"items_purchased_type":["Card"],"build_version":"2020-12-22","purchased_purges":1,"victory":false,"max_hp_per_floor":[70,70,70,70,70,70,70,70,70,70,70,70,70,71,72,72,72,72],"card_choices":[{"not_picked":["Metamorphosis","Sadistic Nature"],"picked":"Apotheosis","floor":0},{"not_picked":["hexamod:NightmareGuise","hexamod:NightmareStrike"],"picked":"hexamod:ShieldOfDarkness","floor":2},{"not_picked":["hexamod:AdvancingGuard","hexamod:BurningTouch"],"picked":"hexamod:Incineration","floor":3},{"not_picked":["hexamod:Firestarter","hexamod:InspiringFlames"],"picked":"hexamod:SecondSeal","floor":5},{"not_picked":["hexamod:HeatMetal","hexamod:GhostLash"],"picked":"hexamod:SpectersWail","floor":6},{"not_picked":["hexamod:FastForward","hexamod:RainOfEmbers"],"picked":"hexamod:ChargedBarrage","floor":8},{"not_picked":["hexamod:ExtraCrispy","hexamod:Hexaguard"],"picked":"hexamod:TurnItUp","floor":9},{"not_picked":["hexamod:AdvancingGuard","hexamod:ShieldOfDarkness"],"picked":"hexamod:SpectralAdrenaline","floor":10},{"not_picked":["hexamod:GhostShield","hexamod:ShieldOfDarkness"],"picked":"hexamod:FastForward","floor":12},{"not_picked":["hexamod:GhostOfSpireFuture","hexamod:PhantomFireball"],"picked":"hexamod:FastForward","floor":14},{"not_picked":["hexamod:BacktrackSmack","hexamod:SwordOfDarkness"],"picked":"hexamod:SoulSteal","floor":15}],"player_experience":221152,"relics_obtained":[{"floor":7,"key":"Pocketwatch"},{"floor":10,"key":"CaptainsWheel"}],"event_choices":[{"damage_healed":0,"gold_gain":0,"player_choice":"Trade","damage_taken":0,"relics_obtained":["FaceOfCleric"],"max_hp_gain":0,"max_hp_loss":0,"event_name":"FaceTrader","floor":13,"gold_loss":0}],"is_beta":false,"boss_relics":[],"items_purged_floors":[8],"is_endless":false,"potions_floor_spawned":[6,9,10,14,15],"killed_by":"WA_ARCHETYPE_RETAIN","ascension_level":0}}