{"host":"yqw1zpryoutrnocq","time":1612354658,"event":{"mods":["2.2 Compatiblity","AchievementEnabler","BaseMod","Colored Map","Custom Start","DeckTracker","Minty Spire (QoL Compilation)","StSLib","SuperFastMode"],"gold_per_floor":[216,235,235,42,42,73,83,102,126,137,169,5,16,36,36,133,133,146,158,12,12,0,0,0,0],"floor_reached":24,"language":"KOR","playtime":801,"items_purged":[],"score":326,"play_id":"f0484647-f372-490e-b5d8-9e85314108b0","local_time":"20210203061738","is_ascension_mode":true,"campfire_choices":[{"floor":15.0,"key":"REST"},{"floor":23,"key":"REST"}],"circlet_count":0,"master_deck":["Strike_G","Strike_G","Strike_G","Strike_G","Strike_G+1","Defend_G","Defend_G","Defend_G","Defend_G+1","Defend_G","Survivor","Neutralize","Dagger Throw","Backstab","Blade Dance","Backflip","Neutralize","Cloak And Dagger","Dodge and Roll","Choke","Acrobatics","Terror","Envenom","Blur","Dagger Spray","Die Die Die","PiercingWail+1","Expertise+1","Footwork"],"relics":["Ring of the Snake","OrangePellets","Ancient Tea Set","Anchor","Potion Belt","Black Star","PreservedInsect"],"acts_visited":["Exordium","TheCity"],"potions_floor_usage":[19],"damage_taken":[{"damage":13.0,"enemies":"Jaw Worm","floor":1.0,"turns":5.0},{"damage":8.0,"enemies":"2 Louse","floor":2.0,"turns":3.0},{"damage":11.0,"enemies":"3 Sentries","floor":6.0,"turns":11.0},{"damage":0.0,"enemies":"Cultist","floor":7.0,"turns":3.0},{"damage":4.0,"enemies":"Blue Slaver","floor":8.0,"turns":3.0},{"damage":8.0,"enemies":"Large Slime","floor":10.0,"turns":6.0},{"damage":0.0,"enemies":"Gremlin Nob","floor":11.0,"turns":1.0},{"damage":0.0,"enemies":"2 Fungi Beasts","floor":13.0,"turns":2.0},{"damage":0.0,"enemies":"Gremlin Gang","floor":14.0,"turns":1.0},{"damage":10.0,"enemies":"Hexaghost","floor":16.0,"turns":9.0},{"damage":21.0,"enemies":"Shell Parasite","floor":18.0,"turns":5.0},{"damage":28,"enemies":"Chosen","floor":19,"turns":5},{"damage":34,"enemies":"Gremlin Leader","floor":24,"turns":5}],"seed_played":"1308713811736922703","potions_obtained":[{"floor":2.0,"key":"FearPotion"},{"floor":7.0,"key":"EntropicBrew"},{"floor":8.0,"key":"CunningPotion"},{"floor":11.0,"key":"SteroidPotion"},{"floor":13.0,"key":"AttackPotion"},{"floor":18.0,"key":"SkillPotion"}],"is_trial":false,"path_per_floor":["M","M","?","$","?","E","M","M","T","M","E","$","M","M","R","B",null,"M","M","$","?","?","R","E"],"character_chosen":"THE_SILENT","items_purchased":["OrangePellets","Blade Dance","Envenom","PreservedInsect"],"campfire_rested":2,"item_purchase_floors":[4,4,12,20],"current_hp_per_floor":[50,42,28,28,28,17,17,13,13,5,5,5,5,5,26,16,57,36,8,8,8,8,29,0,0],"gold":0,"neow_bonus":"HUNDRED_GOLD","is_daily":false,"chose_seed":false,"campfire_upgraded":0,"win_rate":0.0,"timestamp":1612354658,"path_taken":["M","M","?","$","?","E","?","M","T","M","E","$","M","M","R","BOSS","M","M","$","?","?","R","E"],"items_purchased_type":["Relic","Card","Card","Relic"],"build_version":"2020-12-22","purchased_purges":0,"victory":false,"max_hp_per_floor":[70,70,70,70,70,70,70,70,70,70,70,70,70,70,70,70,70,70,70,70,70,70,70,70,70],"card_choices":[{"not_picked":["Prepared","Setup"],"picked":"Dagger Throw","floor":1.0},{"not_picked":["Bane","Slice"],"picked":"Backstab","floor":2.0},{"not_picked":["Dagger Throw","All Out Attack"],"picked":"Cloak And Dagger","floor":6.0},{"not_picked":["Bane","Dagger Throw"],"picked":"Dodge and Roll","floor":7.0},{"not_picked":["Expertise","Calculated Gamble"],"picked":"Choke","floor":8.0},{"not_picked":["Prepared","Slice"],"picked":"Acrobatics","floor":10.0},{"not_picked":["Endless Agony","Flechettes"],"picked":"Terror","floor":11.0},{"not_picked":["Predator","Caltrops"],"picked":"Blur","floor":13.0},{"not_picked":["Cloak And Dagger","Eviscerate"],"picked":"Dagger Spray","floor":14.0},{"not_picked":["Wraith Form v2","Bullet Time"],"picked":"Die Die Die","floor":16.0},{"not_picked":["Underhanded Strike","Concentrate"],"picked":"PiercingWail+1","floor":18.0},{"not_picked":["Concentrate","Quick Slash+1"],"picked":"Expertise+1","floor":19}],"player_experience":268250,"relics_obtained":[{"floor":6.0,"key":"Ancient Tea Set"},{"floor":9.0,"key":"Anchor"},{"floor":11.0,"key":"Potion Belt"}],"event_choices":[{"damage_healed":0.0,"max_hp_gain":0.0,"max_hp_loss":0.0,"gold_gain":0.0,"event_name":"Shining Light","player_choice":"Entered Light","floor":3.0,"gold_loss":0.0,"damage_taken":14.0,"cards_upgraded":["Defend_G","Strike_G"]},{"damage_healed":0.0,"max_hp_gain":0.0,"max_hp_loss":0.0,"gold_gain":0.0,"event_name":"Match and Keep!","player_choice":"2 cards matched","floor":5.0,"gold_loss":0.0,"damage_taken":0.0,"cards_obtained":["Backflip","Neutralize"]},{"damage_healed":0,"gold_gain":0,"player_choice":"Read","damage_taken":0,"max_hp_gain":0,"max_hp_loss":0,"event_name":"The Library","floor":21,"gold_loss":0,"cards_obtained":["Footwork"]},{"damage_healed":0,"gold_gain":0,"player_choice":"Paid Fearfully","damage_taken":0,"max_hp_gain":0,"max_hp_loss":0,"event_name":"Masked Bandits","floor":22,"gold_loss":12}],"is_beta":false,"boss_relics":[{"not_picked":["HoveringKite","Philosopher\u0027s Stone"],"picked":"Black Star"}],"items_purged_floors":[],"is_endless":false,"potions_floor_spawned":[2,7,8,11,13,18],"killed_by":"Gremlin Leader","ascension_level":8}}