{"host":"08t08ld674si40tv","time":1612347607,"event":{"mods":["AchievementEnabler","BaseMod","Colored Map","Minty Spire (QoL Compilation)","StSLib","SuperFastMode"],"gold_per_floor":[16,16,116,127,127,127,157,168,168,128,128,141,159,175,175,270,270,281,299,299,299,73,73,90,90,113,126,126,126,126],"floor_reached":29,"language":"KOR","playtime":828,"items_purged":["Strike_P"],"score":326,"play_id":"8d48560a-b26f-4c9f-adeb-76e6f3db6853","local_time":"20210203192007","is_ascension_mode":true,"campfire_choices":[{"data":"Thinking Ahead","floor":6.0,"key":"SMITH"},{"floor":11.0,"key":"REST"},{"data":"Prostrate","floor":15.0,"key":"SMITH"},{"data":"Strike_P","floor":23,"key":"PURGE"},{"data":"FlyingSleeves","floor":25,"key":"PURGE"},{"floor":28,"key":"REST"}],"circlet_count":0,"master_deck":["Defend_P","Defend_P","Defend_P","Eruption+1","Vigilance","ConjureBlade+1","Thinking Ahead+1","Evaluate","Prostrate+1","Perseverance","Adaptation+1","DeceiveReality"],"relics":["PureWater","PureWater","FossilizedHelix","Peace Pipe","Runic Dome","Art of War","Bag of Marbles"],"acts_visited":["Exordium","TheCity"],"potions_floor_usage":[18,27,29],"damage_taken":[{"damage":7.0,"enemies":"2 Louse","floor":1.0,"turns":5.0},{"damage":6.0,"enemies":"Small Slimes","floor":4.0,"turns":3.0},{"damage":44.0,"enemies":"Gremlin Nob","floor":7.0,"turns":3.0},{"damage":0.0,"enemies":"Cultist","floor":8.0,"turns":3.0},{"damage":0.0,"enemies":"Exordium Wildlife","floor":12.0,"turns":3.0},{"damage":0.0,"enemies":"Lots of Slimes","floor":13.0,"turns":3.0},{"damage":6.0,"enemies":"3 Louse","floor":14.0,"turns":4.0},{"damage":3.0,"enemies":"The Guardian","floor":16.0,"turns":8.0},{"damage":40,"enemies":"Chosen","floor":18,"turns":8},{"damage":7,"enemies":"Shell Parasite","floor":19,"turns":7},{"damage":14,"enemies":"Centurion and Healer","floor":24,"turns":4},{"damage":0,"enemies":"Snecko","floor":27,"turns":3},{"damage":51,"enemies":"Masked Bandits","floor":29,"turns":5}],"seed_played":"-4029117541363372324","potions_obtained":[{"floor":10.0,"key":"Dexterity Potion"},{"floor":10.0,"key":"Explosive Potion"},{"floor":10.0,"key":"PowerPotion"},{"floor":13.0,"key":"DistilledChaos"},{"floor":14.0,"key":"DuplicationPotion"},{"floor":24,"key":"Fruit Juice"}],"is_trial":false,"path_per_floor":["M","?","?","M","?","R","E","M","T","?","R","M","M","M","R","B",null,"M","M","?","?","$","R","M","R","T","M","R","?"],"character_chosen":"WATCHER","items_purchased":["Art of War"],"campfire_rested":2,"item_purchase_floors":[22],"current_hp_per_floor":[58,58,58,52,52,52,8,8,8,8,29,29,29,23,23,20,59,19,12,12,36,36,36,22,22,22,27,50,0,0],"gold":126,"neow_bonus":"RANDOM_COLORLESS_2","is_daily":false,"chose_seed":false,"campfire_upgraded":2,"win_rate":0.0,"timestamp":1612347607,"path_taken":["M","?","?","?","?","R","E","?","T","?","R","M","M","?","R","BOSS","M","M","?","?","$","R","M","R","T","M","R","?"],"items_purchased_type":["Relic"],"build_version":"2020-12-22","purchased_purges":1,"victory":false,"max_hp_per_floor":[72,72,72,72,72,72,72,72,72,72,72,72,72,72,72,72,72,72,72,72,72,72,72,72,72,72,77,77,77,77],"card_choices":[{"not_picked":["Magnetism","Sadistic Nature"],"picked":"Thinking Ahead","floor":0.0},{"not_picked":["JustLucky","Consecrate","FollowUp"],"picked":"SKIP","floor":1.0},{"not_picked":["Conclude","JustLucky","Indignation"],"picked":"SKIP","floor":4.0},{"not_picked":["BowlingBash","SandsOfTime","Consecrate"],"picked":"SKIP","floor":7.0},{"not_picked":["Halt","SashWhip"],"picked":"Evaluate","floor":8.0},{"not_picked":["Evaluate","FlurryOfBlows"],"picked":"Prostrate","floor":12.0},{"not_picked":["CutThroughFate","EmptyFist"],"picked":"Perseverance","floor":13.0},{"not_picked":["BowlingBash","Indignation","FlyingSleeves"],"picked":"SKIP","floor":14.0},{"not_picked":["CrushJoints+1","JustLucky","FollowUp"],"picked":"SKIP","floor":18},{"not_picked":["Crescendo","BowlingBash"],"picked":"Adaptation+1","floor":19},{"not_picked":["LikeWater","PathToVictory+1","SignatureMove"],"picked":"SKIP","floor":24},{"not_picked":["Tantrum","FollowUp","JustLucky"],"picked":"SKIP","floor":27}],"player_experience":284634,"relics_obtained":[{"floor":7.0,"key":"FossilizedHelix"},{"floor":9.0,"key":"Peace Pipe"},{"floor":26,"key":"Bag of Marbles"}],"event_choices":[{"damage_healed":0.0,"max_hp_gain":0.0,"max_hp_loss":0.0,"gold_gain":0.0,"event_name":"Living Wall","player_choice":"Grow","floor":2.0,"gold_loss":0.0,"damage_taken":0.0,"cards_upgraded":["Eruption"]},{"damage_healed":0.0,"max_hp_gain":0.0,"max_hp_loss":0.0,"gold_gain":100.0,"event_name":"Golden Shrine","player_choice":"Pray","floor":3.0,"gold_loss":0.0,"damage_taken":0.0},{"cards_removed":["Strike_P"],"damage_healed":0.0,"max_hp_gain":0.0,"max_hp_loss":0.0,"gold_gain":0.0,"event_name":"Bonfire Elementals","player_choice":"Offered Basic","floor":5.0,"gold_loss":0.0,"damage_taken":0.0},{"damage_healed":0.0,"max_hp_gain":0.0,"max_hp_loss":0.0,"gold_gain":0.0,"event_name":"The Woman in Blue","player_choice":"Bought 3 Potions","floor":10.0,"gold_loss":0.0,"damage_taken":0.0},{"damage_healed":0,"gold_gain":0,"cards_transformed":["Strike_P","Defend_P"],"player_choice":"Became Test Subject","damage_taken":0,"max_hp_gain":0,"max_hp_loss":0,"event_name":"Drug Dealer","floor":20,"gold_loss":0,"cards_obtained":["FlyingSleeves","DeceiveReality"]},{"damage_healed":24,"gold_gain":0,"player_choice":"Heal","damage_taken":0,"max_hp_gain":0,"max_hp_loss":0,"event_name":"The Library","floor":21,"gold_loss":0},{"damage_healed":0,"gold_gain":0,"player_choice":"Fought Bandits","damage_taken":0,"max_hp_gain":0,"max_hp_loss":0,"event_name":"Masked Bandits","floor":29,"gold_loss":0}],"is_beta":false,"boss_relics":[{"not_picked":["SlaversCollar","Cursed Key"],"picked":"Runic Dome"}],"items_purged_floors":[22],"is_endless":false,"potions_floor_spawned":[12,13,14,24],"killed_by":"Masked Bandits","ascension_level":9}}