{"host":"vyjryxuuuxkt43k4","time":1612365680,"event":{"mods":["AchievementEnabler","BaseMod","Colored Map","DeckTracker","Keyboard Shortcuts","Minty Spire (QoL Compilation)","Permanent Neow","Quick Restart","Rare Cards Sparkle","Relic Stats","StSLib","SuperFastMode","everything is the same but u backflip on backflip"],"gold_per_floor":[110,110,110,110,39,80,80,121,121,137,160,160,3,22,22,145,145,164,182,182,77,102,102,102,138,138,138,156,156,210,231,231,356,356,369,369,392,392,392,411,411,259,285,285,15,34,34,48,48,48,48],"floor_reached":50,"language":"KOR","playtime":1246,"items_purged":[],"score":618,"play_id":"3e641b19-8fe3-4dab-a933-7362438d0e0c","local_time":"20210204002120","is_ascension_mode":false,"campfire_choices":[{"floor":7.0,"key":"REST"},{"data":"Body Slam","floor":15.0,"key":"SMITH"},{"data":"Entrench","floor":23.0,"key":"SMITH"},{"data":"Dark Embrace","floor":27.0,"key":"SMITH"},{"data":"Whirlwind","floor":29.0,"key":"SMITH"},{"data":"Demon Form","floor":32.0,"key":"SMITH"},{"data":"Barricade","floor":41.0,"key":"SMITH"},{"data":"Offering","floor":44,"key":"SMITH"},{"floor":49,"key":"RECALL"}],"circlet_count":0,"master_deck":["Strike_R","Strike_R","Strike_R+1","Strike_R","Strike_R","Defend_R","Defend_R","Defend_R+1","Bash","Offering+1","Flame Barrier","Whirlwind+1","Body Slam+1","Anger","Perfected Strike+1","Dark Embrace+1","Perfected Strike+1","Immolate+1","Second Wind","Twin Strike+1","Entrench+1","Fire Breathing+1","Swift Strike+1","Demon Form+1","Evolve+1","Burning Pact","Barricade+1","Shrug It Off+1","Perfected Strike+1","Perfected Strike+1","Armaments+1","Power Through","Perfected Strike+1","Reckless Charge+1","Twin Strike+1"],"relics":["Burning Blood","Golden Idol","Happy Flower","Self Forming Clay","Molten Egg 2","Pen Nib","Sozu","Pantograph","Mercury Hourglass","Omamori","Philosopher\u0027s Stone","Frozen Eye","Vajra"],"acts_visited":["Exordium","TheCity","TheBeyond"],"potions_floor_usage":[],"damage_taken":[{"damage":14.0,"enemies":"Jaw Worm","floor":1.0,"turns":4.0},{"damage":48.0,"enemies":"3 Sentries","floor":6.0,"turns":13.0},{"damage":27.0,"enemies":"Lagavulin","floor":8.0,"turns":5.0},{"damage":6.0,"enemies":"Small Slimes","floor":10.0,"turns":1.0},{"damage":0.0,"enemies":"2 Louse","floor":11.0,"turns":3.0},{"damage":6.0,"enemies":"2 Fungi Beasts","floor":14.0,"turns":2.0},{"damage":6.0,"enemies":"Slime Boss","floor":16.0,"turns":7.0},{"damage":11.0,"enemies":"Chosen","floor":18.0,"turns":2.0},{"damage":8.0,"enemies":"2 Thieves","floor":19.0,"turns":2.0},{"damage":15.0,"enemies":"Snecko","floor":22.0,"turns":3.0},{"damage":39.0,"enemies":"Gremlin Leader","floor":25.0,"turns":5.0},{"damage":0.0,"enemies":"3 Cultists","floor":28.0,"turns":3.0},{"damage":11.0,"enemies":"Cultist and Chosen","floor":31.0,"turns":4.0},{"damage":54.0,"enemies":"Collector","floor":33.0,"turns":6.0},{"damage":31.0,"enemies":"3 Darklings","floor":35.0,"turns":3.0},{"damage":17.0,"enemies":"Orb Walker","floor":37.0,"turns":3.0},{"damage":28.0,"enemies":"Transient","floor":40.0,"turns":5.0},{"damage":6,"enemies":"Writhing Mass","floor":46,"turns":3},{"damage":18,"enemies":"Spire Growth","floor":48,"turns":2},{"damage":37,"enemies":"Donu and Deca","floor":50,"turns":3}],"seed_played":"-8144354378191676105","potions_obtained":[{"floor":1.0,"key":"Strength Potion"},{"floor":6.0,"key":"SteroidPotion"},{"floor":16.0,"key":"Block Potion"}],"is_trial":false,"path_per_floor":["M","?","?","?","$","E","R","E","T","M","M","?","$","M","R","B",null,"M","M","?","$","M","R","?","E","T","R","M","R","T","M","R","B",null,"M","?","M","$","?","M","R","$","T","R","$","M","?","M","R","B"],"character_chosen":"IRONCLAD","items_purchased":["Whirlwind","Pen Nib","Perfected Strike+1","Entrench","Frozen Eye","Power Through","Perfected Strike+1","Vajra"],"campfire_rested":1,"item_purchase_floors":[5,13,21,21,42,45,45,45],"current_hp_per_floor":[72,56,56,56,56,14,36,15,15,15,21,26,26,26,26,26,79,74,72,72,72,63,63,63,30,30,30,36,36,36,31,31,8,79,54,54,43,43,43,21,21,21,21,21,21,21,21,9,9,0,0],"gold":48,"neow_bonus":"ONE_RANDOM_RARE_CARD","is_daily":false,"chose_seed":false,"campfire_upgraded":7,"win_rate":0.0,"timestamp":1612365680,"path_taken":["M","?","?","?","?","E","R","E","T","M","M","?","$","M","R","BOSS","M","M","?","?","M","R","?","E","T","R","?","R","?","M","R","BOSS","M","?","?","$","?","M","R","$","T","R","?","?","?","M","R","BOSS"],"items_purchased_type":["Card","Relic","Card","Card","Relic","Card","Card","Relic"],"build_version":"2020-12-22","purchased_purges":0,"victory":false,"max_hp_per_floor":[80,80,74,74,74,74,74,74,74,74,74,79,79,79,79,79,79,79,79,79,79,79,79,79,79,79,79,79,79,79,79,79,79,79,79,79,79,79,79,79,79,79,79,79,79,79,79,79,79,79,79],"relic_stats":{"Sozu":6,"Happy Flower":[20],"counters":[20,78],"Golden Idol":125,"Self Forming Clay":[84],"Pantograph":50,"Pen Nib":[12],"obtain_stats":[{"Happy Flower":6,"Golden Idol":3,"Self Forming Clay":8,"Vajra":45,"Pen Nib":13,"Omamori":30,"Burning Blood":0,"Mercury Hourglass":26,"Sozu":17,"Frozen Eye":42,"Pantograph":25,"Molten Egg 2":9,"Philosopher\u0027s Stone":34},{"Happy Flower":2,"Golden Idol":1,"Self Forming Clay":3,"Vajra":17,"Pen Nib":5,"Omamori":12,"Burning Blood":0,"Mercury Hourglass":11,"Sozu":7,"Frozen Eye":17,"Pantograph":11,"Molten Egg 2":3,"Philosopher\u0027s Stone":14},{"Happy Flower":17,"Golden Idol":4,"Self Forming Clay":22,"Vajra":70,"Pen Nib":26,"Omamori":50,"Burning Blood":0,"Mercury Hourglass":47,"Sozu":35,"Frozen Eye":70,"Pantograph":47,"Molten Egg 2":22,"Philosopher\u0027s Stone":60}],"Burning Blood":114,"Mercury Hourglass":[132]},"card_choices":[{"not_picked":["Hemokinesis","Armaments"],"picked":"Flame Barrier","floor":1.0},{"not_picked":["Sentinel","Flame Barrier"],"picked":"Body Slam","floor":6.0},{"not_picked":["Clash","Headbutt"],"picked":"Anger","floor":8.0},{"not_picked":["Entrench","Headbutt+1"],"picked":"Perfected Strike+1","floor":10.0},{"not_picked":["Heavy Blade+1","True Grit"],"picked":"Dark Embrace","floor":11.0},{"not_picked":["Disarm","Cleave+1"],"picked":"Perfected Strike+1","floor":14.0},{"not_picked":["Fiend Fire+1","Barricade"],"picked":"Immolate+1","floor":16.0},{"not_picked":["Power Through","Uppercut+1"],"picked":"Second Wind","floor":18.0},{"not_picked":["Iron Wave+1","Flex"],"picked":"Twin Strike+1","floor":19.0},{"not_picked":["Armaments","Intimidate"],"picked":"Fire Breathing+1","floor":22.0},{"not_picked":["Twin Strike+1","Cleave+1"],"picked":"Evolve+1","floor":25.0},{"not_picked":["Heavy Blade+1","Iron Wave+1"],"picked":"Burning Pact","floor":28.0},{"not_picked":["Fire Breathing+1","Warcry","Seeing Red"],"picked":"SKIP","floor":31.0},{"not_picked":["Exhume","Bludgeon+1"],"picked":"Barricade","floor":33.0},{"not_picked":["Clothesline+1","Anger+1"],"picked":"Shrug It Off+1","floor":35.0},{"not_picked":["Headbutt+1","Wild Strike+1"],"picked":"Perfected Strike+1","floor":37.0},{"not_picked":["Evolve+1","Searing Blow+1"],"picked":"Armaments+1","floor":40.0},{"not_picked":["Whirlwind+1","Iron Wave+1"],"picked":"Reckless Charge+1","floor":46},{"not_picked":["Warcry","Uppercut+1"],"picked":"Twin Strike+1","floor":48}],"player_experience":675208,"relics_obtained":[{"floor":6.0,"key":"Happy Flower"},{"floor":8.0,"key":"Self Forming Clay"},{"floor":9.0,"key":"Molten Egg 2"},{"floor":25.0,"key":"Pantograph"},{"floor":26.0,"key":"Mercury Hourglass"},{"floor":30.0,"key":"Omamori"}],"event_choices":[{"damage_healed":0.0,"max_hp_gain":0.0,"max_hp_loss":0.0,"gold_gain":0.0,"event_name":"Shining Light","player_choice":"Entered Light","floor":2.0,"gold_loss":0.0,"damage_taken":16.0,"cards_upgraded":["Strike_R","Defend_R"]},{"damage_healed":0.0,"max_hp_gain":0.0,"max_hp_loss":6.0,"gold_gain":0.0,"event_name":"Golden Idol","player_choice":"Lose Max HP","floor":3.0,"gold_loss":0.0,"damage_taken":0.0,"relics_obtained":["Golden Idol"]},{"damage_healed":0.0,"max_hp_gain":0.0,"max_hp_loss":0.0,"gold_gain":0.0,"event_name":"Liars Game","player_choice":"Ignored","floor":4.0,"gold_loss":0.0,"damage_taken":0.0},{"damage_healed":0.0,"max_hp_gain":5.0,"max_hp_loss":0.0,"gold_gain":0.0,"event_name":"Big Fish","player_choice":"Donut","floor":12.0,"gold_loss":0.0,"damage_taken":0.0},{"damage_healed":0.0,"max_hp_gain":0.0,"max_hp_loss":0.0,"gold_gain":0.0,"event_name":"The Woman in Blue","player_choice":"Bought 0 Potions","floor":20.0,"gold_loss":0.0,"damage_taken":0.0},{"damage_healed":0.0,"max_hp_gain":0.0,"max_hp_loss":0.0,"gold_gain":0.0,"event_name":"Match and Keep!","player_choice":"2 cards matched","floor":24.0,"gold_loss":0.0,"damage_taken":0.0,"cards_obtained":["Swift Strike","Demon Form"]},{"cards_removed":["Defend_R"],"damage_healed":0.0,"max_hp_gain":0.0,"max_hp_loss":0.0,"gold_gain":0.0,"event_name":"Bonfire Elementals","player_choice":"Offered Basic","floor":36.0,"gold_loss":0.0,"damage_taken":0.0},{"damage_healed":0.0,"max_hp_gain":0.0,"max_hp_loss":0.0,"gold_gain":0.0,"event_name":"Duplicator","player_choice":"Copied","floor":39.0,"gold_loss":0.0,"damage_taken":0.0,"cards_obtained":["Perfected Strike"]},{"cards_removed":["Perfected Strike"],"damage_healed":0,"gold_gain":0,"player_choice":"Removed Attack","damage_taken":0,"max_hp_gain":0,"max_hp_loss":0,"event_name":"Falling","floor":47,"gold_loss":0}],"is_beta":false,"boss_relics":[{"not_picked":["Ectoplasm","Calling Bell"],"picked":"Sozu"},{"not_picked":["Astrolabe","Cursed Key"],"picked":"Philosopher\u0027s Stone"}],"items_purged_floors":[],"is_endless":false,"potions_floor_spawned":[1,6,16,19,25,33,35,40,46],"killed_by":"Donu and Deca","ascension_level":0}}