{"host":"7z347kdhnquy3q4q","time":1612320145,"event":{"mods":["Act Like it!","Aspiration","BaseMod","Downfall","Hubris","Minty Spire (QoL Compilation)","MostiFishMod","Permanent Neow","Potionbrewer","Robot Space Explorer","Spicy Shops","StSLib","The Marked","Wandering Minibosses"],"gold_per_floor":[113,132,152,102,29,59,59,71,71,71,89,264,264,291,291,393,393,404,419,287,287],"floor_reached":20,"language":"ENG","playtime":985,"items_purged":["Doubt"],"score":258,"play_id":"64fa9ce5-3a38-46fa-8679-7ea14fe03e24","local_time":"20210202204225","is_ascension_mode":true,"campfire_choices":[{"floor":13,"key":"REST"},{"floor":15,"key":"REST"}],"circlet_count":0,"master_deck":["theMarked:Strike","theMarked:Strike","theMarked:Strike","theMarked:Defend","theMarked:Defend","theMarked:SoldierOfQuellstein","theMarked:Electrify+1","theMarked:Aftermath+1","theMarked:HeightenedSenses+1","theMarked:WardOff","theMarked:Seal","theMarked:MysticalArsenal","theMarked:BanishingWave","Injury","theMarked:Improvise+1","theMarked:Seal+1","theMarked:Memento+1","theMarked:Abjuration","theMarked:Static+1","theMarked:LightningStrikesTwice","Doubt"],"relics":["DaveBox","Medical Kit","Astrolabe","SynthV:TestCard","Ice Cream","Bag of Marbles","Toxic Egg 2","Pantograph","Bronze Scales","hubris:BlackHole","PreservedInsect"],"acts_visited":["Exordium","TheCity"],"potions_floor_usage":[11,14,18,20,20],"damage_taken":[{"damage":0,"enemies":"2 Louse","floor":1,"turns":2},{"damage":0,"enemies":"Small Slimes","floor":2,"turns":3},{"damage":0,"enemies":"Jaw Worm","floor":3,"turns":3},{"damage":33,"enemies":"3 Sentries","floor":6,"turns":11},{"damage":0,"enemies":"2 Fungi Beasts","floor":8,"turns":3},{"damage":1,"enemies":"3 Louse","floor":11,"turns":2},{"damage":9,"enemies":"Gremlin Nob","floor":14,"turns":3},{"damage":3,"enemies":"Slime Boss","floor":16,"turns":6},{"damage":16,"enemies":"2 Thieves","floor":18,"turns":4},{"damage":0,"enemies":"Shell Parasite","floor":19,"turns":1},{"damage":15,"enemies":"hubris:Merchant","floor":20,"turns":4}],"seed_played":"-743132497856585636","potions_obtained":[{"floor":2,"key":"potionbrewer:ToxicPotion"},{"floor":8,"key":"Fire Potion"},{"floor":11,"key":"AttackPotion"},{"floor":16,"key":"Energy Potion"},{"floor":19,"key":"potionbrewer:SplittingPotion"}],"is_trial":false,"path_per_floor":["M","M","M","?","$","E","?","M","T","$","M","?","R","E","R","B",null,"M","M","$"],"character_chosen":"THE_DEFAULT","items_purchased":["Ice Cream","PreservedInsect"],"campfire_rested":2,"item_purchase_floors":[5,20],"current_hp_per_floor":[63,63,63,63,63,30,30,30,30,30,29,29,50,41,62,67,69,53,53,55,55],"gold":287,"neow_bonus":"BOSS_RELIC","is_daily":false,"chose_seed":false,"campfire_upgraded":0,"win_rate":0.0,"timestamp":1612320145,"path_taken":["M","M","M","?","$","E","?","M","T","?","M","?","R","E","R","BOSS","M","M","$"],"items_purchased_type":["Relic","Relic"],"build_version":"2020-12-22","purchased_purges":1,"victory":false,"max_hp_per_floor":[70,70,70,70,70,70,70,70,70,70,70,70,70,70,70,70,70,70,70,70,70],"card_choices":[{"not_picked":["theMarked:HeightenedSenses","theMarked:Frustration"],"picked":"theMarked:WardOff","floor":1},{"not_picked":["theMarked:Parkour","theMarked:ElectricStrings","theMarked:Improvise","theMarked:Aftermath"],"picked":"theMarked:Seal","floor":2},{"not_picked":["theMarked:Static","theMarked:TwofoldDefense","theMarked:ResourceFulStrike","theMarked:ChannelForce"],"picked":"theMarked:MysticalArsenal","floor":3},{"not_picked":["theMarked:WardOff","theMarked:ResourceFulStrike","theMarked:RepellingDischarge","theMarked:MagusForm"],"picked":"theMarked:BanishingWave","floor":6},{"not_picked":["theMarked:MuscleMemory","theMarked:Frustration","theMarked:RepellingDischarge+1","theMarked:SwordAndMagic"],"picked":"theMarked:Improvise+1","floor":8},{"not_picked":["theMarked:ResourceFulStrike","theMarked:ContemptForTheProud","theMarked:RepellingDischarge+1","theMarked:SelfDefenseTraining"],"picked":"theMarked:Seal+1","floor":11},{"not_picked":["theMarked:ChainLightning","theMarked:ThrowWeapon","theMarked:TheMission","theMarked:RogueSparks"],"picked":"theMarked:Memento+1","floor":14},{"not_picked":["theMarked:SuspiciousRaven+1","theMarked:Defy","theMarked:DispelDoubt","theMarked:Vacuum"],"picked":"theMarked:Abjuration","floor":16},{"not_picked":["theMarked:SwordAndMagic","theMarked:WastefulAttack","theMarked:Improvise+1","theMarked:Friction+1"],"picked":"theMarked:Static+1","floor":18},{"not_picked":["theMarked:HeightenedSenses+1","theMarked:RepellingDischarge+1","theMarked:Polarize+1","theMarked:ResourceFulStrike"],"picked":"theMarked:LightningStrikesTwice","floor":19}],"player_experience":2039054,"relics_obtained":[{"floor":1,"key":"SynthV:TestCard"},{"floor":6,"key":"Bag of Marbles"},{"floor":9,"key":"Pantograph"},{"floor":14,"key":"Bronze Scales"}],"event_choices":[{"cards_removed":["theMarked:Defend"],"damage_healed":0,"gold_gain":0,"player_choice":"Card Removal","damage_taken":0,"max_hp_gain":0,"max_hp_loss":0,"event_name":"The Cleric","floor":4,"gold_loss":50},{"damage_healed":0,"gold_gain":175,"player_choice":"AGREE","damage_taken":0,"max_hp_gain":0,"max_hp_loss":0,"event_name":"Liars Game","floor":12,"gold_loss":0,"cards_obtained":["Doubt"]}],"is_beta":false,"boss_relics":[{"not_picked":["Ectoplasm","Snecko Eye"],"picked":"hubris:BlackHole"}],"items_purged_floors":[20],"is_endless":false,"potions_floor_spawned":[2,8,11,16,19],"killed_by":"hubris:Merchant","ascension_level":8}}