{"host":"a71rwr83kjmtknvr","time":1612384414,"event":{"mods":["AchievementEnabler","Act Like it!","Aspiration","BaseMod","Better Altar","Better Match","Better Sensory Stone","Better Skull","Better Third Choice","BetterRewards","Bossed Relics","Colored Map","Colored Powertips","Displayed Cursed Tome","Gensokyo","Halation","Hubris","Infinite Spire","Jedi Mod","Marisa????????","Minty Spire (QoL Compilation)","Permanent Neow","RNG Fix","Reliquary","Remilia??????","Replay The Spire","StSLib","SuperFastMode","The Administrix","The Blue Laboratory","The Servant 0.9.4","Uncapped","Unceasing Turn Reminder"],"gold_per_floor":[112,112,112,124,72,102,122,122,197,38,55,67,100,113,113,212,212,224,242,321,341,352,386,341,341,341,374,385,265,192,192,192,288,288,302,315,315,315,327,353,368,399,399,429,447,462,462,479,479,479],"floor_reached":51,"language":"ENG","playtime":1776,"items_purged":["hubris:Despair"],"score":1289,"play_id":"99ae9ed2-1b43-467e-8305-745a1265cd2e","local_time":"20210203233334","is_ascension_mode":true,"campfire_choices":[{"data":"Singularity","floor":15,"key":"SMITH"},{"data":"FinalSpark","floor":25,"key":"SMITH"},{"data":"CollectingQuirk","floor":32,"key":"SMITH"},{"floor":49,"key":"REST"}],"circlet_count":0,"master_deck":["Strike_MRS","Strike_MRS","Strike_MRS","Strike_MRS","Defend_MRS","Defend_MRS","Defend_MRS","Defend_MRS","MasterSpark+1","UpSweep","MilkyWay+1","GalacticHalo","DoubleSpark","Gensokyo:CrescentMoonSlash","EnergyFlow","DoubleSpark","Singularity+1","FinalSpark+1","DarkMatter+1","DragonMeteor+1","FinalSpark","DoubleSpark","MagicAbsorber","OortCloud","CollectingQuirk+1","Offering","infinitespire:Menacing","DoubleSpark+1","DoubleSpark"],"relics":["MiniHakkero","Thread and Needle","Bronze Scales","Gensokyo:OccultBall","reliquary:Buckler","Gensokyo:CelestialsFlawlessClothing","hubris:DisguiseKit","ReplayTheSpireMod:CursedCoin","MagicBroom","reliquary:BallBearing","Pandora\u0027s Box","aspiration:TomeofQuesting","reliquary:NewFriend","Matryoshka","Gensokyo:SpiderMask","Replay:Grab Bag","Fusion Hammer","jedi:battlestandard","aspiration:PoetsPen_weak","ExperimentalFamiliar","Replay:Lucky Slots","hubris:Towel","Pet Ghost","halation:LettersToHer","PreservedInsect","Quantum Egg","Bag of Preparation","halation:EternalFortune"],"acts_visited":["Exordium","Gensokyo:Gensokyo","Gensokyo:Gensokyoer"],"potions_floor_usage":[11,16,22,23],"damage_taken":[{"damage":0,"enemies":"Gensokyo:Python","floor":1,"turns":3},{"damage":0,"enemies":"Gensokyo:2_Kodama","floor":4,"turns":2},{"damage":4,"enemies":"Gensokyo:Aya","floor":6,"turns":3},{"damage":0,"enemies":"Gensokyo:Gryphon","floor":7,"turns":2},{"damage":0,"enemies":"Gensokyo:3_Kodama","floor":11,"turns":1},{"damage":0,"enemies":"Gensokyo:2_Rabbits","floor":12,"turns":2},{"damage":2,"enemies":"Gensokyo:Cirno","floor":13,"turns":5},{"damage":0,"enemies":"Gensokyo:LivingMonolith","floor":14,"turns":3},{"damage":13,"enemies":"Gensokyo:Yukari","floor":16,"turns":10},{"damage":0,"enemies":"Gensokyo:Chomper","floor":18,"turns":3},{"damage":0,"enemies":"Gensokyo:CosmicMonolith","floor":19,"turns":3},{"damage":14,"enemies":"Gensokyo:Slime_Group","floor":21,"turns":4},{"damage":0,"enemies":"Gensokyo:Monolith_and_Dog","floor":22,"turns":2},{"damage":0,"enemies":"Gensokyo:Koishi","floor":23,"turns":4},{"damage":30,"enemies":"Gensokyo:Tenshi","floor":27,"turns":4},{"damage":0,"enemies":"Gensokyo:Swordslinger","floor":28,"turns":4},{"damage":20,"enemies":"Gensokyo:Eternal_Rivals","floor":33,"turns":7},{"damage":0,"enemies":"Gensokyo:AncientGuardian","floor":35,"turns":2},{"damage":2,"enemies":"Gensokyo:3_Bats","floor":36,"turns":1},{"damage":0,"enemies":"Gensokyo:Rafflesia","floor":39,"turns":3},{"damage":0,"enemies":"Gensokyo:Kasen","floor":40,"turns":2},{"damage":0,"enemies":"Gensokyo:SeedOfUnknown","floor":41,"turns":1},{"damage":6,"enemies":"Nightmare","floor":42,"turns":2},{"damage":0,"enemies":"Gensokyo:Kasen","floor":44,"turns":1},{"damage":0,"enemies":"Gensokyo:AtlasGolem","floor":45,"turns":1},{"damage":0,"enemies":"Gensokyo:4_Bats","floor":46,"turns":1},{"damage":0,"enemies":"Gensokyo:3_Boulders","floor":48,"turns":2},{"damage":6,"enemies":"Gensokyo:Scarlet_Devils","floor":50,"turns":3}],"seed_played":"-596964363555086656","potions_obtained":[{"floor":4,"key":"SkillPotion"},{"floor":11,"key":"Energy Potion"},{"floor":12,"key":"blueLaboratory:ImpenetrablePotion"},{"floor":14,"key":"blueLaboratory:StoneskinPotion"},{"floor":16,"key":"Strength Potion"},{"floor":22,"key":"jedi:mysterypotion"},{"floor":28,"key":"Weak Potion"},{"floor":33,"key":"blueLaboratory:BottleOfRum"}],"is_trial":false,"path_per_floor":["M","?","?","M","$","E","M","?","T","$","M","M","E","M","R","B",null,"M","M","?","M","M","E","$","R","T","E","M","?","$","?","R","B",null,"M","M","AVR","?","M","E","M","NM","T","E","M","M","?","M","R","B",null],"character_chosen":"MARISA","items_purchased":["MilkyWay","SporeBomb+1","Bronze Scales","GalacticHalo","DoubleSpark","blueLaboratory:FruitPunch","ReplayTheSpireMod:CursedCoin","MagicBroom","DoubleSpark","OortCloud"],"campfire_rested":1,"item_purchase_floors":[0,0,0,0,0,5,10,10,24,30],"current_hp_per_floor":[75,64,64,64,64,60,60,42,42,42,44,44,42,42,42,29,77,77,77,47,33,33,33,33,33,33,3,3,3,3,3,3,65,77,77,75,75,75,75,75,75,69,69,69,69,69,72,72,80,74],"gold":479,"neow_bonus":"","is_daily":false,"chose_seed":false,"campfire_upgraded":3,"win_rate":0.0,"timestamp":1612384414,"path_taken":["M","?","?","?","$","E","M","?","T","?","?","M","E","M","R","BOSS","M","M","?","M","?","E","?","R","T","E","M","?","$","?","R","BOSS","M","M","AVR","?","M","E","M","NM","T","E","M","?","?","M","R","BOSS"],"items_purchased_type":["Card","Card","Relic","Card","Card","Potion","Relic","Relic","Card","Card"],"build_version":"2020-12-22","purchased_purges":1,"victory":true,"max_hp_per_floor":[75,75,75,75,75,75,75,75,75,75,77,77,77,77,77,77,77,77,77,77,77,77,77,77,77,77,77,77,77,77,77,77,77,77,77,77,77,77,77,77,77,77,77,77,77,77,80,80,80,80],"card_choices":[{"not_picked":["ShootTheMoon","PowerUp"],"picked":"DarkMatter","floor":1},{"not_picked":["UnstableBomb","Occultation"],"picked":"EnergyFlow","floor":4},{"not_picked":["ShootTheMoon","OneTimeOff","WitchOfGreed"],"picked":"SKIP","floor":6},{"not_picked":["RefractionSpark","Acceleration","SporeBomb"],"picked":"SKIP","floor":7},{"not_picked":["MilkyWay","MagicChant","Robbery","jedi:collectorstrike"],"picked":"SKIP","floor":11},{"not_picked":["SuperPerseids","Acceleration","Whirlwind"],"picked":"DoubleSpark","floor":12},{"not_picked":["MysteriousBeam","MilkyWay","GalacticHalo","Flex"],"picked":"SKIP","floor":13},{"not_picked":["ManaConvection","BlazingStar","Flex"],"picked":"Singularity","floor":14},{"not_picked":["BigCrunch","StarDustReverie","Exhume"],"picked":"FinalSpark","floor":16},{"not_picked":["UnstableBomb","IllusionStar","Clothesline"],"picked":"DarkMatter+1","floor":18},{"not_picked":["UnstableBomb","GravityBeat","AsteroidBelt","Flex"],"picked":"SKIP","floor":19},{"not_picked":["DarkSpark","Robbery+1","Eclipse"],"picked":"DragonMeteor+1","floor":21},{"not_picked":["EventHorizon+1","AlicesGift","AsteroidBelt","Armaments"],"picked":"SKIP","floor":22},{"not_picked":["DarkMatter","SporeBomb","ReplayTheSpireMod:Strike From Hell"],"picked":"FinalSpark","floor":23},{"not_picked":["EscapeVelocity","SporeBomb+1","DarkSpark","Cleave"],"picked":"SKIP","floor":27},{"not_picked":["6A","PowerUp","Pommel Strike"],"picked":"MagicAbsorber","floor":28},{"not_picked":["MaximisePower","SatelliteIllusion","ManaRampage"],"picked":"Offering","floor":33},{"not_picked":["Orbital+1","DC+1","MilkyWay","jedi:fear"],"picked":"SKIP","floor":35},{"not_picked":["WitchLeyline+1","6A","ShootingEcho+1","Heavy Blade"],"picked":"SKIP","floor":36},{"not_picked":["PropBag","AlicesGift","Intimidate"],"picked":"DoubleSpark+1","floor":39},{"not_picked":["AsteroidBelt+1","SporeBomb+1","WitchOfGreed","Body Slam"],"picked":"SKIP","floor":40},{"not_picked":["WitchLeyline","OortCloud","ShootingEcho","Whirlwind"],"picked":"SKIP","floor":41},{"not_picked":["OrrerysSun+1","EventHorizon+1","DC+1","ReplayTheSpireMod:Limb From Limb"],"picked":"SKIP","floor":42},{"not_picked":["LuminesStrike","ManaConvection+1","SprinkleStarSeal","Feed"],"picked":"SKIP","floor":44},{"not_picked":["AsteroidBelt+1","6A+1","Armaments"],"picked":"DoubleSpark","floor":45},{"not_picked":["TreasureHunter","ShootingEcho+1","EarthLightRay","Infernal Blade"],"picked":"SKIP","floor":46},{"not_picked":["JA","ChargeUpSpray","ManaConvection","Pommel Strike"],"picked":"SKIP","floor":48}],"player_experience":777810,"relics_obtained":[{"floor":6,"key":"reliquary:Buckler"},{"floor":9,"key":"hubris:DisguiseKit"},{"floor":13,"key":"reliquary:BallBearing"},{"floor":16,"key":"Gensokyo:OccultBall"},{"floor":20,"key":"aspiration:TomeofQuesting"},{"floor":26,"key":"reliquary:NewFriend"},{"floor":27,"key":"Matryoshka"},{"floor":33,"key":"Gensokyo:OccultBall"},{"floor":35,"key":"Gensokyo:OccultBall"},{"floor":40,"key":"Pet Ghost"},{"floor":42,"key":"halation:LettersToHer"},{"floor":43,"key":"PreservedInsect"},{"floor":43,"key":"halation:LettersToHer"},{"floor":43,"key":"Quantum Egg"},{"floor":44,"key":"Bag of Preparation"},{"floor":48,"key":"Gensokyo:OccultBall"}],"event_choices":[],"is_beta":false,"boss_relics":[{"not_picked":["hubris:RunicObelisk","halation:Risk"],"picked":"Pandora\u0027s Box"},{"not_picked":["halation:Yufonium","hubris:GrandSneckoEye"],"picked":"Replay:Grab Bag"},{"not_picked":["hubris:VirtuousBlindfold","hubris:TerracottaHorce"],"picked":"Fusion Hammer"},{"not_picked":["reliquary:RedPaperclip","jedi:hotpepper"],"picked":"jedi:battlestandard"},{"not_picked":["aspiration:SecretTechniqueScroll","Kintsugi"],"picked":"aspiration:PoetsPen_weak"}],"items_purged_floors":[37],"is_endless":false,"potions_floor_spawned":[4,11,12,14,16,19,22,23,28,33,36,44,45,46],"ascension_level":1}}