{"host":"zwezhz46a5cjkxff","time":1612352135,"event":{"mods":["AchievementEnabler","BaseMod","Colored Map","Colored Powertips","DeckTracker","Hermit","Marisa????????","Minty Spire (QoL Compilation)","Permanent Neow","Quick Restart","Rare Cards Sparkle","Relic Stats","Robot Space Explorer","StSLib","SuperFastMode","The Hierophant","The Servant 0.9.4","Weighted Paths","slay the spire mod where everything is the same but ironclad has a cowboy hat"],"gold_per_floor":[114,114,22,34,109,134,134,148,148,148,177,153,153,169,169,266,266,286,299,317,333,333,333,344,359,433,433,445,50,50,64,64,166,166,176,176,188,243,243,268,283,283,283,283,333,350,379,167,167,167,167,167,13,43,43,43],"floor_reached":55,"language":"ENG","playtime":2355,"items_purged":["Strike_P"],"score":787,"play_id":"9d7870b4-4b3a-4509-a140-9e5bde1fe376","local_time":"20210203053535","is_ascension_mode":false,"campfire_choices":[{"floor":7,"key":"RECALL"},{"data":"Apotheosis","floor":10,"key":"SMITH"},{"floor":13,"key":"REST"},{"floor":15,"key":"REST"},{"floor":23,"key":"REST"},{"floor":27,"key":"REST"},{"floor":30,"key":"REST"},{"floor":32,"key":"REST"},{"floor":42,"key":"DIG"},{"floor":44,"key":"REST"},{"floor":49,"key":"REST"},{"floor":52,"key":"DIG"}],"circlet_count":0,"master_deck":["Strike_P","Strike_P","Eruption","Vigilance","Apotheosis+1","Prostrate","Dramatic Entrance","Nirvana","Worship","SpiritShield","CutThroughFate","Vault","FlurryOfBlows+1","CutThroughFate+1","MentalFortress+1","Worship","Evaluate+1","DevaForm+1","Dramatic Entrance","Brilliance","Scrawl+1","JustLucky+1","Adaptation+1","FlurryOfBlows","TalkToTheHand+1","CutThroughFate","WheelKick+1","BattleHymn+1","ThirdEye","Nirvana+1","Devotion+1"],"relics":["PureWater","Strawberry","Frozen Egg 2","Kunai","Mango","Philosopher\u0027s Stone","Mummified Hand","Vajra","Astrolabe","Shovel","HornCleat","The Courier","Peace Pipe","CeramicFish","Sling","Gremlin Horn","Yang"],"acts_visited":["Exordium","TheCity","TheBeyond","TheEnding"],"potions_floor_usage":[6,11,24,31,31,37,38,50,50,55],"damage_taken":[{"damage":7,"enemies":"2 Louse","floor":1,"turns":2},{"damage":0,"enemies":"Jaw Worm","floor":4,"turns":2},{"damage":1,"enemies":"3 Sentries","floor":6,"turns":5},{"damage":2,"enemies":"Small Slimes","floor":8,"turns":3},{"damage":39,"enemies":"Gremlin Nob","floor":11,"turns":5},{"damage":2,"enemies":"Looter","floor":14,"turns":4},{"damage":0,"enemies":"Slime Boss","floor":16,"turns":9},{"damage":10,"enemies":"2 Thieves","floor":18,"turns":5},{"damage":8,"enemies":"3 Byrds","floor":19,"turns":5},{"damage":22,"enemies":"Snecko","floor":20,"turns":8},{"damage":13,"enemies":"Centurion and Healer","floor":21,"turns":6},{"damage":14,"enemies":"3 Cultists","floor":24,"turns":6},{"damage":28,"enemies":"Snake Plant","floor":25,"turns":5},{"damage":16,"enemies":"Shelled Parasite and Fungi","floor":28,"turns":5},{"damage":12,"enemies":"Cultist and Chosen","floor":31,"turns":5},{"damage":55,"enemies":"Collector","floor":33,"turns":10},{"damage":18,"enemies":"3 Shapes","floor":35,"turns":4},{"damage":0,"enemies":"3 Darklings","floor":37,"turns":2},{"damage":27,"enemies":"2 Orb Walkers","floor":38,"turns":4},{"damage":29,"enemies":"Nemesis","floor":40,"turns":10},{"damage":15,"enemies":"4 Shapes","floor":41,"turns":5},{"damage":0,"enemies":"Mind Bloom Boss Battle","floor":45,"turns":6},{"damage":20,"enemies":"Jaw Worm Horde","floor":46,"turns":4},{"damage":0,"enemies":"Giant Head","floor":47,"turns":6},{"damage":12,"enemies":"Awakened One","floor":50,"turns":6},{"damage":56,"enemies":"Shield and Spear","floor":54,"turns":5},{"damage":67,"enemies":"The Heart","floor":55,"turns":2}],"seed_played":"-1457984922817641120","potions_obtained":[{"floor":1,"key":"GamblersBrew"},{"floor":4,"key":"AttackPotion"},{"floor":19,"key":"FairyPotion"},{"floor":20,"key":"Block Potion"},{"floor":25,"key":"Fire Potion"},{"floor":28,"key":"GamblersBrew"},{"floor":33,"key":"SteroidPotion"},{"floor":35,"key":"DistilledChaos"},{"floor":41,"key":"FairyPotion"},{"floor":45,"key":"Energy Potion"},{"floor":47,"key":"CultistPotion"},{"floor":54,"key":"Regen Potion"}],"is_trial":false,"path_per_floor":["M","?","$","M","?","E","R","M","T","R","E","$","R","M","R","B",null,"M","M","M","M","?","R","M","M","T","R","M","$","R","M","R","B",null,"M","?","M","?","?","E","M","R","T","R","?","M","E","$","R","B",null,"R","$","E","B"],"character_chosen":"WATCHER","items_purchased":["Dramatic Entrance","CutThroughFate","DevaForm+1","Vajra","Dramatic Entrance","Sling","ThirdEye","Nirvana+1","Devotion+1"],"campfire_rested":8,"item_purchase_floors":[3,12,29,29,29,48,48,53,53],"current_hp_per_floor":[58,62,62,62,51,50,50,48,48,48,23,23,48,46,71,71,86,76,68,46,33,33,58,44,16,16,41,25,25,50,38,63,8,86,68,68,68,41,41,12,21,21,21,45,45,25,25,25,49,37,82,82,82,26,0,0],"gold":43,"neow_bonus":"RANDOM_COLORLESS_2","is_daily":false,"chose_seed":false,"campfire_upgraded":1,"win_rate":0.0,"timestamp":1612352135,"path_taken":["M","?","?","M","?","E","R","M","T","R","E","$","R","M","R","BOSS","M","M","M","M","?","R","M","M","T","R","M","$","R","M","R","BOSS","M","?","M","?","?","E","M","R","T","R","?","?","E","$","R","BOSS","R","$","E","BOSS"],"items_purchased_type":["Card","Card","Card","Relic","Card","Relic","Card","Card","Card"],"build_version":"2020-12-22","purchased_purges":1,"victory":false,"max_hp_per_floor":[65,72,72,72,72,72,72,72,72,72,86,86,86,86,86,86,86,86,86,86,86,86,86,86,86,86,86,86,86,86,86,86,86,86,86,86,86,86,82,82,82,82,82,82,82,82,82,82,82,82,82,82,82,82,82,82],"relic_stats":{"Peace Pipe":0,"Shovel":2,"Gremlin Horn":[1,1],"counters":[27,139],"Mummified Hand":[61],"Astrolabe":["Scrawl","JustLucky","Adaptation"],"CeramicFish":27,"Yang":[7],"Kunai":[65],"obtain_stats":[{"Gremlin Horn":52,"Astrolabe":34,"CeramicFish":47,"Vajra":29,"Mango":11,"Yang":54,"The Courier":42,"Frozen Egg 2":6,"Sling":48,"Peace Pipe":45,"Shovel":38,"HornCleat":40,"Mummified Hand":26,"Strawberry":2,"Philosopher\u0027s Stone":17,"Kunai":9,"PureWater":0},{"Gremlin Horn":25,"Astrolabe":16,"CeramicFish":24,"Vajra":14,"Mango":5,"Yang":26,"The Courier":21,"Frozen Egg 2":3,"Sling":24,"Peace Pipe":22,"Shovel":19,"HornCleat":20,"Mummified Hand":13,"Strawberry":1,"Philosopher\u0027s Stone":7,"Kunai":4,"PureWater":0},{"Gremlin Horn":132,"Astrolabe":85,"CeramicFish":126,"Vajra":70,"Mango":17,"Yang":137,"The Courier":110,"Frozen Egg 2":9,"Sling":126,"Peace Pipe":116,"Shovel":95,"HornCleat":105,"Mummified Hand":65,"Strawberry":2,"Philosopher\u0027s Stone":30,"Kunai":12,"PureWater":0}]},"card_choices":[{"not_picked":["Panache","HandOfGreed"],"picked":"Apotheosis","floor":0},{"not_picked":["SashWhip","ThirdEye"],"picked":"Prostrate","floor":1},{"not_picked":["Indignation","ThirdEye"],"picked":"Nirvana","floor":4},{"not_picked":["WreathOfFlame","Fasting2+1"],"picked":"Worship","floor":6},{"not_picked":["CrushJoints","SignatureMove","Evaluate"],"picked":"SKIP","floor":8},{"not_picked":["FollowUp","SandsOfTime"],"picked":"SpiritShield","floor":11},{"not_picked":["ClearTheMind","JustLucky","PathToVictory"],"picked":"SKIP","floor":14},{"not_picked":["Alpha","DeusExMachina"],"picked":"Vault","floor":16},{"not_picked":["Evaluate","JustLucky","BowlingBash"],"picked":"SKIP","floor":18},{"not_picked":["CrushJoints","DeceiveReality"],"picked":"FlurryOfBlows+1","floor":19},{"not_picked":["Prostrate+1","Protect"],"picked":"CutThroughFate+1","floor":20},{"not_picked":["Indignation+1","BowlingBash"],"picked":"MentalFortress+1","floor":21},{"not_picked":["PathToVictory","Perseverance","ThirdEye+1"],"picked":"SKIP","floor":24},{"not_picked":["Vengeance","Sanctity"],"picked":"Worship","floor":25},{"not_picked":["Protect+1","Crescendo"],"picked":"Evaluate+1","floor":28},{"not_picked":["Perseverance+1","JustLucky","ConjureBlade"],"picked":"SKIP","floor":31},{"not_picked":["Devotion+1","Ragnarok"],"picked":"Brilliance","floor":33},{"not_picked":["SashWhip","Consecrate"],"picked":"FlurryOfBlows","floor":35},{"not_picked":["FollowUp","Study+1"],"picked":"TalkToTheHand+1","floor":37},{"not_picked":["Crescendo+1","CrushJoints"],"picked":"CutThroughFate","floor":38},{"not_picked":["EmptyMind","Sanctity+1"],"picked":"WheelKick+1","floor":40},{"not_picked":["PathToVictory+1","SandsOfTime+1","Crescendo+1"],"picked":"SKIP","floor":41},{"not_picked":["Crescendo+1","ConjureBlade"],"picked":"BattleHymn+1","floor":45},{"not_picked":["Halt","EmptyFist+1","Indignation+1"],"picked":"SKIP","floor":46},{"not_picked":["Meditate+1","ThirdEye","EmptyMind+1"],"picked":"SKIP","floor":47},{"not_picked":["Collect","EmptyFist+1","DeusExMachina"],"picked":"SKIP","floor":54}],"player_experience":67096,"relics_obtained":[{"floor":6,"key":"Frozen Egg 2"},{"floor":9,"key":"Kunai"},{"floor":11,"key":"Mango"},{"floor":26,"key":"Mummified Hand"},{"floor":38,"key":"Shovel"},{"floor":40,"key":"HornCleat"},{"floor":42,"key":"The Courier"},{"floor":45,"key":"Peace Pipe"},{"floor":47,"key":"CeramicFish"},{"floor":52,"key":"Gremlin Horn"},{"floor":54,"key":"Yang"}],"event_choices":[{"damage_healed":0,"gold_gain":0,"player_choice":"Success","damage_taken":3,"relics_obtained":["Strawberry"],"max_hp_gain":0,"max_hp_loss":0,"event_name":"Scrap Ooze","floor":2,"gold_loss":0},{"damage_healed":0,"gold_gain":75,"player_choice":"Gather Gold","damage_taken":11,"max_hp_gain":0,"max_hp_loss":0,"event_name":"World of Goop","floor":5,"gold_loss":0},{"cards_removed":["Defend_P"],"damage_healed":0,"gold_gain":0,"player_choice":"Elegance","damage_taken":0,"max_hp_gain":0,"max_hp_loss":0,"event_name":"Back to Basics","floor":22,"gold_loss":0},{"cards_removed":["Defend_P"],"damage_healed":0,"gold_gain":0,"player_choice":"Removed Skill","damage_taken":0,"max_hp_gain":0,"max_hp_loss":0,"event_name":"Falling","floor":36,"gold_loss":0},{"damage_healed":0,"gold_gain":0,"player_choice":"Fight","damage_taken":0,"max_hp_gain":0,"max_hp_loss":0,"event_name":"Mysterious Sphere","floor":38,"gold_loss":0},{"damage_healed":0,"gold_gain":0,"player_choice":"Max HP","damage_taken":0,"max_hp_gain":0,"max_hp_loss":4,"event_name":"Winding Halls","floor":39,"gold_loss":0},{"damage_healed":0,"gold_gain":0,"player_choice":"Fight","damage_taken":0,"max_hp_gain":0,"max_hp_loss":0,"event_name":"MindBloom","floor":45,"gold_loss":0}],"is_beta":false,"boss_relics":[{"not_picked":["Fusion Hammer","Calling Bell"],"picked":"Philosopher\u0027s Stone"},{"not_picked":["VioletLotus","Empty Cage"],"picked":"Astrolabe"}],"items_purged_floors":[48],"is_endless":false,"potions_floor_spawned":[1,4,19,20,25,28,33,35,41,45,47,54],"killed_by":"The Heart","ascension_level":0}}