{"host":"soyfmymeou4emntr","time":1612329851,"event":{"mods":["BaseMod","BetterRewards","Minty Spire (QoL Compilation)","Relic Sorter","Relic Stats","StSLib"],"gold_per_floor":[13,28,44,56,56,56,88,88,112,124,142,162,197,197,197,269,269,282,33,47,61,111,137,137,172,172,172,182,207,207,221,221,298,298,310,310,138,148,62,62,88,88,88,106,106,126,126,146,146,146,146],"floor_reached":50,"language":"ENG","playtime":5192,"items_purged":[],"score":1088,"play_id":"817be99f-0ffe-4bb7-9040-54b937843d06","local_time":"20210202222411","is_ascension_mode":true,"campfire_choices":[{"data":"Self Repair","floor":6.0,"key":"SMITH"},{"data":"Darkness","floor":15.0,"key":"SMITH"},{"data":"Capacitor","floor":24.0,"key":"SMITH"},{"data":"Biased Cognition","floor":27.0,"key":"SMITH"},{"data":"Biased Cognition","floor":32.0,"key":"SMITH"},{"floor":40.0,"key":"RECALL"},{"data":"Capacitor","floor":45.0,"key":"SMITH"},{"data":"Echo Form","floor":47.0,"key":"SMITH"},{"data":"Loop","floor":49.0,"key":"SMITH"}],"circlet_count":0,"master_deck":["AscendersBane","Dualcast","Electrodynamics","Coolheaded","Self Repair+1","Doom and Gloom","Glacier","Darkness+1","Conserve Battery","Lockon","Barrage","Barrage","Biased Cognition+1","Machine Learning","Melter","Turbo+1","Double Energy+1","Rainbow","Echo Form+1","Aggregate","Biased Cognition+1","Self Repair+1","Compile Driver","Capacitor+1","Thunder Strike+1","CurseOfTheBell","Capacitor+1","Loop+1","Chill","Conserve Battery","Compile Driver+1"],"relics":["Cracked Core","Akabeko","Strawberry","Bag of Preparation","Pandora\u0027s Box","DollysMirror","War Paint","Incense Burner","Mummified Hand","Pantograph","Calling Bell","Ancient Tea Set","Letter Opener","FossilizedHelix","Medical Kit","Du-Vu Doll"],"acts_visited":["Exordium","TheCity","TheBeyond"],"potions_floor_usage":[50,50],"damage_taken":[{"damage":2.0,"enemies":"Jaw Worm","floor":1.0,"turns":3.0},{"damage":1.0,"enemies":"Cultist","floor":2.0,"turns":3.0},{"damage":6.0,"enemies":"Small Slimes","floor":3.0,"turns":2.0},{"damage":4.0,"enemies":"Exordium Thugs","floor":4.0,"turns":3.0},{"damage":43.0,"enemies":"Lagavulin","floor":7.0,"turns":8.0},{"damage":2.0,"enemies":"Large Slime","floor":10.0,"turns":3.0},{"damage":0.0,"enemies":"2 Fungi Beasts","floor":11.0,"turns":2.0},{"damage":2.0,"enemies":"Lots of Slimes","floor":12.0,"turns":2.0},{"damage":4.0,"enemies":"Gremlin Nob","floor":13.0,"turns":3.0},{"damage":36.0,"enemies":"The Guardian","floor":16.0,"turns":12.0},{"damage":12.0,"enemies":"3 Byrds","floor":18.0,"turns":2.0},{"damage":28.0,"enemies":"Shell Parasite","floor":20.0,"turns":3.0},{"damage":0.0,"enemies":"Sentry and Sphere","floor":21.0,"turns":4.0},{"damage":11.0,"enemies":"Slavers","floor":23.0,"turns":4.0},{"damage":43.0,"enemies":"Book of Stabbing","floor":25.0,"turns":6.0},{"damage":0.0,"enemies":"Snecko","floor":28.0,"turns":4.0},{"damage":9.0,"enemies":"Gremlin Leader","floor":29.0,"turns":5.0},{"damage":22.0,"enemies":"Centurion and Healer","floor":31.0,"turns":5.0},{"damage":19.0,"enemies":"Automaton","floor":33.0,"turns":6.0},{"damage":39.0,"enemies":"3 Darklings","floor":35.0,"turns":5.0},{"damage":11.0,"enemies":"3 Shapes","floor":38.0,"turns":3.0},{"damage":38.0,"enemies":"Reptomancer","floor":41.0,"turns":7.0},{"damage":1.0,"enemies":"Sphere and 2 Shapes","floor":44.0,"turns":2.0},{"damage":22.0,"enemies":"4 Shapes","floor":46.0,"turns":6.0},{"damage":15.0,"enemies":"3 Darklings","floor":48.0,"turns":4.0},{"damage":87,"enemies":"Awakened One","floor":50,"turns":5}],"seed_played":"-3365413292741448753","potions_obtained":[{"floor":3.0,"key":"EntropicBrew"},{"floor":7.0,"key":"ColorlessPotion"},{"floor":11.0,"key":"Energy Potion"},{"floor":13.0,"key":"PotionOfCapacity"},{"floor":25.0,"key":"FairyPotion"},{"floor":38.0,"key":"DuplicationPotion"}],"is_trial":false,"path_per_floor":["M","M","M","M","?","R","E","?","T","M","M","M","E","?","R","B",null,"M","$","M","M","?","E","R","E","T","R","M","E","?","M","R","B",null,"M","?","$","M","$","R","E","?","T","M","R","M","R","M","R","B"],"character_chosen":"DEFECT","items_purchased":["Biased Cognition","DollysMirror","Medical Kit","Loop"],"campfire_rested":0,"item_purchase_floors":[19,19,37,39],"current_hp_per_floor":[62,61,62,58,63,63,30,30,37,45,55,53,59,59,59,33,71,69,69,71,83,83,72,72,59,59,59,83,83,83,83,83,83,83,64,64,64,83,83,83,65,65,65,64,64,62,62,67,67,0,0],"gold":146,"neow_bonus":"THREE_RARE_CARDS","is_daily":false,"chose_seed":false,"campfire_upgraded":8,"win_rate":0.0,"timestamp":1612329851,"path_taken":["M","M","M","M","?","R","E","?","T","M","?","M","E","?","R","BOSS","M","$","M","M","?","E","R","E","T","R","M","E","?","M","R","BOSS","M","?","?","M","$","R","E","?","T","M","R","M","R","M","R","BOSS"],"items_purchased_type":["Card","Relic","Relic","Card"],"build_version":"2020-12-22","purchased_purges":0,"victory":false,"max_hp_per_floor":[71,71,71,71,76,76,76,76,83,83,83,83,83,83,83,83,83,83,83,83,83,83,83,83,83,83,83,83,83,83,83,83,83,83,83,83,83,83,83,83,83,83,83,83,83,83,83,83,83,83,83],"relic_stats":{"counters":[26,112],"Mummified Hand":[102],"Pantograph":16,"Pandora\u0027s Box":["Machine Learning","Melter","Turbo","Double Energy","Rainbow","Echo Form","Aggregate"],"Bag of Preparation":[34],"Letter Opener":[46],"War Paint":["Double Energy","Turbo"],"Medical Kit":[0],"obtain_stats":[{"Bag of Preparation":13,"Incense Burner":25,"Letter Opener":34,"War Paint":23,"Ancient Tea Set":34,"Medical Kit":37,"Akabeko":7,"Calling Bell":34,"Du-Vu Doll":41,"DollysMirror":19,"Mummified Hand":26,"Strawberry":9,"Pantograph":29,"Pandora\u0027s Box":17,"Cracked Core":0,"FossilizedHelix":34},{"Bag of Preparation":9,"Incense Burner":15,"Letter Opener":19,"War Paint":14,"Ancient Tea Set":19,"Medical Kit":20,"Akabeko":5,"Calling Bell":19,"Du-Vu Doll":22,"DollysMirror":11,"Mummified Hand":15,"Strawberry":5,"Pantograph":17,"Pandora\u0027s Box":10,"Cracked Core":0,"FossilizedHelix":19},{"Bag of Preparation":29,"Incense Burner":60,"Letter Opener":80,"War Paint":54,"Ancient Tea Set":80,"Medical Kit":85,"Akabeko":19,"Calling Bell":80,"Du-Vu Doll":95,"DollysMirror":43,"Mummified Hand":60,"Strawberry":19,"Pantograph":69,"Pandora\u0027s Box":41,"Cracked Core":0,"FossilizedHelix":80}]},"card_choices":[{"not_picked":["Thunder Strike","Hyperbeam"],"picked":"Electrodynamics","floor":0.0},{"not_picked":["Compile Driver","Redo"],"picked":"Coolheaded","floor":1.0},{"not_picked":["Sweeping Beam","Turbo"],"picked":"Self Repair","floor":2.0},{"not_picked":["Streamline","Conserve Battery"],"picked":"Doom and Gloom","floor":3.0},{"not_picked":["Go for the Eyes","Turbo"],"picked":"Glacier","floor":4.0},{"not_picked":["Steam Power","Hyperbeam"],"picked":"Darkness","floor":7.0},{"not_picked":["Chaos","Steam"],"picked":"Conserve Battery","floor":10.0},{"not_picked":["Chaos","Steam"],"picked":"Lockon","floor":11.0},{"not_picked":["Leap","Go for the Eyes"],"picked":"Barrage","floor":12.0},{"not_picked":["BootSequence","Compile Driver"],"picked":"Barrage","floor":13.0},{"not_picked":["Echo Form","Amplify"],"picked":"Biased Cognition","floor":16.0},{"not_picked":["Gash","Barrage","Static Discharge"],"picked":"SKIP","floor":18.0},{"not_picked":["Recycle","Ball Lightning","Scrape"],"picked":"SKIP","floor":20.0},{"not_picked":["Stack","Self Repair"],"picked":"Compile Driver","floor":21.0},{"not_picked":["Steam","Streamline+1"],"picked":"Capacitor","floor":23.0},{"not_picked":["Turbo+1","Fusion","Streamline"],"picked":"SKIP","floor":25.0},{"not_picked":["Rip and Tear","Recycle","Auto Shields"],"picked":"SKIP","floor":28.0},{"not_picked":["FTL","Stack","Tempest"],"picked":"SKIP","floor":29.0},{"not_picked":["Self Repair","Redo","All For One"],"picked":"SKIP","floor":31.0},{"not_picked":["Multi-Cast","Creative AI"],"picked":"Thunder Strike","floor":33.0},{"not_picked":["Barrage+1","Fusion+1","Rebound"],"picked":"SKIP","floor":35.0},{"not_picked":["Conserve Battery+1","Leap"],"picked":"Capacitor","floor":38.0},{"not_picked":["Melter","Machine Learning"],"picked":"Chill","floor":41.0},{"not_picked":["Hello World","Streamline","Conserve Battery+1"],"picked":"SKIP","floor":44.0},{"not_picked":["Lockon","Heatsinks","Turbo"],"picked":"SKIP","floor":46.0},{"not_picked":["Barrage","Glacier+1"],"picked":"Compile Driver+1","floor":48.0}],"player_experience":3010913,"relics_obtained":[{"floor":7.0,"key":"Akabeko"},{"floor":9.0,"key":"Strawberry"},{"floor":13.0,"key":"Bag of Preparation"},{"floor":23.0,"key":"War Paint"},{"floor":25.0,"key":"Incense Burner"},{"floor":26.0,"key":"Mummified Hand"},{"floor":29.0,"key":"Pantograph"},{"floor":34.0,"key":"Ancient Tea Set"},{"floor":34.0,"key":"Letter Opener"},{"floor":34.0,"key":"FossilizedHelix"},{"floor":41.0,"key":"Du-Vu Doll"}],"event_choices":[{"damage_healed":0.0,"max_hp_gain":5.0,"max_hp_loss":0.0,"gold_gain":0.0,"event_name":"Big Fish","player_choice":"Donut","floor":5.0,"gold_loss":0.0,"damage_taken":0.0},{"cards_removed":["Strike_B"],"damage_healed":0.0,"max_hp_gain":0.0,"max_hp_loss":0.0,"gold_gain":0.0,"event_name":"Purifier","player_choice":"Purged","floor":8.0,"gold_loss":0.0,"damage_taken":0.0},{"damage_healed":0.0,"max_hp_gain":0.0,"max_hp_loss":0.0,"gold_gain":0.0,"event_name":"Lab","player_choice":"Got Potions","floor":14.0,"gold_loss":0.0,"damage_taken":0.0},{"damage_healed":0.0,"max_hp_gain":0.0,"max_hp_loss":0.0,"gold_gain":50.0,"event_name":"Nest","player_choice":"Stole From Cult","floor":22.0,"gold_loss":0.0,"damage_taken":0.0},{"damage_healed":0.0,"max_hp_gain":0.0,"max_hp_loss":0.0,"gold_gain":0.0,"event_name":"The Mausoleum","player_choice":"Ignored","floor":30.0,"gold_loss":0.0,"damage_taken":0.0},{"damage_healed":0.0,"max_hp_gain":0.0,"max_hp_loss":0.0,"gold_gain":0.0,"event_name":"Upgrade Shrine","player_choice":"Upgraded","floor":36.0,"gold_loss":0.0,"damage_taken":0.0,"cards_upgraded":["Thunder Strike"]},{"damage_healed":0.0,"max_hp_gain":0.0,"max_hp_loss":0.0,"gold_gain":0.0,"cards_transformed":["Zap"],"event_name":"Transmorgrifier","player_choice":"Transformed","floor":42.0,"gold_loss":0.0,"damage_taken":0.0,"cards_obtained":["Conserve Battery"]}],"is_beta":false,"boss_relics":[{"not_picked":["Runic Dome","SlaversCollar"],"picked":"Pandora\u0027s Box"},{"not_picked":["Philosopher\u0027s Stone","Snecko Eye"],"picked":"Calling Bell"}],"items_purged_floors":[],"is_endless":false,"potions_floor_spawned":[3,7,11,13,16,18,25,29,35,38,46,48],"killed_by":"Awakened One","ascension_level":20}}