{"host":"Oniwa","time":1612346433,"event":{"mods":["BaseMod","Colored Map","Colored Powertips","Minty Spire (QoL Compilation)","Relic Stats","Slay the Relics Exporter","SpireBot","StSLib","ojb\u0027s Better Paths Mod","ojb\u0027s Info Mod"],"gold_per_floor":[20,20,20,41,41,41,61,85,108,108,124,124,14,45,45,134,134,159,175,10,29,29,29,65,96,96,96,117,117,117,142,142,240,240,263,263,485,485,485],"floor_reached":38,"language":"JPN","playtime":1860,"items_purged":[],"score":809,"play_id":"44af2bd1-b31d-436a-bd70-61b985f8b598","local_time":"20210203190033","is_ascension_mode":true,"campfire_choices":[{"data":"Sweeping Beam","floor":10,"key":"SMITH"},{"data":"Buffer","floor":12,"key":"SMITH"},{"data":"Aggregate","floor":15,"key":"SMITH"},{"data":"Seek","floor":23,"key":"SMITH"},{"data":"Consume","floor":27,"key":"SMITH"},{"data":"Capacitor","floor":29,"key":"SMITH"},{"data":"Recycle","floor":32,"key":"SMITH"}],"circlet_count":0,"master_deck":["AscendersBane","Defend_B","Defend_B","Defend_B","Zap","Dualcast","Aggregate+1","Cold Snap","Sweeping Beam+1","Buffer+1","Capacitor+1","Leap","Ball Lightning","Seek+1","Rip and Tear+1","Conserve Battery","Aggregate+1","Double Energy","Bite","Bite","Bite","Bite","Consume+1","Coolheaded","Double Energy","Swift Strike","Melter","Recycle+1","Core Surge","Hologram+1","Madness","Madness"],"relics":["Cracked Core","Ice Cream","Golden Idol","Bronze Scales","DataDisk","Runic Pyramid","DollysMirror","Juzu Bracelet","Red Mask","Pear","Nuclear Battery"],"acts_visited":["Exordium","TheCity","TheBeyond"],"potions_floor_usage":[8,14,24,38],"damage_taken":[{"damage":4,"enemies":"Small Slimes","floor":1,"turns":3},{"damage":1,"enemies":"Cultist","floor":4,"turns":4},{"damage":6,"enemies":"2 Louse","floor":7,"turns":3},{"damage":0,"enemies":"Lots of Slimes","floor":8,"turns":1},{"damage":5,"enemies":"Exordium Thugs","floor":11,"turns":6},{"damage":8,"enemies":"Lagavulin","floor":14,"turns":8},{"damage":10,"enemies":"The Guardian","floor":16,"turns":12},{"damage":0,"enemies":"Spheric Guardian","floor":18,"turns":4},{"damage":22,"enemies":"2 Thieves","floor":19,"turns":4},{"damage":0,"enemies":"Cultist and Chosen","floor":21,"turns":6},{"damage":7,"enemies":"Book of Stabbing","floor":24,"turns":4},{"damage":8,"enemies":"Masked Bandits","floor":25,"turns":3},{"damage":0,"enemies":"Chosen and Byrds","floor":28,"turns":5},{"damage":14,"enemies":"Centurion and Healer","floor":31,"turns":9},{"damage":28,"enemies":"Automaton","floor":33,"turns":12},{"damage":12,"enemies":"Orb Walker","floor":35,"turns":4},{"damage":41,"enemies":"3 Darklings","floor":38,"turns":3}],"seed_played":"-3560762171847236725","potions_obtained":[{"floor":3,"key":"Fire Potion"},{"floor":3,"key":"Explosive Potion"},{"floor":16,"key":"LiquidBronze"},{"floor":28,"key":"BlessingOfTheForge"},{"floor":35,"key":"Block Potion"}],"is_trial":false,"path_per_floor":["M","?","?","M","$","?","M","M","T","R","M","R","$","E","R","B",null,"M","M","$","M","?","R","E","?","T","R","M","R","?","M","R","B",null,"M","?","?","M"],"character_chosen":"DEFECT","items_purchased":["Leap","SteroidPotion","DollysMirror"],"campfire_rested":0,"item_purchase_floors":[13,13,20],"current_hp_per_floor":[60,60,60,59,59,59,53,53,53,53,48,48,48,40,40,30,56,56,34,34,34,34,34,35,33,43,43,53,53,53,51,51,42,51,45,35,35,0,0],"gold":485,"neow_bonus":"ONE_RARE_RELIC","is_daily":false,"chose_seed":false,"campfire_upgraded":7,"win_rate":0.0,"timestamp":1612346433,"path_taken":["M","?","?","?","$","?","M","M","T","R","?","R","?","E","R","BOSS","M","?","$","M","?","R","E","?","T","R","M","R","?","M","R","BOSS","M","?","?","M"],"items_purchased_type":["Card","Potion","Relic"],"build_version":"2020-12-18","purchased_purges":0,"victory":false,"max_hp_per_floor":[71,64,64,64,64,64,64,64,64,64,64,64,64,64,64,64,64,64,64,64,64,44,44,44,44,54,54,54,54,54,54,54,54,54,54,54,54,54,54],"relic_stats":{"counters":[17,91],"Golden Idol":99,"Bronze Scales":[236],"Juzu Bracelet":0,"obtain_stats":[{"Ice Cream":0,"DataDisk":14,"Pear":26,"Golden Idol":2,"DollysMirror":20,"Bronze Scales":9,"Juzu Bracelet":24,"Red Mask":25,"Cracked Core":0,"Runic Pyramid":17,"Nuclear Battery":34},{"Ice Cream":0,"DataDisk":6,"Pear":12,"Golden Idol":1,"DollysMirror":9,"Bronze Scales":4,"Juzu Bracelet":11,"Red Mask":12,"Cracked Core":0,"Runic Pyramid":7,"Nuclear Battery":15},{"Ice Cream":0,"DataDisk":25,"Pear":58,"Golden Idol":3,"DollysMirror":45,"Bronze Scales":11,"Juzu Bracelet":55,"Red Mask":58,"Cracked Core":0,"Runic Pyramid":37,"Nuclear Battery":84}]},"card_choices":[{"not_picked":["Hologram","Loop"],"picked":"Aggregate","floor":1},{"not_picked":["Fusion","Barrage"],"picked":"Cold Snap","floor":4},{"not_picked":["Compile Driver","Streamline"],"picked":"Sweeping Beam","floor":7},{"not_picked":["Sweeping Beam","Steam"],"picked":"Buffer","floor":8},{"not_picked":["Hologram","Leap"],"picked":"Capacitor","floor":11},{"not_picked":["Lockon","Cold Snap"],"picked":"Ball Lightning","floor":14},{"not_picked":["Creative AI","All For One"],"picked":"Seek","floor":16},{"not_picked":["Sweeping Beam","Leap+1"],"picked":"Rip and Tear+1","floor":18},{"not_picked":["Capacitor","Barrage"],"picked":"Conserve Battery","floor":19},{"not_picked":["Storm","Stack"],"picked":"Double Energy","floor":21},{"not_picked":["Doom and Gloom","Conserve Battery"],"picked":"Consume","floor":24},{"not_picked":["Auto Shields+1","Compile Driver"],"picked":"Coolheaded","floor":25},{"not_picked":["Gash","Ball Lightning"],"picked":"Double Energy","floor":28},{"not_picked":["Leap","Force Field"],"picked":"Recycle","floor":31},{"not_picked":["Machine Learning","Amplify"],"picked":"Core Surge","floor":33},{"not_picked":["Stack","Turbo"],"picked":"Hologram+1","floor":35}],"player_experience":2657840,"relics_obtained":[{"floor":9,"key":"Bronze Scales"},{"floor":14,"key":"DataDisk"},{"floor":24,"key":"Juzu Bracelet"},{"floor":25,"key":"Red Mask"},{"floor":26,"key":"Pear"}],"event_choices":[{"damage_healed":0,"gold_gain":0,"player_choice":"Lose Max HP","damage_taken":0,"relics_obtained":["Golden Idol"],"max_hp_gain":0,"max_hp_loss":7,"event_name":"Golden Idol","floor":2,"gold_loss":0},{"damage_healed":0,"gold_gain":0,"player_choice":"Got Potions","damage_taken":0,"max_hp_gain":0,"max_hp_loss":0,"event_name":"Lab","floor":3,"gold_loss":0},{"cards_removed":["Strike_B"],"damage_healed":0,"gold_gain":0,"player_choice":"Offered Basic","damage_taken":0,"max_hp_gain":0,"max_hp_loss":0,"event_name":"Bonfire Elementals","floor":6,"gold_loss":0},{"damage_healed":0,"gold_gain":0,"player_choice":"Became a vampire","damage_taken":0,"max_hp_gain":0,"max_hp_loss":20,"event_name":"Vampires","floor":22,"gold_loss":0,"cards_obtained":["Bite","Bite","Bite","Bite","Bite"]},{"damage_healed":0,"gold_gain":0,"player_choice":"Fought Bandits","damage_taken":0,"max_hp_gain":0,"max_hp_loss":0,"event_name":"Masked Bandits","floor":25,"gold_loss":0},{"damage_healed":0,"gold_gain":0,"cards_transformed":["Bite","Defend_B"],"player_choice":"Became Test Subject","damage_taken":0,"max_hp_gain":0,"max_hp_loss":0,"event_name":"Drug Dealer","floor":30,"gold_loss":0,"cards_obtained":["Swift Strike","Melter"]},{"damage_healed":0,"gold_gain":0,"player_choice":"Embrace Madness","damage_taken":10,"max_hp_gain":0,"max_hp_loss":0,"event_name":"Winding Halls","floor":36,"gold_loss":0,"cards_obtained":["Madness","Madness"]},{"damage_healed":0,"gold_gain":222,"player_choice":"Wore Mask","damage_taken":0,"max_hp_gain":0,"max_hp_loss":0,"event_name":"Tomb of Lord Red Mask","floor":37,"gold_loss":0}],"is_beta":true,"boss_relics":[{"not_picked":["SlaversCollar","Philosopher\u0027s Stone"],"picked":"Runic Pyramid"},{"not_picked":["Pandora\u0027s Box","Empty Cage"],"picked":"Nuclear Battery"}],"items_purged_floors":[],"is_endless":false,"potions_floor_spawned":[4,16,18,21,28,35],"killed_by":"3 Darklings","ascension_level":20}}