{"host":"tknto047uabgu3zm","time":1612332754,"event":{"mods":["AchievementEnabler","BaseMod","Bestiary","Block Reminder","Colored Map","Colored Powertips","Highlight Path","Minty Spire (QoL Compilation)","MonsterHotkey","Permanent Neow","Random Character Button","Rare Cards Sparkle","Relic Sorter","Relic Stats","StSLib"],"gold_per_floor":[110,126,201,201,104,104,119,134,157,157,171,214,214,239,239,365,365,384,165,165,238,598,598,616,616,616,541,164,195,195,209,209,330,330,348,369,382,405,405,445,19,19,72,72,112,112,128,196,196,196],"floor_reached":51,"language":"ENG","playtime":5907,"items_purged":["Injury"],"score":824,"play_id":"b6a733e5-2cce-4b60-97d1-e5eea471053c","local_time":"20210202221234","is_ascension_mode":true,"campfire_choices":[{"data":"Neutralize","floor":6,"key":"SMITH"},{"data":"Caltrops","floor":10,"key":"SMITH"},{"floor":15,"key":"REST"},{"floor":23,"key":"REST"},{"floor":25,"key":"REST"},{"floor":32,"key":"REST"},{"floor":42,"key":"REST"},{"floor":44,"key":"REST"},{"floor":49,"key":"REST"}],"circlet_count":0,"master_deck":["Survivor","Neutralize+1","Heel Hook","Cloak And Dagger","PiercingWail","Caltrops+1","Backflip","Well Laid Plans","Dagger Spray","Die Die Die","After Image","Unload","Well Laid Plans","Burst","Caltrops","Venomology","Cloak And Dagger","Concentrate","Prepared","Deadly Poison","PiercingWail+1","Tools of the Trade","Noxious Fumes+1","Crippling Poison+1","Reflex","Corpse Explosion","Dash+1","Wraith Form v2+1"],"relics":["Golden Idol","Tiny Chest","Bronze Scales","The Specimen","Pandora\u0027s Box","TwistedFunnel","Nloth\u0027s Gift","Question Card","Frozen Egg 2","Tingsha","Lantern","Akabeko","Busted Crown","Regal Pillow","Membership Card","TungstenRod","Pantograph","Boot","HornCleat","Bottled Tornado"],"acts_visited":["Exordium","TheCity","TheBeyond"],"potions_floor_usage":[16,16,16,29,29,31,33,33,36,37,37,38,40,40,45,47,47,50,50,50],"damage_taken":[{"damage":0,"enemies":"Cultist","floor":1,"turns":4},{"damage":3,"enemies":"Small Slimes","floor":2,"turns":5},{"damage":5,"enemies":"2 Louse","floor":7,"turns":4},{"damage":4,"enemies":"Exordium Thugs","floor":8,"turns":4},{"damage":7,"enemies":"Exordium Wildlife","floor":11,"turns":7},{"damage":21,"enemies":"3 Sentries","floor":12,"turns":10},{"damage":3,"enemies":"Blue Slaver","floor":14,"turns":3},{"damage":35,"enemies":"Slime Boss","floor":16,"turns":11},{"damage":0,"enemies":"3 Byrds","floor":18,"turns":2},{"damage":27,"enemies":"Spheric Guardian","floor":24,"turns":5},{"damage":19,"enemies":"Book of Stabbing","floor":29,"turns":5},{"damage":10,"enemies":"Centurion and Healer","floor":31,"turns":5},{"damage":28,"enemies":"Collector","floor":33,"turns":7},{"damage":0,"enemies":"3 Shapes","floor":35,"turns":1},{"damage":11,"enemies":"3 Darklings","floor":36,"turns":3},{"damage":0,"enemies":"Maw","floor":37,"turns":7},{"damage":27,"enemies":"Writhing Mass","floor":38,"turns":5},{"damage":18,"enemies":"Nemesis","floor":40,"turns":7},{"damage":14,"enemies":"Reptomancer","floor":45,"turns":6},{"damage":10,"enemies":"Spire Growth","floor":47,"turns":6},{"damage":37,"enemies":"Time Eater","floor":50,"turns":11}],"seed_played":"6906375644972781698","potions_obtained":[{"floor":1,"key":"LiquidMemories"},{"floor":8,"key":"Dexterity Potion"},{"floor":14,"key":"SneckoOil"},{"floor":18,"key":"BlessingOfTheForge"},{"floor":29,"key":"SpeedPotion"},{"floor":36,"key":"AttackPotion"},{"floor":45,"key":"BlessingOfTheForge"}],"is_trial":false,"path_per_floor":["M","M","?","?","$","R","M","M","T","R","M","E","T","M","R","B",null,"M","$","?","T","?","R","M","R","T","?","$","E","T","M","R","B",null,"M","M","M","M","?","E","$","R","T","R","E","?","M","T","R","B",null],"character_chosen":"THE_SILENT","items_purchased":["PiercingWail","Caltrops","TwistedFunnel","Noxious Fumes+1","Tingsha","Membership Card","TungstenRod","Pantograph"],"campfire_rested":7,"item_purchase_floors":[5,5,19,28,28,41,41,41],"current_hp_per_floor":[77,74,63,63,63,63,58,54,54,54,47,26,26,23,46,11,77,77,77,77,77,41,64,37,60,60,60,60,41,41,31,54,26,77,77,66,66,39,39,21,21,59,59,77,63,63,53,53,77,40],"gold":196,"neow_bonus":"TEN_PERCENT_HP_BONUS","is_daily":false,"chose_seed":false,"campfire_upgraded":2,"win_rate":0.0,"timestamp":1612332754,"path_taken":["M","?","?","?","$","R","M","M","T","R","?","E","?","M","R","BOSS","M","$","?","?","?","R","?","R","T","?","$","E","?","M","R","BOSS","M","M","?","M","?","E","$","R","T","R","E","?","M","?","R","BOSS"],"items_purchased_type":["Card","Card","Relic","Card","Relic","Relic","Relic","Relic"],"build_version":"2020-12-22","purchased_purges":1,"victory":true,"max_hp_per_floor":[77,77,77,77,77,77,77,77,77,77,77,77,77,77,77,77,77,77,77,77,77,77,77,77,77,77,77,77,77,77,77,77,77,77,77,77,77,77,77,77,77,77,77,77,77,77,77,77,77,77],"relic_stats":{"Regal Pillow":16,"counters":[21,118],"Golden Idol":148,"Tingsha":[210],"Question Card":12,"Boot":[32],"Busted Crown":16,"Bronze Scales":[281],"Pantograph":0,"Tiny Chest":3,"Pandora\u0027s Box":["Unload","Well Laid Plans","Burst","Caltrops","Riddle With Holes","Venomology","Cloak And Dagger","Concentrate","Prepared","Deadly Poison"],"Nloth\u0027s Gift":3,"obtain_stats":[{"TwistedFunnel":19,"Lantern":29,"Regal Pillow":40,"The Specimen":13,"Golden Idol":4,"Tingsha":28,"Frozen Egg 2":26,"Bottled Tornado":48,"Question Card":21,"Boot":43,"Akabeko":30,"Busted Crown":34,"HornCleat":45,"Bronze Scales":12,"Pantograph":41,"Tiny Chest":9,"Pandora\u0027s Box":17,"Nloth\u0027s Gift":20,"Membership Card":41,"TungstenRod":41,"Ring of the Snake":0},{"TwistedFunnel":9,"Lantern":11,"Regal Pillow":18,"The Specimen":6,"Golden Idol":2,"Tingsha":10,"Frozen Egg 2":10,"Bottled Tornado":20,"Question Card":9,"Boot":18,"Akabeko":11,"Busted Crown":13,"HornCleat":19,"Bronze Scales":6,"Pantograph":18,"Tiny Chest":4,"Pandora\u0027s Box":8,"Nloth\u0027s Gift":9,"Membership Card":18,"TungstenRod":18,"Ring of the Snake":0},{"TwistedFunnel":50,"Lantern":60,"Regal Pillow":95,"The Specimen":34,"Golden Idol":9,"Tingsha":55,"Frozen Egg 2":55,"Bottled Tornado":107,"Question Card":50,"Boot":95,"Akabeko":60,"Busted Crown":72,"HornCleat":101,"Bronze Scales":34,"Pantograph":95,"Tiny Chest":17,"Pandora\u0027s Box":48,"Nloth\u0027s Gift":50,"Membership Card":95,"TungstenRod":95,"Ring of the Snake":0}],"TungstenRod":12},"card_choices":[{"not_picked":["Bane","Quick Slash"],"picked":"Heel Hook","floor":1},{"not_picked":["Blade Dance","PiercingWail"],"picked":"Cloak And Dagger","floor":2},{"not_picked":["Tactician","Cloak And Dagger"],"picked":"Backflip","floor":7},{"not_picked":["Blade Dance","Catalyst"],"picked":"Well Laid Plans","floor":8},{"not_picked":["Poisoned Stab","Quick Slash"],"picked":"Dagger Spray","floor":11},{"not_picked":["Blade Dance","Poisoned Stab"],"picked":"Die Die Die","floor":12},{"not_picked":["Setup","Slice"],"picked":"Poisoned Stab","floor":14},{"not_picked":["Grand Finale","Burst"],"picked":"After Image","floor":16},{"not_picked":["Blade Dance+1","Outmaneuver+1"],"picked":"PiercingWail+1","floor":18},{"not_picked":["Flying Knee","Backstab","Sucker Punch"],"picked":"Tools of the Trade","floor":24},{"not_picked":["Phantasmal Killer","Concentrate","Heel Hook+1"],"picked":"Crippling Poison+1","floor":29},{"not_picked":["Finisher+1","Deadly Poison+1","Prepared"],"picked":"Reflex","floor":31},{"not_picked":["Envenom+1","Adrenaline","Storm of Steel"],"picked":"Corpse Explosion","floor":33},{"not_picked":["Predator","Deadly Poison+1"],"picked":"SKIP","floor":35},{"not_picked":["Endless Agony","Prepared+1"],"picked":"SKIP","floor":36},{"not_picked":["Endless Agony","Prepared+1"],"picked":"SKIP","floor":36},{"not_picked":["Backstab+1"],"picked":"Dash+1","floor":37},{"not_picked":["Glass Knife","Bane"],"picked":"SKIP","floor":38},{"not_picked":["Underhanded Strike","Cloak And Dagger"],"picked":"SKIP","floor":40},{"not_picked":["Predator+1"],"picked":"Wraith Form v2+1","floor":45},{"not_picked":["Deflect+1","Choke+1"],"picked":"SKIP","floor":47}],"player_experience":505625,"relics_obtained":[{"floor":9,"key":"Tiny Chest"},{"floor":12,"key":"Bronze Scales"},{"floor":13,"key":"The Specimen"},{"floor":21,"key":"Question Card"},{"floor":26,"key":"Frozen Egg 2"},{"floor":29,"key":"Lantern"},{"floor":30,"key":"Akabeko"},{"floor":40,"key":"Regal Pillow"},{"floor":43,"key":"Boot"},{"floor":45,"key":"HornCleat"},{"floor":48,"key":"Bottled Tornado"}],"event_choices":[{"damage_healed":0,"gold_gain":75,"player_choice":"Gather Gold","damage_taken":11,"max_hp_gain":0,"max_hp_loss":0,"event_name":"World of Goop","floor":3,"gold_loss":0},{"damage_healed":0,"gold_gain":0,"player_choice":"Take Wound","damage_taken":0,"relics_obtained":["Golden Idol"],"max_hp_gain":0,"max_hp_loss":0,"event_name":"Golden Idol","floor":4,"gold_loss":0,"cards_obtained":["Injury"]},{"damage_healed":0,"gold_gain":0,"player_choice":"Traded Relic","damage_taken":0,"relics_obtained":["Nloth\u0027s Gift"],"max_hp_gain":0,"max_hp_loss":0,"event_name":"N\u0027loth","floor":20,"relics_lost":["Ring of the Snake"],"gold_loss":0},{"damage_healed":0,"gold_gain":360,"player_choice":"GOLD GOLD GOLD GOLD ","damage_taken":36,"max_hp_gain":0,"max_hp_loss":0,"event_name":"Knowing Skull","floor":22,"potions_obtained":[],"gold_loss":0,"cards_obtained":[]},{"cards_removed":["Riddle With Holes"],"damage_healed":0,"gold_gain":0,"player_choice":"Gave Gold","damage_taken":0,"max_hp_gain":0,"max_hp_loss":0,"event_name":"Beggar","floor":27,"gold_loss":75},{"cards_removed":["Poisoned Stab"],"damage_healed":0,"gold_gain":0,"player_choice":"Removed Attack","damage_taken":0,"max_hp_gain":0,"max_hp_loss":0,"event_name":"Falling","floor":39,"gold_loss":0},{"damage_healed":0,"gold_gain":0,"player_choice":"Memory 1","damage_taken":0,"max_hp_gain":0,"max_hp_loss":0,"event_name":"SensoryStone","floor":46,"gold_loss":0}],"is_beta":false,"boss_relics":[{"not_picked":["Fusion Hammer","Philosopher\u0027s Stone"],"picked":"Pandora\u0027s Box"},{"not_picked":["Calling Bell","WristBlade"],"picked":"Busted Crown"}],"items_purged_floors":[19],"is_endless":false,"potions_floor_spawned":[1,8,14,18,29,36,37,45],"ascension_level":3}}