{"host":"e1pm3b7xpcm97e5w","time":1612383021,"event":{"mods":["BaseMod","Better Skull","Googly Eyes","Minty Spire (QoL Compilation)","Relic Stats","Shop Mod","Spicy Shops","StSLib"],"gold_per_floor":[364,50,69,86,86,86,112,124,159,185,197,227,239,281,293,376,388,416,478,490,520,532,544,566,14,62,62,93,93,106,119,119,119,119],"floor_reached":33,"language":"ENG","playtime":1126,"items_purged":[],"score":561,"play_id":"8ce79347-f7f0-4979-a8ea-a3b6150a3ff7","local_time":"20210203151021","is_ascension_mode":true,"campfire_choices":[{"data":"Blade Dance","floor":6,"key":"SMITH"},{"data":"Skewer","floor":8,"key":"SMITH"},{"floor":13,"key":"REST"},{"floor":15,"key":"REST"},{"floor":23,"key":"REST"},{"floor":27,"key":"REST"},{"data":"Accuracy","floor":29,"key":"SMITH"},{"floor":32,"key":"REST"}],"circlet_count":0,"master_deck":["AscendersBane","Strike_G","Strike_G","Strike_G","Strike_G","Strike_G","Defend_G","Defend_G","Defend_G","Defend_G","Defend_G","Survivor","Neutralize","Backstab","Caltrops","Blade Dance+1","Backflip","Deadly Poison","Skewer+1","Flechettes","Blade Dance","Dodge and Roll","Malaise+1","Blade Dance+1","Blade Dance+1","Accuracy+1","Malaise+1","Shame","Accuracy","Accuracy"],"relics":["Ring of the Snake","OrangePellets","Bag of Preparation","MawBank","Centennial Puzzle","Lantern","Cursed Key","DollysMirror","Bronze Scales","Oddly Smooth Stone","Tiny Chest","Pear"],"acts_visited":["Exordium","TheCity"],"potions_floor_usage":[7,16,16,21,33,33],"damage_taken":[{"damage":0,"enemies":"Cultist","floor":1,"turns":4},{"damage":0,"enemies":"Jaw Worm","floor":3,"turns":3},{"damage":0,"enemies":"2 Louse","floor":4,"turns":2},{"damage":20,"enemies":"3 Sentries","floor":7,"turns":6},{"damage":5,"enemies":"Gremlin Gang","floor":10,"turns":4},{"damage":3,"enemies":"Exordium Thugs","floor":12,"turns":3},{"damage":22,"enemies":"Lagavulin","floor":14,"turns":4},{"damage":37,"enemies":"The Guardian","floor":16,"turns":13},{"damage":23,"enemies":"Shell Parasite","floor":18,"turns":7},{"damage":5,"enemies":"2 Thieves","floor":21,"turns":3},{"damage":6,"enemies":"Cultist and Chosen","floor":24,"turns":6},{"damage":13,"enemies":"Slavers","floor":28,"turns":4},{"damage":2,"enemies":"Snake Plant","floor":30,"turns":3},{"damage":5,"enemies":"Shelled Parasite and Fungi","floor":31,"turns":3},{"damage":53,"enemies":"Champ","floor":33,"turns":7}],"seed_played":"-5553086348450188695","potions_obtained":[{"floor":1,"key":"Fire Potion"},{"floor":3,"key":"Explosive Potion"},{"floor":10,"key":"Ancient Potion"},{"floor":14,"key":"FearPotion"},{"floor":16,"key":"FearPotion"},{"floor":24,"key":"CunningPotion"},{"floor":30,"key":"Swift Potion"}],"is_trial":false,"path_per_floor":["M","$","M","M","?","R","E","R","T","M","?","M","R","E","R","B",null,"M","?","?","M","?","R","M","$","T","R","E","R","M","M","R","B"],"character_chosen":"THE_SILENT","items_purchased":["OrangePellets","Caltrops","Blade Dance","Accuracy","DollysMirror","Bronze Scales","Oddly Smooth Stone"],"campfire_rested":5,"item_purchase_floors":[2,2,2,25,25,25,25],"current_hp_per_floor":[59,59,59,59,54,54,34,34,34,29,29,26,44,22,40,3,46,23,23,7,2,2,21,15,15,15,34,31,31,29,24,46,0,0],"gold":119,"neow_bonus":"TWO_FIFTY_GOLD","is_daily":false,"chose_seed":false,"campfire_upgraded":3,"win_rate":0.0,"timestamp":1612383021,"path_taken":["M","$","?","M","?","R","E","R","T","M","?","M","R","E","R","BOSS","M","?","?","M","?","R","?","?","T","R","E","R","?","M","R","BOSS"],"items_purchased_type":["Relic","Card","Card","Card","Relic","Relic","Relic"],"build_version":"2020-12-22","purchased_purges":0,"victory":false,"max_hp_per_floor":[60,60,60,60,60,60,60,60,60,60,60,60,60,60,60,60,60,60,60,65,65,65,65,65,65,65,65,75,75,75,75,75,75,75],"relic_stats":{"OrangePellets":[4],"Centennial Puzzle":[33],"counters":[15,72],"Bronze Scales":[48],"Tiny Chest":0,"Bag of Preparation":[24],"MawBank":216,"Cursed Key":1,"obtain_stats":[{"OrangePellets":2,"Centennial Puzzle":9,"Lantern":14,"Pear":28,"DollysMirror":25,"Bronze Scales":25,"Oddly Smooth Stone":25,"Tiny Chest":26,"Bag of Preparation":5,"MawBank":7,"Cursed Key":17,"Ring of the Snake":0},{"OrangePellets":1,"Centennial Puzzle":4,"Lantern":7,"Pear":12,"DollysMirror":11,"Bronze Scales":11,"Oddly Smooth Stone":11,"Tiny Chest":11,"Bag of Preparation":3,"MawBank":4,"Cursed Key":8,"Ring of the Snake":0},{"OrangePellets":4,"Centennial Puzzle":15,"Lantern":26,"Pear":59,"DollysMirror":55,"Bronze Scales":55,"Oddly Smooth Stone":55,"Tiny Chest":55,"Bag of Preparation":9,"MawBank":15,"Cursed Key":39,"Ring of the Snake":0}],"Ring of the Snake":[30]},"card_choices":[{"not_picked":["Reflex","Underhanded Strike"],"picked":"Backstab","floor":1},{"not_picked":["Skewer","Reflex"],"picked":"Backflip","floor":3},{"not_picked":["Slice","Sucker Punch"],"picked":"Deadly Poison","floor":4},{"not_picked":["Sucker Punch","Deadly Poison"],"picked":"Skewer","floor":7},{"not_picked":["Quick Slash","Bane"],"picked":"Flechettes","floor":10},{"not_picked":["Poisoned Stab","Bane"],"picked":"Blade Dance","floor":12},{"not_picked":["Prepared","Dagger Spray"],"picked":"Dodge and Roll","floor":14},{"not_picked":["Storm of Steel","Night Terror"],"picked":"Malaise","floor":16},{"not_picked":["Choke+1","Backflip"],"picked":"Blade Dance+1","floor":18},{"not_picked":["Sucker Punch","Flying Knee"],"picked":"Blade Dance+1","floor":21},{"not_picked":["Prepared+1","Outmaneuver","Dagger Throw"],"picked":"SKIP","floor":24},{"not_picked":["Underhanded Strike","Bane","Setup"],"picked":"SKIP","floor":28},{"not_picked":["Dagger Spray+1","Slice"],"picked":"Accuracy","floor":30},{"not_picked":["Terror","Noxious Fumes"],"picked":"Accuracy","floor":31}],"player_experience":697071,"relics_obtained":[{"floor":7,"key":"MawBank"},{"floor":9,"key":"Centennial Puzzle"},{"floor":14,"key":"Lantern"},{"floor":26,"key":"Tiny Chest"},{"floor":28,"key":"Pear"}],"event_choices":[{"damage_healed":0,"gold_gain":0,"player_choice":"Success","damage_taken":5,"relics_obtained":["Bag of Preparation"],"max_hp_gain":0,"max_hp_loss":0,"event_name":"Scrap Ooze","floor":5,"gold_loss":0},{"damage_healed":0,"gold_gain":0,"player_choice":"Ignored","damage_taken":0,"max_hp_gain":0,"max_hp_loss":0,"event_name":"Liars Game","floor":11,"gold_loss":0},{"damage_healed":0,"gold_gain":50,"player_choice":"Stole From Cult","damage_taken":0,"max_hp_gain":0,"max_hp_loss":0,"event_name":"Nest","floor":19,"gold_loss":0},{"damage_healed":0,"gold_gain":0,"player_choice":"Shed Blood","damage_taken":21,"max_hp_gain":5,"max_hp_loss":0,"event_name":"Forgotten Altar","floor":20,"gold_loss":0},{"damage_healed":0,"gold_gain":0,"player_choice":"Upgraded","damage_taken":0,"max_hp_gain":0,"max_hp_loss":0,"event_name":"Upgrade Shrine","floor":22,"gold_loss":0,"cards_upgraded":["Malaise"]}],"is_beta":false,"boss_relics":[{"not_picked":["HoveringKite","Ectoplasm"],"picked":"Cursed Key"}],"items_purged_floors":[],"is_endless":false,"potions_floor_spawned":[1,3,10,14,16,24,30],"killed_by":"Champ","ascension_level":19}}