{"host":"soyfmymeou4emntr","time":1612380967,"event":{"mods":["BaseMod","BetterRewards","Minty Spire (QoL Compilation)","Relic Sorter","Relic Stats","StSLib"],"gold_per_floor":[211,211,225,243,71,71,101,101,101,7,7,27,62,17,17,91,91,109,79,79,98,148,148,178,194,194,194,213,292,292,292],"floor_reached":30,"language":"ENG","playtime":2017,"items_purged":[],"score":516,"play_id":"43d3d7f1-4ce6-4172-9c9e-87b11156fc03","local_time":"20210203123607","is_ascension_mode":true,"campfire_choices":[{"data":"Defragment","floor":6.0,"key":"SMITH"},{"data":"Genetic Algorithm","floor":8.0,"key":"SMITH"},{"data":"Hologram","floor":11.0,"key":"SMITH"},{"data":"Chaos","floor":15.0,"key":"SMITH"},{"data":"Biased Cognition","floor":23.0,"key":"SMITH"},{"floor":27.0,"key":"REST"}],"circlet_count":0,"master_deck":["AscendersBane","Strike_B","Defend_B","Defend_B","Defend_B","Defend_B","Zap","Dualcast","Rebound","Rebound","Beam Cell","Defragment+1","Genetic Algorithm+1","Ball Lightning","Hologram+1","Conserve Battery","Chaos+1","Rainbow","Auto Shields","Glacier","Biased Cognition+1","Auto Shields+1","Streamline+1","Thunder Strike+1","Recycle+1","Barrage","Coolheaded+1","Go for the Eyes","Capacitor"],"relics":["Cracked Core","Ornamental Fan","Orrery","Bag of Preparation","Mango","Turnip","Letter Opener","Astrolabe","Oddly Smooth Stone","Question Card","HornCleat"],"acts_visited":["Exordium","TheCity"],"potions_floor_usage":[],"damage_taken":[{"damage":1.0,"enemies":"Cultist","floor":1.0,"turns":3.0},{"damage":7.0,"enemies":"Jaw Worm","floor":3.0,"turns":2.0},{"damage":0.0,"enemies":"Small Slimes","floor":4.0,"turns":2.0},{"damage":15.0,"enemies":"3 Sentries","floor":7.0,"turns":5.0},{"damage":3.0,"enemies":"Blue Slaver","floor":12.0,"turns":3.0},{"damage":2.0,"enemies":"Gremlin Nob","floor":13.0,"turns":3.0},{"damage":23.0,"enemies":"Slime Boss","floor":16.0,"turns":11.0},{"damage":0.0,"enemies":"Spheric Guardian","floor":18.0,"turns":5.0},{"damage":10.0,"enemies":"2 Thieves","floor":19.0,"turns":4.0},{"damage":15.0,"enemies":"Shelled Parasite and Fungi","floor":21.0,"turns":8.0},{"damage":33.0,"enemies":"Book of Stabbing","floor":24.0,"turns":6.0},{"damage":2.0,"enemies":"Snake Plant","floor":25.0,"turns":4.0},{"damage":9.0,"enemies":"Chosen and Byrds","floor":28.0,"turns":6.0},{"damage":41,"enemies":"Cultist and Chosen","floor":30,"turns":3}],"seed_played":"-730068175394812249","potions_obtained":[{"floor":12.0,"key":"FearPotion"},{"floor":13.0,"key":"Ancient Potion"},{"floor":16.0,"key":"SpeedPotion"},{"floor":19.0,"key":"AttackPotion"},{"floor":28.0,"key":"PotionOfCapacity"}],"is_trial":false,"path_per_floor":["M","T","M","M","$","R","E","R","T","?","R","M","E","$","R","B",null,"M","M","?","M","?","R","E","M","T","R","M","T","M"],"character_chosen":"DEFECT","items_purchased":["Orrery","Glacier"],"campfire_rested":1,"item_purchase_floors":[5,14],"current_hp_per_floor":[63,63,56,56,56,56,41,41,55,55,55,52,50,50,50,27,71,71,61,61,46,46,46,13,11,11,36,27,27,0,0],"gold":292,"neow_bonus":"HUNDRED_GOLD","is_daily":false,"chose_seed":false,"campfire_upgraded":5,"win_rate":0.0,"timestamp":1612380967,"path_taken":["M","?","M","M","$","R","E","R","T","?","R","?","E","$","R","BOSS","M","M","?","M","?","R","E","M","T","R","M","?","M"],"items_purchased_type":["Relic","Card"],"build_version":"2020-12-22","purchased_purges":0,"victory":false,"max_hp_per_floor":[71,71,71,71,71,71,71,71,85,85,85,85,85,85,85,85,85,85,85,85,85,85,85,85,85,85,85,85,85,85,85],"relic_stats":{"counters":[14,65],"Ornamental Fan":[20],"Astrolabe":["Auto Shields","Streamline","Thunder Strike"],"Turnip":[16],"Bag of Preparation":[20],"Letter Opener":[25],"Question Card":1,"obtain_stats":[{"HornCleat":29,"Ornamental Fan":2,"Astrolabe":17,"Orrery":5,"Oddly Smooth Stone":24,"Mango":9,"Turnip":10,"Bag of Preparation":7,"Letter Opener":13,"Cracked Core":0,"Question Card":26},{"HornCleat":13,"Ornamental Fan":1,"Astrolabe":7,"Orrery":3,"Oddly Smooth Stone":11,"Mango":4,"Turnip":4,"Bag of Preparation":4,"Letter Opener":6,"Cracked Core":0,"Question Card":12},{"HornCleat":62,"Ornamental Fan":3,"Astrolabe":29,"Orrery":7,"Oddly Smooth Stone":52,"Mango":12,"Turnip":12,"Bag of Preparation":12,"Letter Opener":18,"Cracked Core":0,"Question Card":56}]},"card_choices":[{"not_picked":["Turbo","Melter"],"picked":"Rebound","floor":1.0},{"not_picked":["Steam Power","Beam Cell"],"picked":"Rebound","floor":3.0},{"not_picked":["Chaos","Steam"],"picked":"Beam Cell","floor":4.0},{"not_picked":["Fission","Hello World"],"picked":"Defragment","floor":5.0},{"not_picked":["Sweeping Beam","Reinforced Body"],"picked":"Genetic Algorithm","floor":5.0},{"not_picked":["Compile Driver","Stack"],"picked":"Ball Lightning","floor":5.0},{"not_picked":["Doom and Gloom","Conserve Battery"],"picked":"Hologram","floor":5.0},{"not_picked":["Storm","Compile Driver"],"picked":"Conserve Battery","floor":5.0},{"not_picked":["Rebound","Reprogram"],"picked":"Chaos","floor":7.0},{"not_picked":["Auto Shields","Steam"],"picked":"Rainbow","floor":12.0},{"not_picked":["Redo","Skim"],"picked":"Auto Shields","floor":13.0},{"not_picked":["All For One","Meteor Strike"],"picked":"Biased Cognition","floor":16.0},{"not_picked":["Compile Driver","Steam"],"picked":"Recycle+1","floor":18.0},{"not_picked":["Force Field","BootSequence"],"picked":"Barrage","floor":19.0},{"not_picked":["Loop","Reinforced Body"],"picked":"Coolheaded+1","floor":21.0},{"not_picked":["Beam Cell","Reprogram"],"picked":"Go for the Eyes","floor":24.0},{"not_picked":["Hologram","Rebound","Compile Driver"],"picked":"SKIP","floor":25.0},{"not_picked":["Ball Lightning","Consume","Aggregate"],"picked":"Capacitor","floor":28.0}],"player_experience":3019642,"relics_obtained":[{"floor":2.0,"key":"Ornamental Fan"},{"floor":7.0,"key":"Bag of Preparation"},{"floor":9.0,"key":"Mango"},{"floor":13.0,"key":"Letter Opener"},{"floor":24.0,"key":"Oddly Smooth Stone"},{"floor":26.0,"key":"Question Card"},{"floor":29.0,"key":"HornCleat"}],"event_choices":[{"damage_healed":0.0,"max_hp_gain":0.0,"max_hp_loss":0.0,"gold_gain":0.0,"event_name":"WeMeetAgain","player_choice":"Paid Gold","floor":10.0,"gold_loss":94.0,"damage_taken":0.0,"relics_obtained":["Turnip"]},{"damage_healed":0.0,"max_hp_gain":0.0,"max_hp_loss":0.0,"gold_gain":0.0,"event_name":"Vampires","player_choice":"Ignored","floor":20.0,"gold_loss":0.0,"damage_taken":0.0},{"damage_healed":0.0,"max_hp_gain":0.0,"max_hp_loss":0.0,"gold_gain":50.0,"event_name":"Nest","player_choice":"Stole From Cult","floor":22.0,"gold_loss":0.0,"damage_taken":0.0}],"is_beta":false,"boss_relics":[{"not_picked":["SacredBark","Velvet Choker"],"picked":"Astrolabe"}],"items_purged_floors":[],"is_endless":false,"potions_floor_spawned":[12,13,16,18,19,28],"killed_by":"Cultist and Chosen","ascension_level":20}}