{"host":"bxn2em57qlx5u4i0","time":1612321798,"event":{"mods":["BaseMod","Colored Map","Colored Powertips","Highlight Path","Minty Spire (QoL Compilation)","Random Character Button","Relic Sorter","Relic Stats","StSLib","SuperFastMode"],"gold_per_floor":[110,110,51,51,51,95,95,170,196,250,274,274,298,323,323,323,323],"floor_reached":16,"language":"ENG","playtime":188,"items_purged":[],"score":246,"play_id":"090651ca-3721-40e7-a917-fd3d9ec0003d","local_time":"20210202220958","is_ascension_mode":true,"campfire_choices":[{"data":"Compile Driver","floor":7,"key":"SMITH"},{"data":"Coolheaded","floor":12,"key":"SMITH"},{"data":"Redo","floor":15,"key":"SMITH"}],"circlet_count":0,"master_deck":["AscendersBane","Strike_B","Strike_B","Strike_B+1","Strike_B","Defend_B+1","Defend_B","Defend_B","Defend_B","Zap+1","Dualcast","Compile Driver+1","Coolheaded+1","Machine Learning","Redo+1","Compile Driver","Go for the Eyes"],"relics":["Cracked Core","NeowsBlessing","Golden Idol","Gremlin Horn","Toy Ornithopter","Dream Catcher"],"acts_visited":["Exordium"],"potions_floor_usage":[14],"damage_taken":[{"damage":0,"enemies":"Cultist","floor":1,"turns":1},{"damage":0,"enemies":"3 Sentries","floor":6,"turns":1},{"damage":0,"enemies":"Jaw Worm","floor":11,"turns":1},{"damage":9,"enemies":"Small Slimes","floor":13,"turns":3},{"damage":26,"enemies":"Exordium Thugs","floor":14,"turns":4},{"damage":26,"enemies":"The Guardian","floor":16,"turns":2}],"seed_played":"2047307936235106860","potions_obtained":[{"floor":11,"key":"Weak Potion"},{"floor":14,"key":"PotionOfCapacity"}],"is_trial":false,"path_per_floor":["M","?","$","?","?","E","R","?","T","T","M","R","M","M","R","B"],"character_chosen":"DEFECT","items_purchased":["Coolheaded"],"campfire_rested":0,"item_purchase_floors":[3],"current_hp_per_floor":[64,64,64,43,43,43,43,32,32,32,32,32,23,2,2,0,0],"gold":323,"neow_bonus":"THREE_ENEMY_KILL","is_daily":false,"chose_seed":false,"campfire_upgraded":3,"win_rate":0.0,"timestamp":1612321798,"path_taken":["M","?","$","?","?","E","R","?","T","?","?","R","M","M","R","BOSS"],"items_purchased_type":["Card"],"build_version":"2020-12-22","purchased_purges":0,"victory":false,"max_hp_per_floor":[71,71,71,71,64,64,64,64,64,64,64,64,64,64,64,64,64],"relic_stats":{"Dream Catcher":0,"Gremlin Horn":[2,2],"counters":[6,12],"Golden Idol":24,"obtain_stats":[{"Dream Catcher":10,"NeowsBlessing":0,"Gremlin Horn":6,"Golden Idol":5,"Cracked Core":0,"Toy Ornithopter":9},{"Dream Catcher":2,"NeowsBlessing":0,"Gremlin Horn":2,"Golden Idol":1,"Cracked Core":0,"Toy Ornithopter":2},{"Dream Catcher":2,"NeowsBlessing":0,"Gremlin Horn":2,"Golden Idol":1,"Cracked Core":0,"Toy Ornithopter":2}],"Toy Ornithopter":5},"card_choices":[{"not_picked":["Melter","Static Discharge"],"picked":"Compile Driver","floor":1},{"not_picked":["Auto Shields","Static Discharge"],"picked":"Machine Learning","floor":6},{"not_picked":["Hologram","FTL"],"picked":"Redo","floor":11},{"not_picked":["Stack","Steam"],"picked":"Compile Driver","floor":13},{"not_picked":["Conserve Battery","Barrage"],"picked":"Go for the Eyes","floor":14}],"player_experience":2995535,"relics_obtained":[{"floor":6,"key":"Gremlin Horn"},{"floor":9,"key":"Toy Ornithopter"},{"floor":10,"key":"Dream Catcher"}],"event_choices":[{"damage_healed":0,"gold_gain":0,"player_choice":"Grow","damage_taken":0,"max_hp_gain":0,"max_hp_loss":0,"event_name":"Living Wall","floor":2,"gold_loss":0,"cards_upgraded":["Zap"]},{"damage_healed":0,"gold_gain":0,"player_choice":"Entered Light","damage_taken":21,"max_hp_gain":0,"max_hp_loss":0,"event_name":"Shining Light","floor":4,"gold_loss":0,"cards_upgraded":["Strike_B","Defend_B"]},{"damage_healed":0,"gold_gain":0,"player_choice":"Lose Max HP","damage_taken":0,"relics_obtained":["Golden Idol"],"max_hp_gain":0,"max_hp_loss":7,"event_name":"Golden Idol","floor":5,"gold_loss":0},{"damage_healed":0,"gold_gain":75,"player_choice":"Gather Gold","damage_taken":11,"max_hp_gain":0,"max_hp_loss":0,"event_name":"World of Goop","floor":8,"gold_loss":0}],"is_beta":false,"boss_relics":[],"items_purged_floors":[],"is_endless":false,"potions_floor_spawned":[11,14],"killed_by":"The Guardian","ascension_level":20}}