{"host":"ordk2y2ebcetabk6","time":1612322412,"event":{"mods":["AlwaysNeverKeys","BaseMod","Better Debug","Colored Map","Colored Powertips","Dark Map","Highlight Path","Minty Spire (QoL Compilation)","Morshu Shopkeeper","Permanent Neow","Rare Cards Sparkle","Spire Arcade","StSLib","The Adventurer"],"gold_per_floor":[113,113,132,142,142,174,194,194,217,229,252,264,290,316,328,438,450,473,499,521,79,79,79,89,105,129,154,154,154],"floor_reached":28,"language":"ENG","playtime":990,"items_purged":["adventurer:Strike"],"score":224,"play_id":"043d79aa-a717-4a11-ad40-c15b23ee51a1","local_time":"20210202202012","is_ascension_mode":false,"campfire_choices":[{"data":"adventurer:WandOfRot","floor":8,"key":"SMITH"},{"data":"adventurer:RingTheBell","floor":12,"key":"SMITH"},{"data":"adventurer:Stockpile","floor":15,"key":"SMITH"},{"data":"adventurer:Dystopia","floor":23,"key":"SMITH"}],"circlet_count":0,"master_deck":["adventurer:Strike","adventurer:Strike","adventurer:Defend","adventurer:Defend","adventurer:Defend","adventurer:Defend","adventurer:FlurryFire","adventurer:JourneyBegins","adventurer:LoadingScreen","adventurer:Discount","adventurer:FutureProofing","adventurer:LoseSteam+1","adventurer:WandOfRot+1","adventurer:Sunhat","adventurer:RingTheBell+1","adventurer:Stockpile+1","adventurer:Dystopia+1","adventurer:Hypothesis+1","adventurer:Chorus","adventurer:TetrisAttack+1","adventurer:DoubleOrNothing"],"relics":["adventurer:TodoItem","Bag of Marbles","MawBank","Sozu","Thread and Needle","Nunchaku","Dream Catcher"],"acts_visited":["Exordium","TheCity"],"potions_floor_usage":[4,16],"damage_taken":[{"damage":2,"enemies":"Cultist","floor":1,"turns":4},{"damage":6,"enemies":"Jaw Worm","floor":3,"turns":3},{"damage":3,"enemies":"2 Louse","floor":4,"turns":3},{"damage":14,"enemies":"3 Sentries","floor":6,"turns":7},{"damage":24,"enemies":"Gremlin Gang","floor":7,"turns":5},{"damage":11,"enemies":"Exordium Wildlife","floor":11,"turns":4},{"damage":6,"enemies":"Lots of Slimes","floor":13,"turns":3},{"damage":8,"enemies":"Large Slime","floor":14,"turns":4},{"damage":4,"enemies":"The Guardian","floor":16,"turns":15},{"damage":2,"enemies":"3 Byrds","floor":18,"turns":3},{"damage":2,"enemies":"Shell Parasite","floor":19,"turns":5},{"damage":32,"enemies":"Snake Plant","floor":20,"turns":5},{"damage":8,"enemies":"Centurion and Healer","floor":24,"turns":5},{"damage":17,"enemies":"Shelled Parasite and Fungi","floor":25,"turns":4},{"damage":38,"enemies":"Cultist and Chosen","floor":28,"turns":4}],"seed_played":"537527436657793708","potions_obtained":[{"floor":1,"key":"SteroidPotion"},{"floor":3,"key":"Fire Potion"},{"floor":4,"key":"Block Potion"},{"floor":11,"key":"BlessingOfTheForge"}],"is_trial":false,"path_per_floor":["M","?","M","M","?","E","M","R","T","$","M","R","M","M","R","B",null,"M","M","M","$","?","R","M","M","T","T","M"],"character_chosen":"THE_ADVENTURER","items_purchased":["Thread and Needle","adventurer:Chorus"],"campfire_rested":0,"item_purchase_floors":[21,21],"current_hp_per_floor":[78,71,65,62,62,48,33,33,33,33,22,22,16,8,8,4,80,78,82,50,50,50,50,48,31,31,31,0,0],"gold":154,"neow_bonus":"THREE_CARDS","is_daily":false,"chose_seed":false,"campfire_upgraded":4,"win_rate":0.0,"timestamp":1612322412,"path_taken":["M","?","M","M","?","E","?","R","T","?","M","R","?","M","R","BOSS","M","M","?","$","?","R","?","M","T","?","?"],"items_purchased_type":["Relic","Card"],"build_version":"2020-12-22","purchased_purges":1,"victory":false,"max_hp_per_floor":[80,80,80,80,80,80,80,80,80,80,80,80,80,80,80,80,80,80,86,86,86,86,86,92,92,92,92,92,92],"card_choices":[{"not_picked":["adventurer:LoseSteam","adventurer:HackAwayVines"],"picked":"adventurer:LoadingScreen","floor":0},{"not_picked":["adventurer:ShutOut","adventurer:FlashingRedWeakPoint"],"picked":"adventurer:Discount","floor":1},{"not_picked":["adventurer:BulletBlade","adventurer:DungeonEntrance"],"picked":"adventurer:FutureProofing","floor":3},{"not_picked":["adventurer:DualBullets","adventurer:FutureProofing"],"picked":"adventurer:LoseSteam","floor":4},{"not_picked":["adventurer:LetsAdventure","adventurer:FlashingRedWeakPoint"],"picked":"adventurer:WandOfRot","floor":6},{"not_picked":["adventurer:DualBullets","adventurer:HeavyAmmo"],"picked":"adventurer:Sunhat","floor":7},{"not_picked":["adventurer:StopThat","adventurer:HeavyAmmo"],"picked":"adventurer:RingTheBell","floor":11},{"not_picked":["adventurer:SlayABeast","adventurer:ShootingStars","adventurer:BulletBlade"],"picked":"SKIP","floor":13},{"not_picked":["adventurer:HeavyAmmo","adventurer:FutureProofing"],"picked":"adventurer:Stockpile","floor":14},{"not_picked":["adventurer:GoldenGun","adventurer:Hexashot"],"picked":"adventurer:Dystopia","floor":16},{"not_picked":["adventurer:BulletBlade","adventurer:ShootingStars+1","adventurer:StopThat"],"picked":"SKIP","floor":18},{"not_picked":["adventurer:Stockpile","adventurer:Reprint"],"picked":"adventurer:Hypothesis+1","floor":19},{"not_picked":["adventurer:DungeonEntrance","adventurer:Sunhat","adventurer:ImperfectDisguise"],"picked":"SKIP","floor":20},{"not_picked":["adventurer:ShotAndShiv","adventurer:MinceWords"],"picked":"adventurer:TetrisAttack+1","floor":24},{"not_picked":["adventurer:DungeonEntrance+1","adventurer:BulletBlade+1"],"picked":"adventurer:DoubleOrNothing","floor":25}],"player_experience":930697,"relics_obtained":[{"floor":6,"key":"Bag of Marbles"},{"floor":9,"key":"MawBank"},{"floor":26,"key":"Nunchaku"},{"floor":27,"key":"Dream Catcher"}],"event_choices":[{"cards_removed":["adventurer:Strike"],"damage_healed":0,"gold_gain":0,"player_choice":"Card Removal","damage_taken":7,"max_hp_gain":0,"max_hp_loss":0,"event_name":"Golden Wing","floor":2,"gold_loss":0},{"damage_healed":0,"gold_gain":0,"player_choice":"Forge","damage_taken":0,"max_hp_gain":0,"max_hp_loss":0,"event_name":"Accursed Blacksmith","floor":5,"gold_loss":0,"cards_upgraded":["adventurer:LoseSteam"]},{"damage_healed":0,"gold_gain":0,"player_choice":"Got Potions","damage_taken":0,"max_hp_gain":0,"max_hp_loss":0,"event_name":"Lab","floor":22,"gold_loss":0}],"is_beta":false,"boss_relics":[{"not_picked":["Calling Bell","Pandora\u0027s Box"],"picked":"Sozu"}],"items_purged_floors":[21],"is_endless":false,"potions_floor_spawned":[1,3,4,11,18,19],"killed_by":"Cultist and Chosen","ascension_level":0}}