{"host":"vld99k9l4elccfy8","time":1612323819,"event":{"mods":["AchievementEnabler","BaseMod","Bestiary","Block Reminder","Colored Map","Colored Powertips","Custom Start","Highlight Path","Minty Spire (QoL Compilation)","Permanent Neow","Rare Cards Sparkle"],"gold_per_floor":[118,118,82,82,103,103,137,137,160,178,353,353,368,368,368,368,368],"floor_reached":16,"language":"ENG","playtime":758,"items_purged":[],"score":98,"play_id":"3c929c5c-041f-4863-aac6-6c58bdac6894","local_time":"20210202204339","is_ascension_mode":false,"campfire_choices":[{"floor":6,"key":"RECALL"},{"floor":8,"key":"REST"},{"data":"Zap","floor":12,"key":"SMITH"},{"floor":15,"key":"REST"}],"circlet_count":0,"master_deck":["Strike_B","Strike_B","Strike_B","Strike_B","Defend_B","Defend_B","Defend_B","Defend_B","Zap+1","Dualcast","Dramatic Entrance","Tempest","Force Field","Injury","Hologram","Streamline+1","Self Repair","Doubt","Streamline"],"relics":["Cracked Core","Golden Idol","PreservedInsect","Happy Flower"],"acts_visited":["Exordium"],"potions_floor_usage":[16],"damage_taken":[{"damage":6,"enemies":"Jaw Worm","floor":1,"turns":3},{"damage":0,"enemies":"2 Louse","floor":5,"turns":1},{"damage":40,"enemies":"3 Sentries","floor":7,"turns":10},{"damage":0,"enemies":"Small Slimes","floor":10,"turns":2},{"damage":40,"enemies":"Exordium Thugs","floor":13,"turns":5},{"damage":42,"enemies":"The Guardian","floor":16,"turns":11}],"seed_played":"-7947891740959599476","potions_obtained":[{"floor":1,"key":"SkillPotion"},{"floor":5,"key":"Ancient Potion"},{"floor":13,"key":"LiquidBronze"}],"is_trial":false,"path_per_floor":["M","?","$","?","M","R","E","R","T","M","?","R","M","?","R","B"],"character_chosen":"DEFECT","items_purchased":["Force Field"],"campfire_rested":2,"item_purchase_floors":[3],"current_hp_per_floor":[69,69,69,69,69,69,29,51,51,51,51,51,18,18,40,0,0],"gold":368,"neow_bonus":"RANDOM_COLORLESS","is_daily":false,"chose_seed":false,"campfire_upgraded":1,"win_rate":0.0,"timestamp":1612323819,"path_taken":["M","?","$","?","M","R","E","R","T","M","?","R","?","?","R","BOSS"],"items_purchased_type":["Card"],"build_version":"2020-12-22","purchased_purges":0,"victory":false,"max_hp_per_floor":[75,75,75,75,75,75,75,75,75,75,75,75,75,75,75,75,75],"card_choices":[{"not_picked":["Forethought","Jack Of All Trades"],"picked":"Dramatic Entrance","floor":0},{"not_picked":["Compile Driver","Reprogram"],"picked":"Tempest","floor":1},{"not_picked":["Barrage","Recycle"],"picked":"Hologram","floor":5},{"not_picked":["Go for the Eyes","Scrape"],"picked":"Streamline","floor":7},{"not_picked":["Doom and Gloom","Capacitor"],"picked":"Self Repair","floor":10},{"not_picked":["Heatsinks","Recycle"],"picked":"Streamline","floor":13}],"player_experience":376550,"relics_obtained":[{"floor":7,"key":"PreservedInsect"},{"floor":9,"key":"Happy Flower"}],"event_choices":[{"damage_healed":0,"gold_gain":0,"player_choice":"Leave","damage_taken":0,"max_hp_gain":0,"max_hp_loss":0,"event_name":"The Cleric","floor":2,"gold_loss":0},{"damage_healed":0,"gold_gain":0,"player_choice":"Take Wound","damage_taken":0,"relics_obtained":["Golden Idol"],"max_hp_gain":0,"max_hp_loss":0,"event_name":"Golden Idol","floor":4,"gold_loss":0,"cards_obtained":["Injury"]},{"damage_healed":0,"gold_gain":175,"player_choice":"AGREE","damage_taken":0,"max_hp_gain":0,"max_hp_loss":0,"event_name":"Liars Game","floor":11,"gold_loss":0,"cards_obtained":["Doubt"]},{"damage_healed":0,"gold_gain":0,"player_choice":"Upgraded","damage_taken":0,"max_hp_gain":0,"max_hp_loss":0,"event_name":"Upgrade Shrine","floor":14,"gold_loss":0,"cards_upgraded":["Streamline"]}],"is_beta":false,"boss_relics":[],"items_purged_floors":[],"is_endless":false,"potions_floor_spawned":[1,5,13],"killed_by":"The Guardian","ascension_level":0}}