{"host":"xp5rvh2jwe2ejyfm","time":1612384563,"event":{"mods":["Aspiration","BaseMod","BetterRewards","Colored Powertips","Conspire","Downfall","GifTheSpireLib","Gremlin Mod","Hermit","Hubris","Jorbs\u0027s Wanderer Trilogy","Minty Spire (QoL Compilation)","Replay The Spire","Robot Space Explorer","Shade Mod","Somnambulant","StSLib","The Bug Knight","The Clintock","The Construct","The Cursed","The Disciple","The Forsaken","The Hierophant","The Necromancer","The Runesmith","The Servant 0.9.4","The Valiant","The Witch","thorton"],"gold_per_floor":[117,117,132,149,169,169,200,200,253,269,269,21,13,63,63,170,170,170,180,20,35,49,49,49],"floor_reached":23,"language":"ENG","playtime":759,"items_purged":[],"score":205,"play_id":"bf16f115-90a9-46ab-8405-f8e3021ee40d","local_time":"20210203153603","is_ascension_mode":false,"campfire_choices":[{"floor":6,"key":"RECALL"},{"data":"Shade:FreshBones","floor":8,"key":"SMITH"},{"floor":11,"key":"REST"},{"data":"1","floor":15,"key":"LIFT"}],"circlet_count":0,"master_deck":["Shade:Strike_Shade","Shade:Strike_Shade","Shade:Strike_Shade","Shade:Strike_Shade","Shade:Defend_Shade","Shade:Defend_Shade","Shade:Defend_Shade","Shade:Defend_Shade","Shade:AnimateDead+1","Shade:CarefulCut","Shade:ClawBack","Shade:CoffinDance","Shade:CoffinDance","Shade:FreshBones+1","Shade:FleshToFlesh","Shade:GraveStillness","Shade:SpectralStrikes","Shade:FuneraryArmor","Shade:SkeletonArmy","Shade:OneIsEnough","Shade:Tombstone","Shade:AblativeArmor","Shade:CallWraith","Shade:WallOfFlesh","Shade:Asphyxiate","Shade:GraveStillness","Shade:CoffinDance"],"relics":["Shade:YorickSkull","NeowsBlessing","TungstenRod","Regal Pillow","thethorton:BrokenCalculator","Girya","Fusion Hammer","hubris:OldNail"],"acts_visited":["Exordium","TheCity"],"potions_floor_usage":[16,23,23],"damage_taken":[{"damage":0,"enemies":"2 Louse","floor":1,"turns":1},{"damage":0,"enemies":"Small Slimes","floor":3,"turns":1},{"damage":0,"enemies":"Jaw Worm","floor":4,"turns":1},{"damage":12,"enemies":"Large Slime","floor":5,"turns":5},{"damage":1,"enemies":"Gremlin Nob","floor":7,"turns":4},{"damage":0,"enemies":"3 Louse","floor":10,"turns":3},{"damage":7,"enemies":"Exordium Thugs","floor":13,"turns":4},{"damage":10,"enemies":"Lagavulin","floor":14,"turns":6},{"damage":23,"enemies":"The Guardian","floor":16,"turns":10},{"damage":0,"enemies":"Chosen","floor":18,"turns":1},{"damage":17,"enemies":"2 Thieves","floor":19,"turns":4},{"damage":12,"enemies":"Snake Plant","floor":21,"turns":5},{"damage":16,"enemies":"3 Cultists","floor":22,"turns":5},{"damage":31,"enemies":"Slavers","floor":23,"turns":4}],"seed_played":"1595676908817420514","potions_obtained":[{"floor":4,"key":"ColorlessPotion"},{"floor":7,"key":"champ:CounterPotion"},{"floor":13,"key":"Guardian:BlockOnCardUsePotion"},{"floor":16,"key":"construct:ShiftPotion"},{"floor":19,"key":"CultistPotion"}],"is_trial":false,"path_per_floor":["M","?","M","M","M","R","E","R","T","M","R","$","M","E","R","B",null,"M","M","$","M","M","E"],"character_chosen":"SHADE","items_purchased":["Shade:SpectralStrikes","thethorton:BrokenCalculator","Shade:FuneraryArmor","Shade:CallWraith","Shade:WallOfFlesh","Shade:Asphyxiate"],"campfire_rested":1,"item_purchase_floors":[12,12,12,20,20,20],"current_hp_per_floor":[65,65,65,65,53,53,52,52,52,52,65,65,58,48,48,25,65,65,48,48,36,20,0,0],"gold":49,"neow_bonus":"THREE_ENEMY_KILL","is_daily":false,"chose_seed":false,"campfire_upgraded":1,"win_rate":0.0,"timestamp":1612384563,"path_taken":["M","?","M","M","M","R","E","R","T","M","R","$","M","E","R","BOSS","M","M","$","M","M","E"],"items_purchased_type":["Card","Relic","Card","Card","Card","Card"],"build_version":"2020-12-22","purchased_purges":0,"victory":false,"max_hp_per_floor":[65,65,65,65,65,65,65,65,65,65,65,65,65,65,65,65,65,65,65,65,65,65,65,65],"card_choices":[{"not_picked":["Shade:GreyBargain","Shade:RitualOffering"],"picked":"Shade:ClawBack","floor":1},{"not_picked":["Shade:AncientSpear","Shade:Frenzy"],"picked":"Shade:CoffinDance","floor":3},{"not_picked":["Shade:CloudOfShrapnel","Shade:Doomsay"],"picked":"Shade:CoffinDance","floor":4},{"not_picked":["Shade:GraveStillness","Shade:GreaterAnimation"],"picked":"Shade:FreshBones","floor":5},{"not_picked":["Shade:GreyBargain","Shade:ScuttlingHand"],"picked":"Shade:FleshToFlesh","floor":7},{"not_picked":["Shade:RitualOffering","Shade:SkeletonHug"],"picked":"Shade:GraveStillness","floor":10},{"not_picked":["Shade:Trample","Shade:PoundOfFlesh"],"picked":"Shade:SkeletonArmy","floor":13},{"not_picked":["Shade:AncientSpear","Shade:Patience"],"picked":"Shade:OneIsEnough","floor":14},{"not_picked":["Shade:LastGasp","Shade:SoulPierce"],"picked":"Shade:Tombstone","floor":16},{"not_picked":["Shade:GreyBargain","Shade:ClawBack"],"picked":"Shade:AblativeArmor","floor":19},{"not_picked":["Shade:FuneraryArmor","Shade:SpontaneousRitual+1"],"picked":"Shade:GraveStillness","floor":21},{"not_picked":["Shade:GreyBargain+1","Shade:TouchOfTheGrave+1"],"picked":"Shade:CoffinDance","floor":22}],"player_experience":403565,"relics_obtained":[{"floor":7,"key":"TungstenRod"},{"floor":9,"key":"Regal Pillow"},{"floor":14,"key":"Girya"}],"event_choices":[],"is_beta":false,"boss_relics":[{"not_picked":["hubris:HollowSoul","hubris:GrandSneckoEye"],"picked":"Fusion Hammer"}],"items_purged_floors":[],"is_endless":false,"potions_floor_spawned":[4,7,13,16,19,22],"killed_by":"Slavers","ascension_level":0}}