{"host":"g3js2eermvvpeiqn","time":1612323095,"event":{"mods":["BaseMod","DeckTracker","Downfall","Minty Spire (QoL Compilation)","Quick Restart","StSLib"],"gold_per_floor":[11,11,24,24,24,24,54,54,102,116,128,139,139,139,139,213,213,233,233,233,244,244,244,244],"floor_reached":23,"language":"ENG","playtime":1175,"items_purged":[],"score":578,"play_id":"a9a52019-de1a-4f94-a0ab-4ddf2ee02779","local_time":"20210202213135","is_ascension_mode":true,"campfire_choices":[{"data":"WheelKick","floor":6.0,"key":"SMITH"},{"data":"Prostrate","floor":8.0,"key":"SMITH"},{"floor":13.0,"key":"REST"},{"data":"Devotion","floor":15.0,"key":"SMITH"}],"circlet_count":0,"master_deck":["AscendersBane","Strike_P","Strike_P","Defend_P","Defend_P","Defend_P","Defend_P","Eruption+1","Vigilance","WheelKick+1","Prostrate+1","FlurryOfBlows","Devotion+1","SignatureMove","Brilliance","WaveOfTheHand","SpiritShield","FlurryOfBlows"],"relics":["HolyWater","Peace Pipe","Bottled Lightning","PreservedInsect","Oddly Smooth Stone","Shovel"],"acts_visited":["Exordium","TheCity"],"potions_floor_usage":[],"damage_taken":[{"damage":4.0,"enemies":"Jaw Worm","floor":1.0,"turns":5.0},{"damage":0.0,"enemies":"Cultist","floor":3.0,"turns":3.0},{"damage":6.0,"enemies":"Lagavulin","floor":7.0,"turns":5.0},{"damage":3.0,"enemies":"2 Louse","floor":10.0,"turns":3.0},{"damage":2.0,"enemies":"2 Fungi Beasts","floor":11.0,"turns":3.0},{"damage":8.0,"enemies":"Blue Slaver","floor":12.0,"turns":4.0},{"damage":4.0,"enemies":"Slime Boss","floor":16.0,"turns":6.0},{"damage":24.0,"enemies":"3 Byrds","floor":18.0,"turns":4.0},{"damage":7.0,"enemies":"Shell Parasite","floor":21.0,"turns":9.0},{"damage":31,"enemies":"Book of Stabbing","floor":23,"turns":4}],"seed_played":"5689856389488160921","potions_obtained":[{"floor":1.0,"key":"SpeedPotion"},{"floor":3.0,"key":"DistilledChaos"},{"floor":16.0,"key":"Energy Potion"}],"is_trial":false,"path_per_floor":["M","?","M","?","?","R","E","R","T","M","M","M","R","T","R","B",null,"M","?","?","M","T","E"],"character_chosen":"WATCHER","items_purchased":[],"campfire_rested":1,"item_purchase_floors":[],"current_hp_per_floor":[57,47,47,47,40,40,34,34,34,31,29,21,41,41,41,37,60,36,36,36,29,29,0,0],"gold":244,"neow_bonus":"ONE_RARE_RELIC","is_daily":false,"chose_seed":false,"campfire_upgraded":3,"win_rate":0.0,"timestamp":1612323095,"path_taken":["M","?","?","?","?","R","E","R","T","M","M","M","R","?","R","BOSS","M","?","?","?","?","E"],"items_purchased_type":[],"build_version":"2020-12-22","purchased_purges":0,"victory":false,"max_hp_per_floor":[68,68,68,68,68,68,68,68,68,68,68,68,68,68,68,68,68,68,68,68,68,68,68,68],"card_choices":[{"not_picked":["LikeWater","CarveReality"],"picked":"WheelKick","floor":1.0},{"not_picked":["EmptyMind","EmptyBody"],"picked":"Prostrate","floor":3.0},{"not_picked":["JustLucky","CrushJoints"],"picked":"FlurryOfBlows","floor":7.0},{"not_picked":["ForeignInfluence","WindmillStrike","ThirdEye"],"picked":"SKIP","floor":10.0},{"not_picked":["WreathOfFlame","SignatureMove"],"picked":"Devotion","floor":11.0},{"not_picked":["CarveReality","Wireheading"],"picked":"SignatureMove","floor":12.0},{"not_picked":["Judgement","Establishment"],"picked":"Brilliance","floor":16.0},{"not_picked":["ForeignInfluence+1","LikeWater"],"picked":"WaveOfTheHand","floor":18.0},{"not_picked":["ClearTheMind","Halt+1"],"picked":"FlurryOfBlows","floor":21.0}],"player_experience":1449190,"relics_obtained":[{"floor":7.0,"key":"Bottled Lightning"},{"floor":9.0,"key":"PreservedInsect"},{"floor":14.0,"key":"Oddly Smooth Stone"},{"floor":22.0,"key":"Shovel"}],"event_choices":[{"damage_healed":0.0,"max_hp_gain":0.0,"max_hp_loss":0.0,"gold_gain":0.0,"event_name":"Wheel of Change","player_choice":"Damaged","floor":2.0,"gold_loss":0.0,"damage_taken":10.0},{"damage_healed":0.0,"max_hp_gain":0.0,"max_hp_loss":0.0,"gold_gain":0.0,"event_name":"Living Wall","player_choice":"Grow","floor":4.0,"gold_loss":0.0,"damage_taken":0.0,"cards_upgraded":["Eruption"]},{"cards_removed":["Strike_P"],"damage_healed":0.0,"max_hp_gain":0.0,"max_hp_loss":0.0,"gold_gain":0.0,"event_name":"Golden Wing","player_choice":"Card Removal","floor":5.0,"gold_loss":0.0,"damage_taken":7.0},{"damage_healed":0.0,"max_hp_gain":0.0,"max_hp_loss":0.0,"gold_gain":0.0,"cards_transformed":["Strike_P"],"event_name":"Transmorgrifier","player_choice":"Transformed","floor":20.0,"gold_loss":0.0,"damage_taken":0.0,"cards_obtained":["SpiritShield"]}],"is_beta":false,"boss_relics":[{"not_picked":["Coffee Dripper","Ectoplasm"],"picked":"HolyWater"}],"items_purged_floors":[],"is_endless":false,"potions_floor_spawned":[1,3,16],"killed_by":"Book of Stabbing","ascension_level":20}}