{"host":"i9wanet4r0ff4t9y","time":1612357611,"event":{"mods":["2.2 Compatiblity","Act Like it!","BaseMod","Bestiary","Better Altar","Better Match","Better Note","Better Sensory Stone","Better Skull","Better Third Choice","Better Vampires","BetterRewards","CapriCore","Colored Map","Curses Come First","Downfall","Hubris","Minty Spire (QoL Compilation)","Quick Restart","READ ME - Guardian Mod","READ ME - Snecko Mod","Relic Stats","Reliquary","Say the Spire","Spicy Shops","StSLib","The Gatherer","Waifu the Spire"],"gold_per_floor":[112,126,26,38,3,33,33,33,33,43,63,63,75,75,75,75,75],"floor_reached":16,"language":"POL","playtime":420,"items_purged":[],"score":204,"play_id":"92f1b8c8-3a42-49a1-9f0b-b217016204e2","local_time":"20210203140651","is_ascension_mode":true,"campfire_choices":[{"data":"Cloak And Dagger","floor":8,"key":"SMITH"},{"data":"Footwork","floor":12,"key":"SMITH"},{"data":"Cloak And Dagger","floor":15,"key":"SMITH"}],"circlet_count":0,"master_deck":["AscendersBane","Strike_G","Strike_G","Strike_G","Strike_G","Strike_G","Defend_G","Defend_G","Defend_G","Defend_G","Defend_G","Survivor","Neutralize","Slice","All Out Attack","Cloak And Dagger+1","Slice","Bane","Backflip","Sucker Punch","Footwork+1","Leg Sweep","Cloak And Dagger","Deflect","Cloak And Dagger+1"],"relics":["Ring of the Snake","Oddly Smooth Stone","Sling","Orichalcum","Tingsha","hubris:SlimyHat","hubris:Zylophone"],"acts_visited":["Exordium"],"potions_floor_usage":[],"damage_taken":[{"damage":0,"enemies":"Cultist","floor":1,"turns":3},{"damage":0,"enemies":"2 Louse","floor":2,"turns":3},{"damage":0,"enemies":"Small Slimes","floor":4,"turns":3},{"damage":24,"enemies":"Gremlin Nob","floor":6,"turns":4},{"damage":3,"enemies":"2 Fungi Beasts","floor":10,"turns":4},{"damage":8,"enemies":"Red Slaver","floor":11,"turns":3},{"damage":0,"enemies":"3 Louse","floor":13,"turns":4},{"damage":60,"enemies":"Slime Boss","floor":16,"turns":13}],"seed_played":"-7647724524019847086","potions_obtained":[{"floor":11,"key":"SpeedPotion"}],"is_trial":false,"path_per_floor":["M","M","$","M","?","E","?","R","T","M","M","R","M","$","R","B"],"character_chosen":"THE_SILENT","items_purchased":["reliquary:FerryPass","Oddly Smooth Stone","Sling","Orichalcum","Flash of Steel","Slice","All Out Attack","Backflip","Sucker Punch"],"campfire_rested":0,"item_purchase_floors":[0,0,0,0,0,0,0,3,3],"current_hp_per_floor":[20,20,20,20,36,12,66,66,66,63,55,55,55,55,55,0,0],"gold":75,"neow_bonus":"","is_daily":false,"chose_seed":false,"campfire_upgraded":3,"win_rate":0.0,"timestamp":1612357611,"path_taken":["M","M","?","M","?","E","?","R","T","?","M","R","M","?","R","BOSS"],"items_purchased_type":["Relic","Relic","Relic","Relic","Card","Card","Card","Card","Card"],"build_version":"2020-12-22","purchased_purges":0,"victory":false,"max_hp_per_floor":[66,66,66,66,66,66,66,66,66,66,66,66,66,66,66,66,66],"relic_stats":{"counters":[171,818],"Tingsha":[22],"Orichalcum":[54],"obtain_stats":[{"TwistedFunnel":11,"Spirit Poop":29,"Whetstone":0,"Bottled Tornado":19,"Boot":0,"Sling":11,"reliquary:FerryPass":0,"Blood Vial":0,"hubris:HerbalPaste":19,"Sundial":7,"MealTicket":0,"HandDrill":0,"Kunai":12,"hubris:TinFlute":10,"Pear":23,"Blue Candle":54,"Eternal Feather":26,"Tingsha":1,"Pen Nib":26,"Paper Crane":40,"Akabeko":41,"hubris:BottledHeart":22,"Bird Faced Urn":25,"hubris:TenFootPole":11,"StrikeDummy":23,"Unceasing Top":28,"Regal Pillow":9,"Lantern":0,"hubris:Metronome":11,"Singing Bowl":0,"Torii":43,"StoneCalendar":0,"Bag of Preparation":27,"hubris:EmptyBottle":0,"Ancient Tea Set":11,"Cursed Key":34,"Matryoshka":6,"Shovel":19,"Ninja Scroll":11,"Toolbox":41,"Chemical X":11,"InkBottle":6,"Ring of the Snake":0,"Potion Belt":0,"The Specimen":0,"Golden Idol":2,"betterThird:NestCultRelic":28,"PreservedInsect":0,"The Courier":6,"Frozen Egg 2":41,"MawBank":27,"sneckomod:BabySnecko":22,"Ornamental Fan":20,"betterThird:SlimedRelic":5,"Orrery":0,"Bottled Lightning":7,"hexamod:BolsterEngine":42,"hubris:CrackedHourglass":17,"Toy Ornithopter":12,"CeramicFish":9,"Vajra":21,"HoveringKite":34,"hubris:VirtuousBlindfold":17,"Lizard Tail":17,"HornCleat":11,"Strawberry":0,"Philosopher\u0027s Stone":17,"Prayer Wheel":9,"Girya":0,"Happy Flower":10,"hubris:DuctTape":11,"Oddly Smooth Stone":53,"War Paint":0,"Question Card":9,"hubris:Zylophone":9,"Shuriken":9,"Bronze Scales":9,"Nloth\u0027s Gift":20,"Black Star":17,"bronze:MakeshiftBattery":17,"Meat on the Bone":21,"Darkstone Periapt":0,"SacredBark":17,"Enchiridion":25,"Mango":30,"Snake Skull":9,"Juzu Bracelet":47,"Incense Burner":41,"hubris:SlimyHat":6,"Dream Catcher":17,"Nunchaku":26,"Tough Bandages":38,"hubris:Icosahedron":14,"TheAbacus":0,"Mummified Hand":13,"Tiny Chest":11,"hubris:DisguiseKit":19,"hexamod:Sixitude":9,"Orichalcum":0,"White Beast Statue":26,"Calling Bell":17,"Cauldron":21,"Strange Spoon":31,"Anchor":24,"CaptainsWheel":27,"hubris:BundleOfHerbs":26,"Bag of Marbles":0,"Membership Card":0},{"TwistedFunnel":126,"Spirit Poop":39,"Whetstone":99,"Bottled Tornado":143,"Boot":26,"Sling":30,"reliquary:FerryPass":163,"Blood Vial":88,"hubris:HerbalPaste":143,"Sundial":138,"MealTicket":119,"HandDrill":26,"Kunai":30,"hubris:TinFlute":126,"Pear":75,"Blue Candle":49,"Eternal Feather":16,"Tingsha":164,"Pen Nib":159,"Paper Crane":45,"Akabeko":45,"hubris:BottledHeart":129,"Bird Faced Urn":62,"hubris:TenFootPole":126,"StrikeDummy":61,"Unceasing Top":77,"Regal Pillow":10,"Lantern":26,"hubris:Metronome":140,"Singing Bowl":50,"Torii":85,"StoneCalendar":149,"Bag of Preparation":38,"hubris:EmptyBottle":134,"Ancient Tea Set":24,"Cursed Key":80,"Matryoshka":6,"Shovel":97,"Ninja Scroll":54,"Toolbox":45,"Chemical X":94,"InkBottle":92,"Ring of the Snake":0,"Potion Belt":64,"The Specimen":26,"Golden Idol":27,"betterThird:NestCultRelic":16,"PreservedInsect":19,"The Courier":53,"Frozen Egg 2":45,"MawBank":116,"sneckomod:BabySnecko":16,"Ornamental Fan":97,"betterThird:SlimedRelic":109,"Orrery":64,"Bottled Lightning":10,"hexamod:BolsterEngine":85,"hubris:CrackedHourglass":157,"Toy Ornithopter":25,"CeramicFish":24,"Vajra":35,"HoveringKite":41,"hubris:VirtuousBlindfold":127,"Lizard Tail":71,"HornCleat":69,"Strawberry":50,"Philosopher\u0027s Stone":14,"Prayer Wheel":104,"Girya":50,"Happy Flower":11,"hubris:DuctTape":112,"Oddly Smooth Stone":48,"War Paint":88,"Question Card":6,"hubris:Zylophone":167,"Shuriken":30,"Bronze Scales":6,"Nloth\u0027s Gift":59,"Black Star":96,"bronze:MakeshiftBattery":57,"Meat on the Bone":97,"Darkstone Periapt":26,"SacredBark":142,"Enchiridion":75,"Mango":63,"Snake Skull":111,"Juzu Bracelet":47,"Incense Burner":85,"hubris:SlimyHat":167,"Dream Catcher":71,"Nunchaku":75,"Tough Bandages":83,"hubris:Icosahedron":126,"TheAbacus":149,"Mummified Hand":112,"Tiny Chest":30,"hubris:DisguiseKit":128,"hexamod:Sixitude":155,"Orichalcum":7,"White Beast Statue":37,"Calling Bell":71,"Cauldron":16,"Strange Spoon":79,"Anchor":36,"CaptainsWheel":160,"hubris:BundleOfHerbs":116,"Bag of Marbles":50,"Membership Card":88},{"TwistedFunnel":597,"Spirit Poop":174,"Whetstone":458,"Bottled Tornado":690,"Boot":121,"Sling":135,"reliquary:FerryPass":781,"Blood Vial":411,"hubris:HerbalPaste":690,"Sundial":661,"MealTicket":569,"HandDrill":121,"Kunai":135,"hubris:TinFlute":597,"Pear":344,"Blue Candle":226,"Eternal Feather":72,"Tingsha":784,"Pen Nib":761,"Paper Crane":206,"Akabeko":206,"hubris:BottledHeart":615,"Bird Faced Urn":284,"hubris:TenFootPole":597,"StrikeDummy":278,"Unceasing Top":352,"Regal Pillow":41,"Lantern":121,"hubris:Metronome":671,"Singing Bowl":235,"Torii":393,"StoneCalendar":723,"Bag of Preparation":171,"hubris:EmptyBottle":641,"Ancient Tea Set":102,"Cursed Key":369,"Matryoshka":24,"Shovel":450,"Ninja Scroll":245,"Toolbox":206,"Chemical X":433,"InkBottle":427,"Ring of the Snake":0,"Potion Belt":300,"The Specimen":121,"Golden Idol":124,"betterThird:NestCultRelic":72,"PreservedInsect":89,"The Courier":244,"Frozen Egg 2":206,"MawBank":551,"sneckomod:BabySnecko":72,"Ornamental Fan":450,"betterThird:SlimedRelic":507,"Orrery":300,"Bottled Lightning":41,"hexamod:BolsterEngine":393,"hubris:CrackedHourglass":753,"Toy Ornithopter":105,"CeramicFish":102,"Vajra":160,"HoveringKite":184,"hubris:VirtuousBlindfold":605,"Lizard Tail":324,"HornCleat":317,"Strawberry":235,"Philosopher\u0027s Stone":64,"Prayer Wheel":486,"Girya":235,"Happy Flower":49,"hubris:DuctTape":523,"Oddly Smooth Stone":221,"War Paint":411,"Question Card":24,"hubris:Zylophone":794,"Shuriken":135,"Bronze Scales":24,"Nloth\u0027s Gift":266,"Black Star":446,"bronze:MakeshiftBattery":259,"Meat on the Bone":450,"Darkstone Periapt":121,"SacredBark":683,"Enchiridion":344,"Mango":288,"Snake Skull":516,"Juzu Bracelet":215,"Incense Burner":393,"hubris:SlimyHat":794,"Dream Catcher":324,"Nunchaku":344,"Tough Bandages":383,"hubris:Icosahedron":597,"TheAbacus":723,"Mummified Hand":523,"Tiny Chest":135,"hubris:DisguiseKit":609,"hexamod:Sixitude":746,"Orichalcum":28,"White Beast Statue":166,"Calling Bell":324,"Cauldron":72,"Strange Spoon":359,"Anchor":164,"CaptainsWheel":765,"hubris:BundleOfHerbs":551,"Bag of Marbles":235,"Membership Card":411}],"Ring of the Snake":[327]},"card_choices":[{"not_picked":["Bane","Underhanded Strike"],"picked":"Slice","floor":1},{"not_picked":["Calculated Gamble","hubris:SlightOfHand"],"picked":"Bane","floor":2},{"not_picked":["Deflect","Heel Hook"],"picked":"Footwork","floor":4},{"not_picked":["Prepared","Concentrate"],"picked":"Leg Sweep","floor":6},{"not_picked":["Bane","PiercingWail"],"picked":"Cloak And Dagger","floor":10},{"not_picked":["Setup","Poisoned Stab"],"picked":"Deflect","floor":11},{"not_picked":["Escape Plan","Quick Slash"],"picked":"Cloak And Dagger","floor":13}],"player_experience":459548,"relics_obtained":[{"floor":1,"key":"Tingsha"},{"floor":6,"key":"hubris:SlimyHat"},{"floor":9,"key":"hubris:Zylophone"}],"event_choices":[{"damage_healed":16,"gold_gain":0,"player_choice":"Healed","damage_taken":0,"max_hp_gain":0,"max_hp_loss":0,"event_name":"The Cleric","floor":5,"gold_loss":35},{"cards_removed":["Flash of Steel"],"damage_healed":54,"gold_gain":0,"player_choice":"Offered Uncommon","damage_taken":0,"max_hp_gain":0,"max_hp_loss":0,"event_name":"Bonfire Elementals","floor":7,"gold_loss":0}],"is_beta":false,"boss_relics":[],"items_purged_floors":[],"is_endless":false,"potions_floor_spawned":[11],"killed_by":"Slime Boss","ascension_level":20}}