{"host":"51f0ad793vly1w6u","time":1612351460,"event":{"mods":["BaseMod","Colored Map","DeckTracker","Minty Spire (QoL Compilation)","Replay The Spire","StSLib","SuperFastMode"],"gold_per_floor":[215,215,228,119,119,119,144,144,170,13,13,13,113,135,135,278,278,310,220,262,298,0,0,45,95,149,149,216,129,129,211,211,360,360,406,470,470,504,542,542,610,313,313,313,113,113,151,180,180,208,208,208,14,54,66,66],"floor_reached":55,"language":"KOR","playtime":1140,"items_purged":["Strike_R","Strike_R","CommonCold","Strike_R","Defend_R"],"score":941,"play_id":"d4e89efc-c7ab-41fd-94c5-611be24c765c","local_time":"20210203202420","is_ascension_mode":true,"campfire_choices":[{"data":"Bash","floor":6,"key":"SMITH"},{"data":"Whirlwind","floor":8,"key":"SMITH"},{"floor":15,"key":"REST"},{"floor":23,"key":"REST"},{"data":"Rupture","floor":27,"key":"SMITH"},{"data":"Demon Form","floor":32,"key":"SMITH"},{"data":"Rupture","floor":40,"key":"SMITH"},{"data":"Purity","floor":44,"key":"SMITH"},{"data":"Limit Break","floor":49,"key":"SMITH"},{"data":"Evolve","floor":52,"key":"SMITH"}],"circlet_count":0,"master_deck":["Defend_R+1","Defend_R","Bash+1","Power Through","Whirlwind+1","Demon Form+1","Shrug It Off","Blood for Blood+1","Purity+1","Bloodletting+1","Rupture+1","Shrug It Off+1","Shrug It Off+1","Sword Boomerang","Blood for Blood+1","Offering+1","Evolve+1","Burning Pact+1","Rupture+1","Exhume+1","Limit Break+1","Feel No Pain","Offering","Second Wind+1"],"relics":["Burning Blood","Replay:Bandana","Pen Nib","Membership Card","StrikeDummy","Golden Idol","Empty Cage","Bag of Preparation","Centennial Puzzle","ReplayTheSpireMod:ShopPack","Replay:Kaleidoscope","Juzu Bracelet","ReplayTheSpireMod:CursedCoin","Paper Frog","Mirror","Runic Cube","Letter Opener","Guide Book","PreservedInsect","Sundial","OrangePellets","Cauldron","Blood Vial"],"acts_visited":["Exordium","TheCity","TheBeyond","TheEnding"],"potions_floor_usage":[16,25,31,33,35,41,50,50,55,55],"damage_taken":[{"damage":12,"enemies":"Jaw Worm","floor":1,"turns":2},{"damage":14,"enemies":"Cultist","floor":3,"turns":5},{"damage":53,"enemies":"3 Sentries","floor":7,"turns":10},{"damage":0,"enemies":"2 Louse","floor":14,"turns":1},{"damage":18,"enemies":"Fading Forest","floor":16,"turns":11},{"damage":12,"enemies":"Chosen","floor":18,"turns":5},{"damage":28,"enemies":"2 Thieves","floor":20,"turns":4},{"damage":15,"enemies":"Chosen and Byrds","floor":21,"turns":5},{"damage":15,"enemies":"Replay:Snechameleon","floor":24,"turns":4},{"damage":15,"enemies":"Cultist and Chosen","floor":25,"turns":3},{"damage":3,"enemies":"3 Cultists","floor":28,"turns":2},{"damage":40,"enemies":"Slavers","floor":31,"turns":2},{"damage":9,"enemies":"Automaton","floor":33,"turns":5},{"damage":13,"enemies":"3 Shapes","floor":35,"turns":3},{"damage":25,"enemies":"3 Darklings","floor":36,"turns":3},{"damage":28,"enemies":"Maw","floor":38,"turns":5},{"damage":3,"enemies":"Jaw Worm Horde","floor":39,"turns":1},{"damage":9,"enemies":"Reptomancer","floor":41,"turns":4},{"damage":25,"enemies":"4 Shapes","floor":47,"turns":2},{"damage":9,"enemies":"Spire Growth","floor":48,"turns":2},{"damage":44,"enemies":"Awakened One","floor":50,"turns":5},{"damage":21,"enemies":"Shield and Spear","floor":54,"turns":1},{"damage":74,"enemies":"The Heart","floor":55,"turns":2}],"seed_played":"-9085406732615296700","potions_obtained":[{"floor":1,"key":"Dexterity Potion"},{"floor":7,"key":"Dexterity Potion"},{"floor":18,"key":"PowerPotion"},{"floor":20,"key":"PowerPotion"},{"floor":31,"key":"Block Potion"},{"floor":33,"key":"Strength Potion"},{"floor":36,"key":"ColorlessPotion"},{"floor":38,"key":"Explosive Potion"},{"floor":48,"key":"PowerPotion"},{"floor":53,"key":"Adrenaline Potion"},{"floor":53,"key":"Cursed Concoction"},{"floor":53,"key":"AttackPotion"}],"is_trial":false,"path_per_floor":["M","?","M","$","?","R","E","R","T","$","T","?","?","M","R","B",null,"M","?","M","M","$","R","E","M","T","R","M","$","?","E","R","B",null,"M","M","?","M","M","R","E","$","T","R","$","?","M","M","R","B",null,"R","$","E","B"],"character_chosen":"IRONCLAD","items_purchased":["Uppercut","Membership Card","Bag of Preparation","BloodPotion","Centennial Puzzle","ReplayTheSpireMod:ShopPack","ReplayTheSpireMod:CursedCoin","Paper Frog","Shrug It Off+1","Sword Boomerang","Exhume","Guide Book","PreservedInsect","Limit Break","OrangePellets","Feel No Pain","Offering","Cauldron"],"campfire_rested":2,"item_purchase_floors":[4,10,22,22,22,22,29,29,29,29,42,42,42,45,45,53,53,53],"current_hp_per_floor":[74,74,66,66,66,66,19,19,19,19,19,19,19,25,47,55,74,68,68,46,37,37,59,50,41,41,41,44,44,44,24,24,21,74,67,48,84,62,65,65,62,62,62,62,62,62,43,40,40,7,84,84,84,69,0,0],"gold":66,"neow_bonus":"HUNDRED_GOLD","is_daily":false,"chose_seed":false,"campfire_upgraded":8,"win_rate":0.0,"timestamp":1612351460,"path_taken":["M","?","?","$","?","R","E","R","T","$","?","?","?","?","R","BOSS","M","?","M","?","$","R","E","M","T","R","M","$","?","E","R","BOSS","M","M","?","M","M","R","E","$","T","R","$","?","M","M","R","BOSS","R","$","E","BOSS"],"items_purchased_type":["Card","Relic","Relic","Potion","Relic","Relic","Relic","Relic","Card","Card","Card","Relic","Relic","Card","Relic","Card","Card","Relic"],"build_version":"2020-12-22","purchased_purges":5,"victory":false,"max_hp_per_floor":[80,80,80,80,80,80,80,80,80,80,80,74,74,74,74,74,74,74,74,74,74,74,74,74,74,74,74,74,74,74,74,74,74,74,74,74,84,84,84,84,84,84,84,84,84,84,84,84,84,84,84,84,84,84,84,84],"card_choices":[{"not_picked":["Shrug It Off","Thunderclap"],"picked":"Power Through","floor":1},{"not_picked":["Intimidate","Clash","Ghostly Armor"],"picked":"SKIP","floor":3},{"not_picked":["Clothesline","ReplayTheSpireMod:LeadingStrike"],"picked":"Whirlwind","floor":7},{"not_picked":["Intimidate","Wild Strike","Run Through"],"picked":"SKIP","floor":14},{"not_picked":["Eclipse","Impervious"],"picked":"Demon Form","floor":16},{"not_picked":["Burning Pact","ReplayTheSpireMod:Strike From Hell","Spot Weakness"],"picked":"SKIP","floor":18},{"not_picked":["Twin Strike","Anger+1"],"picked":"Shrug It Off","floor":20},{"not_picked":["Warcry","Replay:Undeath\u0027s Touch"],"picked":"Blood for Blood+1","floor":21},{"not_picked":["Crow Ritual","The Bomb"],"picked":"Violence","floor":22},{"not_picked":["Replay:Bootleg Shield Generator","ReplayTheSpireMod:Uncanny Aura"],"picked":"Purity","floor":22},{"not_picked":["Cleave","Wild Strike"],"picked":"Bloodletting+1","floor":24},{"not_picked":["Warcry","Headbutt"],"picked":"Rupture","floor":25},{"not_picked":["Run Through+1","Sentinel"],"picked":"Shrug It Off+1","floor":28},{"not_picked":["Hemokinesis+1","Feed"],"picked":"Blood for Blood+1","floor":31},{"not_picked":["Berserk","Limit Break"],"picked":"Offering","floor":33},{"not_picked":["ReplayTheSpireMod:Strike From Hell","Sword Boomerang"],"picked":"Evolve","floor":35},{"not_picked":["Spot Weakness+1","Anger+1"],"picked":"Burning Pact+1","floor":36},{"not_picked":["Sever Soul+1","Shrug It Off+1","Intimidate"],"picked":"SKIP","floor":38},{"not_picked":["Anger+1","Iron Wave+1"],"picked":"Rupture","floor":39},{"not_picked":["Burning Pact","Wild Strike","Searing Blow+1"],"picked":"SKIP","floor":41},{"not_picked":["Wild Strike","Demon Form","Reckless Charge+1"],"picked":"SKIP","floor":47},{"not_picked":["Anger","Searing Blow","Perfected Strike"],"picked":"SKIP","floor":48},{"not_picked":["Massacre","Rupture"],"picked":"Second Wind+1","floor":54}],"player_experience":1435219,"relics_obtained":[{"floor":7,"key":"Replay:Bandana"},{"floor":9,"key":"Pen Nib"},{"floor":11,"key":"StrikeDummy"},{"floor":24,"key":"Replay:Kaleidoscope"},{"floor":26,"key":"Juzu Bracelet"},{"floor":31,"key":"Mirror"},{"floor":41,"key":"Letter Opener"},{"floor":43,"key":"Sundial"},{"floor":54,"key":"Blood Vial"}],"event_choices":[{"damage_healed":0,"gold_gain":0,"player_choice":"Ignored","damage_taken":0,"max_hp_gain":0,"max_hp_loss":0,"event_name":"NoteForYourself","floor":2,"gold_loss":0},{"damage_healed":0,"gold_gain":0,"player_choice":"Upgraded","damage_taken":0,"max_hp_gain":0,"max_hp_loss":0,"event_name":"Upgrade Shrine","floor":5,"gold_loss":0,"cards_upgraded":["Uppercut"]},{"damage_healed":0,"gold_gain":0,"player_choice":"Lose Max HP","damage_taken":0,"relics_obtained":["Golden Idol"],"max_hp_gain":0,"max_hp_loss":6,"event_name":"Golden Idol","floor":12,"gold_loss":0},{"damage_healed":0,"gold_gain":100,"player_choice":"Pray","damage_taken":0,"max_hp_gain":0,"max_hp_loss":0,"event_name":"Golden Shrine","floor":13,"gold_loss":0},{"cards_removed":["Strike_R"],"damage_healed":0,"gold_gain":0,"player_choice":"Upgrade and Remove","damage_taken":0,"max_hp_gain":0,"max_hp_loss":0,"event_name":"Designer","floor":19,"gold_loss":90,"cards_upgraded":["Defend_R"]},{"damage_healed":0,"gold_gain":0,"player_choice":"Ignored","damage_taken":0,"max_hp_gain":0,"max_hp_loss":0,"event_name":"Ghosts","floor":30,"gold_loss":0},{"cards_removed":["Violence"],"damage_healed":26,"gold_gain":0,"player_choice":"Offered Rare","damage_taken":0,"max_hp_gain":10,"max_hp_loss":0,"event_name":"Bonfire Elementals","floor":37,"gold_loss":0},{"cards_removed":["Uppercut"],"damage_healed":0,"gold_gain":0,"player_choice":"Removed Attack","damage_taken":0,"max_hp_gain":0,"max_hp_loss":0,"event_name":"Falling","floor":46,"gold_loss":0}],"is_beta":false,"boss_relics":[{"not_picked":["SacredBark","Ectoplasm"],"picked":"Empty Cage"},{"not_picked":["Replay:Bronze Core","Black Star"],"picked":"Runic Cube"}],"items_purged_floors":[4,22,29,42,45],"is_endless":false,"potions_floor_spawned":[1,7,18,20,31,33,36,38,48],"killed_by":"The Heart","ascension_level":2}}