{"host":"15dd7v8o90xso62x","time":1612319655,"event":{"mods":["BaseMod","Minty Spire (QoL Compilation)","Quick Restart","StSLib","SuperFastMode"],"gold_per_floor":[119,44,56,56,131,131,150,150,173,10,23,23,48,63,63,63,63],"floor_reached":16,"language":"KOR","playtime":492,"items_purged":["Strike_G"],"score":184,"play_id":"df31843f-eb22-4d75-87d4-37270dadc004","local_time":"20210203113415","is_ascension_mode":true,"campfire_choices":[{"data":"Neutralize","floor":6.0,"key":"SMITH"},{"data":"Calculated Gamble","floor":15,"key":"SMITH"}],"circlet_count":0,"master_deck":["AscendersBane","Strike_G","Strike_G","Strike_G","Strike_G","Defend_G","Defend_G","Defend_G","Defend_G","Survivor","Neutralize+1","Escape Plan","Calculated Gamble+1","Grand Finale","Well Laid Plans"],"relics":["Ring of the Snake","Golden Idol","Omamori"],"acts_visited":["Exordium"],"potions_floor_usage":[16],"damage_taken":[{"damage":7.0,"enemies":"Cultist","floor":1.0,"turns":5.0},{"damage":0.0,"enemies":"2 Louse","floor":3.0,"turns":4.0},{"damage":0.0,"enemies":"Jaw Worm","floor":7.0,"turns":7.0},{"damage":8.0,"enemies":"Lots of Slimes","floor":11.0,"turns":8.0},{"damage":6,"enemies":"Looter","floor":13,"turns":4},{"damage":9,"enemies":"Blue Slaver","floor":14,"turns":2},{"damage":21,"enemies":"Hexaghost","floor":16,"turns":9}],"seed_played":"920993871620318298","potions_obtained":[{"floor":1.0,"key":"SteroidPotion"},{"floor":13,"key":"EssenceOfSteel"}],"is_trial":false,"path_per_floor":["M","$","M","?","?","R","M","?","T","$","M","$","M","M","R","B"],"character_chosen":"THE_SILENT","items_purchased":["Grand Finale"],"campfire_rested":0,"item_purchase_floors":[10],"current_hp_per_floor":[52,52,52,29,18,18,18,40,40,40,32,32,26,17,17,0,0],"gold":63,"neow_bonus":"REMOVE_CARD","is_daily":false,"chose_seed":false,"campfire_upgraded":2,"win_rate":0.0,"timestamp":1612319655,"path_taken":["M","?","M","?","?","R","M","?","T","$","M","$","?","M","R","BOSS"],"items_purchased_type":["Card"],"build_version":"2020-12-22","purchased_purges":1,"victory":false,"max_hp_per_floor":[66,66,66,66,66,66,66,66,66,66,66,66,66,66,66,66,66],"card_choices":[{"not_picked":["Prepared","Flying Knee"],"picked":"Escape Plan","floor":1.0},{"not_picked":["Outmaneuver","Distraction","Heel Hook"],"picked":"SKIP","floor":3.0},{"not_picked":["Endless Agony","Poisoned Stab"],"picked":"Calculated Gamble","floor":7.0},{"not_picked":["Skewer","Dagger Spray"],"picked":"Well Laid Plans","floor":11.0},{"not_picked":["Blade Dance","Bane","Sucker Punch"],"picked":"SKIP","floor":13},{"not_picked":["Outmaneuver","Endless Agony","Distraction"],"picked":"SKIP","floor":14}],"player_experience":934646,"relics_obtained":[{"floor":9.0,"key":"Omamori"}],"event_choices":[{"damage_healed":0.0,"max_hp_gain":0.0,"max_hp_loss":0.0,"gold_gain":0.0,"event_name":"Golden Idol","player_choice":"Take Damage","floor":4.0,"gold_loss":0.0,"damage_taken":23.0,"relics_obtained":["Golden Idol"]},{"damage_healed":0.0,"max_hp_gain":0.0,"max_hp_loss":0.0,"gold_gain":75.0,"event_name":"World of Goop","player_choice":"Gather Gold","floor":5.0,"gold_loss":0.0,"damage_taken":11.0},{"damage_healed":22.0,"max_hp_gain":0.0,"max_hp_loss":0.0,"gold_gain":0.0,"event_name":"Big Fish","player_choice":"Banana","floor":8.0,"gold_loss":0.0,"damage_taken":0.0}],"is_beta":false,"boss_relics":[],"items_purged_floors":[2],"is_endless":false,"potions_floor_spawned":[1,13],"killed_by":"Hexaghost","ascension_level":20}}