{"host":"2ty4h143nj8vwezc","time":1612331251,"event":{"mods":["BaseMod","Colored Map","Googly Eyes","Highlight Path","Minty Spire (QoL Compilation)","Quick Restart","StSLib"],"gold_per_floor":[111,111,111,130,130,160,160,173,173,173,204,204,216,227,227,306,306,324,239,239,239],"floor_reached":20,"language":"ENG","playtime":700,"items_purged":[],"score":414,"play_id":"9c4da694-f338-4df3-9f1b-e98e978e4251","local_time":"20210203004731","is_ascension_mode":true,"campfire_choices":[{"floor":7,"key":"REST"},{"floor":10,"key":"REST"},{"floor":12,"key":"REST"},{"floor":15,"key":"RECALL"}],"circlet_count":0,"master_deck":["AscendersBane","Strike_G","Strike_G","Strike_G","Strike_G","Defend_G","Defend_G","Defend_G","Defend_G","Defend_G","Survivor","Neutralize","Deadly Poison","Bane","PiercingWail","Envenom"],"relics":["Ring of the Snake","NeowsBlessing","Matryoshka","Bag of Preparation","Snake Skull","Potion Belt","Centennial Puzzle","Black Star","Mango"],"acts_visited":["Exordium","TheCity"],"potions_floor_usage":[11,13,16],"damage_taken":[{"damage":0,"enemies":"2 Louse","floor":1,"turns":1},{"damage":0,"enemies":"Small Slimes","floor":4,"turns":1},{"damage":0,"enemies":"Gremlin Nob","floor":6,"turns":1},{"damage":1,"enemies":"Cultist","floor":8,"turns":4},{"damage":27,"enemies":"3 Sentries","floor":11,"turns":9},{"damage":5,"enemies":"Large Slime","floor":13,"turns":7},{"damage":6,"enemies":"2 Fungi Beasts","floor":14,"turns":4},{"damage":19,"enemies":"The Guardian","floor":16,"turns":13},{"damage":47,"enemies":"Spheric Guardian","floor":18,"turns":9},{"damage":2,"enemies":"Shell Parasite","floor":20,"turns":2}],"seed_played":"-4585764602893895426","potions_obtained":[{"floor":1,"key":"Energy Potion"},{"floor":4,"key":"Explosive Potion"},{"floor":6,"key":"GhostInAJar"},{"floor":11,"key":"Block Potion"}],"is_trial":false,"path_per_floor":["M","?","?","M","?","E","R","M","T","R","E","R","M","M","R","B",null,"M","?","M"],"character_chosen":"THE_SILENT","items_purchased":[],"campfire_rested":3,"item_purchase_floors":[],"current_hp_per_floor":[59,59,59,59,14,14,33,32,32,51,24,43,38,32,32,13,53,6,20,18,18],"gold":239,"neow_bonus":"THREE_ENEMY_KILL","is_daily":false,"chose_seed":false,"campfire_upgraded":0,"win_rate":0.0,"timestamp":1612331251,"path_taken":["M","?","?","?","?","E","R","M","T","R","E","R","M","M","R","BOSS","M","?","M"],"items_purchased_type":[],"build_version":"2020-12-22","purchased_purges":0,"victory":false,"max_hp_per_floor":[66,66,66,66,66,66,66,66,66,66,66,66,66,66,66,66,66,66,80,80,80],"card_choices":[{"not_picked":["Slice","Caltrops"],"picked":"Deadly Poison","floor":1},{"not_picked":["Prepared","Tactician"],"picked":"Bane","floor":4},{"not_picked":["Bane","Distraction","Calculated Gamble"],"picked":"SKIP","floor":6},{"not_picked":["Deflect","Reflex"],"picked":"PiercingWail","floor":8},{"not_picked":["Outmaneuver","Leg Sweep","Reflex"],"picked":"SKIP","floor":11},{"not_picked":["Blur","Deflect","Accuracy"],"picked":"SKIP","floor":13},{"not_picked":["Underhanded Strike","Blade Dance","Leg Sweep"],"picked":"SKIP","floor":14},{"not_picked":["Underhanded Strike","Blade Dance","Leg Sweep"],"picked":"SKIP","floor":14},{"not_picked":["Burst","Grand Finale"],"picked":"Envenom","floor":16},{"not_picked":["Quick Slash","Cloak And Dagger","Eviscerate"],"picked":"SKIP","floor":18}],"player_experience":343902,"relics_obtained":[{"floor":6,"key":"Bag of Preparation"},{"floor":9,"key":"Snake Skull"},{"floor":9,"key":"Potion Belt"},{"floor":11,"key":"Centennial Puzzle"}],"event_choices":[{"damage_healed":0,"gold_gain":0,"player_choice":"Ignored","damage_taken":0,"max_hp_gain":0,"max_hp_loss":0,"event_name":"Shining Light","floor":2,"gold_loss":0},{"cards_removed":["Strike_G"],"damage_healed":0,"gold_gain":0,"player_choice":"Card Removal","damage_taken":0,"max_hp_gain":0,"max_hp_loss":0,"event_name":"Wheel of Change","floor":3,"gold_loss":0},{"damage_healed":0,"gold_gain":0,"player_choice":"Success","damage_taken":45,"relics_obtained":["Matryoshka"],"max_hp_gain":0,"max_hp_loss":0,"event_name":"Scrap Ooze","floor":5,"gold_loss":0},{"damage_healed":0,"gold_gain":0,"player_choice":"Obtained Relic","damage_taken":0,"relics_obtained":["Mango"],"max_hp_gain":0,"max_hp_loss":0,"event_name":"Addict","floor":19,"gold_loss":85}],"is_beta":false,"boss_relics":[{"not_picked":["Sozu","Runic Dome"],"picked":"Black Star"}],"items_purged_floors":[],"is_endless":false,"potions_floor_spawned":[1,4,6,11],"killed_by":"Shell Parasite","ascension_level":20}}