{"host":"c6u7e77myxvw4d0m","time":1612336214,"event":{"mods":["AchievementEnabler","BaseMod","Bestiary","Colored Map","Colored Powertips","Minty Spire (QoL Compilation)","Rare Cards Sparkle","Relic Stats","everything is the same but u backflip on backflip"],"gold_per_floor":[115,133,133,148,113,142,142,165,190,219,234,254,254,281,281,356,356,366,20,20,31,50,50,50,50],"floor_reached":24,"language":"ENG","playtime":1659,"items_purged":["Strike_G"],"score":432,"play_id":"0f984c35-efc7-402c-af42-8b66626d0ed6","local_time":"20210203091014","is_ascension_mode":true,"campfire_choices":[{"data":"Bane","floor":7,"key":"SMITH"},{"data":"Footwork","floor":13,"key":"SMITH"},{"data":"Dagger Spray","floor":15,"key":"SMITH"},{"data":"RitualDagger","floor":23,"key":"SMITH"}],"circlet_count":0,"master_deck":["AscendersBane","Strike_G","Strike_G","Strike_G","Strike_G","Defend_G","Defend_G","Defend_G","Defend_G","Defend_G","Survivor","Neutralize","Footwork+1","Backstab","Deadly Poison","Bane+1","Dash","Terror","Deadly Poison","Dagger Spray+1","Dodge and Roll","Wraith Form v2","Crippling Poison+1","Deflect","Leg Sweep","RitualDagger+1","Dagger Spray+1","Catalyst"],"relics":["Ring of the Snake","Akabeko","Odd Mushroom","Juzu Bracelet","Unceasing Top","Ancient Tea Set","Sozu","Membership Card","Strawberry"],"acts_visited":["Exordium","TheCity"],"potions_floor_usage":[6,8,14,16],"damage_taken":[{"damage":1,"enemies":"Small Slimes","floor":1,"turns":4},{"damage":0,"enemies":"2 Louse","floor":2,"turns":5},{"damage":0,"enemies":"Jaw Worm","floor":4,"turns":7},{"damage":21,"enemies":"3 Sentries","floor":6,"turns":14},{"damage":0,"enemies":"The Mushroom Lair","floor":8,"turns":3},{"damage":11,"enemies":"Lagavulin","floor":10,"turns":9},{"damage":0,"enemies":"Blue Slaver","floor":11,"turns":2},{"damage":0,"enemies":"Looter","floor":12,"turns":3},{"damage":12,"enemies":"Gremlin Nob","floor":14,"turns":4},{"damage":6,"enemies":"Hexaghost","floor":16,"turns":6},{"damage":2,"enemies":"Shell Parasite","floor":18,"turns":4},{"damage":17,"enemies":"2 Thieves","floor":21,"turns":5},{"damage":0,"enemies":"Centurion and Healer","floor":22,"turns":4},{"damage":43,"enemies":"Book of Stabbing","floor":24,"turns":6}],"seed_played":"6727601877823252509","potions_obtained":[{"floor":1,"key":"EssenceOfSteel"},{"floor":2,"key":"SteroidPotion"},{"floor":6,"key":"CunningPotion"},{"floor":10,"key":"Weak Potion"},{"floor":11,"key":"PowerPotion"}],"is_trial":false,"path_per_floor":["M","M","?","M","?","E","R","?","T","E","M","M","R","E","R","B",null,"M","$","?","M","M","R","E"],"character_chosen":"THE_SILENT","items_purchased":["Membership Card","Deflect","Strawberry","Leg Sweep"],"campfire_rested":0,"item_purchase_floors":[19,19,19,19],"current_hp_per_floor":[64,64,64,64,72,51,51,51,51,40,40,40,40,28,28,22,60,58,65,59,42,42,42,0,0],"gold":50,"neow_bonus":"TEN_PERCENT_HP_BONUS","is_daily":false,"chose_seed":false,"campfire_upgraded":4,"win_rate":0.0,"timestamp":1612336214,"path_taken":["M","M","?","M","?","E","R","?","T","E","M","M","R","E","R","BOSS","M","$","?","M","M","R","E"],"items_purchased_type":["Relic","Card","Relic","Card"],"build_version":"2020-12-22","purchased_purges":1,"victory":false,"max_hp_per_floor":[72,72,72,72,72,72,72,72,72,72,72,72,72,72,72,72,72,72,79,79,79,79,79,79,79],"relic_stats":{"Sozu":1,"counters":[14,76],"Juzu Bracelet":0,"obtain_stats":[{"Sozu":17,"Strawberry":19,"Juzu Bracelet":9,"Membership Card":19,"Odd Mushroom":8,"Ancient Tea Set":14,"Akabeko":6,"Unceasing Top":10,"Ring of the Snake":0},{"Sozu":10,"Strawberry":11,"Juzu Bracelet":5,"Membership Card":11,"Odd Mushroom":5,"Ancient Tea Set":9,"Akabeko":4,"Unceasing Top":6,"Ring of the Snake":0},{"Sozu":57,"Strawberry":61,"Juzu Bracelet":33,"Membership Card":61,"Odd Mushroom":33,"Ancient Tea Set":51,"Akabeko":30,"Unceasing Top":42,"Ring of the Snake":0}],"Unceasing Top":[1],"Ring of the Snake":[28]},"card_choices":[{"not_picked":["Setup","Prepared"],"picked":"Footwork","floor":1},{"not_picked":["Acrobatics","Escape Plan"],"picked":"Backstab","floor":2},{"not_picked":["Leg Sweep","Blade Dance"],"picked":"Deadly Poison","floor":4},{"not_picked":["Accuracy","Outmaneuver"],"picked":"Bane","floor":6},{"not_picked":["Acrobatics","Quick Slash"],"picked":"Dash","floor":8},{"not_picked":["Quick Slash","Acrobatics"],"picked":"Terror","floor":10},{"not_picked":["Setup","Outmaneuver"],"picked":"Deadly Poison","floor":11},{"not_picked":["Terror","Underhanded Strike"],"picked":"Dagger Spray","floor":12},{"not_picked":["Slice","Skewer"],"picked":"Dodge and Roll","floor":14},{"not_picked":["Phantasmal Killer","Unload"],"picked":"Wraith Form v2","floor":16},{"not_picked":["Quick Slash","Blade Dance"],"picked":"Crippling Poison+1","floor":18},{"not_picked":["Deadly Poison","Blade Dance"],"picked":"Dagger Spray+1","floor":21},{"not_picked":["Eviscerate","Concentrate"],"picked":"Catalyst","floor":22}],"player_experience":629647,"relics_obtained":[{"floor":6,"key":"Akabeko"},{"floor":8,"key":"Odd Mushroom"},{"floor":9,"key":"Juzu Bracelet"},{"floor":10,"key":"Unceasing Top"},{"floor":14,"key":"Ancient Tea Set"}],"event_choices":[{"damage_healed":0,"gold_gain":0,"player_choice":"Ignored","damage_taken":0,"max_hp_gain":0,"max_hp_loss":0,"event_name":"Shining Light","floor":3,"gold_loss":0},{"damage_healed":18,"gold_gain":0,"player_choice":"Healed","damage_taken":0,"max_hp_gain":0,"max_hp_loss":0,"event_name":"The Cleric","floor":5,"gold_loss":35},{"damage_healed":0,"gold_gain":0,"player_choice":"Fought Mushrooms","damage_taken":0,"max_hp_gain":0,"max_hp_loss":0,"event_name":"Mushrooms","floor":8,"gold_loss":0},{"damage_healed":0,"gold_gain":0,"player_choice":"Joined the Cult","damage_taken":6,"max_hp_gain":0,"max_hp_loss":0,"event_name":"Nest","floor":20,"gold_loss":0,"cards_obtained":["RitualDagger"]}],"is_beta":false,"boss_relics":[{"not_picked":["Busted Crown","Black Star"],"picked":"Sozu"}],"items_purged_floors":[19],"is_endless":false,"potions_floor_spawned":[1,2,6,10,11,18],"killed_by":"Book of Stabbing","ascension_level":20}}