{"host":"ko40t1o51xotjt2v","time":1612391488,"event":{"mods":["2.2 Compatiblity","AchievementEnabler","Aspiration","BaseMod","Better Match","Better Third Choice","Better Vampires","Conspire","Downfall","Energized Spire","GifTheSpireLib","Halation","Hubris","Jedi Mod","Minty Spire (QoL Compilation)","MostiFishMod","Spicy Shops","Spikes Relics","StSLib","Stuff the Spire","TestMod","??????REMEMod"],"gold_per_floor":[109,109,125,125,138,172,190,190,190],"floor_reached":8,"language":"SPA","playtime":519,"items_purged":[],"score":104,"play_id":"9986ccf3-e9b2-4be2-a119-a90e87fe5406","local_time":"20210203233128","is_ascension_mode":true,"campfire_choices":[],"circlet_count":0,"master_deck":["AscendersBane","Strike_R","Strike_R","Strike_R","Strike_R","Defend_R","Defend_R","Defend_R","Defend_R","Bash","Iron Wave","jedi:controlledanger","REME_ACTH","Burning Pact","Feel No Pain"],"relics":["Burning Blood","DaveBox","testmod-TestBox","REME_ComplimentaryCards","aspiration:DSix","Sundial","Shuriken"],"acts_visited":["Exordium"],"potions_floor_usage":[3,7],"damage_taken":[{"damage":0,"enemies":"Small Slimes","floor":1,"turns":3},{"damage":6,"enemies":"conspire:RoseBush","floor":3,"turns":3},{"damage":1,"enemies":"Cultist","floor":5,"turns":3},{"damage":50,"enemies":"Lagavulin","floor":6,"turns":7},{"damage":1,"enemies":"2 Fungi Beasts","floor":7,"turns":4},{"damage":34,"enemies":"Gremlin Nob","floor":8,"turns":4}],"seed_played":"1078822306824959086","potions_obtained":[{"floor":1,"key":"SkillPotion"},{"floor":6,"key":"Guardian:BlockOnCardUsePotion"}],"is_trial":false,"path_per_floor":["M","?","M","?","M","E","M","E"],"character_chosen":"IRONCLAD","items_purchased":[],"campfire_rested":0,"item_purchase_floors":[],"current_hp_per_floor":[74,67,67,67,72,28,33,0,0],"gold":190,"neow_bonus":"DSIX","is_daily":false,"chose_seed":false,"campfire_upgraded":0,"win_rate":0.0,"timestamp":1612391488,"path_taken":["M","?","M","?","M","E","M","E"],"items_purchased_type":[],"build_version":"2020-12-22","purchased_purges":0,"victory":false,"max_hp_per_floor":[75,75,75,75,75,75,75,75,75],"card_choices":[{"not_picked":["Rampage","Anger"],"picked":"Thunderclap","floor":1},{"not_picked":["Heavy Blade","Sword Boomerang"],"picked":"Iron Wave","floor":3},{"not_picked":["Searing Blow","Havoc"],"picked":"jedi:controlledanger","floor":5},{"not_picked":["Shockwave","REME_Cut"],"picked":"Burning Pact","floor":6},{"not_picked":["Shrug It Off","Havoc"],"picked":"Feel No Pain","floor":7}],"player_experience":468411,"relics_obtained":[{"floor":6,"key":"Shuriken"}],"event_choices":[{"cards_removed":["Strike_R"],"damage_healed":0,"gold_gain":0,"player_choice":"Card Removal","damage_taken":7,"max_hp_gain":0,"max_hp_loss":0,"event_name":"Golden Wing","floor":2,"gold_loss":0},{"cards_removed":["Thunderclap"],"damage_healed":0,"gold_gain":0,"player_choice":"Gave Card","damage_taken":0,"relics_obtained":["Sundial"],"max_hp_gain":0,"max_hp_loss":0,"event_name":"WeMeetAgain","floor":4,"gold_loss":0}],"is_beta":false,"boss_relics":[],"items_purged_floors":[],"is_endless":false,"potions_floor_spawned":[1,6],"killed_by":"Gremlin Nob","ascension_level":16}}