{"host":"xp5rvh2jwe2ejyfm","time":1612327636,"event":{"mods":["Aspiration","BaseMod","BetterRewards","Colored Powertips","Conspire","Downfall","Duelist Mod","GifTheSpireLib","Gremlin Mod","Hermit","Hubris","Minty Spire (QoL Compilation)","Robot Space Explorer","StSLib","The Blackbeard","The Clintock","The Construct","The Cursed","The Disciple","The Forsaken","The Hierophant","The Necromancer","The Runesmith","The Servant 0.9.4"],"gold_per_floor":[115,131,145,39,39,39,55,85,85,117,117,134,134,134],"floor_reached":13,"language":"ENG","playtime":425,"items_purged":[],"score":95,"play_id":"407a703a-2790-4c3e-9a6a-910eba48c4db","local_time":"20210202234716","is_ascension_mode":false,"campfire_choices":[{"floor":6,"key":"REST"},{"floor":11,"key":"REST"}],"circlet_count":0,"master_deck":["TheCursedMod:Strike_TheCursed","TheCursedMod:Strike_TheCursed","TheCursedMod:Strike_TheCursed","TheCursedMod:Strike_TheCursed","TheCursedMod:Defend_TheCursed","TheCursedMod:Defend_TheCursed","TheCursedMod:Defend_TheCursed","TheCursedMod:Defend_TheCursed","TheCursedMod:CursedWand","TheCursedMod:CleanUpWorkshop","TheCursedMod:Dregs","TheCursedMod:HellfireBreathing","TheCursedMod:CircleOfCorruption","TheCursedMod:Wield","TheCursedMod:WearCloak","TheCursedMod:HellfireBreathing","TheCursedMod:SmokeScreen","TheCursedMod:Stretching","TheCursedMod:CursedBlade","TheCursedMod:CircleOfFlame","TheCursedMod:EmpowerCircles","TheCursedMod:CursedBlade","TheCursedMod:Dregs","hubris:Gluttony","TheCursedMod:HellfireBreathing","TheCursedMod:StingEye"],"relics":["TheCursedMod:BlackMagic101","HandDrill","downfall:ExtraCursedKey","Matryoshka","Nunchaku","theForsaken:Gavel"],"acts_visited":["Exordium"],"potions_floor_usage":[13],"damage_taken":[{"damage":3,"enemies":"Jaw Worm","floor":1,"turns":4},{"damage":4,"enemies":"2 Louse","floor":2,"turns":3},{"damage":9,"enemies":"Cultist","floor":3,"turns":5},{"damage":6,"enemies":"Exordium Thugs","floor":7,"turns":4},{"damage":22,"enemies":"Gremlin Nob","floor":8,"turns":4},{"damage":15,"enemies":"3 Sentries","floor":10,"turns":4},{"damage":16,"enemies":"Large Slime","floor":12,"turns":4},{"damage":25,"enemies":"Gremlin Nob","floor":13,"turns":3}],"seed_played":"-3408153092931189304","potions_obtained":[{"floor":1,"key":"SpeedPotion"},{"floor":8,"key":"BlessingOfTheForge"},{"floor":10,"key":"EssenceOfSteel"}],"is_trial":false,"path_per_floor":["M","M","M","$","?","R","M","E","T","E","R","M","E"],"character_chosen":"THE_CURSED","items_purchased":["TheCursedMod:HellfireBreathing","HandDrill","TheCursedMod:CircleOfCorruption","TheCursedMod:Wield","TheCursedMod:CursedAmulet","TheCursedMod:CursedBlade","TheCursedMod:CircleOfFlame"],"campfire_rested":2,"item_purchase_floors":[0,0,0,0,0,4,4],"current_hp_per_floor":[52,48,39,39,39,61,55,33,33,18,40,24,0,0],"gold":134,"neow_bonus":"","is_daily":false,"chose_seed":false,"campfire_upgraded":0,"win_rate":0.0,"timestamp":1612327636,"path_taken":["M","M","M","$","?","R","M","E","T","E","R","M","E"],"items_purchased_type":["Card","Relic","Card","Card","Card","Card","Card"],"build_version":"2020-12-22","purchased_purges":0,"victory":false,"max_hp_per_floor":[75,75,75,75,75,75,75,75,75,75,75,75,75,75],"card_choices":[{"not_picked":["TheCursedMod:Stretching","TheCursedMod:CircleOfFlame"],"picked":"TheCursedMod:HellfireBreathing","floor":1},{"not_picked":["TheCursedMod:Torture","TheCursedMod:CircleOfWindfury"],"picked":"TheCursedMod:SmokeScreen","floor":2},{"not_picked":["TheCursedMod:BlessingInDisguise","TheCursedMod:Wield"],"picked":"TheCursedMod:Stretching","floor":3},{"not_picked":["TheCursedMod:CursedArmor","TheCursedMod:TroublousMinions"],"picked":"TheCursedMod:EmpowerCircles","floor":7},{"not_picked":["TheCursedMod:Mangle","TheCursedMod:CursedStaff"],"picked":"TheCursedMod:CursedBlade","floor":8},{"not_picked":["TheCursedMod:PrepareRite","TheCursedMod:CursedShiv"],"picked":"TheCursedMod:HellfireBreathing","floor":10},{"not_picked":["TheCursedMod:TacticalStrike","TheCursedMod:Wield"],"picked":"TheCursedMod:StingEye","floor":12}],"player_experience":391847,"relics_obtained":[{"floor":8,"key":"Matryoshka"},{"floor":9,"key":"Nunchaku"},{"floor":10,"key":"theForsaken:Gavel"}],"event_choices":[],"is_beta":false,"boss_relics":[],"items_purged_floors":[],"is_endless":false,"potions_floor_spawned":[1,8,10],"killed_by":"Gremlin Nob","ascension_level":0}}