{"host":"ijtyqc57s6c9mbij","time":1612320176,"event":{"mods":["BaseMod","Colored Map","Downfall","Minty Spire (QoL Compilation)","StSLib"],"gold_per_floor":[99,110,121,121,136,166,217,217,230,245,278,293,393,393,405,507,507,307,321,341,355,355,355,378,391,391,424,324,324,22,52,63,63,63,63],"floor_reached":33,"language":"ENG","playtime":2082,"items_purged":[],"score":339,"play_id":"84b89a9a-a1f8-4887-9039-f1113e74b5e4","local_time":"20210202184256","is_ascension_mode":true,"campfire_choices":[{"floor":1,"key":"RECALL"},{"data":"Guardian:TimeSifter","floor":18,"key":"SMITH"},{"data":"Guardian:Recover","floor":23,"key":"SMITH"},{"data":"Guardian:TwinSlam","floor":28,"key":"SMITH"}],"circlet_count":0,"master_deck":["Guardian:Strike_Guardian","Guardian:Strike_Guardian","Guardian:Strike_Guardian","Guardian:Defend_Guardian","Guardian:Defend_Guardian","Guardian:Defend_Guardian","Guardian:CurlUp","Guardian:TwinSlam+1","Guardian:GuardianWhirl","Guardian:TemporalShield","Guardian:FuturePlans+1","Guardian:ChargeCore","Guardian:TemporalStrike","Guardian:ArmoredProtocol","Guardian:ChargeCore","Guardian:TimeSifter+1","Guardian:Suspension","Guardian:Recover+1","Guardian:Incinerate","Guardian:ShieldCharger","Guardian:TimeCapacitor","Guardian:Gem_Crimson","Guardian:TwinSlam+1","Guardian:Gem_Synthetic","Guardian:Gem_White","Guardian:DecasProtection+1"],"relics":["Guardian:ModeShifter","Guardian:PocketSentry","Vajra","Kunai","Philosopher\u0027s Stone","downfall:HeartBlessingRed","downfall:HeartBlessingGreen","Tiny Chest","downfall:HeartBlessingBlue","downfall:KnowingSkull","DollysMirror","Orichalcum"],"acts_visited":["Exordium","TheCity"],"potions_floor_usage":[4,16,16,30,33,33,33],"damage_taken":[{"damage":1,"enemies":"Cultist","floor":2,"turns":4},{"damage":0,"enemies":"2 Louse","floor":3,"turns":4},{"damage":2,"enemies":"Small Slimes","floor":5,"turns":5},{"damage":32,"enemies":"Lagavulin","floor":6,"turns":11},{"damage":9,"enemies":"Red Slaver","floor":9,"turns":4},{"damage":0,"enemies":"Exordium Wildlife","floor":10,"turns":2},{"damage":16,"enemies":"Gremlin Nob","floor":11,"turns":4},{"damage":0,"enemies":"3 Louse","floor":12,"turns":2},{"damage":11,"enemies":"Red Slaver","floor":15,"turns":3},{"damage":9,"enemies":"DF_ARCHETYPE_STREAMLINE","floor":16,"turns":8},{"damage":12,"enemies":"Chosen","floor":19,"turns":3},{"damage":13,"enemies":"3 Byrds","floor":20,"turns":3},{"damage":12,"enemies":"Snake Plant","floor":21,"turns":3},{"damage":13,"enemies":"Shelled Parasite and Fungi","floor":25,"turns":3},{"damage":14,"enemies":"Book of Stabbing","floor":27,"turns":5},{"damage":1,"enemies":"downfall:FleeingMerchant","floor":30,"turns":4},{"damage":19,"enemies":"Gremlin Leader","floor":31,"turns":4},{"damage":1,"enemies":"Centurion and Healer","floor":32,"turns":4},{"damage":4,"enemies":"IC_MUSHROOM_ARCHETYPE","floor":33,"turns":1}],"seed_played":"-7168091509213248213","potions_obtained":[{"floor":0,"key":"ColorlessPotion"},{"floor":0,"key":"SteroidPotion"},{"floor":0,"key":"CultistPotion"},{"floor":4,"key":"Fruit Juice"},{"floor":4,"key":"DuplicationPotion"},{"floor":16,"key":"Energy Potion"},{"floor":19,"key":"Dexterity Potion"},{"floor":26,"key":"CultistPotion"}],"is_trial":false,"path_per_floor":["R","M","M","?","M","E","T","?","M","M","E","M","?","?","M","B",null,"R","M","M","M","?","R","T","M","?","E","R","?","$","E","M","B"],"character_chosen":"GUARDIAN","items_purchased":["DollysMirror","Guardian:Gem_Synthetic","bronze:BurnAndBuffPotion"],"campfire_rested":0,"item_purchase_floors":[30,30,30],"current_hp_per_floor":[80,79,79,84,82,50,50,50,41,41,25,25,25,25,14,5,85,85,73,60,48,48,48,48,35,35,21,31,23,22,3,2,0,0,0],"gold":63,"neow_bonus":"THREE_SMALL_POTIONS","is_daily":false,"chose_seed":false,"campfire_upgraded":3,"win_rate":0.0,"timestamp":1612320176,"path_taken":["R","M","M","?","?","E","T","?","M","?","E","M","?","?","M","BOSS","R","M","M","M","?","R","T","?","?","E","R","?","$","E","M","BOSS"],"items_purchased_type":["Relic","Card","Potion"],"build_version":"2020-12-22","purchased_purges":0,"victory":false,"max_hp_per_floor":[80,80,80,85,85,85,85,85,85,85,85,85,85,85,85,85,85,85,85,85,85,85,85,85,85,85,85,95,95,95,95,95,95,95,95],"card_choices":[{"not_picked":["Guardian:ChargeCore","Guardian:TemporalStrike"],"picked":"Guardian:GuardianWhirl","floor":2},{"not_picked":["Guardian:WalkerClaw","Guardian:PolyBeam"],"picked":"Guardian:TemporalShield","floor":3},{"not_picked":["Guardian:PrismaticBeam","Guardian:Suspension"],"picked":"Guardian:FuturePlans","floor":5},{"not_picked":["Guardian:HyperBeam_Guardian","Guardian:ArmoredProtocol"],"picked":"Guardian:Gem_Green","floor":6},{"not_picked":["Guardian:PrismaticBeam","Guardian:Gem_Lightblue"],"picked":"Guardian:ChargeCore","floor":9},{"not_picked":["Guardian:TimeCapacitor","Guardian:PrimingBeam"],"picked":"Guardian:TemporalStrike","floor":10},{"not_picked":["Guardian:Gem_Lightblue","Guardian:VentSteam"],"picked":"Guardian:Gem_White","floor":11},{"not_picked":["Guardian:PrimingBeam","Guardian:ChargeCore"],"picked":"Guardian:ArmoredProtocol","floor":12},{"not_picked":["Guardian:CrystalBeam","Guardian:Suspension"],"picked":"Guardian:ChargeCore","floor":15},{"not_picked":["Guardian:ConstructionForm","Guardian:HyperBeam_Guardian"],"picked":"Guardian:TimeSifter","floor":16},{"not_picked":["Guardian:ChargeCore","Guardian:Gem_Lightblue"],"picked":"Guardian:Suspension","floor":19},{"not_picked":["Guardian:Gem_Lightblue","Guardian:TemporalShield"],"picked":"Guardian:Recover","floor":20},{"not_picked":["Guardian:Preprogram","Guardian:ShieldSpikes"],"picked":"Guardian:Incinerate","floor":21},{"not_picked":["Guardian:Suspension+1","Guardian:BronzeOrb"],"picked":"Guardian:ShieldCharger","floor":25},{"not_picked":["Guardian:PrismaticBarrier","Guardian:BronzeOrb"],"picked":"Guardian:TimeCapacitor","floor":27},{"not_picked":["Guardian:ArmoredProtocol","Guardian:Incinerate"],"picked":"Guardian:Gem_Crimson","floor":30},{"not_picked":["Guardian:RollAttack","Guardian:Gem_Red"],"picked":"Guardian:Gem_White","floor":31},{"not_picked":["Guardian:Reroute+1","Guardian:ShieldCharger+1"],"picked":"Guardian:DecasProtection+1","floor":32}],"player_experience":954325,"relics_obtained":[{"floor":6,"key":"Guardian:PocketSentry"},{"floor":7,"key":"Vajra"},{"floor":11,"key":"Kunai"},{"floor":27,"key":"Tiny Chest"},{"floor":31,"key":"Orichalcum"}],"event_choices":[{"damage_healed":0,"gold_gain":0,"player_choice":"Got Potions","damage_taken":0,"max_hp_gain":0,"max_hp_loss":0,"event_name":"Lab","floor":4,"gold_loss":0},{"damage_healed":0,"gold_gain":0,"player_choice":"Grow","damage_taken":0,"max_hp_gain":0,"max_hp_loss":0,"event_name":"Living Wall","floor":14,"gold_loss":0,"cards_upgraded":["Guardian:FuturePlans"]}],"is_beta":false,"boss_relics":[{"not_picked":["expansioncontent:StudyCardRelic","Sozu"],"picked":"Philosopher\u0027s Stone"}],"items_purged_floors":[],"is_endless":false,"potions_floor_spawned":[2,3,10,12,15,16,19,21,27,31],"killed_by":"IC_MUSHROOM_ARCHETYPE","ascension_level":1}}