{"host":"zksvs3x2ysy9npnz","time":1612359430,"event":{"mods":["Aspiration","BaseMod","Beaked The Cultist","BetterRewards","Clockwork Mod","Colored Map","Conspire","Downfall","Duelist Mod","Halation","Highlight Path","Hubris","Infinite Spire","Jedi Mod","Magitek Elite","Minty Spire (QoL Compilation)","Permanent Neow","Quick Restart","Relic Stats","Shop Mod","StSLib","The Runesmith","The Witch"],"gold_per_floor":[114,141,141,153,223,256,256,272,272,272,307,334,354,383,383,461,461,442,442,442,442,452,452,452,482,482,501,521,521,521,11,11,83,83,95,120,20,39,39,39,71,84,107,107,121,121,121,21,21,21],"floor_reached":51,"language":"FRA","playtime":5341,"items_purged":["downfall:Bewildered","Water","Icebrand","Gaia_Gear+1","Bravery"],"score":1154,"play_id":"ce62ba6e-25ab-4082-ac5c-c9d0558f0d86","local_time":"20210203143710","is_ascension_mode":true,"campfire_choices":[{"data":"Cure","floor":7,"key":"SMITH"},{"data":"Cure","floor":10,"key":"SMITH"},{"data":"Osmosis","floor":15,"key":"SMITH"},{"data":"Stop","floor":23,"key":"SMITH"},{"data":"Fire2","floor":24,"key":"SMITH"},{"data":"Fire2","floor":29,"key":"SMITH"},{"floor":32,"key":"REST"},{"data":"infinitespire:Oblivion","floor":40,"key":"SMITH"},{"data":"Minerva_Bustier","floor":44,"key":"SMITH"},{"data":"Circlet","floor":49,"key":"SMITH"}],"circlet_count":0,"master_deck":["AscendersBane","Defend_L","Defend_L","Defend_L","Defend_L","Defend_L","Fire2+2","Cure+2","Falchion","Magnus_Hat","Osmosis+1","Force_Armor","Stop+1","Break+1","Shell+1","Minerva_Bustier+1","Dispel+1","infinitespire:Oblivion+1","Bravery+1","Esuna+","Esuna+","Circlet+1"],"relics":["Pendant","NeowsBlessing","jedi:archwizardhat","conspire:DeflatedDodgeball","jedi:cryingmask","infinitespire:FocusingShard","Akabeko","Smiling Mask","halation:QuantumPhysicsTextbook","Astrolabe","sneckomod:BabySnecko","Nunchaku","Angel_Ring","Ribbon","halation:NonexistentMirror","SlaversCollar","hubris:Spice","Lantern","Bag of Marbles","hubris:Towel"],"acts_visited":["Exordium","TheCity","TheBeyond"],"potions_floor_usage":[14,18,36,50],"damage_taken":[{"damage":0,"enemies":"conspire:RoseBush","floor":1,"turns":1},{"damage":0,"enemies":"conspire:MimicChest","floor":2,"turns":1},{"damage":1,"enemies":"Small Slimes","floor":4,"turns":2},{"damage":24,"enemies":"3 Sentries","floor":6,"turns":11},{"damage":0,"enemies":"2 Louse","floor":8,"turns":2},{"damage":2,"enemies":"Lagavulin","floor":11,"turns":7},{"damage":18,"enemies":"Gremlin Nob","floor":12,"turns":4},{"damage":10,"enemies":"Red Slaver","floor":13,"turns":4},{"damage":7,"enemies":"3 Sentries","floor":14,"turns":11},{"damage":27,"enemies":"Hexaghost","floor":16,"turns":14},{"damage":4,"enemies":"2 Thieves","floor":18,"turns":4},{"damage":0,"enemies":"conspire:FuzzyDice","floor":22,"turns":8},{"damage":25,"enemies":"Gremlin Leader","floor":25,"turns":8},{"damage":13,"enemies":"Centurion and Healer","floor":27,"turns":12},{"damage":13,"enemies":"3 Cultists","floor":28,"turns":11},{"damage":16,"enemies":"conspire:MysteriousRune","floor":33,"turns":12},{"damage":9,"enemies":"3 Shapes","floor":35,"turns":7},{"damage":0,"enemies":"Mind Bloom Boss Battle","floor":36,"turns":4},{"damage":2,"enemies":"Orb Walker","floor":38,"turns":6},{"damage":10,"enemies":"Nemesis","floor":41,"turns":6},{"damage":28,"enemies":"Sphere and 2 Shapes","floor":42,"turns":4},{"damage":1,"enemies":"4 Shapes","floor":45,"turns":8},{"damage":31,"enemies":"infinitespire:MassOfShapes","floor":50,"turns":9}],"seed_played":"-2486408311868595295","potions_obtained":[{"floor":1,"key":"jedi:tentaclejuice"},{"floor":4,"key":"Fire Potion"},{"floor":8,"key":"jedi:wingpotion"},{"floor":14,"key":"Fire Potion"},{"floor":16,"key":"FearPotion"},{"floor":28,"key":"Guardian:BlockOnCardUsePotion"},{"floor":36,"key":"bronze:BurnAndBuffPotion"},{"floor":41,"key":"DistilledChaos"}],"is_trial":false,"path_per_floor":["M","?","?","M","T","E","R","M","T","R","E","E","M","E","R","B",null,"M","?","?","?","M","R","R","E","T","M","M","R","?","$","R","B",null,"M","?","$","M","$","R","E","M","T","R","M","?","?","$","R","B",null],"character_chosen":"MAGITEKELITE","items_purchased":["Ribbon","halation:NonexistentMirror"],"campfire_rested":1,"item_purchase_floors":[31,31],"current_hp_per_floor":[57,57,50,55,55,37,37,37,37,37,47,41,43,48,48,33,56,63,63,63,63,63,63,63,50,50,49,48,48,33,33,51,47,59,62,70,75,73,73,73,75,47,47,47,58,58,58,63,63,44],"gold":21,"neow_bonus":"THREE_ENEMY_KILL","is_daily":false,"chose_seed":false,"campfire_upgraded":9,"win_rate":0.0,"timestamp":1612359430,"path_taken":["M","?","?","M","?","E","R","M","T","R","E","E","?","E","R","BOSS","M","?","?","?","M","R","R","E","T","?","M","R","?","$","R","BOSS","M","?","?","?","?","R","E","M","T","R","M","?","?","?","R","BOSS"],"items_purchased_type":["Relic","Relic"],"build_version":"2020-12-22","purchased_purges":5,"victory":true,"max_hp_per_floor":[63,63,63,63,63,63,63,63,63,63,63,63,63,63,63,63,63,63,63,63,63,63,63,63,63,63,63,63,63,63,63,63,63,63,63,71,76,76,76,76,76,76,76,76,76,76,76,81,81,81],"relic_stats":{"Nunchaku":[6],"counters":[23,156],"Astrolabe":["Break","Shell","Gaia_Gear"],"Smiling Mask":275,"obtain_stats":[{"Lantern":41,"NeowsBlessing":0,"halation:QuantumPhysicsTextbook":14,"Astrolabe":17,"Angel_Ring":26,"infinitespire:FocusingShard":9,"jedi:archwizardhat":2,"hubris:Towel":46,"Smiling Mask":12,"Akabeko":11,"sneckomod:BabySnecko":19,"halation:NonexistentMirror":31,"SlaversCollar":34,"Nunchaku":25,"Pendant":0,"Ribbon":31,"hubris:Spice":36,"jedi:cryingmask":6,"Bag of Marbles":43,"conspire:DeflatedDodgeball":5},{"Lantern":20,"NeowsBlessing":0,"halation:QuantumPhysicsTextbook":9,"Astrolabe":10,"Angel_Ring":13,"infinitespire:FocusingShard":5,"jedi:archwizardhat":2,"hubris:Towel":22,"Smiling Mask":7,"Akabeko":6,"sneckomod:BabySnecko":11,"halation:NonexistentMirror":15,"SlaversCollar":16,"Nunchaku":13,"Pendant":0,"Ribbon":15,"hubris:Spice":18,"jedi:cryingmask":4,"Bag of Marbles":21,"conspire:DeflatedDodgeball":3},{"Lantern":135,"NeowsBlessing":0,"halation:QuantumPhysicsTextbook":43,"Astrolabe":57,"Angel_Ring":77,"infinitespire:FocusingShard":17,"jedi:archwizardhat":2,"hubris:Towel":147,"Smiling Mask":28,"Akabeko":24,"sneckomod:BabySnecko":61,"halation:NonexistentMirror":100,"SlaversCollar":112,"Nunchaku":77,"Pendant":0,"Ribbon":100,"hubris:Spice":123,"jedi:cryingmask":15,"Bag of Marbles":139,"conspire:DeflatedDodgeball":4}]},"card_choices":[{"not_picked":["Thunder_Blade","Transfusion"],"picked":"Falchion","floor":1},{"not_picked":["Icebrand","Flametongue"],"picked":"Water","floor":2},{"not_picked":["Flare","Heavy_Shield"],"picked":"Magnus_Hat","floor":4},{"not_picked":["Transpose2","Throw"],"picked":"Icebrand","floor":6},{"not_picked":["Holy","Rasp","Falchion"],"picked":"SKIP","floor":8},{"not_picked":["Magnus_Hat","Break","Gaia_Gear"],"picked":"SKIP","floor":11},{"not_picked":["Mirage_Vest","Circlet"],"picked":"Osmosis","floor":12},{"not_picked":["Flametongue","Gaia_Gear","Magnus_Hat"],"picked":"SKIP","floor":13},{"not_picked":["Flare","Falchion"],"picked":"Force_Armor","floor":14},{"not_picked":["Mystery_Veil","Fake_Moustache"],"picked":"Stop","floor":16},{"not_picked":["Flare+1","Magnus_Hat","Aero"],"picked":"SKIP","floor":18},{"not_picked":["Heavy_Shield","Water","Circlet"],"picked":"SKIP","floor":22},{"not_picked":["Rune_Blade","Thunder_Blade+1"],"picked":"Minerva_Bustier","floor":25},{"not_picked":["Meltdown","Balance"],"picked":"Dispel+1","floor":27},{"not_picked":["Poisona","Dark","Icebrand"],"picked":"SKIP","floor":28},{"not_picked":["infinitespire:FinalStrike","infinitespire:Gouge"],"picked":"infinitespire:Oblivion","floor":30},{"not_picked":["Gaia_Gear","Transpose2+1","Falchion"],"picked":"SKIP","floor":35},{"not_picked":["Gladius+1","Barrier"],"picked":"Bravery","floor":36},{"not_picked":["Magnus_Hat","Gaia_Gear"],"picked":"Esuna+","floor":38},{"not_picked":["Magus_Robe","Dark"],"picked":"Circlet","floor":41},{"not_picked":["Holy+1","Quake","Thunder_P"],"picked":"SKIP","floor":42},{"not_picked":["Gladius+1","Gaia_Gear","Transpose_P"],"picked":"SKIP","floor":45}],"player_experience":2114699,"relics_obtained":[{"floor":2,"key":"jedi:archwizardhat"},{"floor":5,"key":"conspire:DeflatedDodgeball"},{"floor":6,"key":"jedi:cryingmask"},{"floor":9,"key":"infinitespire:FocusingShard"},{"floor":11,"key":"Akabeko"},{"floor":12,"key":"Smiling Mask"},{"floor":14,"key":"halation:QuantumPhysicsTextbook"},{"floor":25,"key":"Nunchaku"},{"floor":26,"key":"Angel_Ring"},{"floor":36,"key":"hubris:Spice"},{"floor":41,"key":"Lantern"},{"floor":43,"key":"Bag of Marbles"}],"event_choices":[{"cards_removed":["Strike_L"],"damage_healed":0,"gold_gain":0,"player_choice":"Card Removal","damage_taken":7,"max_hp_gain":0,"max_hp_loss":0,"event_name":"Golden Wing","floor":3,"gold_loss":0},{"damage_healed":0,"gold_gain":0,"player_choice":"Leave","damage_taken":0,"max_hp_gain":0,"max_hp_loss":0,"event_name":"conspire:Investor","floor":21,"gold_loss":0},{"damage_healed":0,"gold_gain":0,"player_choice":"Fight","damage_taken":0,"max_hp_gain":0,"max_hp_loss":0,"event_name":"MindBloom","floor":36,"gold_loss":0}],"is_beta":false,"boss_relics":[{"not_picked":["halation:HeavySnake","infinitespire:Cupcake"],"picked":"Astrolabe"},{"not_picked":["halation:ForbiddenBikini","hubris:RunicObelisk"],"picked":"SlaversCollar"}],"items_purged_floors":[31,37,37,48,48],"is_endless":false,"potions_floor_spawned":[1,4,8,11,14,16,28,33,36,41,42],"ascension_level":13}}