{"host":"j3zzt5y7g79qwjgw","time":1612361954,"event":{"mods":["BaseMod","Downfall","Minty Spire (QoL Compilation)","StSLib"],"gold_per_floor":[99,99,99,99,99,128,177,12,31,61,89,21,21,33,51,156,156,56,67,87,87,107,7,7,7,33,33,43,75,88,88,88,88],"floor_reached":31,"language":"ENG","playtime":2199,"items_purged":["Guardian:Defend_Guardian"],"score":348,"play_id":"f2c76306-bcd1-4799-8970-1be4b780bd5e","local_time":"20210203194914","is_ascension_mode":true,"campfire_choices":[{"data":"Guardian:CurlUp","floor":1,"key":"SMITH"},{"data":"Guardian:ChargeUp","floor":13,"key":"SMITH"},{"floor":18,"key":"RECALL"},{"data":"Guardian:ChargeCore","floor":23,"key":"SMITH"},{"data":"Guardian:GemFinder","floor":25,"key":"SMITH"}],"circlet_count":0,"master_deck":["Guardian:Strike_Guardian","Guardian:Strike_Guardian","Guardian:Strike_Guardian","Guardian:Strike_Guardian","Guardian:Defend_Guardian","Guardian:Defend_Guardian","Guardian:Defend_Guardian","Guardian:CurlUp+1","Guardian:TwinSlam+1","Guardian:ChargeCore+1","Guardian:PiercingHide","Guardian:Preprogram","Guardian:RevengeProtocol","Guardian:ShieldCharger","Guardian:Incinerate","Guardian:Planning","Guardian:ChargeUp+1","Guardian:RollAttack","Guardian:SpikerProtocol","Guardian:GemFinder+1","Guardian:WalkerClaw","Guardian:FloatingOrbs","Writhe","Guardian:Gem_Red","Guardian:BronzeArmor","Guardian:Gem_Red","Guardian:ShieldSpikes","Guardian:Gem_Lightblue","Guardian:BronzeOrb","Guardian:Gem_Lightblue","Guardian:MultiBeam"],"relics":["Guardian:ModeShifter","downfall:HeartsMalice","Anchor","Tiny Chest","Philosopher\u0027s Stone","downfall:HeartBlessingBlue","Frozen Egg 2","downfall:HeartBlessingRed","Bottled Tornado","Orichalcum","Lantern"],"acts_visited":["Exordium","TheCity"],"potions_floor_usage":[16,22,27,29,29],"damage_taken":[{"damage":0,"enemies":"2 Louse","floor":2,"turns":1},{"damage":0,"enemies":"Cultist","floor":3,"turns":1},{"damage":0,"enemies":"Jaw Worm","floor":5,"turns":1},{"damage":10,"enemies":"3 Sentries","floor":6,"turns":11},{"damage":5,"enemies":"downfall:FleeingMerchant","floor":8,"turns":4},{"damage":0,"enemies":"Blue Slaver","floor":9,"turns":4},{"damage":4,"enemies":"Gremlin Nob","floor":11,"turns":5},{"damage":0,"enemies":"downfall:FleeingMerchant","floor":12,"turns":4},{"damage":27,"enemies":"Gremlin Gang","floor":14,"turns":5},{"damage":0,"enemies":"3 Louse","floor":15,"turns":3},{"damage":11,"enemies":"SI_SHIV_ARCHETYPE","floor":16,"turns":8},{"damage":0,"enemies":"Chosen","floor":19,"turns":5},{"damage":4,"enemies":"3 Byrds","floor":20,"turns":5},{"damage":26,"enemies":"Cultist and Chosen","floor":22,"turns":6},{"damage":17,"enemies":"Book of Stabbing","floor":26,"turns":5},{"damage":5,"enemies":"Centurion and Healer","floor":28,"turns":5},{"damage":30,"enemies":"Gremlin Leader","floor":29,"turns":7},{"damage":12,"enemies":"Snake Plant","floor":30,"turns":4},{"damage":16,"enemies":"Cultist and Chosen","floor":31,"turns":4}],"seed_played":"2914737000429973698","potions_obtained":[{"floor":9,"key":"SpeedPotion"},{"floor":11,"key":"Fruit Juice"},{"floor":14,"key":"DuplicationPotion"},{"floor":16,"key":"Explosive Potion"},{"floor":22,"key":"SteroidPotion"},{"floor":27,"key":"downfall:CursedFountainPotion"},{"floor":28,"key":"ColorlessPotion"}],"is_trial":false,"path_per_floor":["R","M","M","?","M","E","T","$","M","?","E","$","R","M","M","B",null,"R","M","M","?","M","R","T","R","E","?","M","E","M","M"],"character_chosen":"GUARDIAN","items_purchased":["Guardian:ShieldCharger","Guardian:Incinerate","Guardian:RollAttack"],"campfire_rested":0,"item_purchase_floors":[8,8,12],"current_hp_per_floor":[80,80,80,80,80,70,70,65,65,65,61,61,61,34,34,23,80,90,90,86,86,60,60,60,60,43,48,43,13,1,0,0,0],"gold":88,"neow_bonus":"THREE_ENEMY_KILL","is_daily":false,"chose_seed":false,"campfire_upgraded":4,"win_rate":0.0,"timestamp":1612361954,"path_taken":["R","M","M","?","?","E","T","$","M","?","E","$","R","M","M","BOSS","R","M","M","?","M","R","T","R","E","?","?","E","M","M"],"items_purchased_type":["Card","Card","Card"],"build_version":"2020-12-22","purchased_purges":1,"victory":false,"max_hp_per_floor":[80,80,80,80,80,80,80,80,80,80,80,80,80,80,80,80,80,90,90,90,90,90,90,90,90,90,95,95,95,95,95,95,95],"card_choices":[{"not_picked":["Guardian:Gem_Green","Guardian:EvasiveProtocol"],"picked":"Guardian:ChargeCore","floor":2},{"not_picked":["Guardian:PrismaticBarrier","Guardian:VentSteam"],"picked":"Guardian:PiercingHide","floor":3},{"not_picked":["Guardian:Gem_Yellow","Guardian:TemporalShield"],"picked":"Guardian:Preprogram","floor":5},{"not_picked":["Guardian:BronzeOrb","Guardian:Recover"],"picked":"Guardian:RevengeProtocol","floor":6},{"not_picked":["Guardian:DonusPower","Guardian:CrystalBeam"],"picked":"Guardian:Gem_Synthetic","floor":8},{"not_picked":["Guardian:Incinerate","Guardian:DecasProtection"],"picked":"Guardian:Planning","floor":9},{"not_picked":["Guardian:PolyBeam","Guardian:Gem_Synthetic"],"picked":"Guardian:ChargeUp","floor":11},{"not_picked":["Guardian:Gem_Purple","Guardian:CrystalBeam"],"picked":"Guardian:Gem_Lightblue","floor":12},{"not_picked":["Guardian:RollAttack","Guardian:CrystalBeam","Guardian:TimeBomb"],"picked":"SKIP","floor":14},{"not_picked":["Guardian:TemporalShield","Guardian:Suspension"],"picked":"Guardian:SpikerProtocol","floor":15},{"not_picked":["Guardian:BaubleBeam","Guardian:AncientConstruct"],"picked":"Guardian:GemFinder","floor":16},{"not_picked":["Guardian:Gem_Lightblue","Guardian:Gem_Cyan"],"picked":"Guardian:Gem_Green","floor":19},{"not_picked":["Guardian:ShieldCharger","Guardian:Incinerate"],"picked":"Guardian:WalkerClaw","floor":19},{"not_picked":["Guardian:Gem_Lightblue","Guardian:Gem_Cyan"],"picked":"Guardian:Gem_Red","floor":20},{"not_picked":["Guardian:ArmoredProtocol+1","Guardian:StasisField"],"picked":"Guardian:FloatingOrbs","floor":20},{"not_picked":["Guardian:Gem_Cyan","Guardian:Gem_Green"],"picked":"Guardian:Gem_Red","floor":22},{"not_picked":["Guardian:Recover+1","Guardian:PiercingHide+1"],"picked":"Guardian:Gem_White","floor":22},{"not_picked":["Guardian:Gem_Green","Guardian:Gem_Cyan"],"picked":"Guardian:Gem_Red","floor":26},{"not_picked":["Guardian:RollAttack","Guardian:DonusPower"],"picked":"Guardian:BronzeArmor","floor":26},{"not_picked":["Guardian:Gem_Cyan","Guardian:Gem_Green"],"picked":"Guardian:Gem_Red","floor":28},{"not_picked":["Guardian:Suspension+1","Guardian:Gem_Crimson"],"picked":"Guardian:ShieldSpikes","floor":28},{"not_picked":["Guardian:Gem_Green","Guardian:Gem_Cyan"],"picked":"Guardian:Gem_Lightblue","floor":29},{"not_picked":["Guardian:ChargeCore","Guardian:Clone"],"picked":"Guardian:BronzeOrb","floor":29},{"not_picked":["Guardian:Gem_Cyan","Guardian:Gem_Green"],"picked":"Guardian:Gem_Lightblue","floor":30},{"not_picked":["Guardian:WalkerClaw","Guardian:TemporalShield"],"picked":"Guardian:MultiBeam","floor":30}],"player_experience":305683,"relics_obtained":[{"floor":6,"key":"Anchor"},{"floor":11,"key":"Tiny Chest"},{"floor":24,"key":"Bottled Tornado"},{"floor":26,"key":"Orichalcum"},{"floor":29,"key":"Lantern"}],"event_choices":[],"is_beta":false,"boss_relics":[{"not_picked":["Empty Cage","Coffee Dripper"],"picked":"Philosopher\u0027s Stone"}],"items_purged_floors":[8],"is_endless":false,"potions_floor_spawned":[9,11,14,16,22,28],"killed_by":"Cultist and Chosen","ascension_level":3}}