{"host":"g907ck67u7c3hrs6","time":1612320447,"event":{"mods":["BaseMod","Colored Map","DeckTracker","Highlight Path","Keyboard Shortcuts","Minty Spire (QoL Compilation)","Permanent Neow","Say the Spire","SuperFastMode"],"gold_per_floor":[134,169,209,63,103,103,158,158,183,198,578,478,428,463,463,588,588,628,301,366,401,466,521,521,121,146,211,211,275,315,380,380,514,514,563,652,652,166,181,245,245,294,294,369,369,369],"floor_reached":45,"language":"KOR","playtime":1996,"items_purged":["Strike_B","Strike_B","Defend_B","Defend_B"],"score":549,"play_id":"00457487-2af3-457e-8f16-589683ea99b2","local_time":"20210203114727","daily_mods":["Allstar","Purple Cards","Lethality"],"is_ascension_mode":false,"campfire_choices":[{"data":"Apotheosis","floor":6.0,"key":"SMITH"},{"data":"Secret Weapon","floor":15.0,"key":"SMITH"},{"floor":24.0,"key":"REST"},{"floor":32.0,"key":"REST"},{"floor":41.0,"key":"REST"}],"circlet_count":0,"master_deck":["Strike_B","Defend_B+1","Defend_B","Zap","Dualcast","Bandage Up","Apotheosis+1","Secret Weapon+1","Secret Technique","HandOfGreed","Conserve Battery","Swivel","Coolheaded","BootSequence","Ball Lightning+1","Sanctity","Crescendo","DevaForm","Loop","Echo Form","Protect","EmptyMind","HandOfGreed","Scrawl","Ragnarok","Hologram+1","Protect+1","Turbo","BattleHymn","Scrawl"],"relics":["Cracked Core","Ornamental Fan","Omamori","Old Coin","Nuclear Battery","Lantern","Boot","DollysMirror","Pear","CeramicFish","Strawberry","Fusion Hammer","Toolbox","PreservedInsect","HornCleat","Bag of Preparation","InkBottle"],"acts_visited":["Exordium","TheCity","TheBeyond"],"potions_floor_usage":[],"damage_taken":[{"damage":0.0,"enemies":"Cultist","floor":1.0,"turns":2.0},{"damage":4.0,"enemies":"2 Louse","floor":2.0,"turns":3.0},{"damage":0.0,"enemies":"Jaw Worm","floor":3.0,"turns":3.0},{"damage":0.0,"enemies":"Large Slime","floor":5.0,"turns":5.0},{"damage":31.0,"enemies":"Gremlin Nob","floor":7.0,"turns":4.0},{"damage":0.0,"enemies":"Red Slaver","floor":10.0,"turns":3.0},{"damage":7.0,"enemies":"3 Sentries","floor":11.0,"turns":8.0},{"damage":7.0,"enemies":"Lots of Slimes","floor":14.0,"turns":4.0},{"damage":35.0,"enemies":"The Guardian","floor":16.0,"turns":9.0},{"damage":15.0,"enemies":"Spheric Guardian","floor":18.0,"turns":6.0},{"damage":5.0,"enemies":"2 Thieves","floor":20.0,"turns":4.0},{"damage":7.0,"enemies":"Sentry and Sphere","floor":21.0,"turns":3.0},{"damage":36.0,"enemies":"Cultist and Chosen","floor":22.0,"turns":8.0},{"damage":13.0,"enemies":"Book of Stabbing","floor":23.0,"turns":6.0},{"damage":12.0,"enemies":"Chosen and Byrds","floor":27.0,"turns":5.0},{"damage":12.0,"enemies":"Gremlin Leader","floor":29.0,"turns":6.0},{"damage":23.0,"enemies":"Sentry and Sphere","floor":30.0,"turns":5.0},{"damage":6.0,"enemies":"Centurion and Healer","floor":31.0,"turns":6.0},{"damage":30.0,"enemies":"Champ","floor":33.0,"turns":10.0},{"damage":12.0,"enemies":"3 Darklings","floor":35.0,"turns":5.0},{"damage":4.0,"enemies":"3 Shapes","floor":36.0,"turns":10.0},{"damage":23.0,"enemies":"Transient","floor":39.0,"turns":5.0},{"damage":55.0,"enemies":"Nemesis","floor":40.0,"turns":5.0},{"damage":0,"enemies":"Spire Growth","floor":42,"turns":4},{"damage":58,"enemies":"Reptomancer","floor":45,"turns":2}],"seed_played":"4031875728642390749","potions_obtained":[{"floor":2.0,"key":"SkillPotion"},{"floor":5.0,"key":"CultistPotion"},{"floor":16.0,"key":"FocusPotion"},{"floor":31.0,"key":"Energy Potion"},{"floor":42,"key":"CultistPotion"}],"is_trial":false,"path_per_floor":["M","M","M","$","M","R","E","?","T","M","E","$","?","M","R","B",null,"M","$","M","M","M","E","R","$","T","M","?","E","M","M","R","B",null,"M","M","?","$","M","E","R","M","T","T","E"],"character_chosen":"DEFECT","items_purchased":["BootSequence","Protect","Lantern","DollysMirror","Pear","Toolbox","PreservedInsect","Turbo"],"campfire_rested":3,"item_purchase_floors":[4,19,19,25,25,38,38,38],"current_hp_per_floor":[75,71,75,75,75,75,48,33,33,37,36,36,36,35,35,6,75,66,66,65,62,38,31,53,63,63,63,63,62,43,43,70,44,92,86,92,92,92,69,20,47,53,53,53,0,0],"gold":369,"neow_bonus":"","is_daily":true,"chose_seed":false,"campfire_upgraded":2,"win_rate":0.0,"timestamp":1612320447,"path_taken":["M","M","?","$","M","R","E","?","T","M","E","$","?","M","R","BOSS","M","$","M","M","M","E","R","$","T","M","?","E","M","M","R","BOSS","M","M","?","$","M","E","R","?","T","?","E"],"items_purchased_type":["Card","Card","Relic","Relic","Relic","Relic","Relic","Card"],"build_version":"2020-12-22","purchased_purges":4,"victory":false,"max_hp_per_floor":[75,75,75,75,75,75,75,75,75,75,75,75,75,75,75,75,75,75,75,75,75,75,75,75,85,85,85,85,92,92,92,92,92,92,92,92,92,92,92,92,92,92,92,92,92,92],"card_choices":[{"not_picked":["Coolheaded","Stack"],"picked":"Conserve Battery","floor":1.0},{"not_picked":["ClearTheMind","Ball Lightning"],"picked":"Swivel","floor":2.0},{"not_picked":["Lockon","Cold Snap"],"picked":"Coolheaded","floor":3.0},{"not_picked":["Halt","Beam Cell"],"picked":"Ball Lightning","floor":5.0},{"not_picked":["MentalFortress","Doom and Gloom"],"picked":"Sanctity","floor":7.0},{"not_picked":["PathToVictory","Crescendo","Doom and Gloom"],"picked":"SKIP","floor":10.0},{"not_picked":["PathToVictory","Doom and Gloom"],"picked":"Crescendo","floor":10.0},{"not_picked":["Halt","SashWhip"],"picked":"DevaForm","floor":11.0},{"not_picked":["Redo","Crescendo"],"picked":"Loop","floor":14.0},{"not_picked":["Rainbow","All For One"],"picked":"Echo Form","floor":16.0},{"not_picked":["SashWhip","Go for the Eyes+1","Steam+1"],"picked":"SKIP","floor":18.0},{"not_picked":["Hello World+1","SashWhip","Barrage"],"picked":"SKIP","floor":20.0},{"not_picked":["EmptyBody+1","Weave+1"],"picked":"EmptyMind","floor":21.0},{"not_picked":["Leap","Reprogram","ThirdEye"],"picked":"SKIP","floor":22.0},{"not_picked":["Cold Snap","Consecrate","Steam"],"picked":"SKIP","floor":23.0},{"not_picked":["Stack","SashWhip","Barrage"],"picked":"SKIP","floor":27.0},{"not_picked":["Sanctity","Redo"],"picked":"Scrawl","floor":29.0},{"not_picked":["ClearTheMind","BowlingBash","Rebound+1"],"picked":"SKIP","floor":30.0},{"not_picked":["Compile Driver","Cold Snap","CrushJoints"],"picked":"SKIP","floor":31.0},{"not_picked":["Hyperbeam","MasterReality"],"picked":"Ragnarok","floor":33.0},{"not_picked":["EmptyBody+1","Redo+1"],"picked":"Hologram+1","floor":35.0},{"not_picked":["Meditate","Crescendo"],"picked":"Protect+1","floor":36.0},{"not_picked":["Vengeance","Beam Cell+1","Prostrate+1"],"picked":"SKIP","floor":39.0},{"not_picked":["Sweeping Beam","CrushJoints"],"picked":"BattleHymn","floor":40.0},{"not_picked":["Go for the Eyes+1","Evaluate"],"picked":"Scrawl","floor":42}],"player_experience":252836,"relics_obtained":[{"floor":7.0,"key":"Ornamental Fan"},{"floor":9.0,"key":"Omamori"},{"floor":11.0,"key":"Old Coin"},{"floor":23.0,"key":"Boot"},{"floor":26.0,"key":"CeramicFish"},{"floor":29.0,"key":"Strawberry"},{"floor":40.0,"key":"HornCleat"},{"floor":43,"key":"Bag of Preparation"},{"floor":44,"key":"InkBottle"}],"event_choices":[{"damage_healed":0.0,"max_hp_gain":0.0,"max_hp_loss":0.0,"gold_gain":0.0,"event_name":"Shining Light","player_choice":"Entered Light","floor":8.0,"gold_loss":0.0,"damage_taken":15.0,"cards_upgraded":["Defend_B","Ball Lightning"]},{"cards_removed":["Strike_B"],"damage_healed":0.0,"max_hp_gain":0.0,"max_hp_loss":0.0,"gold_gain":0.0,"event_name":"The Cleric","player_choice":"Card Removal","floor":13.0,"gold_loss":50.0,"damage_taken":0.0},{"damage_healed":0.0,"max_hp_gain":0.0,"max_hp_loss":0.0,"gold_gain":0.0,"event_name":"Match and Keep!","player_choice":"0 cards matched","floor":28.0,"gold_loss":0.0,"damage_taken":0.0,"cards_obtained":[]},{"damage_healed":0.0,"max_hp_gain":0.0,"max_hp_loss":0.0,"gold_gain":0.0,"event_name":"The Woman in Blue","player_choice":"Bought 0 Potions","floor":37.0,"gold_loss":0.0,"damage_taken":0.0}],"is_beta":false,"boss_relics":[{"not_picked":["Busted Crown","Snecko Eye"],"picked":"Nuclear Battery"},{"not_picked":["SacredBark","Runic Pyramid"],"picked":"Fusion Hammer"}],"items_purged_floors":[4,12,19,38],"is_endless":false,"potions_floor_spawned":[2,5,16,18,22,23,29,31,33,39,42],"killed_by":"Reptomancer","ascension_level":0}}