{"host":"jgyoyy5iuhtvyvtg","time":1612333758,"event":{"mods":["2.2 Compatiblity","BaseMod","Challenge The Spire","Colored Map","Conspire","Dark Map","Downfall","Hermit","Highlight Path","Infinite Spire","Lobotomy","LobotomyExtend","Minty Spire (QoL Compilation)","Quick Restart","Replay The Spire","Spikes Relics","StSLib","The Construct","The Disciple","The Jungle","Yuri Mod"],"gold_per_floor":[200,218,228,38,52,52,52,69,85,85,85,85,85,115,115,212,212,212,229,14,14,52,70,96,96,115,148,163,283,183,198,212,310,310,310,328,342,257,274,174,174,174,186,203,216,216,216,251,151,151,151,151,184,8,8,8,8],"floor_reached":58,"language":"ENG","playtime":2784,"items_purged":["yuri:yuriStrike","yuri:yuriStrike","yuri:yuriStrike"],"score":1284,"play_id":"1b6278ab-acfb-41b5-9c15-501e6b78ab32","local_time":"20210202222918","is_ascension_mode":false,"campfire_choices":[{"data":"yuri:Oolong","floor":1.0,"key":"SMITH"},{"data":"yuri:HeavierStrike","floor":6.0,"key":"SMITH"},{"data":"yuri:CalmingAura","floor":10.0,"key":"SMITH"},{"data":"yuri:Stare","floor":12.0,"key":"SMITH"},{"data":"yuri:DistillInsanity","floor":18.0,"key":"SMITH"},{"data":"infinitespire:SevenWalls","floor":30,"key":"SMITH"},{"floor":35,"key":"RECALL"},{"data":"yuri:HoldBack","floor":40,"key":"SMITH"},{"data":"yuri:HoldBack","floor":42,"key":"SMITH"},{"data":"yuri:HoldBack","floor":47,"key":"SMITH"},{"data":"yuri:HeavierStrike","floor":49,"key":"SMITH"},{"data":"yuri:BookGreen","floor":55,"key":"SMITH"}],"circlet_count":0,"master_deck":["yuri:yuriStrike","yuri:yuriDefend","yuri:yuriDefend","yuri:yuriDefend","yuri:yuriDefend","yuri:yuriDefend","yuri:Oolong+1","yuri:yuriStab+1","yuri:HeavierStrike+1","yuri:Stare+1","yuri:WickedSlash","yuri:InsanityDefense","yuri:CalmingAura+1","yuri:GrowingInsanity","yuri:BookPurple","yuri:DistillInsanity+1","yuri:HoldBack+1","yuri:MultiDip","yuri:Stalk+1","yuri:ChibiInvasion","yuri:BookGreen","yuri:InduceGlitch","infinitespire:SevenWalls+1","yuri:Stalk+1","yuri:ThrowingKnives","yuri:NerfBat+1","yuri:HeavierStrike+1","yuri:HoldBack+1","yuri:DragonForm","yuri:BookPurple","yuri:ReactiveMadness","yuri:HoldBack+1","yuri:BookRed","yuri:CalmingAura","yuri:ThrowingKnives+1","yuri:DeepBreathing","yuri:Parry","yuri:Stalk+1","yuri:BookGreen+1","yuri:MultiDip+1"],"relics":["yuri:yuriKnife","LetterFromLob","LugNut","Turnip","construct:ClawGrip","Smiling Mask","Question Card","CosmicIsotope","Replay:Bottled Eggs","downfall:HeartBlessingBlue","SlaversCollar","ClockworkSouvenir","Akabeko","downfall:HeartBlessingRed","Mummified Hand","Blue Doll","downfall:HeartBlessingGreen","Toy Ornithopter"],"acts_visited":["Exordium","Exordium","TheBeyond","TheEnding"],"potions_floor_usage":[33,45,53,57,57,57],"damage_taken":[{"damage":1.0,"enemies":"2 Louse","floor":2.0,"turns":2.0},{"damage":1.0,"enemies":"Jaw Worm","floor":3.0,"turns":3.0},{"damage":5.0,"enemies":"downfall:FleeingMerchant","floor":4.0,"turns":4.0},{"damage":3.0,"enemies":"Small Slimes","floor":5.0,"turns":3.0},{"damage":2.0,"enemies":"2 Fungi Beasts","floor":8.0,"turns":2.0},{"damage":2.0,"enemies":"Large Slime","floor":9.0,"turns":2.0},{"damage":16.0,"enemies":"3 Sentries","floor":14.0,"turns":6.0},{"damage":8.0,"enemies":"SI_SHIV_ARCHETYPE","floor":16.0,"turns":5.0},{"damage":0.0,"enemies":"Shell Parasite","floor":19.0,"turns":3.0},{"damage":9.0,"enemies":"downfall:FleeingMerchant","floor":20.0,"turns":4.0},{"damage":3,"enemies":"conspire:MimicChest","floor":22,"turns":6},{"damage":2,"enemies":"theJungle:GiantWrat","floor":23,"turns":4},{"damage":9,"enemies":"theJungle:Lyon","floor":26,"turns":4},{"damage":6,"enemies":"Nightmare","floor":27,"turns":7},{"damage":8,"enemies":"theJungle:Snecko_Cultist_And_Trap","floor":28,"turns":5},{"damage":1,"enemies":"theJungle:SlimyTreeVines","floor":31,"turns":5},{"damage":6,"enemies":"theJungle:2_Flameangoes","floor":32,"turns":3},{"damage":9,"enemies":"IC_MUSHROOM_ARCHETYPE","floor":33,"turns":6},{"damage":2,"enemies":"3 Shapes","floor":36,"turns":4},{"damage":3,"enemies":"Orb Walker","floor":37,"turns":3},{"damage":8,"enemies":"downfall:FleeingMerchant","floor":38,"turns":4},{"damage":24,"enemies":"Writhing Mass","floor":39,"turns":6},{"damage":24,"enemies":"Jaw Worm Horde","floor":43,"turns":5},{"damage":0,"enemies":"Maw","floor":44,"turns":5},{"damage":18,"enemies":"4 Shapes","floor":45,"turns":1},{"damage":24,"enemies":"Giant Head","floor":48,"turns":7},{"damage":39,"enemies":"DF_ARCHETYPE_ORBS","floor":50,"turns":10},{"damage":45,"enemies":"downfall:CharBossMerchant","floor":53,"turns":7},{"damage":14,"enemies":"downfall:NeowBoss","floor":56,"turns":13},{"damage":28,"enemies":"downfall:NeowBossFinal","floor":57,"turns":8}],"seed_played":"2495164876962679124","potions_obtained":[{"floor":3.0,"key":"Reflective Coating"},{"floor":5.0,"key":"Energy Potion"},{"floor":19.0,"key":"conspire:TimeTravelPotion"},{"floor":36,"key":"SpeedPotion"},{"floor":45,"key":"Explosive Potion"}],"is_trial":false,"path_per_floor":["R","M","M","$","M","R","T","M","M","R","?","R","?","E","M","B",null,"R","M","$","?","?","M","T","AVR","M","NM","M","?","R","M","M","B",null,"R","M","M","$","M","R","T","R","M","M","M","$","R","E","R","B",null,null,"E","$","R","B","B",null],"character_chosen":"YURI","items_purchased":["yuri:WickedSlash","Block Potion","yuri:Stalk","yuri:ChibiInvasion","yuri:BookGreen","yuri:BookRed","ClockworkSouvenir","Akabeko","ColorlessPotion","yuri:BookGreen","yuri:MultiDip+1"],"campfire_rested":0,"item_purchase_floors":[4,4,20,20,20,38,38,38,54,54,54],"current_hp_per_floor":[80,79,80,75,77,77,77,75,73,73,73,73,73,64,80,80,80,80,80,71,71,75,80,80,80,75,76,75,63,73,90,84,82,90,90,90,90,90,75,75,75,75,68,82,64,64,64,57,57,35,35,90,89,89,89,81,78],"gold":8,"neow_bonus":"HUNDRED_GOLD","is_daily":false,"chose_seed":false,"campfire_upgraded":11,"win_rate":0.0,"timestamp":1612333758,"path_taken":["R","M","M","$","M","R","T","M","M","R","?","R","?","E","M","BOSS","R","M","$","?","?","M","T","AVR","M","NM","M","?","R","M","M","BOSS","R","M","M","$","M","R","T","R","M","M","M","$","R","E","R","BOSS","E","$","R","BOSS","BOSS"],"items_purchased_type":["Card","Potion","Card","Card","Card","Card","Relic","Relic","Potion","Card","Card"],"build_version":"2020-12-22","purchased_purges":3,"victory":true,"max_hp_per_floor":[80,80,80,80,80,80,80,80,80,80,80,80,80,80,80,80,80,80,80,80,80,80,80,80,80,80,80,80,80,90,90,90,90,90,90,90,90,90,90,90,90,90,90,90,90,90,90,90,90,90,90,90,90,90,90,90,90],"card_choices":[{"not_picked":["yuri:Stare","yuri:RepairCode"],"picked":"yuri:HeavierStrike","floor":2.0},{"not_picked":["yuri:MPose","yuri:CorruptHitbox"],"picked":"yuri:Stare","floor":3.0},{"not_picked":["yuri:MPose","yuri:UnstableStrike","yuri:GlitchedStrike"],"picked":"SKIP","floor":4.0},{"not_picked":["yuri:TPose","yuri:AdaptiveAI"],"picked":"yuri:InsanityDefense","floor":5.0},{"not_picked":["yuri:DistillInsanity","yuri:AdaptiveAI"],"picked":"yuri:CalmingAura","floor":8.0},{"not_picked":["yuri:TeaSet","yuri:MPose"],"picked":"yuri:GrowingInsanity","floor":9.0},{"not_picked":["yuri:TPose","yuri:BookGreen"],"picked":"yuri:BookPurple","floor":14.0},{"not_picked":["yuri:GhostForm","yuri:BlackTea"],"picked":"yuri:DistillInsanity","floor":16.0},{"not_picked":["yuri:Spin","yuri:GreenTea+1"],"picked":"yuri:HoldBack","floor":19.0},{"not_picked":["yuri:UntestedCode","yuri:ThrowBook"],"picked":"yuri:MultiDip","floor":20.0},{"not_picked":["yuri:TPose","yuri:DebugCard"],"picked":"yuri:InduceGlitch","floor":23},{"not_picked":["yuri:Skip","yuri:GlitchedStrike","yuri:UnstableStrike"],"picked":"yuri:Stalk","floor":26},{"not_picked":["yuri:Skip","yuri:InsanityDefense","yuri:Stare+1"],"picked":"yuri:ThrowingKnives","floor":27},{"not_picked":["yuri:GlitchedStrike","yuri:HeavierStrike","yuri:yuriHeavyStrike"],"picked":"yuri:NerfBat+1","floor":28},{"not_picked":["yuri:GlitchedStrike","yuri:Spin","yuri:CorruptHitbox"],"picked":"yuri:HeavierStrike","floor":31},{"not_picked":["yuri:CalmingAura+1","yuri:ExploitStrike","yuri:ArmBrace"],"picked":"yuri:HoldBack","floor":32},{"not_picked":["yuri:ConsumeGlitch","yuri:MirrorInsanity","yuri:DisableStrike"],"picked":"yuri:DragonForm","floor":33},{"not_picked":["yuri:WickedSlash","yuri:TPose+1","yuri:HeavierStrike"],"picked":"yuri:BookPurple","floor":36},{"not_picked":["yuri:MPose","yuri:CorruptHitbox+1","yuri:DistillInsanity"],"picked":"yuri:ReactiveMadness","floor":37},{"not_picked":["yuri:HeavierStrike","yuri:yuriQuickStrike","yuri:RecklessStrike"],"picked":"yuri:HoldBack","floor":38},{"not_picked":["yuri:ThornRemove+1","yuri:Spin+1","yuri:InsanityDefense","yuri:ThrowBook"],"picked":"SKIP","floor":39},{"not_picked":["yuri:Spin","yuri:Skip+1","yuri:AdaptiveAI"],"picked":"yuri:CalmingAura","floor":43},{"not_picked":["yuri:HeavierStrike","yuri:GlitchedStrike+1","yuri:ChibiInvasion+1"],"picked":"yuri:ThrowingKnives+1","floor":44},{"not_picked":["yuri:ThornRemove+1","yuri:ThrowBook","yuri:yuriHeavyStrike+1"],"picked":"yuri:DeepBreathing","floor":45},{"not_picked":["yuri:NerfBat+1","yuri:yuriHeavyStrike+1","yuri:Stare"],"picked":"yuri:Parry","floor":48},{"not_picked":["yuri:ReactiveMadness+1","yuri:ThrowingKnives+1","yuri:Stare+1"],"picked":"yuri:Stalk+1","floor":53}],"player_experience":3240879,"relics_obtained":[{"floor":2.0,"key":"LetterFromLob"},{"floor":7.0,"key":"LugNut"},{"floor":14.0,"key":"Turnip"},{"floor":22,"key":"Smiling Mask"},{"floor":27,"key":"Replay:Bottled Eggs"},{"floor":41,"key":"Mummified Hand"},{"floor":48,"key":"Blue Doll"},{"floor":53,"key":"Toy Ornithopter"}],"event_choices":[{"damage_healed":0.0,"max_hp_gain":0.0,"max_hp_loss":0.0,"gold_gain":0.0,"event_name":"Living Wall","player_choice":"Grow","floor":11.0,"gold_loss":0.0,"damage_taken":0.0,"cards_upgraded":["yuri:yuriStab"]}],"is_beta":false,"boss_relics":[{"not_picked":["Replay:Bronze Core","Fusion Hammer"],"picked":"construct:ClawGrip"},{"not_picked":["Honey Jar","Replay:Fungal Core"],"picked":"SlaversCollar"}],"items_purged_floors":[4,38,54],"is_endless":false,"potions_floor_spawned":[3,5,9,14,19,26,27,28,32,36,43,44,45],"ascension_level":0}}