{"host":"va904f3s24glxxej","time":1612386079,"event":{"mods":["AchievementEnabler","BaseMod","Colored Powertips","Downfall","Hubris","Minty Spire (QoL Compilation)","Replay The Spire","StSLib","The Necromancer"],"gold_per_floor":[99,114,132,132,146,146,169,231,244,244,257,88,98,98,108,108,108,108],"floor_reached":16,"language":"ENG","playtime":779,"items_purged":["bronze:Strike"],"score":103,"play_id":"5c353bbe-1c75-4ee3-9d46-cec386c873d5","local_time":"20210203210119","is_ascension_mode":true,"campfire_choices":[{"data":"bronze:Constructor","floor":1,"key":"SMITH"},{"floor":10,"key":"REST"}],"circlet_count":0,"master_deck":["bronze:Strike","bronze:Strike","bronze:Strike","bronze:Defend","bronze:Defend","bronze:Defend","bronze:Replicate+1","bronze:Goto+1","bronze:Constructor+1","bronze:ItsAFeature+1","bronze:Iterate+1","bronze:WhirlingStrike","bronze:ChosenStrike","bronze:WhirlingStrike","bronze:Optimize","bronze:Flail","bronze:Iterate"],"relics":["bronze:BronzeCore","hexamod:BolsterEngine","Boot"],"acts_visited":["Exordium"],"potions_floor_usage":[8,12,16],"damage_taken":[{"damage":10,"enemies":"Cultist","floor":2,"turns":4},{"damage":7,"enemies":"Small Slimes","floor":3,"turns":3},{"damage":9,"enemies":"Jaw Worm","floor":5,"turns":4},{"damage":12,"enemies":"3 Sentries","floor":8,"turns":5},{"damage":0,"enemies":"3 Louse","floor":9,"turns":2},{"damage":14,"enemies":"Gremlin Gang","floor":11,"turns":2},{"damage":0,"enemies":"downfall:FleeingMerchant","floor":12,"turns":4},{"damage":0,"enemies":"Large Slime","floor":13,"turns":2},{"damage":5,"enemies":"Exordium Wildlife","floor":15,"turns":3},{"damage":34,"enemies":"DF_ARCHETYPE_STREAMLINE","floor":16,"turns":4}],"seed_played":"5883535182109646335","potions_obtained":[{"floor":3,"key":"FearPotion"},{"floor":9,"key":"hexamod:SoulburnPotion"},{"floor":13,"key":"Swift Potion"},{"floor":15,"key":"Explosive Potion"}],"is_trial":false,"path_per_floor":["R","M","M","?","M","?","T","?","M","R","M","$","M","?","M","B"],"character_chosen":"THE_AUTOMATON","items_purchased":["bronze:Flail"],"campfire_rested":1,"item_purchase_floors":[12],"current_hp_per_floor":[70,60,53,53,44,44,44,32,32,53,39,39,39,39,34,0,0,0],"gold":108,"neow_bonus":"THREE_CARDS","is_daily":false,"chose_seed":false,"campfire_upgraded":1,"win_rate":0.0,"timestamp":1612386079,"path_taken":["R","M","M","?","?","?","T","?","M","R","M","$","M","?","M","BOSS"],"items_purchased_type":["Card"],"build_version":"2020-12-22","purchased_purges":1,"victory":false,"max_hp_per_floor":[70,70,70,70,70,70,70,70,70,70,70,70,70,70,70,70,70,70],"card_choices":[{"not_picked":["bronze:DigitalCarnage","bronze:Turbo"],"picked":"bronze:Constructor","floor":0},{"not_picked":["bronze:DelayedGuard","bronze:DarkDash"],"picked":"bronze:ItsAFeature","floor":2},{"not_picked":["bronze:Constructor","bronze:Overheat"],"picked":"bronze:Iterate","floor":3},{"not_picked":["bronze:BronzeArmor","bronze:ChildClass","bronze:FindAndReplace"],"picked":"SKIP","floor":5},{"not_picked":["bronze:Overheat","bronze:Allocate"],"picked":"bronze:WhirlingStrike","floor":8},{"not_picked":["bronze:ClassDefault","bronze:BuggyMess"],"picked":"bronze:ChosenStrike","floor":9},{"not_picked":["bronze:BuggyMess","bronze:ChosenStrike"],"picked":"bronze:WhirlingStrike","floor":11},{"not_picked":["bronze:FollowUp","bronze:Allocate"],"picked":"bronze:Optimize","floor":12},{"not_picked":["bronze:BugBarrage","bronze:DelayedGuard","bronze:Turbo"],"picked":"SKIP","floor":13},{"not_picked":["bronze:Frontload","bronze:Return","bronze:Repair"],"picked":"SKIP","floor":15}],"player_experience":782498,"relics_obtained":[{"floor":7,"key":"hexamod:BolsterEngine"}],"event_choices":[],"is_beta":false,"boss_relics":[],"items_purged_floors":[12],"is_endless":false,"potions_floor_spawned":[3,9,13,15],"killed_by":"DF_ARCHETYPE_STREAMLINE","ascension_level":2}}