{"host":"o26sfx8ce29lcfco","time":1612310511,"event":{"mods":["2.2 Compatiblity","Bard","BaseMod","Colored Map","Dark Map","Downfall","GifTheSpireLib","Hermit","Hubris","Jorbs\u0027s Wanderer Trilogy","Marisa????????","Minty Spire (QoL Compilation)","Permanent Neow","Quick Restart","Random Character Mod","Rare Cards Sparkle","Replay The Spire","Shop Mod","StSLib","The Bug Knight","The Disciple","The Jungle","The Poker Player","The Runesmith","The Servant 0.9.4"],"gold_per_floor":[13,206,216,229,241,241,260,70,70,97,124,141,172,172,172,282,282,302,330,339,361,380,417,417,447,474,474,483,496,533,557,557,669,669,694,705,26,37,62,62,105,205,205,225,225,263,263,0,0,0],"floor_reached":51,"language":"ENG","playtime":4268,"items_purged":["champ:Defend"],"score":1077,"play_id":"fe51c3a9-f9cc-4205-9b29-7244cd7e4ef6","local_time":"20210203000151","is_ascension_mode":true,"campfire_choices":[{"data":"champ:PerfectedStrike","floor":6,"key":"SMITH"},{"data":"champ:CheapShot","floor":15,"key":"SMITH"},{"data":"champ:TripleStrike","floor":24,"key":"SMITH"},{"data":"champ:PerfectedStrike","floor":32,"key":"SMITH"},{"data":"champ:PerfectedStrike","floor":40,"key":"SMITH"},{"floor":45,"key":"RECALL"},{"data":"hubris:DuctTapeCard","floor":49,"key":"SMITH"}],"circlet_count":0,"master_deck":["champ:Strike","champ:Strike","champ:Strike","champ:Strike","champ:Defend","champ:Defend","champ:Taunt","champ:PerfectedStrike+1","champ:FlashCut","champ:FocusedDefense","champ:CheapShot+1","champ:BringItOn","champ:FlashCut","champ:FlashCut","champ:BringItOn","champ:FlashCut","champ:TripleStrike+1","champ:PerfectedStrike+1","champ:PerfectedStrike+1","champ:ShieldWall","champ:Circumvent","champ:Circumvent","stsjorbsmod:Withering","champ:EnGarde+1","champ:PerfectedStrike+1","champ:SkillfulDodge+1","hubris:DuctTapeCard+2"],"relics":["champ:ChampionCrown","Du-Vu Doll","Pen Nib","Replay:Bottled Snecko","Toy Ornithopter","Orichalcum","CeramicFish","Empty Cage","StrikeDummy","Replay:Baseball","PreservedInsect","hubris:Spice","hubris:TerracottaHorce","Durian","Eternal Feather","hubris:DuctTape","Red Mask"],"acts_visited":["Exordium","TheCity","TheBeyond"],"potions_floor_usage":[10,16,16,29,33,50,50,50],"damage_taken":[{"damage":8,"enemies":"2 Louse","floor":1,"turns":4},{"damage":18,"enemies":"Jaw Worm","floor":3,"turns":2},{"damage":0,"enemies":"Cultist","floor":4,"turns":3},{"damage":15,"enemies":"Gremlin Gang","floor":5,"turns":5},{"damage":10,"enemies":"Exordium Thugs","floor":7,"turns":3},{"damage":15,"enemies":"3 Sentries","floor":10,"turns":6},{"damage":0,"enemies":"Blue Slaver","floor":12,"turns":2},{"damage":10,"enemies":"Gremlin Nob","floor":13,"turns":3},{"damage":10,"enemies":"Slime Boss","floor":16,"turns":3},{"damage":9,"enemies":"2 Thieves","floor":18,"turns":4},{"damage":0,"enemies":"3 Byrds","floor":19,"turns":5},{"damage":0,"enemies":"Sentry and Sphere","floor":21,"turns":2},{"damage":15,"enemies":"Centurion and Healer","floor":22,"turns":5},{"damage":20,"enemies":"Slavers","floor":23,"turns":5},{"damage":10,"enemies":"Gremlin Leader","floor":25,"turns":5},{"damage":0,"enemies":"3 Cultists","floor":29,"turns":5},{"damage":0,"enemies":"Book of Stabbing","floor":30,"turns":3},{"damage":0,"enemies":"Snake Plant","floor":31,"turns":2},{"damage":22,"enemies":"hubris:MusketHawk","floor":33,"turns":6},{"damage":0,"enemies":"3 Shapes","floor":35,"turns":3},{"damage":5,"enemies":"3 Darklings","floor":36,"turns":3},{"damage":0,"enemies":"Transient","floor":38,"turns":5},{"damage":0,"enemies":"Jaw Worm Horde","floor":39,"turns":3},{"damage":0,"enemies":"Nemesis","floor":41,"turns":3},{"damage":0,"enemies":"Sphere and 2 Shapes","floor":44,"turns":2},{"damage":0,"enemies":"Giant Head","floor":46,"turns":4},{"damage":28,"enemies":"Awakened One","floor":50,"turns":9}],"seed_played":"-2914830026366492466","potions_obtained":[{"floor":4,"key":"LiquidBronze"},{"floor":5,"key":"Energy Potion"},{"floor":7,"key":"Explosive Potion"},{"floor":10,"key":"bronze:BurnAndBuffPotion"},{"floor":16,"key":"FearPotion"},{"floor":21,"key":"Regen Potion"},{"floor":29,"key":"Elixir"},{"floor":33,"key":"champ:TechniquePotion"}],"is_trial":false,"path_per_floor":["M","?","M","M","M","R","M","$","T","E","T","M","E","?","R","B",null,"M","M","?","M","M","E","R","E","T","?","?","M","E","M","R","B",null,"M","M","$","M","M","R","E","?","T","M","R","E","?","?","R","B",null],"character_chosen":"THE_CHAMP","items_purchased":["champ:FlashCut","Pen Nib","Durian","hubris:Spice"],"campfire_rested":0,"item_purchase_floors":[8,8,37,37],"current_hp_per_floor":[87,87,79,79,79,79,79,79,79,74,74,74,74,74,74,84,90,86,86,86,86,71,51,51,41,41,23,31,50,58,58,58,46,89,89,89,92,92,92,92,84,84,76,76,76,76,76,76,76,63],"gold":0,"neow_bonus":"ONE_RARE_RELIC","is_daily":false,"chose_seed":false,"campfire_upgraded":6,"win_rate":0.0,"timestamp":1612310511,"path_taken":["M","?","?","M","M","R","?","$","T","E","?","M","E","?","R","BOSS","M","M","?","M","M","E","R","E","T","?","?","?","E","M","R","BOSS","M","M","$","M","M","R","E","?","T","?","R","E","?","?","R","BOSS"],"items_purchased_type":["Card","Relic","Relic","Relic"],"build_version":"2020-12-22","purchased_purges":1,"victory":true,"max_hp_per_floor":[90,90,90,90,90,90,90,90,90,90,90,90,90,90,90,90,90,90,90,90,90,90,90,90,90,90,95,103,103,111,103,103,103,103,95,95,92,92,92,92,84,84,76,76,76,76,76,76,76,76],"card_choices":[{"not_picked":["champ:RecklessLeap","champ:BerserkersShout"],"picked":"champ:PerfectedStrike","floor":1},{"not_picked":["champ:Endure","champ:Circumvent"],"picked":"champ:FlashCut","floor":2},{"not_picked":["champ:TornadoPunch","champ:EnragedBash"],"picked":"champ:FocusedDefense","floor":3},{"not_picked":["champ:AdrenalArmor","champ:BringItOn"],"picked":"champ:CheapShot","floor":4},{"not_picked":["champ:BerserkerStyle","champ:AdrenalArmor"],"picked":"champ:BringItOn","floor":5},{"not_picked":["champ:BerserkerStyle","champ:CrownThrow","champ:Backstep"],"picked":"SKIP","floor":7},{"not_picked":["champ:ShieldSlam","champ:BerserkersShout"],"picked":"champ:BringItOn","floor":10},{"not_picked":["champ:BringItOn","champ:Haymaker"],"picked":"champ:FlashCut","floor":12},{"not_picked":["champ:Encircle","champ:FalseCounter","champ:FocusedDefense"],"picked":"SKIP","floor":13},{"not_picked":["champ:VampiricStrike","champ:HeavySlash"],"picked":"champ:TripleStrike","floor":16},{"not_picked":["champ:IronFortress+1","champ:ShieldSlam"],"picked":"champ:PerfectedStrike","floor":18},{"not_picked":["champ:Shatter","champ:Parry"],"picked":"champ:PerfectedStrike","floor":19},{"not_picked":["champ:Backstep","champ:UltimateStance"],"picked":"champ:Circumvent","floor":21},{"not_picked":["champ:ViciousMockery+1","champ:Shatter"],"picked":"champ:DefensiveShout","floor":22},{"not_picked":["champ:HeartStrike","champ:AdrenalArmor"],"picked":"champ:Circumvent","floor":23},{"not_picked":["champ:PreciseThrust","champ:DancingMaster","champ:RapidStrikes"],"picked":"SKIP","floor":25},{"not_picked":["champ:TornadoPunch","champ:BerserkersShout+1","champ:FanOfKnives"],"picked":"SKIP","floor":29},{"not_picked":["champ:FocusedBerserking","champ:Circumvent"],"picked":"champ:EnGarde+1","floor":30},{"not_picked":["champ:Shatter+1","champ:CrownThrow"],"picked":"hubris:SpiceAddiction","floor":31},{"not_picked":["champ:Devastate","champ:VampiricStrike"],"picked":"champ:ShieldThrow","floor":33},{"not_picked":["champ:FanOfKnives","champ:BerserkersShout"],"picked":"hubris:SpiceAddiction","floor":35},{"not_picked":["champ:AdrenalArmor","champ:Backstep","champ:Shatter"],"picked":"SKIP","floor":36},{"not_picked":["champ:EnGarde","champ:FocusedBerserking","champ:BringItOn"],"picked":"SKIP","floor":38},{"not_picked":["champ:RapidStrikes","hubris:SpiceAddiction"],"picked":"champ:PerfectedStrike+1","floor":39},{"not_picked":["champ:Backstep","champ:Duel+1"],"picked":"hubris:SpiceAddiction","floor":41},{"not_picked":["champ:BerserkersShout","champ:PreemptiveStrike"],"picked":"champ:SkillfulDodge+1","floor":44},{"not_picked":["champ:FanOfKnives+1","champ:GutPunch+1","champ:Lariat+1"],"picked":"SKIP","floor":46}],"player_experience":327939,"relics_obtained":[{"floor":9,"key":"Replay:Bottled Snecko"},{"floor":10,"key":"Toy Ornithopter"},{"floor":11,"key":"Orichalcum"},{"floor":13,"key":"CeramicFish"},{"floor":23,"key":"StrikeDummy"},{"floor":25,"key":"Replay:Baseball"},{"floor":26,"key":"PreservedInsect"},{"floor":30,"key":"hubris:Spice"},{"floor":41,"key":"Eternal Feather"},{"floor":43,"key":"hubris:Spice"},{"floor":46,"key":"hubris:DuctTape"}],"event_choices":[{"damage_healed":0,"gold_gain":0,"player_choice":"Ignored","damage_taken":0,"max_hp_gain":0,"max_hp_loss":0,"event_name":"Fountain of Cleansing","floor":14,"gold_loss":0},{"damage_healed":0,"gold_gain":0,"player_choice":"Read","damage_taken":0,"max_hp_gain":0,"max_hp_loss":0,"event_name":"The Library","floor":20,"gold_loss":0,"cards_obtained":["champ:ShieldWall"]},{"damage_healed":0,"gold_gain":0,"player_choice":"Shed Blood","damage_taken":23,"max_hp_gain":5,"max_hp_loss":0,"event_name":"Forgotten Altar","floor":27,"gold_loss":0},{"damage_healed":0,"gold_gain":100,"player_choice":"Pray","damage_taken":0,"max_hp_gain":0,"max_hp_loss":0,"event_name":"Golden Shrine","floor":42,"gold_loss":0},{"cards_removed":["champ:Defend"],"damage_healed":0,"gold_gain":0,"player_choice":"Removed Skill","damage_taken":0,"max_hp_gain":0,"max_hp_loss":0,"event_name":"Falling","floor":47,"gold_loss":0},{"damage_healed":0,"gold_gain":0,"player_choice":"Paid","damage_taken":0,"relics_obtained":["Red Mask"],"max_hp_gain":0,"max_hp_loss":0,"event_name":"Tomb of Lord Red Mask","floor":48,"gold_loss":263}],"is_beta":false,"boss_relics":[{"not_picked":["Kintsugi","hubris:HollowSoul"],"picked":"Empty Cage"},{"not_picked":["hubris:Spice","Painkiller Herb"],"picked":"hubris:TerracottaHorce"}],"items_purged_floors":[37],"is_endless":false,"potions_floor_spawned":[4,5,7,10,16,21,22,25,29,33,38,41,44],"ascension_level":1}}