{"host":"g2yp6paluzgljz05","time":1612359339,"event":{"mods":["BaseMod","Bestiary","Colored Powertips","DeckTracker","Highlight Path","Minty Spire (QoL Compilation)","Quick Restart"],"gold_per_floor":[114,114,125,143,68,68,80,80,106,106,106,136,155,55,55,152,152,162,176,51,51,51,51,5,5,5],"floor_reached":25,"language":"ENG","playtime":1052,"items_purged":["Strike_R","Strike_R","Strike_R"],"score":278,"play_id":"be87da79-8a90-4f5d-893f-69be5dd7b918","local_time":"20210204003539","is_ascension_mode":true,"campfire_choices":[{"data":"Bash","floor":6.0,"key":"SMITH"},{"data":"Shockwave","floor":8.0,"key":"SMITH"},{"data":"Brutality","floor":11.0,"key":"SMITH"},{"data":"Dropkick","floor":15.0,"key":"SMITH"},{"floor":23.0,"key":"REST"}],"circlet_count":0,"master_deck":["Defend_R","Defend_R","Defend_R","Defend_R","Bash+1","Brutality+1","Dropkick+1","Shockwave+1","Corruption","Dropkick+1","Warcry"],"relics":["Burning Blood","Spirit Poop","Happy Flower","MealTicket","Philosopher\u0027s Stone"],"acts_visited":["Exordium","TheCity"],"potions_floor_usage":[25],"damage_taken":[{"damage":31.0,"enemies":"Jaw Worm","floor":1.0,"turns":4.0},{"damage":8.0,"enemies":"Cultist","floor":3.0,"turns":3.0},{"damage":7.0,"enemies":"2 Louse","floor":4.0,"turns":3.0},{"damage":8.0,"enemies":"2 Fungi Beasts","floor":7.0,"turns":3.0},{"damage":14.0,"enemies":"Gremlin Nob","floor":12.0,"turns":3.0},{"damage":18.0,"enemies":"3 Louse","floor":13.0,"turns":3.0},{"damage":32.0,"enemies":"The Guardian","floor":16.0,"turns":8.0},{"damage":27.0,"enemies":"3 Byrds","floor":18.0,"turns":5.0},{"damage":14.0,"enemies":"Shell Parasite","floor":19.0,"turns":3.0},{"damage":78,"enemies":"Slavers","floor":25,"turns":6}],"seed_played":"6656742444739626185","potions_obtained":[{"floor":4.0,"key":"DistilledChaos"},{"floor":7.0,"key":"BloodPotion"},{"floor":13.0,"key":"Energy Potion"},{"floor":16.0,"key":"Explosive Potion"}],"is_trial":false,"path_per_floor":["M","?","M","M","$","R","M","R","T","?","R","E","M","$","R","B",null,"M","M","$","?","?","R","$","E"],"character_chosen":"IRONCLAD","items_purchased":["Warcry"],"campfire_rested":1,"item_purchase_floors":[24],"current_hp_per_floor":[47,47,45,44,44,44,42,42,42,42,42,50,38,53,53,27,67,46,38,53,53,38,63,78,0,0],"gold":5,"neow_bonus":"TRANSFORM_TWO_CARDS","is_daily":false,"chose_seed":false,"campfire_upgraded":4,"win_rate":0.0,"timestamp":1612359339,"path_taken":["M","?","M","?","$","R","M","R","T","?","R","E","M","$","R","BOSS","M","M","$","?","?","R","$","E"],"items_purchased_type":["Card"],"build_version":"2020-12-22","purchased_purges":3,"victory":false,"max_hp_per_floor":[80,80,80,80,80,80,80,80,80,80,80,80,80,80,80,80,80,80,80,80,80,85,85,85,85,85],"card_choices":[{"not_picked":["Warcry","Heavy Blade"],"picked":"Dropkick","floor":1.0},{"not_picked":["Metallicize","Clash","Feel No Pain"],"picked":"SKIP","floor":3.0},{"not_picked":["Clothesline","Sword Boomerang","Flex"],"picked":"SKIP","floor":4.0},{"not_picked":["Wild Strike","Anger"],"picked":"Shockwave","floor":7.0},{"not_picked":["Pummel","Armaments","Combust"],"picked":"SKIP","floor":12.0},{"not_picked":["Burning Pact","Havoc","Perfected Strike"],"picked":"SKIP","floor":13.0},{"not_picked":["Limit Break","Immolate"],"picked":"Corruption","floor":16.0},{"not_picked":["Sentinel","Pommel Strike","Twin Strike"],"picked":"SKIP","floor":18.0},{"not_picked":["Armaments","True Grit+1"],"picked":"Dropkick+1","floor":19.0}],"player_experience":313014,"relics_obtained":[{"floor":9.0,"key":"Happy Flower"},{"floor":12.0,"key":"MealTicket"}],"event_choices":[{"cards_removed":["Writhe"],"damage_healed":0.0,"max_hp_gain":0.0,"max_hp_loss":0.0,"gold_gain":0.0,"event_name":"Bonfire Elementals","player_choice":"Offered Curse","floor":2.0,"gold_loss":0.0,"damage_taken":0.0,"relics_obtained":["Spirit Poop"]},{"damage_healed":0.0,"max_hp_gain":0.0,"max_hp_loss":0.0,"gold_gain":0.0,"event_name":"Golden Idol","player_choice":"Ignored","floor":10.0,"gold_loss":0.0,"damage_taken":0.0},{"cards_removed":["Blood for Blood"],"damage_healed":0.0,"max_hp_gain":0.0,"max_hp_loss":0.0,"gold_gain":0.0,"event_name":"Back to Basics","player_choice":"Elegance","floor":21.0,"gold_loss":0.0,"damage_taken":0.0},{"damage_healed":0.0,"max_hp_gain":5.0,"max_hp_loss":0.0,"gold_gain":0.0,"event_name":"Forgotten Altar","player_choice":"Shed Blood","floor":22.0,"gold_loss":0.0,"damage_taken":20.0}],"is_beta":false,"boss_relics":[{"not_picked":["Runic Cube","SlaversCollar"],"picked":"Philosopher\u0027s Stone"}],"items_purged_floors":[5,14,20],"is_endless":false,"potions_floor_spawned":[4,7,13,16],"killed_by":"Slavers","ascension_level":8}}