{"host":"v9ordiuf4xzdpttp","time":1612335187,"event":{"mods":["AchievementEnabler","Act Like it!","Aspiration","BaseMod","Better Third Choice","Better Vampires","BetterRewards","CCEM2","Colored Map","Gold Saver","Halation","Hubris","Infinite Spire","Jedi Mod","Marked Mod","Minty Spire (QoL Compilation)","Reliquary","Remove Card Discount Mod","Replay The Spire","Shop Mod","Spicy Shops","StSLib"],"gold_per_floor":[359,80,80,80,139,139,178,279,279,279,279],"floor_reached":10,"language":"ENG","playtime":555,"items_purged":["Clumsy","Defend_B"],"score":69,"play_id":"6eb6d4b1-3a24-42bb-bc83-b8d79eeafad1","local_time":"20210203015307","daily_mods":["DeadlyEvents","Elite Swarm","Midas"],"is_ascension_mode":true,"campfire_choices":[{"floor":6,"key":"REST"}],"circlet_count":0,"master_deck":["Strike_B","Strike_B","Strike_B","Strike_B","Defend_B","Defend_B","Defend_B","Zap","Dualcast","Capacitor","Leap","FIFO Queue","Injury","jedi:blockon","Tempest","ReplayRNGCard"],"relics":["Cracked Core","jedi:maincommand","Membership Card","aspiration:EnhancedActuators","Golden Idol","aspiration:Legacy_Headhunter","jedi:firstaidkit"],"acts_visited":["Exordium"],"potions_floor_usage":[10],"damage_taken":[{"damage":0,"enemies":"Small Slimes","floor":1,"turns":3},{"damage":7,"enemies":"2 Louse","floor":5,"turns":3},{"damage":5,"enemies":"Jaw Worm","floor":7,"turns":5},{"damage":27,"enemies":"Lagavulin","floor":8,"turns":7},{"damage":67,"enemies":"Gremlin Nob","floor":10,"turns":4}],"seed_played":"-6011215468843316621","potions_obtained":[{"floor":8,"key":"SteroidPotion"}],"is_trial":true,"path_per_floor":["M","$","?","?","M","R","M","E","T","E"],"character_chosen":"DEFECT","items_purchased":["jedi:command_shop","jedi:command_common","Leap"],"campfire_rested":1,"item_purchase_floors":[2,2,2],"current_hp_per_floor":[75,75,75,75,68,75,70,43,43,0,0],"gold":279,"neow_bonus":"","is_daily":false,"chose_seed":false,"campfire_upgraded":0,"win_rate":0.0,"timestamp":1612335187,"path_taken":["M","$","?","?","M","R","?","E","T","E"],"items_purchased_type":["Relic","Relic","Card"],"build_version":"2020-12-22","purchased_purges":2,"victory":false,"max_hp_per_floor":[75,75,75,75,75,75,75,75,75,75,75],"card_choices":[{"not_picked":["Go for the Eyes","Recycle"],"picked":"Capacitor","floor":1},{"not_picked":["jedi:BurstLightning","Fusion"],"picked":"jedi:blockon","floor":5},{"not_picked":["Undo","ReplayTheSpireMod:Repulse"],"picked":"Tempest","floor":7},{"not_picked":["Echo Form","Machine Learning"],"picked":"ReplayRNGCard","floor":8}],"player_experience":258422,"relics_obtained":[{"floor":8,"key":"jedi:command_rare"},{"floor":9,"key":"jedi:command_rare"}],"event_choices":[{"damage_healed":0,"gold_gain":0,"player_choice":"Take Wound","damage_taken":0,"relics_obtained":["Golden Idol"],"max_hp_gain":0,"max_hp_loss":0,"event_name":"Golden Idol","floor":4,"gold_loss":0,"cards_obtained":["Injury"]}],"is_beta":false,"boss_relics":[],"items_purged_floors":[2,2],"is_endless":false,"potions_floor_spawned":[8],"killed_by":"Gremlin Nob","ascension_level":1}}