{"host":"34kve6bedbwpq90u","time":1612320633,"event":{"mods":["100% Spire Juice","AchievementEnabler","Act Like it!","Arknights","BaseMod","BetterRewards","Challenge The Spire","Colored Map","Custom Start","Decade(王小明)","Downfall","Friendly Minions","Gensokyo","GifTheSpireLib","HexUI Lib","Jedi Mod","Minty Spire (QoL Compilation)","MostiFishMod","Quarter Circle Forward PUNCH!","RumiaBox-露米娅的神秘盒子","Ryuuou龙王","SIMod","Shop Mod","Spicy Shops","StSLib","TestMod","The Animator","The Fake Hero","Waifu the Spire","WarShipGirlsR/战舰少女R mod","篝火指南"],"gold_per_floor":[123,198,213,95,122,149,172,205,205,205,6,17,49,67,67,162,162,182,39,53,70,70,70,102,124,171,212,229,266,276,276,276,373,373,408,428,828,828,841,187,206,206,206,239,255,266,295,313,7,7,7,7,592,642,642,642],"floor_reached":55,"language":"ZHS","playtime":3344,"items_purged":["animator:Raven"],"score":847,"play_id":"c22109a5-a7c0-4d35-9861-f4248cbb1730","local_time":"20210203105033","is_ascension_mode":false,"campfire_choices":[{"data":"animator:Mitsurugi","floor":10,"key":"SMITH"},{"data":"animator:Vanir","floor":15,"key":"SMITH"},{"floor":23,"key":"RECALL"},{"data":"animator:Elesis","floor":32,"key":"SMITH"},{"data":"animator:Mitsurugi","floor":42,"key":"SMITH"},{"data":"animator:Chung","floor":52,"key":"SMITH"}],"circlet_count":0,"master_deck":["animator:Strike_Konosuba","animator:Defend_Konosuba","animator:Strike","animator:Strike","animator:Strike","animator:Defend+1","animator:Defend","animator:Defend","animator:Kazuma","animator:Vanir","animator:Mitsurugi","animator:Raven","animator:Kaijin","animator:Darkness","animator:Elesis+1","animator:TukaLunaMarceau","animator:Rena","animator:Lu+1","animator:Aisha+1","animator:Ara","animator:YunYun","animator:Mitsurugi","animator:Chung","animator:Tyuule"],"relics":["animator:TheEgnaroPiece","animator:AncientMedallion"],"acts_visited":["Exordium","TheCity","TheBeyond","TheEnding","EYB:TheUnnamedReign"],"potions_floor_usage":[16],"damage_taken":[{"damage":2,"enemies":"Small Slimes","floor":1,"turns":1},{"damage":2,"enemies":"Cultist","floor":3,"turns":1},{"damage":2,"enemies":"2 Louse","floor":5,"turns":1},{"damage":17,"enemies":"Gremlin Nob","floor":6,"turns":3},{"damage":4,"enemies":"Exordium Thugs","floor":7,"turns":3},{"damage":32,"enemies":"3 Sentries","floor":8,"turns":7},{"damage":6,"enemies":"Lots of Slimes","floor":12,"turns":3},{"damage":9,"enemies":"Lagavulin","floor":13,"turns":3},{"damage":6,"enemies":"Blue Slaver","floor":14,"turns":2},{"damage":29,"enemies":"The Guardian","floor":16,"turns":5},{"damage":4,"enemies":"Chosen","floor":18,"turns":3},{"damage":2,"enemies":"Shell Parasite","floor":20,"turns":2},{"damage":8,"enemies":"Cultist and Chosen","floor":21,"turns":4},{"damage":12,"enemies":"Book of Stabbing","floor":24,"turns":4},{"damage":4,"enemies":"Snecko","floor":25,"turns":3},{"damage":10,"enemies":"Gremlin Leader","floor":27,"turns":5},{"damage":7,"enemies":"Snake Plant","floor":28,"turns":2},{"damage":6,"enemies":"Cultist and Chosen","floor":29,"turns":4},{"damage":15,"enemies":"Centurion and Healer","floor":30,"turns":3},{"damage":28,"enemies":"Collector","floor":33,"turns":6},{"damage":38,"enemies":"3 Darklings","floor":35,"turns":3},{"damage":13,"enemies":"Orb Walker","floor":36,"turns":3},{"damage":15,"enemies":"Writhing Mass","floor":39,"turns":3},{"damage":16,"enemies":"3 Darklings","floor":41,"turns":3},{"damage":14,"enemies":"Nemesis","floor":44,"turns":5},{"damage":4,"enemies":"Spire Growth","floor":45,"turns":4},{"damage":5,"enemies":"4 Shapes","floor":46,"turns":2},{"damage":12,"enemies":"Giant Head","floor":47,"turns":5},{"damage":24,"enemies":"Maw","floor":48,"turns":5},{"damage":52,"enemies":"Awakened One","floor":50,"turns":8},{"damage":80,"enemies":"animator:UNNAMED_HAT","floor":54,"turns":23},{"damage":32,"enemies":"animator:TRIPLE_SHAPES_WEAK","floor":55,"turns":3}],"seed_played":"-2401350894098502735","potions_obtained":[{"floor":3,"key":"Energy Potion"},{"floor":7,"key":"jedi:wingpotion"},{"floor":8,"key":"Fire Potion"},{"floor":16,"key":"Explosive Potion"},{"floor":20,"key":"Fire Potion"}],"is_trial":false,"path_per_floor":["M","?","M","?","M","E","M","E","T","R","$","M","E","M","R","B",null,"M","$","M","M","?","R","E","M","T","E","M","M","M","?","R","B",null,"M","M","?","?","M","R","M","R","T","E","M","M","E","M","R","B",null,"R","??","M","M"],"character_chosen":"THE_ANIMATOR","items_purchased":["SynthV","Block Potion","testmod-TurbochargingSystem","animator:Chung","SSSystem","Bag of Marbles","MerchantsRug","Boot","Civilization","jedi:crownofsimplicity"],"campfire_rested":0,"item_purchase_floors":[11,11,19,40,40,40,40,40,49,49],"current_hp_per_floor":[66,60,67,67,67,62,67,49,49,49,49,61,67,67,67,52,67,67,67,67,68,68,68,69,69,69,69,70,70,72,72,72,65,72,50,58,58,58,62,62,65,65,65,70,72,72,79,71,71,46,83,83,98,19,0,0],"gold":642,"neow_bonus":"THREE_ENEMY_KILL","is_daily":false,"chose_seed":false,"campfire_upgraded":5,"win_rate":0.0,"timestamp":1612320633,"path_taken":["M","?","?","?","M","E","M","E","T","R","$","?","E","?","R","BOSS","M","$","M","M","?","R","E","M","T","E","M","M","M","?","R","BOSS","M","?","?","?","M","R","M","R","T","E","M","?","E","?","R","BOSS","R","??","M","M"],"items_purchased_type":["Relic","Potion","Relic","Card","Relic","Relic","Relic","Relic","Relic","Relic"],"build_version":"2020-12-22","purchased_purges":1,"victory":false,"max_hp_per_floor":[66,66,67,67,67,67,67,67,67,67,67,67,67,67,67,67,67,67,67,67,68,68,68,69,69,69,69,70,70,72,72,72,72,72,72,72,72,72,72,72,72,72,72,72,72,72,79,79,79,83,83,83,98,99,99,99],"card_choices":[{"not_picked":["animator:ChaikaBohdan","animator:Emonzaemon"],"picked":"animator:Vanir","floor":1},{"not_picked":["animator:GazelDwargon","animator:Kazuma","animator:Shuna","animator:Nanami"],"picked":"animator:Eris","floor":3},{"not_picked":["animator:Layla","animator:GazelDwargon","animator:Guy","animator:Gillette"],"picked":"animator:Mitsurugi","floor":5},{"not_picked":["animator:Kazuma","animator:Emonzaemon","animator:Millim","animator:Rimuru"],"picked":"animator:Raven","floor":7},{"not_picked":["animator:Kaijin","animator:Scar","animator:LeleiLaLalena","animator:Sloth","animator:Hans"],"picked":"SKIP","floor":8},{"not_picked":["animator:Togame","animator:Millim","animator:Konayuki","animator:Kazuma"],"picked":"animator:Raven","floor":12},{"not_picked":["animator:YunYun","animator:Ara","animator:TukaLunaMarceau","animator:Shion","animator:Biyorigo"],"picked":"SKIP","floor":14},{"not_picked":["animator:TukaLunaMarceau","animator:YaoHaDucy","animator:MaesHughes","animator:Ciel+1"],"picked":"animator:Kaijin+1","floor":18},{"not_picked":["animator:Raven","animator:Pride+1","animator:Benimaru","animator:Scar+1","animator:Kazuma+1"],"picked":"SKIP","floor":20},{"not_picked":["animator:Vanir","animator:Chris","animator:Verdia","animator:YunYun"],"picked":"animator:Darkness","floor":21},{"not_picked":["animator:TukaLunaMarceau","animator:Viivi","animator:Eris","animator:Azekura"],"picked":"animator:Elesis","floor":24},{"not_picked":["animator:Fredrika","animator:Kazuma+1","animator:Benimaru","animator:AcuraAkari+1"],"picked":"animator:TukaLunaMarceau+1","floor":25},{"not_picked":["animator:Azekura+1","animator:Raven","animator:Biyorigo","animator:ElricAlphonse"],"picked":"animator:Rena","floor":27},{"not_picked":["animator:Rena","animator:Raven","animator:Chung","animator:Ain"],"picked":"animator:Lu","floor":28},{"not_picked":["animator:ElricEdward","animator:Verdia","animator:AcuraAkari","animator:YaoHaDucy"],"picked":"animator:Aisha+1","floor":29},{"not_picked":["animator:Nanami+1","animator:Hitei","animator:Verdia+1","animator:Guy"],"picked":"animator:Ara","floor":30},{"not_picked":["animator:Rena","animator:Kazuma"],"picked":"animator:YunYun+1","floor":35},{"not_picked":["animator:Vanir","animator:Darkness"],"picked":"animator:Mitsurugi","floor":36},{"not_picked":["animator:ElricAlphonse","animator:Layla+1","animator:Ciel"],"picked":"SKIP","floor":39},{"not_picked":["animator:Hitei","animator:Laby","animator:Gillette+1"],"picked":"SKIP","floor":41},{"not_picked":["animator:RoyMustang","animator:Guy+1","animator:Envy"],"picked":"SKIP","floor":44},{"not_picked":["animator:TukaLunaMarceau+1","animator:Guy+1","animator:Lu"],"picked":"SKIP","floor":46},{"not_picked":["animator:GazelDwargon+1","animator:Scar+1","animator:Aisha"],"picked":"SKIP","floor":47},{"not_picked":["animator:Togame+1","animator:Rena","animator:Vanir"],"picked":"SKIP","floor":48},{"not_picked":["animator:Nanami","animator:Sloth+1"],"picked":"animator:Tyuule","floor":54}],"player_experience":59234,"relics_obtained":[{"floor":1,"key":"SynthV:TestCard"},{"floor":6,"key":"War Paint"},{"floor":8,"key":"Vajra"},{"floor":13,"key":"Orichalcum"},{"floor":24,"key":"MagicDraw4"},{"floor":24,"key":"GodSword5"},{"floor":26,"key":"jedi:shrinkray"},{"floor":27,"key":"Dream Catcher"},{"floor":27,"key":"testmod-RealStoneCalender"},{"floor":43,"key":"qcfpunch:Red_Headband"},{"floor":44,"key":"HornCleat"},{"floor":44,"key":"testmod-OneHitWonder"},{"floor":47,"key":"Strawberry"},{"floor":47,"key":"jedi:archwizardhat"},{"floor":53,"key":"animator:TheEgnaroPiece"},{"floor":53,"key":"animator:AncientMedallion"}],"event_choices":[{"damage_healed":0,"gold_gain":75,"player_choice":"Touch","damage_taken":6,"max_hp_gain":0,"max_hp_loss":0,"event_name":"FaceTrader","floor":2,"gold_loss":0},{"damage_healed":0,"gold_gain":0,"player_choice":"Paid Gold","damage_taken":0,"relics_obtained":["Darkstone Periapt"],"max_hp_gain":0,"max_hp_loss":0,"event_name":"WeMeetAgain","floor":4,"gold_loss":118},{"damage_healed":0,"gold_gain":0,"player_choice":"Simplicity","damage_taken":0,"max_hp_gain":0,"max_hp_loss":0,"event_name":"Back to Basics","floor":22,"gold_loss":0,"cards_upgraded":["animator:Strike_Konosuba","animator:Strike","animator:Strike","animator:Strike","animator:Defend","animator:Defend","animator:Defend"]},{"damage_healed":0,"gold_gain":0,"player_choice":"Ignored","damage_taken":0,"max_hp_gain":0,"max_hp_loss":0,"event_name":"NoteForYourself","floor":31,"gold_loss":0},{"damage_healed":0,"gold_gain":400,"player_choice":"Sell","damage_taken":0,"max_hp_gain":0,"max_hp_loss":0,"event_name":"恩洛斯的盘子","floor":37,"relics_lost":["NeowsBlessing"],"gold_loss":0},{"cards_removed":["animator:Aqua"],"damage_healed":0,"gold_gain":0,"player_choice":"Purged","damage_taken":0,"max_hp_gain":0,"max_hp_loss":0,"event_name":"Purifier","floor":38,"gold_loss":0}],"is_beta":false,"boss_relics":[{"not_picked":["NightmareShop","testmod-CardMagician"],"picked":"Black Star"},{"not_picked":["xbg","testmod-BatchProcessingSystem"],"picked":"Busted Crown"}],"items_purged_floors":[40],"is_endless":false,"potions_floor_spawned":[3,7,8,16,18,20,25,33,39,41,46,47],"killed_by":"animator:TRIPLE_SHAPES_WEAK","ascension_level":0}}