{"host":"7tqog9fnhs0gxmti","time":1612346235,"event":{"mods":["AchievementEnabler","Act Like it!","Astrologer","BaseMod","Beaked The Cultist","CapriCore","Colored Map","Colored Powertips","Downfall","Hermit","Highlight Path","Koishi","Marisa????????","Minty Spire (QoL Compilation)","Quick Restart","Random Character Button","Rare Cards Sparkle","Robot Space Explorer","Smile Girya","StSLib","The Bug Knight","The Construct","The Cursed","The Disciple","The Gatherer","The Hayseed","The Marked","everything is the same but u backflip on backflip"],"gold_per_floor":[113,113,127,127,138,138,151,0,51,51,65,65,77,109,109,209,209,223,223,138,154,154,154,154,154],"floor_reached":24,"language":"ENG","playtime":1064,"items_purged":["Pain"],"score":196,"play_id":"2bea6c86-a082-4e54-90d0-4104cdeaec5c","local_time":"20210203175715","is_ascension_mode":false,"campfire_choices":[{"data":"Koishi:HauntingSlash","floor":6.0,"key":"SMITH"},{"data":"Koishi:RacingHeart","floor":12.0,"key":"SMITH"},{"data":"Koishi:HeartStoppingHorror","floor":15.0,"key":"SMITH"},{"data":"Koishi:FidgetySnatcher","floor":23,"key":"SMITH"}],"circlet_count":0,"master_deck":["Koishi:BasicStrike","Koishi:BasicDefend","Koishi:BasicDefend","Koishi:BasicDefend","Koishi:BasicDefend","Koishi:Provoke","Koishi:HauntingSlash+1","Koishi:PhantomBarrier","Koishi:Catatonia","Koishi:SpiritedAway+1","Koishi:RacingHeart+1","Koishi:TremblingHands","Koishi:SubconsciousSweep","Koishi:HeartStoppingHorror+1","CurseOfTheBell","Koishi:UnconsciousUprising","Koishi:RorschachInDanmaku","Koishi:DreadfulBlow+1","Decay","Koishi:FidgetySnatcher+1"],"relics":["Koishi:ImaginaryFriend","WarpedTongs","Whetstone","NlothsMask","Akabeko","Calling Bell","Koishi:AHoleWhereASisterShouldBe","TheSimpletonMod:Moonshine","Koishi:ImperfectMetamorphosis","Koishi:BloodstainedWhiteRose"],"acts_visited":["Exordium","TheCity"],"potions_floor_usage":[],"damage_taken":[{"damage":3.0,"enemies":"Jaw Worm","floor":1.0,"turns":5.0},{"damage":0.0,"enemies":"2 Louse","floor":3.0,"turns":5.0},{"damage":4.0,"enemies":"Cultist","floor":5.0,"turns":4.0},{"damage":6.0,"enemies":"Large Slime","floor":7.0,"turns":6.0},{"damage":4.0,"enemies":"Gremlin Gang","floor":11.0,"turns":6.0},{"damage":2.0,"enemies":"Looter","floor":13.0,"turns":4.0},{"damage":19.0,"enemies":"Lagavulin","floor":14.0,"turns":6.0},{"damage":35.0,"enemies":"Slime Boss","floor":16.0,"turns":13.0},{"damage":6.0,"enemies":"2 Thieves","floor":18.0,"turns":5.0},{"damage":10,"enemies":"3 Byrds","floor":21,"turns":5},{"damage":61,"enemies":"Cultist and Chosen","floor":24,"turns":6}],"seed_played":"-69150913179991355","potions_obtained":[{"floor":7.0,"key":"Dexterity Potion"},{"floor":11.0,"key":"SpeedPotion"},{"floor":14.0,"key":"hexamod:SoulburnPotion"},{"floor":18.0,"key":"Block Potion"}],"is_trial":false,"path_per_floor":["M","?","M","?","M","R","M","$","T","?","M","R","M","E","R","B",null,"M","?","?","M","?","R","M"],"character_chosen":"KOISHI","items_purchased":["Koishi:TremblingHands"],"campfire_rested":0,"item_purchase_floors":[8],"current_hp_per_floor":[60,60,60,60,57,57,53,53,53,53,55,55,57,48,48,13,60,54,54,54,51,51,51,0,0],"gold":154,"neow_bonus":"REMOVE_CARD","is_daily":false,"chose_seed":false,"campfire_upgraded":4,"win_rate":0.0,"timestamp":1612346235,"path_taken":["M","?","M","?","?","R","M","$","T","?","M","R","?","E","R","BOSS","M","?","?","M","?","R","M"],"items_purchased_type":["Card"],"build_version":"2020-12-22","purchased_purges":1,"victory":false,"max_hp_per_floor":[60,60,60,60,60,60,60,60,60,60,60,60,60,60,60,60,60,60,60,60,60,60,60,60,60],"card_choices":[{"not_picked":["Koishi:StingingMind","Koishi:FleetingPhantom"],"picked":"Koishi:PhantomBarrier","floor":1.0},{"not_picked":["Koishi:HeartfeltFancy","Koishi:RorschachInDanmaku"],"picked":"Koishi:Catatonia","floor":3.0},{"not_picked":["Koishi:FleetingPhantom","Koishi:ParalyzingFear"],"picked":"Koishi:SpiritedAway","floor":5.0},{"not_picked":["Koishi:UnconsciousUprising","Koishi:Prune"],"picked":"Koishi:RacingHeart","floor":7.0},{"not_picked":["Koishi:YoukaiPolygraph","Koishi:EmbersOfLove","Koishi:UnconsciousUprising"],"picked":"SKIP","floor":11.0},{"not_picked":["Koishi:ParalyzingFear","Koishi:CatchAndRose"],"picked":"Koishi:SubconsciousSweep","floor":13.0},{"not_picked":["Koishi:SprinkleStarAndHeart","Koishi:ParalyzingFear"],"picked":"Koishi:HeartStoppingHorror","floor":14.0},{"not_picked":["Koishi:FourthEye+1","Koishi:SpiritedAway"],"picked":"Koishi:DreadfulBlow+1","floor":18.0},{"not_picked":["Koishi:TraumaticStroke","Koishi:Bloodlust"],"picked":"Koishi:FidgetySnatcher","floor":21}],"player_experience":922712,"relics_obtained":[{"floor":9.0,"key":"Whetstone"},{"floor":14.0,"key":"Akabeko"},{"floor":17.0,"key":"Koishi:AHoleWhereASisterShouldBe"},{"floor":17.0,"key":"TheSimpletonMod:Moonshine"},{"floor":17.0,"key":"Koishi:ImperfectMetamorphosis"}],"event_choices":[{"damage_healed":0.0,"max_hp_gain":0.0,"max_hp_loss":0.0,"gold_gain":0.0,"event_name":"The Cleric","player_choice":"Leave","floor":2.0,"gold_loss":0.0,"damage_taken":0.0},{"damage_healed":0.0,"max_hp_gain":0.0,"max_hp_loss":0.0,"gold_gain":0.0,"event_name":"Accursed Blacksmith","player_choice":"Rummage","floor":4.0,"gold_loss":0.0,"damage_taken":0.0,"relics_obtained":["WarpedTongs"],"cards_obtained":["Pain"]},{"damage_healed":0.0,"max_hp_gain":0.0,"max_hp_loss":0.0,"gold_gain":0.0,"event_name":"FaceTrader","player_choice":"Trade","floor":10.0,"gold_loss":0.0,"damage_taken":0.0,"relics_obtained":["NlothsMask"]},{"damage_healed":0.0,"max_hp_gain":0.0,"max_hp_loss":0.0,"gold_gain":0.0,"event_name":"Forgotten Altar","player_choice":"Smashed Altar","floor":19.0,"gold_loss":0.0,"damage_taken":0.0,"cards_obtained":["Decay"]},{"damage_healed":0.0,"max_hp_gain":0.0,"max_hp_loss":0.0,"gold_gain":0.0,"event_name":"Addict","player_choice":"Obtained Relic","floor":20.0,"gold_loss":85.0,"damage_taken":0.0,"relics_obtained":["Koishi:BloodstainedWhiteRose"]},{"damage_healed":0,"gold_gain":0,"player_choice":"Ignored","damage_taken":0,"max_hp_gain":0,"max_hp_loss":0,"event_name":"NoteForYourself","floor":22,"gold_loss":0}],"is_beta":false,"boss_relics":[{"not_picked":["Busted Crown","Black Star"],"picked":"Calling Bell"}],"items_purged_floors":[8],"is_endless":false,"potions_floor_spawned":[7,11,14,18],"killed_by":"Cultist and Chosen","ascension_level":0}}