{"host":"zwuytn9vh5b8tdl7","time":1612325865,"event":{"mods":["AchievementEnabler","BaseMod","Colored Powertips","GifTheSpireLib","Minty Spire (QoL Compilation)","Rare Cards Sparkle","StSLib","The Animator"],"gold_per_floor":[118,148,148,148,180,180,180],"floor_reached":6,"language":"ENG","playtime":222,"items_purged":[],"score":36,"play_id":"f87089c3-4b6c-41ef-862c-0d50c37bab73","local_time":"20210202231745","is_ascension_mode":false,"campfire_choices":[],"circlet_count":0,"master_deck":["animator:Strike_Fate","animator:Defend_Fate","animator:Strike","animator:Strike","animator:Strike","animator:Defend","animator:Defend","animator:Defend","animator:Alexander","animator:Rider","animator:DolaRiku","animator:Souei","animator:Illya","Injury","Regret","animator:MaesHughes"],"relics":["animator:LivingPicture","animator:TheMissingPiece","Golden Idol","Centennial Puzzle"],"acts_visited":["Exordium"],"potions_floor_usage":[6,6],"damage_taken":[{"damage":7,"enemies":"Jaw Worm","floor":1,"turns":4},{"damage":0,"enemies":"Small Slimes","floor":2,"turns":3},{"damage":11,"enemies":"2 Louse","floor":5,"turns":4},{"damage":48,"enemies":"Lagavulin","floor":6,"turns":6}],"seed_played":"7345641783996819369","potions_obtained":[{"floor":2,"key":"Strength Potion"},{"floor":5,"key":"Dexterity Potion"}],"is_trial":false,"path_per_floor":["M","M","?","?","M","E"],"character_chosen":"THE_ANIMATOR","items_purchased":[],"campfire_rested":0,"item_purchase_floors":[],"current_hp_per_floor":[59,59,59,59,48,0,0],"gold":180,"neow_bonus":"THREE_CARDS","is_daily":false,"chose_seed":false,"campfire_upgraded":0,"win_rate":0.0,"timestamp":1612325865,"path_taken":["M","M","?","?","M","E"],"items_purchased_type":[],"build_version":"2020-12-22","purchased_purges":0,"victory":false,"max_hp_per_floor":[66,66,66,66,66,66,66],"card_choices":[{"not_picked":["animator:Sloth","animator:Illya"],"picked":"animator:DolaRiku","floor":0},{"not_picked":["animator:DolaCouronne","animator:Melzalgald"],"picked":"animator:Souei","floor":1},{"not_picked":["animator:Geryuganshoop","animator:Benimaru"],"picked":"animator:Illya","floor":2},{"not_picked":["animator:Shuna","animator:Kaijin"],"picked":"animator:MaesHughes","floor":5}],"player_experience":365635,"relics_obtained":[],"event_choices":[{"damage_healed":0,"gold_gain":0,"player_choice":"Take Wound","damage_taken":0,"relics_obtained":["Golden Idol"],"max_hp_gain":0,"max_hp_loss":0,"event_name":"Golden Idol","floor":3,"gold_loss":0,"cards_obtained":["Injury"]},{"damage_healed":0,"gold_gain":0,"player_choice":"Box","damage_taken":0,"relics_obtained":["Centennial Puzzle"],"max_hp_gain":0,"max_hp_loss":0,"event_name":"Big Fish","floor":4,"gold_loss":0,"cards_obtained":["Regret"]}],"is_beta":false,"boss_relics":[],"items_purged_floors":[],"is_endless":false,"potions_floor_spawned":[2,5],"killed_by":"Lagavulin","ascension_level":0}}