{"host":"takgv9cv6xf64vhq","time":1612393917,"event":{"mods":["BaseMod","Colored Powertips","Conspire","Decade(王小明)","Downfall","Energized Spire","Hermit","Hubris","LagranYue(拉格朗・月)","Marisa（F雨　魔理沙）","Minty Spire (QoL Compilation)","Replay The Spire","StSLib","The Cursed","The Hierophant","The Jungle","The Servant 0.9.4","TheHeartMod"],"gold_per_floor":[111,111,111,131,148,179,179,179,206,206,256,270,286,302,302,375,375,386,399,399,416,429,429,429,429,429,305,325,325,343,363,363,436,436,449,466,477,496,547,582,582,611,611,611,626,674,674,143,143,143,143,143,26,59,59],"floor_reached":56,"language":"ZHS","playtime":4799,"items_purged":["Parasite"],"score":1994,"play_id":"af2fcfe8-e43b-4584-b528-94ae851f7787","local_time":"20210204071157","is_ascension_mode":true,"campfire_choices":[{"data":"After Image","floor":7.0,"key":"SMITH"},{"data":"Concentrate","floor":10.0,"key":"SMITH"},{"floor":15.0,"key":"DIG"},{"data":"Adrenaline","floor":23.0,"key":"SMITH"},{"data":"Tools of the Trade","floor":25.0,"key":"SMITH"},{"data":"Backflip","floor":29.0,"key":"SMITH"},{"data":"conspire:DoublingDagger","floor":32.0,"key":"SMITH"},{"data":"Adrenaline","floor":41.0,"key":"SMITH"},{"floor":44.0,"key":"RECALL"},{"data":"Tactician","floor":47.0,"key":"SMITH"},{"data":"Distraction","floor":49.0,"key":"SMITH"},{"data":"Infinite Blades","floor":52.0,"key":"SMITH"}],"circlet_count":0,"master_deck":["AscendersBane","Strike_G","Strike_G","Defend_G","Defend_G","Defend_G","Defend_G","Defend_G","Survivor","Neutralize+1","Dodge and Roll","Concentrate+1","Flying Knee","After Image+1","Footwork","Acrobatics","Tactician+1","Bullet Time","Adrenaline+1","Infinite Blades+1","Slice","Hidden Blade","Unload","Tools of the Trade+1","Backflip+1","Backflip","conspire:DoublingDagger+1","Adrenaline+1","Quick Slash+1","Deadly Poison+1","Accuracy+1","Toxin Wave","Accuracy+1","ReplayTheSpireMod:Scrap Shanks","Draining Mist","Distraction+1","Sadistic Nature","Footwork","hubris:Sniper","Cloak And Dagger+1"],"relics":["expansioncontent:StudyCardRelic","hubris:Towel","Guardian:PocketSentry","Blood Vial","sneckomod:BlankCard","Snake Skull","conspire:RunicOctahedron","hexamod:BolsterEngine","HornCleat","energizedSpire:MagnifyingGlass","Turnip","hubris:Reverence","hubris:DeckOfHolding","CatCart","Sundial","Bird Faced Urn"],"acts_visited":["Exordium","TheCity","TheBeyond","TheEnding"],"potions_floor_usage":[55,55],"damage_taken":[{"damage":0.0,"enemies":"Jaw Worm","floor":1.0,"turns":2.0},{"damage":0.0,"enemies":"2 Louse","floor":4.0,"turns":2.0},{"damage":5.0,"enemies":"Small Slimes","floor":5.0,"turns":6.0},{"damage":15.0,"enemies":"Gremlin Nob","floor":6.0,"turns":5.0},{"damage":0.0,"enemies":"2 Fungi Beasts","floor":12.0,"turns":4.0},{"damage":1.0,"enemies":"Lots of Slimes","floor":13.0,"turns":2.0},{"damage":0.0,"enemies":"Looter","floor":14.0,"turns":3.0},{"damage":14.0,"enemies":"Slime Boss","floor":16.0,"turns":15.0},{"damage":0.0,"enemies":"Chosen","floor":18.0,"turns":4.0},{"damage":13.0,"enemies":"2 Thieves","floor":19.0,"turns":4.0},{"damage":3.0,"enemies":"Snake Plant","floor":21.0,"turns":6.0},{"damage":5.0,"enemies":"Shelled Parasite and Fungi","floor":22.0,"turns":5.0},{"damage":3.0,"enemies":"Chosen and Byrds","floor":28.0,"turns":6.0},{"damage":0.0,"enemies":"Snecko","floor":30.0,"turns":4.0},{"damage":0.0,"enemies":"Cultist and Chosen","floor":31.0,"turns":5.0},{"damage":18.0,"enemies":"hubris:MusketHawk","floor":33.0,"turns":6.0},{"damage":0.0,"enemies":"3 Darklings","floor":35.0,"turns":5.0},{"damage":4.0,"enemies":"3 Shapes","floor":36.0,"turns":5.0},{"damage":0.0,"enemies":"3 Darklings","floor":37.0,"turns":5.0},{"damage":0.0,"enemies":"Transient","floor":38.0,"turns":5.0},{"damage":0.0,"enemies":"2 Orb Walkers","floor":39.0,"turns":5.0},{"damage":1.0,"enemies":"Giant Head","floor":40.0,"turns":6.0},{"damage":2.0,"enemies":"Nemesis","floor":42.0,"turns":3.0},{"damage":0.0,"enemies":"Writhing Mass","floor":45.0,"turns":4.0},{"damage":0.0,"enemies":"Orin","floor":46.0,"turns":7.0},{"damage":26.0,"enemies":"Awakened One","floor":50.0,"turns":5.0},{"damage":6,"enemies":"Shield and Spear","floor":54,"turns":5},{"damage":0,"enemies":"The Heart","floor":55,"turns":6}],"seed_played":"-7527502752182541327","potions_obtained":[{"floor":1.0,"key":"CultistPotion"},{"floor":5.0,"key":"Fire Potion"},{"floor":6.0,"key":"LiquidMemories"},{"floor":14.0,"key":"Swift Potion"},{"floor":16.0,"key":"Strength Potion"},{"floor":18.0,"key":"Death Potion"},{"floor":30.0,"key":"Elixir"},{"floor":33.0,"key":"Flashbang"},{"floor":36.0,"key":"LiquidBronze"}],"is_trial":false,"path_per_floor":["M","?","?","M","M","E","R","?","T","R","T","M","M","M","R","B",null,"M","M","?","M","M","R","?","R","T","?","M","R","M","M","R","B",null,"M","M","M","M","?","E","R","E","T","R","M","?","R","$","R","B",null,"R","$","E","B",null],"character_chosen":"THE_SILENT","items_purchased":["Sundial","Sadistic Nature","Footwork","hubris:Sniper"],"campfire_rested":0,"item_purchase_floors":[48,48,53,53],"current_hp_per_floor":[59,59,59,59,54,39,39,39,39,39,39,41,42,44,44,32,58,60,49,37,36,33,33,33,33,33,33,32,32,34,36,36,20,58,60,58,60,62,64,65,65,65,65,65,67,69,69,68,68,42,62,62,62,58,68],"gold":59,"neow_bonus":"BOSS_RELIC","is_daily":false,"chose_seed":true,"campfire_upgraded":10,"win_rate":0.0,"timestamp":1612393917,"path_taken":["M","?","?","M","M","E","R","?","T","R","?","M","?","M","R","BOSS","M","M","?","M","M","R","?","R","T","?","M","R","M","?","R","BOSS","M","M","M","M","?","E","R","E","T","R","M","?","R","$","R","BOSS","R","$","E","BOSS"],"items_purchased_type":["Relic","Card","Card","Card"],"build_version":"2020-12-22","purchased_purges":1,"victory":true,"max_hp_per_floor":[66,66,66,66,66,66,66,66,66,66,66,66,66,66,66,66,66,66,66,71,71,71,71,71,71,71,71,71,71,71,71,71,71,71,71,71,71,71,71,71,71,71,71,71,71,71,71,68,68,68,68,68,68,68,68],"card_choices":[{"not_picked":["Poisoned Stab","Distraction"],"picked":"Dodge and Roll","floor":1.0},{"not_picked":["Flechettes","Bane"],"picked":"Concentrate","floor":4.0},{"not_picked":["Dagger Throw","Poisoned Stab"],"picked":"Flying Knee","floor":5.0},{"not_picked":["Prepared","Dodge and Roll"],"picked":"After Image","floor":6.0},{"not_picked":["Grand Finale","Dagger Throw"],"picked":"Footwork","floor":12.0},{"not_picked":["Prepared","Dagger Spray"],"picked":"Acrobatics","floor":13.0},{"not_picked":["Deadly Poison","Dodge and Roll"],"picked":"Tactician","floor":14.0},{"not_picked":["ReplayTheSpireMod:Necrosis","Malaise"],"picked":"Bullet Time","floor":16.0},{"not_picked":["Deadly Poison","Sucker Punch"],"picked":"Adrenaline","floor":18.0},{"not_picked":["Eviscerate","Dagger Throw"],"picked":"Infinite Blades","floor":19.0},{"not_picked":["Concentrate","Masterful Stab"],"picked":"Slice","floor":21.0},{"not_picked":["hubris:SlightOfHand","Flying Knee"],"picked":"Hidden Blade","floor":22.0},{"not_picked":["Bane","All Out Attack"],"picked":"Backflip","floor":28.0},{"not_picked":["ReplayTheSpireMod:Exploit Weakness","Sneak Up"],"picked":"Backflip","floor":30.0},{"not_picked":["Hidden Blade","Setup"],"picked":"conspire:DoublingDagger","floor":31.0},{"not_picked":["Burst","Corpse Explosion"],"picked":"Adrenaline","floor":33.0},{"not_picked":["Dodge and Roll+1","Leg Sweep"],"picked":"Quick Slash+1","floor":35.0},{"not_picked":["Acrobatics+1","Well Laid Plans"],"picked":"Deadly Poison+1","floor":36.0},{"not_picked":["Riddle With Holes","Footwork"],"picked":"Accuracy+1","floor":37.0},{"not_picked":["Outmaneuver","Replay:Poison Smokescreen"],"picked":"Toxin Wave","floor":38.0},{"not_picked":["Hidden Blade","Deflect"],"picked":"Accuracy+1","floor":39.0},{"not_picked":["Acrobatics","Deflect"],"picked":"ReplayTheSpireMod:Scrap Shanks","floor":40.0},{"not_picked":["Sucker Punch+1","Bane","Deadly Poison"],"picked":"SKIP","floor":42.0},{"not_picked":["ReplayTheSpireMod:Exploit Weakness","Dagger Spray"],"picked":"Draining Mist","floor":45.0},{"not_picked":["Bane","Hidden Blade"],"picked":"Distraction","floor":46.0},{"not_picked":["Noxious Fumes","Catalyst"],"picked":"Cloak And Dagger+1","floor":54}],"player_experience":376081,"relics_obtained":[{"floor":6.0,"key":"Guardian:PocketSentry"},{"floor":9.0,"key":"Blood Vial"},{"floor":11.0,"key":"sneckomod:BlankCard"},{"floor":15.0,"key":"Snake Skull"},{"floor":26.0,"key":"hexamod:BolsterEngine"},{"floor":39.0,"key":"Turnip"},{"floor":40.0,"key":"hubris:Reverence"},{"floor":42.0,"key":"hubris:DeckOfHolding"},{"floor":46.0,"key":"CatCart"},{"floor":54,"key":"Bird Faced Urn"}],"event_choices":[{"cards_removed":["Strike_G"],"damage_healed":0.0,"max_hp_gain":0.0,"max_hp_loss":0.0,"gold_gain":0.0,"event_name":"Living Wall","player_choice":"Forget","floor":8.0,"gold_loss":0.0,"damage_taken":0.0},{"damage_healed":0.0,"max_hp_gain":5.0,"max_hp_loss":0.0,"gold_gain":0.0,"event_name":"Forgotten Altar","player_choice":"Shed Blood","floor":20.0,"gold_loss":0.0,"damage_taken":17.0},{"damage_healed":0.0,"max_hp_gain":0.0,"max_hp_loss":0.0,"gold_gain":0.0,"cards_transformed":["Strike_G","Strike_G"],"event_name":"Drug Dealer","player_choice":"Became Test Subject","floor":24.0,"gold_loss":0.0,"damage_taken":0.0,"cards_obtained":["Unload","Tools of the Trade"]},{"damage_healed":0.0,"max_hp_gain":0.0,"max_hp_loss":0.0,"gold_gain":0.0,"event_name":"WeMeetAgain","player_choice":"Paid Gold","floor":27.0,"gold_loss":124.0,"damage_taken":0.0,"relics_obtained":["HornCleat"]},{"damage_healed":0.0,"max_hp_gain":0.0,"max_hp_loss":0.0,"gold_gain":0.0,"event_name":"Mysterious Sphere","player_choice":"Fight","floor":39.0,"gold_loss":0.0,"damage_taken":0.0},{"damage_healed":0.0,"max_hp_gain":0.0,"max_hp_loss":0.0,"gold_gain":0.0,"event_name":"OrinTheCat","player_choice":"Fight","floor":46.0,"gold_loss":0.0,"damage_taken":0.0}],"is_beta":false,"boss_relics":[{"not_picked":["Black Star","conspire:SeveredTorchhead"],"picked":"conspire:RunicOctahedron"},{"not_picked":["hubris:TerracottaHorce","Tiny House"],"picked":"energizedSpire:MagnifyingGlass"}],"items_purged_floors":[48],"is_endless":false,"potions_floor_spawned":[1,5,6,14,16,18,30,33,36,39,45,54],"ascension_level":14}}