{"host":"7gewg82ormp6yt4e","time":1612358318,"event":{"mods":["BaseMod","Block Reminder","Colored Map","DeckTracker","Highlight Path","Minty Spire (QoL Compilation)","Relic Stats","StSLib","ojb\u0027s Info Mod"],"gold_per_floor":[157,24,63,63,213,213,272,197,247,5,5,40,74,114,114,213,213,281,297,338,338,363,363],"floor_reached":22,"language":"JPN","playtime":1144,"items_purged":["Doubt","Shame"],"score":438,"play_id":"0f50acf5-7823-403c-b6a5-fa0143825b48","local_time":"20210203221838","is_ascension_mode":true,"campfire_choices":[{"data":"HandOfGreed","floor":6,"key":"SMITH"},{"data":"WheelKick","floor":15,"key":"SMITH"}],"circlet_count":0,"master_deck":["AscendersBane","Strike_P","Strike_P","Strike_P","Strike_P","Defend_P","Defend_P","Defend_P","Defend_P","Eruption","Vigilance+1","HandOfGreed+1","ReachHeaven","Tantrum","BattleHymn","Tantrum","Protect","WheelKick+1","Halt","Omniscience","Worship","Evaluate+1","EmptyFist"],"relics":["PureWater","Orichalcum","Omamori","StrikeDummy","Calling Bell","Regal Pillow","Letter Opener","Unceasing Top","Nunchaku"],"acts_visited":["Exordium","TheCity"],"potions_floor_usage":[14,16,18,22,22],"damage_taken":[{"damage":10,"enemies":"2 Louse","floor":1,"turns":5},{"damage":8,"enemies":"Small Slimes","floor":3,"turns":3},{"damage":7,"enemies":"3 Sentries","floor":7,"turns":4},{"damage":7,"enemies":"Jaw Worm","floor":12,"turns":2},{"damage":0,"enemies":"Gremlin Nob","floor":13,"turns":2},{"damage":2,"enemies":"Lots of Slimes","floor":14,"turns":4},{"damage":25,"enemies":"Hexaghost","floor":16,"turns":6},{"damage":0,"enemies":"3 Byrds","floor":18,"turns":2},{"damage":0,"enemies":"Chosen","floor":19,"turns":2},{"damage":54,"enemies":"Shelled Parasite and Fungi","floor":20,"turns":6},{"damage":12,"enemies":"Cultist and Chosen","floor":22,"turns":3}],"seed_played":"5996372319612997385","potions_obtained":[{"floor":13,"key":"Fire Potion"},{"floor":16,"key":"Ambrosia"},{"floor":18,"key":"SteroidPotion"},{"floor":20,"key":"FearPotion"}],"is_trial":false,"path_per_floor":["M","$","M","?","?","R","E","$","T","$","?","M","E","M","R","B",null,"M","M","M","?","M"],"character_chosen":"WATCHER","items_purchased":["Tantrum","BattleHymn","Tantrum","Strength Potion"],"campfire_rested":0,"item_purchase_floors":[2,2,10,10],"current_hp_per_floor":[51,51,43,48,48,48,41,41,41,41,41,34,34,32,32,7,57,57,57,3,3,0,0],"gold":363,"neow_bonus":"RANDOM_COLORLESS_2","is_daily":false,"chose_seed":false,"campfire_upgraded":2,"win_rate":0.0,"timestamp":1612358318,"path_taken":["M","$","M","?","?","R","E","$","T","$","?","M","E","M","R","BOSS","M","M","?","?","M"],"items_purchased_type":["Card","Card","Card","Potion"],"build_version":"2020-12-22","purchased_purges":2,"victory":false,"max_hp_per_floor":[68,68,68,73,73,73,73,73,73,73,73,73,73,73,73,73,73,73,73,73,73,73,73],"relic_stats":{"Regal Pillow":0,"Nunchaku":[0],"counters":[11,39],"Letter Opener":[0],"Orichalcum":[60],"obtain_stats":[{"Calling Bell":17,"Regal Pillow":17,"Nunchaku":21,"Omamori":9,"Letter Opener":17,"PureWater":0,"Orichalcum":7,"StrikeDummy":13,"Unceasing Top":17},{"Calling Bell":7,"Regal Pillow":7,"Nunchaku":10,"Omamori":3,"Letter Opener":7,"PureWater":0,"Orichalcum":3,"StrikeDummy":5,"Unceasing Top":7},{"Calling Bell":26,"Regal Pillow":26,"Nunchaku":36,"Omamori":12,"Letter Opener":26,"PureWater":0,"Orichalcum":12,"StrikeDummy":16,"Unceasing Top":26}],"Unceasing Top":[0]},"card_choices":[{"not_picked":["The Bomb","Metamorphosis"],"picked":"HandOfGreed","floor":0},{"not_picked":["Crescendo","JustLucky"],"picked":"ReachHeaven","floor":1},{"not_picked":["Perseverance","Evaluate","PathToVictory"],"picked":"SKIP","floor":3},{"not_picked":["Evaluate","FlurryOfBlows","Nirvana"],"picked":"SKIP","floor":7},{"not_picked":["SashWhip","Tantrum"],"picked":"Protect","floor":12},{"not_picked":["MasterReality","Crescendo"],"picked":"WheelKick","floor":13},{"not_picked":["Collect","Fasting2"],"picked":"Halt","floor":14},{"not_picked":["Blasphemy","MasterReality"],"picked":"Omniscience","floor":16},{"not_picked":["Halt","SashWhip"],"picked":"Worship","floor":18},{"not_picked":["Blasphemy","BattleHymn"],"picked":"Evaluate+1","floor":19},{"not_picked":["CrushJoints","JustLucky"],"picked":"EmptyFist","floor":20}],"player_experience":2765171,"relics_obtained":[{"floor":7,"key":"Orichalcum"},{"floor":9,"key":"Omamori"},{"floor":13,"key":"StrikeDummy"},{"floor":17,"key":"Regal Pillow"},{"floor":17,"key":"Letter Opener"},{"floor":17,"key":"Unceasing Top"}],"event_choices":[{"damage_healed":0,"gold_gain":0,"player_choice":"Donut","damage_taken":0,"max_hp_gain":5,"max_hp_loss":0,"event_name":"Big Fish","floor":4,"gold_loss":0},{"damage_healed":0,"gold_gain":150,"player_choice":"AGREE","damage_taken":0,"max_hp_gain":0,"max_hp_loss":0,"event_name":"Liars Game","floor":5,"gold_loss":0,"cards_obtained":["Doubt"]},{"damage_healed":0,"gold_gain":0,"player_choice":"Upgraded","damage_taken":0,"max_hp_gain":0,"max_hp_loss":0,"event_name":"Upgrade Shrine","floor":11,"gold_loss":0,"cards_upgraded":["Vigilance"]},{"damage_healed":0,"gold_gain":0,"player_choice":"Opened","damage_taken":0,"relics_obtained":["Nunchaku"],"max_hp_gain":0,"max_hp_loss":0,"event_name":"The Mausoleum","floor":21,"gold_loss":0,"cards_obtained":["Writhe"]}],"is_beta":false,"boss_relics":[{"not_picked":["Astrolabe","Runic Dome"],"picked":"Calling Bell"}],"items_purged_floors":[8,10],"is_endless":false,"potions_floor_spawned":[13,16,18,20],"killed_by":"Cultist and Chosen","ascension_level":20}}