{"host":"684z1xpuwaoqmmh1","time":1612356915,"event":{"mods":["A Magickal Journey","BaseMod","Dio Mod","Downfall","Hermit","Jorbs\u0027s Wanderer Trilogy","Marisa????????","Minty Spire (QoL Compilation)","Robot Space Explorer","Shade Mod","StSLib","The Dragon Tamer","The Elementalist","The Hayseed","The Hierophant","The Marked","The Mystic","The Runesmith","The Saiyan","The Vixen","TheBandit","TheFirefly"],"gold_per_floor":[87,87,107,107,117,117,130,158,183,183,216,166,200,212,212,308,308,323,305,337,337,357,357,357],"floor_reached":23,"language":"ENG","playtime":1381,"items_purged":[],"score":354,"play_id":"2ceb2209-471c-415b-aea6-847ff05f001c","local_time":"20210203145515","is_ascension_mode":true,"campfire_choices":[{"data":"Saiyan:AugmentedBlast","floor":6,"key":"SMITH"},{"data":"Saiyan:Momentum","floor":10,"key":"SMITH"},{"data":"Saiyan:SuperSaiyanForm","floor":15,"key":"SMITH"}],"circlet_count":0,"master_deck":["Saiyan:SAIYA_Strike","Saiyan:SAIYA_Strike","Saiyan:SAIYA_Strike","Saiyan:SAIYA_Defend","Saiyan:SAIYA_Defend","Saiyan:SAIYA_Defend","Saiyan:SAIYA_Defend","Saiyan:EnergyBlast","Saiyan:KaioKen","Saiyan:RuthlessBlow","Saiyan:SolarFlare","Saiyan:PowerUp","Saiyan:AugmentedBlast+1","Saiyan:RemoveWeights","Saiyan:KameHameHa","Saiyan:Momentum+1","Saiyan:Teleport","Saiyan:SuperSaiyanForm+1","Saiyan:MajinSeal","Saiyan:SoulSpice","Saiyan:FingerParry+1","Saiyan:Flurry","Saiyan:PowerStance","Saiyan:TurtleShell"],"relics":["SaiyanSoul","SaiyanHeart","Bronze Scales","Singing Bowl","Regal Pillow","The Courier","hexamod:BolsterEngine","SacredBark","Red Mask"],"acts_visited":["Exordium","TheCity"],"potions_floor_usage":[11,19,20],"damage_taken":[{"damage":0,"enemies":"2 Louse","floor":1,"turns":2},{"damage":0,"enemies":"Jaw Worm","floor":3,"turns":4},{"damage":0,"enemies":"Cultist","floor":5,"turns":4},{"damage":8,"enemies":"3 Louse","floor":7,"turns":4},{"damage":0,"enemies":"Lagavulin","floor":8,"turns":8},{"damage":10,"enemies":"Gremlin Nob","floor":11,"turns":4},{"damage":23,"enemies":"3 Sentries","floor":13,"turns":11},{"damage":0,"enemies":"Large Slime","floor":14,"turns":4},{"damage":0,"enemies":"Hexaghost","floor":16,"turns":10},{"damage":1,"enemies":"3 Byrds","floor":18,"turns":4},{"damage":2,"enemies":"2 Thieves","floor":19,"turns":5},{"damage":42,"enemies":"Masked Bandits","floor":20,"turns":7},{"damage":2,"enemies":"Chosen and Byrds","floor":22,"turns":6},{"damage":36,"enemies":"Gremlin Leader","floor":23,"turns":3}],"seed_played":"-3519552911739246510","potions_obtained":[{"floor":5,"key":"FearPotion"},{"floor":7,"key":"Block Potion"},{"floor":8,"key":"SteroidPotion"},{"floor":18,"key":"Energy Potion"},{"floor":20,"key":"Weak Potion"}],"is_trial":false,"path_per_floor":["M","?","M","T","M","R","M","E","T","R","E","?","E","M","R","B",null,"M","M","?","?","M","E"],"character_chosen":"SAIYAJIN","items_purchased":[],"campfire_rested":0,"item_purchase_floors":[],"current_hp_per_floor":[62,62,63,63,64,64,57,58,58,58,50,50,28,32,32,33,74,74,73,33,33,33,0,0],"gold":357,"neow_bonus":"ONE_RANDOM_RARE_CARD","is_daily":false,"chose_seed":false,"campfire_upgraded":3,"win_rate":0.0,"timestamp":1612356915,"path_taken":["M","?","M","?","M","R","?","E","T","R","E","?","E","M","R","BOSS","M","M","?","?","M","E"],"items_purchased_type":[],"build_version":"2020-12-22","purchased_purges":0,"victory":false,"max_hp_per_floor":[62,62,63,63,64,64,65,66,66,66,68,68,69,73,73,74,74,75,76,78,78,80,80,80],"card_choices":[{"not_picked":["Saiyan:SaiyanHubris","Saiyan:KiExplosion"],"picked":"Saiyan:PowerUp","floor":1},{"not_picked":["Saiyan:Honing","Saiyan:KameHameHa"],"picked":"Saiyan:AugmentedBlast","floor":3},{"not_picked":["Saiyan:DoubleMasenko","Saiyan:ExtremeSpeed"],"picked":"Saiyan:RemoveWeights","floor":5},{"not_picked":["Saiyan:PowerPole","Saiyan:Scouter"],"picked":"Saiyan:KameHameHa","floor":7},{"not_picked":["Saiyan:Furor","Saiyan:DragonRadar"],"picked":"Saiyan:Momentum","floor":8},{"not_picked":["Saiyan:PlotArmor","Saiyan:WarmUp"],"picked":"Saiyan:Teleport","floor":11},{"not_picked":["Saiyan:SaiyanHubris","Saiyan:PressOn"],"picked":"Saiyan:SuperSaiyanForm","floor":13},{"not_picked":["Saiyan:DoubleMasenko","Saiyan:Pacing","Saiyan:Twize"],"picked":"Singing Bowl","floor":14},{"not_picked":["Saiyan:Momentum","Saiyan:HyperTimeChamber"],"picked":"Saiyan:MajinSeal","floor":16},{"not_picked":["Saiyan:Planning","Saiyan:Makankosappo+1"],"picked":"Saiyan:SoulSpice","floor":18},{"not_picked":["Saiyan:RemoveWeights","Saiyan:Afterimage"],"picked":"Saiyan:FingerParry+1","floor":19},{"not_picked":["Saiyan:Taunt","Saiyan:Quickening"],"picked":"Saiyan:Flurry","floor":20},{"not_picked":["Saiyan:Pacing+1","Saiyan:DragonRadar+1"],"picked":"Saiyan:TurtleShell","floor":22}],"player_experience":2977095,"relics_obtained":[{"floor":4,"key":"Bronze Scales"},{"floor":8,"key":"Singing Bowl"},{"floor":9,"key":"Regal Pillow"},{"floor":11,"key":"The Courier"},{"floor":13,"key":"hexamod:BolsterEngine"},{"floor":20,"key":"Red Mask"}],"event_choices":[{"cards_removed":["Saiyan:SAIYA_Strike"],"damage_healed":0,"gold_gain":0,"player_choice":"Card Removal","damage_taken":0,"max_hp_gain":0,"max_hp_loss":0,"event_name":"The Cleric","floor":12,"gold_loss":50},{"damage_healed":0,"gold_gain":0,"player_choice":"Fought Bandits","damage_taken":0,"max_hp_gain":0,"max_hp_loss":0,"event_name":"Masked Bandits","floor":20,"gold_loss":0},{"damage_healed":0,"gold_gain":0,"player_choice":"Read","damage_taken":0,"max_hp_gain":0,"max_hp_loss":0,"event_name":"The Library","floor":21,"gold_loss":0,"cards_obtained":["Saiyan:PowerStance"]}],"is_beta":false,"boss_relics":[{"not_picked":["Runic Dome","Coffee Dripper"],"picked":"SacredBark"}],"items_purged_floors":[],"is_endless":false,"potions_floor_spawned":[5,7,8,18,20],"killed_by":"Gremlin Leader","ascension_level":3}}