{"host":"e8rlfedn69rz2s07","time":1612396467,"event":{"mods":["AchievementEnabler","BaseMod","Minty Spire (QoL Compilation)","Permanent Neow","Relic Stats"],"gold_per_floor":[109,120,132,149,168,196,206,206,229,263,263,307,316,346,346,434,434,456,490,508,508,201,233,233,263,263,272,288,327,346,388,397,481,481,499,508,508,535,560,586,615,615,624,624,624,624],"floor_reached":45,"language":"ENG","playtime":1912,"items_purged":["Strike_R"],"score":1075,"play_id":"ccaff66c-c7df-4062-8dc8-c5eae9a74700","local_time":"20210204015427","is_ascension_mode":true,"campfire_choices":[{"floor":8.0,"key":"REST"},{"floor":13.0,"key":"REST"},{"data":"Limit Break","floor":15.0,"key":"SMITH"},{"floor":24.0,"key":"REST"},{"floor":27.0,"key":"REST"},{"floor":32.0,"key":"REST"},{"floor":42.0,"key":"REST"},{"data":"Corruption","floor":44.0,"key":"SMITH"}],"circlet_count":0,"master_deck":["AscendersBane","Strike_R","Strike_R","Strike_R","Defend_R","Defend_R","Defend_R","Defend_R","Bash","Headbutt","Pommel Strike","Spot Weakness","Double Tap","Cleave","Rage","Shockwave","Shrug It Off","Heavy Blade+1","Limit Break+1","Battle Trance","Demon Form","Cleave+1","Shrug It Off","Ghostly Armor","Feed+1","Shrug It Off+1","Pummel+1","Ghostly Armor","Spot Weakness","Corruption+1","Dark Shackles","Hemokinesis+1","Shockwave+1","Shame"],"relics":["Burning Blood","Dream Catcher","Mercury Hourglass","CeramicFish","Molten Egg 2","Ancient Tea Set","Odd Mushroom","Cursed Key","Red Mask","Lantern","Bronze Scales","Omamori","Kunai","Ornamental Fan","Blue Candle","Black Star","Magic Flower","Gambling Chip","Matryoshka","Pantograph"],"acts_visited":["TheCity","TheBeyond"],"potions_floor_usage":[45],"damage_taken":[{"damage":8.0,"enemies":"Cultist","floor":1.0,"turns":5.0},{"damage":9.0,"enemies":"Jaw Worm","floor":2.0,"turns":4.0},{"damage":3.0,"enemies":"Small Slimes","floor":3.0,"turns":3.0},{"damage":7.0,"enemies":"Looter","floor":4.0,"turns":4.0},{"damage":27.0,"enemies":"Exordium Thugs","floor":5.0,"turns":4.0},{"damage":36.0,"enemies":"Gremlin Nob","floor":6.0,"turns":4.0},{"damage":12.0,"enemies":"Large Slime","floor":7.0,"turns":4.0},{"damage":28.0,"enemies":"Lagavulin","floor":10.0,"turns":8.0},{"damage":0.0,"enemies":"3 Sentries","floor":12.0,"turns":2.0},{"damage":0.0,"enemies":"The Mushroom Lair","floor":14.0,"turns":2.0},{"damage":28.0,"enemies":"Slime Boss","floor":16.0,"turns":5.0},{"damage":19.0,"enemies":"Spheric Guardian","floor":18.0,"turns":4.0},{"damage":29.0,"enemies":"Masked Bandits","floor":19.0,"turns":4.0},{"damage":6.0,"enemies":"2 Thieves","floor":20.0,"turns":4.0},{"damage":11.0,"enemies":"Slavers","floor":23.0,"turns":5.0},{"damage":48.0,"enemies":"Gremlin Leader","floor":25.0,"turns":8.0},{"damage":12.0,"enemies":"Shelled Parasite and Fungi","floor":28.0,"turns":3.0},{"damage":19.0,"enemies":"Book of Stabbing","floor":29.0,"turns":5.0},{"damage":7.0,"enemies":"Centurion and Healer","floor":30.0,"turns":8.0},{"damage":16.0,"enemies":"Gremlin Leader","floor":31.0,"turns":7.0},{"damage":25.0,"enemies":"Automaton","floor":33.0,"turns":6.0},{"damage":9.0,"enemies":"3 Darklings","floor":35.0,"turns":3.0},{"damage":11.0,"enemies":"Orb Walker","floor":38.0,"turns":3.0},{"damage":11.0,"enemies":"Mind Bloom Boss Battle","floor":39.0,"turns":5.0},{"damage":40.0,"enemies":"Reptomancer","floor":40.0,"turns":5.0},{"damage":32.0,"enemies":"Spire Growth","floor":41.0,"turns":6.0},{"damage":48,"enemies":"Giant Head","floor":45,"turns":6}],"seed_played":"-7682105071289869977","potions_obtained":[{"floor":3.0,"key":"FearPotion"},{"floor":4.0,"key":"Dexterity Potion"},{"floor":10.0,"key":"BlessingOfTheForge"},{"floor":12.0,"key":"BloodPotion"},{"floor":16.0,"key":"LiquidBronze"},{"floor":18.0,"key":"AttackPotion"},{"floor":21.0,"key":"Fire Potion"},{"floor":21.0,"key":"EntropicBrew"},{"floor":23.0,"key":"SmokeBomb"},{"floor":25.0,"key":"Energy Potion"},{"floor":33.0,"key":"LiquidBronze"},{"floor":40.0,"key":"Block Potion"},{"floor":41.0,"key":"Weak Potion"}],"is_trial":false,"path_per_floor":["M","M","M","M","M","E","M","R","T","E","?","E","R","?","R","B",null,"M","?","M","?","$","E","R","E","T","R","M","E","M","E","R","B",null,"M","?","?","M","?","E","M","R","T","R","E"],"character_chosen":"IRONCLAD","items_purchased":["Lantern","Ghostly Armor"],"campfire_rested":6,"item_purchase_floors":[22,22],"current_hp_per_floor":[66,63,66,65,44,14,8,30,30,8,8,14,36,42,42,20,61,63,40,40,40,40,35,57,15,15,37,31,22,25,15,39,20,67,64,54,71,70,65,40,17,44,44,44,0,0],"gold":624,"neow_bonus":"RANDOM_COMMON_RELIC","is_daily":false,"chose_seed":false,"campfire_upgraded":2,"win_rate":0.0,"timestamp":1612396467,"path_taken":["M","M","M","M","M","E","?","R","T","E","?","E","R","?","R","BOSS","M","?","M","?","$","E","R","E","T","R","M","E","M","E","R","BOSS","M","?","?","M","?","E","M","R","T","R","E"],"items_purchased_type":["Relic","Card"],"build_version":"2020-12-22","purchased_purges":1,"victory":false,"max_hp_per_floor":[75,75,75,75,75,75,75,75,75,75,75,75,75,75,75,75,75,75,75,75,75,75,75,75,75,75,75,75,79,83,83,83,83,83,83,83,83,87,87,91,91,91,91,91,91,91],"relic_stats":{"counters":[27,126],"CeramicFish":153,"Blue Candle":[0],"Magic Flower":[8],"Cursed Key":2,"Burning Blood":162,"Mercury Hourglass":[447],"Dream Catcher":6,"Ornamental Fan":[48],"Bronze Scales":[191],"Gambling Chip":[8],"Pantograph":0,"Black Star":1,"Kunai":[12],"obtain_stats":[{"Lantern":22,"CeramicFish":9,"Blue Candle":31,"Magic Flower":39,"Omamori":25,"Odd Mushroom":14,"Ancient Tea Set":12,"Cursed Key":17,"Burning Blood":0,"Mercury Hourglass":6,"Dream Catcher":0,"Matryoshka":40,"Ornamental Fan":29,"Bronze Scales":23,"Gambling Chip":40,"Pantograph":43,"Molten Egg 2":10,"Red Mask":19,"Black Star":34,"Kunai":26},{"Lantern":14,"CeramicFish":7,"Blue Candle":20,"Magic Flower":24,"Omamori":16,"Odd Mushroom":10,"Ancient Tea Set":9,"Cursed Key":11,"Burning Blood":0,"Mercury Hourglass":6,"Dream Catcher":0,"Matryoshka":25,"Ornamental Fan":18,"Bronze Scales":15,"Gambling Chip":25,"Pantograph":26,"Molten Egg 2":8,"Red Mask":13,"Black Star":21,"Kunai":16},{"Lantern":57,"CeramicFish":28,"Blue Candle":93,"Magic Flower":110,"Omamori":70,"Odd Mushroom":40,"Ancient Tea Set":38,"Cursed Key":45,"Burning Blood":0,"Mercury Hourglass":24,"Dream Catcher":0,"Matryoshka":115,"Ornamental Fan":78,"Bronze Scales":62,"Gambling Chip":115,"Pantograph":120,"Molten Egg 2":36,"Red Mask":53,"Black Star":99,"Kunai":70}]},"card_choices":[{"not_picked":["Twin Strike","Seeing Red"],"picked":"Headbutt","floor":1.0},{"not_picked":["Infernal Blade","Armaments"],"picked":"Pommel Strike","floor":2.0},{"not_picked":["Anger","Warcry"],"picked":"Spot Weakness","floor":3.0},{"not_picked":["Thunderclap","Wild Strike"],"picked":"Double Tap","floor":4.0},{"not_picked":["Feel No Pain","Infernal Blade"],"picked":"Cleave","floor":5.0},{"not_picked":["Wild Strike","Pommel Strike"],"picked":"Rage","floor":6.0},{"not_picked":["Heavy Blade","Flex"],"picked":"Shockwave","floor":7.0},{"not_picked":["Bloodletting","Pommel Strike"],"picked":"Shrug It Off","floor":8.0},{"not_picked":["Headbutt+1","Sword Boomerang+1"],"picked":"Heavy Blade+1","floor":10.0},{"not_picked":["Shockwave","Flex"],"picked":"Limit Break","floor":12.0},{"not_picked":["Cleave+1","Evolve"],"picked":"Battle Trance","floor":13.0},{"not_picked":["Double Tap","Fiend Fire+1"],"picked":"Demon Form","floor":16.0},{"not_picked":["Headbutt+1","Iron Wave+1"],"picked":"Cleave+1","floor":18.0},{"not_picked":["Armaments","Pommel Strike+1"],"picked":"Shrug It Off","floor":19.0},{"not_picked":["Reckless Charge+1","Perfected Strike+1","Pommel Strike+1"],"picked":"SKIP","floor":20.0},{"not_picked":["Power Through","Rampage+1","Flex"],"picked":"SKIP","floor":23.0},{"not_picked":["Clothesline+1","Blood for Blood+1","Anger+1"],"picked":"SKIP","floor":25.0},{"not_picked":["True Grit","Pommel Strike+1"],"picked":"Feed+1","floor":27.0},{"not_picked":["Clash+1","Iron Wave+1","Warcry+1"],"picked":"SKIP","floor":28.0},{"not_picked":["Uppercut+1","Metallicize"],"picked":"Shrug It Off+1","floor":29.0},{"not_picked":["Clash+1","Juggernaut"],"picked":"Pummel+1","floor":30.0},{"not_picked":["Rage","Body Slam+1"],"picked":"Ghostly Armor","floor":31.0},{"not_picked":["Headbutt+1","Sword Boomerang+1"],"picked":"Spot Weakness","floor":32.0},{"not_picked":["Juggernaut","Exhume"],"picked":"Corruption","floor":33.0},{"not_picked":["Anger+1","Havoc+1","Body Slam+1"],"picked":"SKIP","floor":35.0},{"not_picked":["Swift Strike+1","Flash of Steel+1"],"picked":"Dark Shackles","floor":36.0},{"not_picked":["Twin Strike+1","Heavy Blade+1"],"picked":"Hemokinesis+1","floor":38.0},{"not_picked":["Wild Strike+1","Anger+1","Evolve"],"picked":"SKIP","floor":40.0},{"not_picked":["Iron Wave+1","True Grit"],"picked":"Shockwave+1","floor":41.0}],"player_experience":1033447,"relics_obtained":[{"floor":6.0,"key":"Mercury Hourglass"},{"floor":9.0,"key":"CeramicFish"},{"floor":10.0,"key":"Molten Egg 2"},{"floor":12.0,"key":"Ancient Tea Set"},{"floor":14.0,"key":"Odd Mushroom"},{"floor":19.0,"key":"Red Mask"},{"floor":23.0,"key":"Bronze Scales"},{"floor":25.0,"key":"Omamori"},{"floor":26.0,"key":"Kunai"},{"floor":29.0,"key":"Ornamental Fan"},{"floor":31.0,"key":"Blue Candle"},{"floor":39.0,"key":"Magic Flower"},{"floor":40.0,"key":"Gambling Chip"},{"floor":40.0,"key":"Matryoshka"},{"floor":43.0,"key":"Pantograph"}],"event_choices":[{"cards_removed":["Strike_R"],"damage_healed":0.0,"max_hp_gain":0.0,"max_hp_loss":0.0,"gold_gain":0.0,"event_name":"Living Wall","player_choice":"Forget","floor":11.0,"gold_loss":0.0,"damage_taken":0.0},{"damage_healed":0.0,"max_hp_gain":0.0,"max_hp_loss":0.0,"gold_gain":0.0,"event_name":"Mushrooms","player_choice":"Fought Mushrooms","floor":14.0,"gold_loss":0.0,"damage_taken":0.0},{"damage_healed":0.0,"max_hp_gain":0.0,"max_hp_loss":0.0,"gold_gain":0.0,"event_name":"Masked Bandits","player_choice":"Fought Bandits","floor":19.0,"gold_loss":0.0,"damage_taken":0.0},{"damage_healed":0.0,"max_hp_gain":0.0,"max_hp_loss":0.0,"gold_gain":0.0,"event_name":"Lab","player_choice":"Got Potions","floor":21.0,"gold_loss":0.0,"damage_taken":0.0},{"damage_healed":0.0,"max_hp_gain":0.0,"max_hp_loss":0.0,"gold_gain":0.0,"event_name":"SensoryStone","player_choice":"Memory 3","floor":36.0,"gold_loss":0.0,"damage_taken":10.0},{"damage_healed":17.0,"max_hp_gain":0.0,"max_hp_loss":0.0,"gold_gain":0.0,"event_name":"Winding Halls","player_choice":"Writhe","floor":37.0,"gold_loss":0.0,"damage_taken":0.0,"cards_obtained":["Writhe"]},{"damage_healed":0.0,"max_hp_gain":0.0,"max_hp_loss":0.0,"gold_gain":0.0,"event_name":"MindBloom","player_choice":"Fight","floor":39.0,"gold_loss":0.0,"damage_taken":0.0}],"is_beta":false,"boss_relics":[{"not_picked":["Velvet Choker","Ectoplasm"],"picked":"Cursed Key"},{"not_picked":["Pandora\u0027s Box","Philosopher\u0027s Stone"],"picked":"Black Star"}],"items_purged_floors":[22],"is_endless":false,"potions_floor_spawned":[3,4,10,12,16,18,23,25,28,33,40,41],"killed_by":"Giant Head","ascension_level":18}}