{"host":"qxfsqqkvz99y95yf","time":1612394415,"event":{"mods":["BaseMod","Infinite Spire","Minty Spire (QoL Compilation)","Replay The Spire","StSLib"],"gold_per_floor":[116,134,134,10,10,10,44,64,64,97,97,108,108,127,127,223,223,234,15,28,103,121,156,156,156,156],"floor_reached":25,"language":"ENG","playtime":1439,"items_purged":["Dualcast","Strike_B"],"score":295,"play_id":"d68aa13f-4674-480e-9322-cd3729b6eed1","local_time":"20210203182015","is_ascension_mode":true,"campfire_choices":[{"floor":6,"key":"REST"},{"data":"Streamline","floor":13,"key":"SMITH"},{"data":"White Noise","floor":15,"key":"SMITH"},{"floor":24,"key":"REST"}],"circlet_count":0,"master_deck":["Strike_B","Strike_B","Strike_B","Defend_B+1","Defend_B+1","Defend_B","Defend_B","Zap+1","Panic Button+1","Melter+1","Gash","Streamline+1","Gash","Gash","White Noise+1","Conserve Battery","ReplayGash","Leap","Leap","Crystallizer","Panic Button+1"],"relics":["Cracked Core","TungstenRod","infinitespire:ShieldingShard","War Paint","infinitespire:Cupcake","Centennial Puzzle"],"acts_visited":["Exordium","TheCity"],"potions_floor_usage":[7,14,16,16,16,16,16,25],"damage_taken":[{"damage":0,"enemies":"Cultist","floor":1,"turns":3},{"damage":4,"enemies":"2 Louse","floor":2,"turns":4},{"damage":16,"enemies":"Lagavulin","floor":7,"turns":6},{"damage":0,"enemies":"Jaw Worm","floor":8,"turns":3},{"damage":20,"enemies":"Gremlin Nob","floor":10,"turns":4},{"damage":4,"enemies":"Lots of Slimes","floor":12,"turns":3},{"damage":0,"enemies":"Large Slime","floor":14,"turns":2},{"damage":0,"enemies":"Slime Boss","floor":16,"turns":6},{"damage":11,"enemies":"Shell Parasite","floor":18,"turns":4},{"damage":0,"enemies":"Spheric Guardian","floor":20,"turns":2},{"damage":14,"enemies":"Snake Plant","floor":22,"turns":5},{"damage":43,"enemies":"Gremlin Leader","floor":23,"turns":8},{"damage":31,"enemies":"Slavers","floor":25,"turns":3}],"seed_played":"9108928043325401163","potions_obtained":[{"floor":1,"key":"AttackPotion"},{"floor":7,"key":"Strength Potion"},{"floor":10,"key":"EntropicBrew"},{"floor":12,"key":"LifebloodPotion"},{"floor":23,"key":"PowerPotion"}],"is_trial":false,"path_per_floor":["M","M","?","$","?","R","E","M","T","E","$","M","R","M","R","B",null,"M","$","M","?","M","E","R","E"],"character_chosen":"DEFECT","items_purchased":["Gash","ReplayGash","Leap"],"campfire_rested":2,"item_purchase_floors":[4,19,19],"current_hp_per_floor":[75,71,56,56,49,71,55,55,55,35,35,31,31,31,31,31,75,64,64,64,58,44,1,23,0,0],"gold":156,"neow_bonus":"UPGRADE_CARD","is_daily":false,"chose_seed":false,"campfire_upgraded":2,"win_rate":0.0,"timestamp":1612394415,"path_taken":["M","?","?","$","?","R","E","M","T","E","?","M","R","M","R","BOSS","M","$","?","?","M","E","R","E"],"items_purchased_type":["Card","Card","Card"],"build_version":"2020-12-22","purchased_purges":2,"victory":false,"max_hp_per_floor":[75,75,75,75,75,75,75,75,75,75,75,75,75,75,75,75,75,75,75,75,75,75,75,75,75,75],"card_choices":[{"not_picked":["ReplaySort","Leap"],"picked":"Panic Button","floor":1},{"not_picked":["Barrage","Beam Cell"],"picked":"Melter","floor":2},{"not_picked":["BasicCrystalCard","Compile Driver"],"picked":"Streamline","floor":7},{"not_picked":["Rip and Tear","ReplaySolidLightProjector","Stack"],"picked":"SKIP","floor":8},{"not_picked":["Darkness","Panic Button"],"picked":"Gash","floor":10},{"not_picked":["Panic Button","Cold Snap"],"picked":"Gash","floor":12},{"not_picked":["Multi-Cast","Turbo"],"picked":"White Noise","floor":14},{"not_picked":["Beam Cell","Compile Driver"],"picked":"Conserve Battery","floor":18},{"not_picked":["Barrage","Steam","Streamline"],"picked":"SKIP","floor":20},{"not_picked":["Reinforced Body","Steam"],"picked":"Crystallizer","floor":22},{"not_picked":["Leap","Streamline"],"picked":"Panic Button+1","floor":23}],"player_experience":216312,"relics_obtained":[{"floor":7,"key":"infinitespire:ShieldingShard"},{"floor":10,"key":"War Paint"},{"floor":23,"key":"Centennial Puzzle"}],"event_choices":[{"damage_healed":0,"gold_gain":0,"player_choice":"Entered Light","damage_taken":15,"max_hp_gain":0,"max_hp_loss":0,"event_name":"Shining Light","floor":3,"gold_loss":0,"cards_upgraded":["Defend_B","Melter"]},{"damage_healed":0,"gold_gain":0,"player_choice":"Success","damage_taken":7,"relics_obtained":["TungstenRod"],"max_hp_gain":0,"max_hp_loss":0,"event_name":"Scrap Ooze","floor":5,"gold_loss":0},{"damage_healed":0,"gold_gain":75,"player_choice":"Touch","damage_taken":7,"max_hp_gain":0,"max_hp_loss":0,"event_name":"FaceTrader","floor":21,"gold_loss":0}],"is_beta":false,"boss_relics":[{"not_picked":["Replay:Drink Me","Abe\u0027s Treasure"],"picked":"infinitespire:Cupcake"}],"items_purged_floors":[4,19],"is_endless":false,"potions_floor_spawned":[1,7,10,12,23],"killed_by":"Slavers","ascension_level":1}}