{"host":"3498uni0c31c9bdm","time":1612372871,"event":{"mods":["BaseMod","Better Third Choice","Minty Spire (QoL Compilation)","Replay The Spire","StSLib"],"gold_per_floor":[116,5,5,23,23,23,52,70,70,70,70,83,144,159,159,230,230,244,294,344,361,70,70,70],"floor_reached":23,"language":"ENG","playtime":527,"items_purged":["Regret"],"score":406,"play_id":"1fd38dae-1367-4a11-a352-9e3474cb2b5d","local_time":"20210204042111","is_ascension_mode":true,"campfire_choices":[{"floor":6,"key":"REST"},{"floor":11,"key":"RECALL"},{"floor":15,"key":"REST"}],"circlet_count":0,"master_deck":["AscendersBane","Strike_P","Strike_P","Strike_P","Strike_P","Defend_P","Defend_P","Defend_P","Defend_P","Eruption","Vigilance","FlurryOfBlows","Fasting2+1","FollowUp","DeusExMachina","TalkToTheHand","Weave","MentalFortress","Alpha","Tantrum","EmptyFist","Wallop+1"],"relics":["PureWater","Question Card","SsserpentHead","Blue Doll","Toy Ornithopter","VioletLotus","Snack Pack"],"acts_visited":["Exordium","TheCity"],"potions_floor_usage":[16,21],"damage_taken":[{"damage":19,"enemies":"Jaw Worm","floor":1,"turns":5},{"damage":0,"enemies":"2 Louse","floor":4,"turns":3},{"damage":29,"enemies":"Gremlin Nob","floor":7,"turns":4},{"damage":6,"enemies":"Cultist","floor":8,"turns":3},{"damage":9,"enemies":"3 Louse","floor":12,"turns":3},{"damage":14,"enemies":"Exordium Wildlife","floor":13,"turns":5},{"damage":0,"enemies":"Slime Boss","floor":16,"turns":4},{"damage":39,"enemies":"Shell Parasite","floor":18,"turns":6},{"damage":20,"enemies":"2 Thieves","floor":21,"turns":3},{"damage":37,"enemies":"Slavers","floor":23,"turns":2}],"seed_played":"4103596743625629136","potions_obtained":[{"floor":4,"key":"FairyPotion"},{"floor":7,"key":"FearPotion"},{"floor":18,"key":"EssenceOfSteel"}],"is_trial":false,"path_per_floor":["M","$","?","M","?","R","E","M","T","$","R","M","M","?","R","B",null,"M","?","?","M","$","E"],"character_chosen":"WATCHER","items_purchased":["Fasting2","Snack Pack","Wallop+1"],"campfire_rested":2,"item_purchase_floors":[2,22,22],"current_hp_per_floor":[42,42,42,42,42,62,33,27,27,27,27,18,4,21,41,46,63,24,24,24,9,9,0,0],"gold":70,"neow_bonus":"RANDOM_EVENT","is_daily":false,"chose_seed":false,"campfire_upgraded":0,"win_rate":0.0,"timestamp":1612372871,"path_taken":["M","$","?","M","?","R","E","M","T","$","R","M","?","?","R","BOSS","M","?","?","M","$","E"],"items_purchased_type":["Card","Relic","Card"],"build_version":"2020-12-22","purchased_purges":1,"victory":false,"max_hp_per_floor":[68,68,68,68,68,68,68,68,68,68,68,68,68,68,68,68,68,68,68,68,68,68,68,68],"card_choices":[{"not_picked":["Replay:BluntJabs","BowlingBash","ClearTheMind"],"picked":"FlurryOfBlows","floor":1},{"not_picked":["CrushJoints","MentalFortress","Conclude"],"picked":"FollowUp","floor":4},{"not_picked":["Halt","WaveOfTheHand","FlurryOfBlows"],"picked":"DeusExMachina","floor":7},{"not_picked":["BowlingBash","SashWhip","Consecrate"],"picked":"TalkToTheHand","floor":8},{"not_picked":["Replay:Hum","ClearTheMind","Protect"],"picked":"Weave","floor":12},{"not_picked":["DeceiveReality","Replay:BluntJabs","Fasting2"],"picked":"MentalFortress","floor":13},{"not_picked":["Replay:LoomingThreat","Blasphemy","Wish"],"picked":"Alpha","floor":16},{"not_picked":["Halt","Meditate","FlyingSleeves"],"picked":"Tantrum","floor":18},{"not_picked":["Replay:Hum","FollowUp","Worship"],"picked":"EmptyFist","floor":21}],"player_experience":822878,"relics_obtained":[{"floor":7,"key":"Blue Doll"},{"floor":9,"key":"Toy Ornithopter"}],"event_choices":[{"damage_healed":0,"gold_gain":0,"player_choice":"Box","damage_taken":0,"relics_obtained":["Question Card"],"max_hp_gain":0,"max_hp_loss":0,"event_name":"Big Fish","floor":0,"gold_loss":0,"cards_obtained":["Regret"]},{"damage_healed":0,"gold_gain":0,"player_choice":"Grow","damage_taken":0,"max_hp_gain":0,"max_hp_loss":0,"event_name":"Living Wall","floor":3,"gold_loss":0,"cards_upgraded":["Fasting2"]},{"damage_healed":0,"gold_gain":0,"player_choice":"Trade","damage_taken":0,"relics_obtained":["SsserpentHead"],"max_hp_gain":0,"max_hp_loss":0,"event_name":"FaceTrader","floor":5,"gold_loss":0},{"damage_healed":17,"gold_gain":0,"player_choice":"Healed","damage_taken":0,"max_hp_gain":0,"max_hp_loss":0,"event_name":"The Cleric","floor":14,"gold_loss":35},{"damage_healed":0,"gold_gain":0,"player_choice":"Ignored","damage_taken":0,"max_hp_gain":0,"max_hp_loss":0,"event_name":"Ghosts","floor":20,"gold_loss":0}],"is_beta":false,"boss_relics":[{"not_picked":["Runic Pyramid","Velvet Choker"],"picked":"VioletLotus"}],"items_purged_floors":[2],"is_endless":false,"potions_floor_spawned":[4,7,18],"killed_by":"Slavers","ascension_level":14}}