{"host":"512s0dw15c3jqxy4","time":1612346324,"event":{"mods":["BaseMod","Colored Powertips","Highlight Path","Minty Spire (QoL Compilation)","Quick Restart","Relic Stats"],"gold_per_floor":[115,115,132,307,307,341,341,373,447,280,280,280,298,316,316,437,437,453,453,476,228,228,259,259,279,279,18,18,41,81,41,41,164,164,182,246,246,246,261,261,301,364,364,5,5,5,5,41,41,41,41],"floor_reached":50,"language":"ENG","playtime":3081,"items_purged":["Doubt","Strike_R"],"score":700,"play_id":"9fab1fd3-6c85-4cc0-98e9-a4b17c55283f","local_time":"20210202235844","is_ascension_mode":true,"campfire_choices":[{"data":"Bludgeon","floor":7.0,"key":"SMITH"},{"data":"Limit Break","floor":15.0,"key":"SMITH"},{"data":"Metallicize","floor":24.0,"key":"SMITH"},{"data":"Bandage Up","floor":28.0,"key":"SMITH"},{"data":"Juggernaut","floor":32.0,"key":"SMITH"},{"data":"1","floor":40.0,"key":"LIFT"},{"data":"2","floor":45.0,"key":"LIFT"},{"data":"3","floor":47.0,"key":"LIFT"},{"data":"Demon Form","floor":49.0,"key":"SMITH"}],"circlet_count":0,"master_deck":["Strike_R","Defend_R","Defend_R","Defend_R","Bash","Dual Wield","Rage+1","Bludgeon+1","Headbutt","Limit Break+1","Metallicize+1","Shrug It Off+1","Dropkick","Disarm","Juggernaut+1","Rage+1","Anger","Limit Break+1","Power Through","Spot Weakness","Burning Pact","Body Slam","Bandage Up+1","Sword Boomerang","Carnage","Demon Form+1","Spot Weakness","Sword Boomerang+1","Shrug It Off+1","Metamorphosis","Evolve","Seeing Red"],"relics":["Burning Blood","NeowsBlessing","Vajra","Blood Vial","Meat on the Bone","Golden Idol","Strawberry","Velvet Choker","DollysMirror","War Paint","Bottled Flame","Lantern","Bronze Scales","Snecko Eye","Girya","Smiling Mask","Calipers","Pantograph","HandDrill","Question Card"],"acts_visited":["Exordium","TheCity","TheBeyond"],"potions_floor_usage":[],"damage_taken":[{"damage":0.0,"enemies":"2 Louse","floor":1.0,"turns":1.0},{"damage":0.0,"enemies":"Small Slimes","floor":3.0,"turns":2.0},{"damage":0.0,"enemies":"Gremlin Nob","floor":6.0,"turns":1.0},{"damage":46.0,"enemies":"Lagavulin","floor":8.0,"turns":8.0},{"damage":0.0,"enemies":"Cultist","floor":13.0,"turns":2.0},{"damage":8.0,"enemies":"Blue Slaver","floor":14.0,"turns":5.0},{"damage":41.0,"enemies":"Hexaghost","floor":16.0,"turns":11.0},{"damage":31.0,"enemies":"3 Byrds","floor":18.0,"turns":5.0},{"damage":5.0,"enemies":"Shell Parasite","floor":20.0,"turns":5.0},{"damage":60.0,"enemies":"Gremlin Leader","floor":23.0,"turns":6.0},{"damage":12.0,"enemies":"Cultist and Chosen","floor":25.0,"turns":7.0},{"damage":25.0,"enemies":"Shelled Parasite and Fungi","floor":29.0,"turns":4.0},{"damage":11.0,"enemies":"Slavers","floor":30.0,"turns":5.0},{"damage":64.0,"enemies":"Collector","floor":33.0,"turns":8.0},{"damage":0.0,"enemies":"Orb Walker","floor":35.0,"turns":1.0},{"damage":17.0,"enemies":"2 Orb Walkers","floor":36.0,"turns":4.0},{"damage":15.0,"enemies":"3 Shapes","floor":39.0,"turns":6.0},{"damage":27.0,"enemies":"Reptomancer","floor":41.0,"turns":4.0},{"damage":27.0,"enemies":"Mind Bloom Boss Battle","floor":42.0,"turns":4.0},{"damage":27.0,"enemies":"Nemesis","floor":48.0,"turns":5.0},{"damage":96,"enemies":"Awakened One","floor":50,"turns":6}],"seed_played":"2876234554024013576","potions_obtained":[{"floor":1.0,"key":"Swift Potion"},{"floor":8.0,"key":"Dexterity Potion"},{"floor":14.0,"key":"DuplicationPotion"},{"floor":18.0,"key":"LiquidMemories"},{"floor":23.0,"key":"HeartOfIron"},{"floor":30.0,"key":"BloodPotion"},{"floor":33.0,"key":"LiquidMemories"},{"floor":35.0,"key":"Fire Potion"},{"floor":38.0,"key":"LiquidMemories"},{"floor":48.0,"key":"SpeedPotion"}],"is_trial":false,"path_per_floor":["M","?","M","?","?","E","R","E","T","$","?","?","M","M","R","B",null,"M","?","M","$","?","E","R","M","T","$","R","M","E","$","R","B",null,"M","?","?","?","M","R","E","?","T","$","R","$","R","E","R","B"],"character_chosen":"IRONCLAD","items_purchased":["Metallicize","Shrug It Off","DollysMirror","Lantern","Body Slam","Bandage Up","Carnage","HandDrill","Metamorphosis","Evolve"],"campfire_rested":0,"item_purchase_floors":[10,10,21,27,27,27,31,44,44,44],"current_hp_per_floor":[80,73,79,79,79,80,80,40,40,40,20,27,47,59,59,38,87,62,62,65,65,65,25,25,33,33,33,33,34,49,49,49,28,87,87,76,76,76,69,69,56,55,55,55,55,55,55,54,54,0,0],"gold":41,"neow_bonus":"THREE_ENEMY_KILL","is_daily":false,"chose_seed":false,"campfire_upgraded":6,"win_rate":0.0,"timestamp":1612346324,"path_taken":["M","?","M","?","?","E","R","E","T","$","?","?","M","?","R","BOSS","M","?","?","?","?","E","R","?","T","?","R","M","E","?","R","BOSS","M","?","?","?","?","R","E","?","T","$","R","$","R","E","R","BOSS"],"items_purchased_type":["Card","Card","Relic","Relic","Card","Card","Card","Relic","Card","Card"],"build_version":"2020-12-22","purchased_purges":2,"victory":false,"max_hp_per_floor":[80,80,80,80,80,80,80,80,80,80,80,87,87,87,87,87,87,87,87,87,87,87,87,87,87,87,87,87,87,87,87,87,87,87,87,87,87,87,87,87,87,87,87,87,87,87,87,87,87,87,87],"relic_stats":{"counters":[21,100],"Golden Idol":136,"War Paint":["Rage","Shrug It Off"],"Smiling Mask":0,"Question Card":0,"Burning Blood":103,"Blood Vial":28,"Bronze Scales":[111],"Pantograph":25,"Snecko Eye":[59,59,47,58],"HandDrill":[0],"obtain_stats":[{"Girya":36,"Lantern":27,"Calipers":42,"NeowsBlessing":0,"Golden Idol":11,"Vajra":6,"Velvet Choker":17,"War Paint":23,"Smiling Mask":41,"Question Card":48,"Burning Blood":0,"Blood Vial":8,"Bottled Flame":26,"DollysMirror":21,"Strawberry":12,"Bronze Scales":30,"Pantograph":43,"Snecko Eye":34,"HandDrill":44,"Meat on the Bone":9},{"Girya":16,"Lantern":11,"Calipers":19,"NeowsBlessing":0,"Golden Idol":4,"Vajra":3,"Velvet Choker":7,"War Paint":10,"Smiling Mask":18,"Question Card":20,"Burning Blood":0,"Blood Vial":4,"Bottled Flame":11,"DollysMirror":9,"Strawberry":4,"Bronze Scales":13,"Pantograph":19,"Snecko Eye":14,"HandDrill":19,"Meat on the Bone":4},{"Girya":75,"Lantern":53,"Calipers":89,"NeowsBlessing":0,"Golden Idol":12,"Vajra":4,"Velvet Choker":30,"War Paint":46,"Smiling Mask":85,"Question Card":94,"Burning Blood":0,"Blood Vial":12,"Bottled Flame":53,"DollysMirror":40,"Strawberry":12,"Bronze Scales":62,"Pantograph":89,"Snecko Eye":70,"HandDrill":89,"Meat on the Bone":12}],"Meat on the Bone":120},"card_choices":[{"not_picked":["Clothesline","Flex"],"picked":"Dual Wield","floor":1.0},{"not_picked":["Sword Boomerang","Blood for Blood"],"picked":"Rage","floor":3.0},{"not_picked":["Second Wind","Intimidate"],"picked":"Headbutt","floor":6.0},{"not_picked":["Armaments","Headbutt"],"picked":"Limit Break","floor":8.0},{"not_picked":["Clash","Havoc"],"picked":"Dropkick","floor":13.0},{"not_picked":["Headbutt","Heavy Blade"],"picked":"Disarm","floor":14.0},{"not_picked":["Exhume","Bludgeon"],"picked":"Juggernaut","floor":16.0},{"not_picked":["Flex","Armaments"],"picked":"Rage+1","floor":18.0},{"not_picked":["Flex","Shockwave+1"],"picked":"Anger","floor":20.0},{"not_picked":["Shrug It Off","Pommel Strike"],"picked":"Spot Weakness","floor":23.0},{"not_picked":["Rage","Body Slam"],"picked":"Burning Pact","floor":25.0},{"not_picked":["Twin Strike","Perfected Strike"],"picked":"Sword Boomerang","floor":29.0},{"not_picked":["Sword Boomerang","Havoc","Wild Strike"],"picked":"SKIP","floor":30.0},{"not_picked":["Immolate","Limit Break"],"picked":"Demon Form","floor":33.0},{"not_picked":["Evolve","Perfected Strike","Headbutt+1"],"picked":"SKIP","floor":35.0},{"not_picked":["Body Slam+1","Cleave"],"picked":"Spot Weakness","floor":36.0},{"not_picked":["Twin Strike+1","Heavy Blade+1"],"picked":"Sword Boomerang+1","floor":39.0},{"not_picked":["Sword Boomerang+1","Dual Wield+1"],"picked":"Shrug It Off+1","floor":41.0},{"not_picked":["Anger+1","Intimidate"],"picked":"Seeing Red","floor":48.0}],"player_experience":224837,"relics_obtained":[{"floor":6.0,"key":"Vajra"},{"floor":8.0,"key":"Blood Vial"},{"floor":9.0,"key":"Meat on the Bone"},{"floor":23.0,"key":"War Paint"},{"floor":26.0,"key":"Bottled Flame"},{"floor":30.0,"key":"Bronze Scales"},{"floor":36.0,"key":"Girya"},{"floor":41.0,"key":"Smiling Mask"},{"floor":42.0,"key":"Calipers"},{"floor":43.0,"key":"Pantograph"},{"floor":48.0,"key":"Question Card"}],"event_choices":[{"cards_removed":["Strike_R"],"damage_healed":0.0,"max_hp_gain":0.0,"max_hp_loss":0.0,"gold_gain":0.0,"event_name":"Golden Wing","player_choice":"Card Removal","floor":2.0,"gold_loss":0.0,"damage_taken":7.0},{"damage_healed":0.0,"max_hp_gain":0.0,"max_hp_loss":0.0,"gold_gain":175.0,"event_name":"Liars Game","player_choice":"AGREE","floor":4.0,"gold_loss":0.0,"damage_taken":0.0,"cards_obtained":["Doubt"]},{"damage_healed":0.0,"max_hp_gain":0.0,"max_hp_loss":0.0,"gold_gain":0.0,"cards_transformed":["Strike_R"],"event_name":"Living Wall","player_choice":"Change","floor":5.0,"gold_loss":0.0,"damage_taken":0.0,"cards_obtained":["Bludgeon"]},{"damage_healed":0.0,"max_hp_gain":0.0,"max_hp_loss":0.0,"gold_gain":0.0,"event_name":"Golden Idol","player_choice":"Take Damage","floor":11.0,"gold_loss":0.0,"damage_taken":20.0,"relics_obtained":["Golden Idol"]},{"damage_healed":0.0,"max_hp_gain":0.0,"max_hp_loss":0.0,"gold_gain":0.0,"event_name":"WeMeetAgain","player_choice":"Gave Potion","floor":12.0,"gold_loss":0.0,"damage_taken":0.0,"relics_obtained":["Strawberry"]},{"damage_healed":0.0,"max_hp_gain":0.0,"max_hp_loss":0.0,"gold_gain":0.0,"event_name":"N\u0027loth","player_choice":"Ignored","floor":19.0,"gold_loss":0.0,"damage_taken":0.0},{"damage_healed":0.0,"max_hp_gain":0.0,"max_hp_loss":0.0,"gold_gain":0.0,"cards_transformed":["Strike_R"],"event_name":"Transmorgrifier","player_choice":"Transformed","floor":22.0,"gold_loss":0.0,"damage_taken":0.0,"cards_obtained":["Power Through"]},{"damage_healed":0.0,"max_hp_gain":0.0,"max_hp_loss":0.0,"gold_gain":0.0,"event_name":"Mysterious Sphere","player_choice":"Fight","floor":36.0,"gold_loss":0.0,"damage_taken":0.0},{"cards_removed":["Defend_R"],"damage_healed":0.0,"max_hp_gain":0.0,"max_hp_loss":0.0,"gold_gain":0.0,"event_name":"Falling","player_choice":"Removed Skill","floor":37.0,"gold_loss":0.0,"damage_taken":0.0},{"damage_healed":0.0,"max_hp_gain":0.0,"max_hp_loss":0.0,"gold_gain":0.0,"event_name":"Lab","player_choice":"Got Potions","floor":38.0,"gold_loss":0.0,"damage_taken":0.0},{"damage_healed":0.0,"max_hp_gain":0.0,"max_hp_loss":0.0,"gold_gain":0.0,"event_name":"MindBloom","player_choice":"Fight","floor":42.0,"gold_loss":0.0,"damage_taken":0.0}],"is_beta":false,"boss_relics":[{"not_picked":["Empty Cage","Black Blood"],"picked":"Velvet Choker"},{"not_picked":["Calling Bell","Sozu"],"picked":"Snecko Eye"}],"items_purged_floors":[10,21],"is_endless":false,"potions_floor_spawned":[1,8,14,18,23,30,33,35,48],"killed_by":"Awakened One","ascension_level":3}}