{"host":"w8xisjf5mgmfjvmt","time":1612324575,"event":{"mods":["BaseMod","BetterRewards","Challenge The Spire","Conspire","Dota2Spire","Energized Spire","Filter the Spire","Minty Spire (QoL Compilation)","Quarter Circle Forward PUNCH!","Quick Restart","Relic Stats","Replay The Spire","Shop Mod","Spicy Shops","StSLib","¡¾ÒÅÎï¿¨ÅÆ¡¿REMEMod","óô»ðÖ¸ÄÏ"],"gold_per_floor":[109,20,47,61,71,97,97,97,97,116,134,163,180,212,212,291,291,311,311,325,325,250,276,291,326,351,384,398,427,444,463,55,139,148,167,178,53,71,71,71,71],"floor_reached":40,"language":"ZHS","playtime":2047,"items_purged":["Strike_G","Strike_G","Defend_G"],"score":1630,"play_id":"b05d5677-d5bc-447e-a0ca-efb086d79351","local_time":"20210203115615","is_ascension_mode":true,"campfire_choices":[{"data":"Glass Knife","floor":8.0,"key":"SMITH"},{"data":"Deadly Poison","floor":15.0,"key":"SMITH"}],"circlet_count":0,"master_deck":["AscendersBane","Defend_G+1","Defend_G+1","Defend_G","Defend_G","Survivor","Neutralize","Glass Knife+1","Corpse Explosion","Deadly Poison+1","Acrobatics","Toxin Wave","Dodge and Roll","Adrenaline+1","Prepared","PiercingWail","Wraith Form v2","Replay:Poison Smokescreen","Backflip","Hidden Blade","Distraction","Infinite Blades","Adrenaline","CurseOfTheBell"],"relics":["Ring of the Snake","REME_ComplimentaryCards","Potion Belt","REME_PoisonedDagger","War Paint","Dota2Spire:Satanic","qcfpunch:Red_Beret","Philosopher\u0027s Stone","ReplayTheSpireMod:Ring of Exchange","Dota2Spire:DrumOfEndurance","Dead Branch","Pear","CeramicFish","OrangePellets","Calling Bell","Art of War","REME_HourglassOfDeath","Replay:Arrowhead"],"acts_visited":["Exordium","TheCity","TheBeyond"],"potions_floor_usage":[],"damage_taken":[{"damage":0.0,"enemies":"Cultist","floor":1.0,"turns":3.0},{"damage":0.0,"enemies":"Small Slimes","floor":4.0,"turns":4.0},{"damage":0.0,"enemies":"2 Louse","floor":5.0,"turns":3.0},{"damage":33.0,"enemies":"Gremlin Nob","floor":6.0,"turns":4.0},{"damage":0.0,"enemies":"2 Fungi Beasts","floor":10.0,"turns":1.0},{"damage":1.0,"enemies":"Blue Slaver","floor":11.0,"turns":3.0},{"damage":1.0,"enemies":"Lagavulin","floor":12.0,"turns":5.0},{"damage":0.0,"enemies":"Exordium Thugs","floor":13.0,"turns":3.0},{"damage":0.0,"enemies":"Gremlin Nob","floor":14.0,"turns":3.0},{"damage":20.0,"enemies":"The Guardian","floor":16.0,"turns":9.0},{"damage":1.0,"enemies":"Spheric Guardian","floor":18.0,"turns":4.0},{"damage":1.0,"enemies":"Shell Parasite","floor":20.0,"turns":5.0},{"damage":9.0,"enemies":"REME_1_Revenger","floor":23.0,"turns":7.0},{"damage":2.0,"enemies":"Centurion and Healer","floor":24.0,"turns":8.0},{"damage":8.0,"enemies":"Book of Stabbing","floor":25.0,"turns":5.0},{"damage":0.0,"enemies":"conspire:Head Lice","floor":27.0,"turns":6.0},{"damage":0.0,"enemies":"Snecko","floor":28.0,"turns":3.0},{"damage":19.0,"enemies":"Book of Stabbing","floor":29.0,"turns":5.0},{"damage":5.0,"enemies":"Sentry and Sphere","floor":30.0,"turns":5.0},{"damage":0.0,"enemies":"3 Cultists","floor":31.0,"turns":2.0},{"damage":0.0,"enemies":"Pondfish","floor":33.0,"turns":9.0},{"damage":0,"enemies":"3 Shapes","floor":35,"turns":3},{"damage":6,"enemies":"3 Darklings","floor":36,"turns":5},{"damage":13,"enemies":"Maw","floor":38,"turns":7},{"damage":13,"enemies":"Giant Head","floor":40,"turns":7}],"seed_played":"-8267558889564263034","potions_obtained":[{"floor":1.0,"key":"Elixir"},{"floor":5.0,"key":"DistilledChaos"},{"floor":6.0,"key":"Block Potion"},{"floor":13.0,"key":"SneckoOil"},{"floor":14.0,"key":"Energy Potion"},{"floor":20.0,"key":"SkillPotion"},{"floor":24.0,"key":"Strength Potion"},{"floor":25.0,"key":"SteroidPotion"},{"floor":30.0,"key":"LiquidBronze"},{"floor":31.0,"key":"LifebloodPotion"},{"floor":33.0,"key":"DuplicationPotion"},{"floor":38,"key":"Toxic Potion"}],"is_trial":false,"path_per_floor":["M","$","T","M","M","E","?","R","T","M","M","E","M","E","R","B",null,"M","?","M","?","?","E","M","E","T","E","M","E","M","M","R","B",null,"M","M","$","M","?","E"],"character_chosen":"THE_SILENT","items_purchased":["Acrobatics","Infinite Blades","OrangePellets"],"campfire_rested":0,"item_purchase_floors":[2,32,32],"current_hp_per_floor":[59,59,59,59,59,26,26,26,26,26,25,24,24,34,34,14,53,52,52,51,51,51,42,58,50,50,60,76,73,68,68,68,68,74,74,68,68,55,55,42,42],"gold":71,"neow_bonus":"ONE_RANDOM_RARE_CARD","is_daily":false,"chose_seed":false,"campfire_upgraded":2,"win_rate":0.0,"timestamp":1612324575,"path_taken":["M","$","?","M","M","E","?","R","T","M","M","E","M","E","R","BOSS","M","?","M","?","?","E","M","E","T","E","M","E","?","M","R","BOSS","M","M","$","M","?","E"],"items_purchased_type":["Card","Card","Relic"],"build_version":"2020-12-22","purchased_purges":3,"victory":false,"max_hp_per_floor":[66,66,66,66,66,66,66,66,66,66,66,66,66,66,66,66,66,66,66,66,66,66,66,66,66,66,76,76,76,76,76,76,76,76,76,76,76,76,76,76,76],"relic_stats":{"OrangePellets":[8],"counters":[25,119],"Dead Branch":[90],"CeramicFish":36,"Art of War":[1],"War Paint":["Defend_G","Defend_G"],"obtain_stats":[{"Potion Belt":3,"ReplayTheSpireMod:Ring of Exchange":21,"Pear":27,"Dead Branch":25,"CeramicFish":29,"Dota2Spire:DrumOfEndurance":23,"qcfpunch:Red_Beret":14,"War Paint":9,"REME_PoisonedDagger":6,"Replay:Arrowhead":34,"Calling Bell":34,"Dota2Spire:Satanic":12,"OrangePellets":32,"REME_HourglassOfDeath":34,"Philosopher\u0027s Stone":17,"Art of War":34,"Ring of the Snake":0,"REME_ComplimentaryCards":0},{"Potion Belt":1,"ReplayTheSpireMod:Ring of Exchange":12,"Pear":16,"Dead Branch":15,"CeramicFish":18,"Dota2Spire:DrumOfEndurance":13,"qcfpunch:Red_Beret":9,"War Paint":4,"REME_PoisonedDagger":4,"Replay:Arrowhead":21,"Calling Bell":21,"Dota2Spire:Satanic":7,"OrangePellets":20,"REME_HourglassOfDeath":21,"Philosopher\u0027s Stone":10,"Art of War":21,"Ring of the Snake":0,"REME_ComplimentaryCards":0},{"Potion Belt":3,"ReplayTheSpireMod:Ring of Exchange":47,"Pear":73,"Dead Branch":67,"CeramicFish":81,"Dota2Spire:DrumOfEndurance":54,"qcfpunch:Red_Beret":29,"War Paint":14,"REME_PoisonedDagger":14,"Replay:Arrowhead":97,"Calling Bell":97,"Dota2Spire:Satanic":23,"OrangePellets":88,"REME_HourglassOfDeath":97,"Philosopher\u0027s Stone":38,"Art of War":97,"Ring of the Snake":0,"REME_ComplimentaryCards":0}],"Ring of the Snake":[50]},"card_choices":[{"not_picked":["Outmaneuver","Flying Knee"],"picked":"Deadly Poison","floor":1.0},{"not_picked":["REME_ShadowStrike","Hidden Blade"],"picked":"Toxin Wave","floor":4.0},{"not_picked":["Expertise","Prepared","Flechettes"],"picked":"SKIP","floor":5.0},{"not_picked":["ReplayTheSpireMod:The Works","Deflect"],"picked":"Dodge and Roll","floor":6.0},{"not_picked":["Accuracy","conspire:PoisonWeapons","Bane"],"picked":"SKIP","floor":10.0},{"not_picked":["Prepared","Flying Knee","Acrobatics"],"picked":"SKIP","floor":11.0},{"not_picked":["Slice","Terror"],"picked":"Prepared","floor":12.0},{"not_picked":["Blur","Atom Bomb"],"picked":"PiercingWail","floor":13.0},{"not_picked":["Dagger Spray","Underhanded Strike","ReplayTheSpireMod:Tripwire"],"picked":"SKIP","floor":14.0},{"not_picked":["Grand Finale","Glass Knife"],"picked":"Wraith Form v2","floor":16.0},{"not_picked":["Poisoned Stab","Blade Dance","Bane"],"picked":"SKIP","floor":18.0},{"not_picked":["Deadly Poison+1","conspire:PoisonWeapons","Cloak And Dagger"],"picked":"SKIP","floor":20.0},{"not_picked":["REME_LeechingPoison","Bouncing Flask"],"picked":"Replay:Poison Smokescreen","floor":23.0},{"not_picked":["Quick Slash+1","Outmaneuver"],"picked":"Backflip","floor":24.0},{"not_picked":["Cloak And Dagger","Heel Hook"],"picked":"Hidden Blade","floor":25.0},{"not_picked":["Prepared","PiercingWail","Dash"],"picked":"SKIP","floor":27.0},{"not_picked":["Cloak And Dagger","Outmaneuver","ReplayTheSpireMod:Shiv Toss+1"],"picked":"SKIP","floor":28.0},{"not_picked":["Dagger Throw","Sucker Punch","Prepared"],"picked":"SKIP","floor":29.0},{"not_picked":["ReplayTheSpireMod:Shiv Toss","Prepared","Sucker Punch"],"picked":"SKIP","floor":30.0},{"not_picked":["Dodge and Roll","Poisoned Stab"],"picked":"Distraction","floor":31.0},{"not_picked":["Wraith Form v2","Die Die Die"],"picked":"Adrenaline","floor":33.0},{"not_picked":["Dagger Spray","Setup","Bane"],"picked":"SKIP","floor":35},{"not_picked":["Outmaneuver","REME_ShadowStrike","Riddle With Holes"],"picked":"SKIP","floor":36},{"not_picked":["Skewer+1","Blur","conspire:PoisonWeapons"],"picked":"SKIP","floor":38}],"player_experience":1248901,"relics_obtained":[{"floor":3.0,"key":"Potion Belt"},{"floor":6.0,"key":"REME_PoisonedDagger"},{"floor":9.0,"key":"War Paint"},{"floor":12.0,"key":"Dota2Spire:Satanic"},{"floor":14.0,"key":"qcfpunch:Red_Beret"},{"floor":21.0,"key":"ReplayTheSpireMod:Ring of Exchange"},{"floor":23.0,"key":"Dota2Spire:DrumOfEndurance"},{"floor":25.0,"key":"Dead Branch"},{"floor":27.0,"key":"Pear"},{"floor":29.0,"key":"CeramicFish"},{"floor":34.0,"key":"Art of War"},{"floor":34.0,"key":"REME_HourglassOfDeath"},{"floor":34.0,"key":"Replay:Arrowhead"}],"event_choices":[{"damage_healed":0.0,"max_hp_gain":0.0,"max_hp_loss":0.0,"gold_gain":0.0,"event_name":"Vampires","player_choice":"Ignored","floor":19.0,"gold_loss":0.0,"damage_taken":0.0},{"cards_removed":["Strike_G"],"damage_healed":0.0,"max_hp_gain":0.0,"max_hp_loss":0.0,"gold_gain":0.0,"event_name":"Beggar","player_choice":"Gave Gold","floor":22.0,"gold_loss":75.0,"damage_taken":0.0},{"cards_removed":["Strike_G"],"damage_healed":0,"gold_gain":0,"player_choice":"Removed Attack","damage_taken":0,"max_hp_gain":0,"max_hp_loss":0,"event_name":"Falling","floor":39,"gold_loss":0}],"is_beta":false,"boss_relics":[{"not_picked":["Ectoplasm","SlaversCollar"],"picked":"Philosopher\u0027s Stone"},{"not_picked":["energizedSpire:HugeHouse","Tiny House"],"picked":"Calling Bell"}],"items_purged_floors":[32,32,37],"is_endless":false,"potions_floor_spawned":[1,5,6,13,14,20,24,25,30,31,33,38],"killed_by":"Giant Head","ascension_level":20}}