{"host":"n605f8gctjc87d7h","time":1612375980,"event":{"mods":["Aspiration","Bard","BaseMod","Better Match","Better Note","Better Skull","Better Third Choice","Conspire","Downfall","Halation","Hermit","Infinite Spire","Minty Spire (QoL Compilation)","Replay The Spire","Retaliation","Shade Mod","Spicy Shops","StSLib","The IronCluck","The Jungle"],"gold_per_floor":[16,34,34,51,71,97,97,30,30,30,30,40,40,40,40,40,40],"floor_reached":16,"language":"ENG","playtime":874,"items_purged":[],"score":170,"play_id":"a36326f6-1d52-45cb-b0dd-a03c8ce415e1","local_time":"20210203101300","is_ascension_mode":true,"campfire_choices":[{"floor":7,"key":"REST"},{"floor":11,"key":"REST"},{"data":"Armaments","floor":15,"key":"SMITH"}],"circlet_count":0,"master_deck":["AscendersBane","Strike_R","Strike_R","Strike_R","Strike_R","Strike_R","Defend_R","Defend_R","Defend_R","Defend_R","conspire:ExplosiveBarrier","Clothesline","Disarm","Armaments+1","DDmod:EasePowerCard+1","Burning Pact"],"relics":["Burning Blood","Unceasing Top","Frozen Egg 2","Self Forming Clay","Tiny Chest","DDmod:BarbedSlagRelic"],"acts_visited":["Exordium"],"potions_floor_usage":[16,16],"damage_taken":[{"damage":8,"enemies":"Jaw Worm","floor":1,"turns":4},{"damage":8,"enemies":"Cultist","floor":2,"turns":4},{"damage":2,"enemies":"Small Slimes","floor":4,"turns":5},{"damage":7,"enemies":"3 Louse","floor":5,"turns":5},{"damage":49,"enemies":"Lagavulin","floor":6,"turns":9},{"damage":20,"enemies":"Large Slime","floor":12,"turns":13},{"damage":72,"enemies":"Hexaghost","floor":16,"turns":16}],"seed_played":"-7040738106628382181","potions_obtained":[{"floor":6,"key":"hexamod:SoulburnPotion"},{"floor":12,"key":"sneckomod:MuddlingPotion"}],"is_trial":false,"path_per_floor":["M","M","?","M","M","E","R","$","T","T","R","M","?","?","R","B"],"character_chosen":"IRONCLAD","items_purchased":["DDmod:EasePowerCard+1"],"campfire_rested":2,"item_purchase_floors":[8],"current_hp_per_floor":[66,64,64,68,67,24,46,46,46,46,68,68,68,61,61,0,0],"gold":40,"neow_bonus":"ONE_RARE_RELIC","is_daily":false,"chose_seed":false,"campfire_upgraded":1,"win_rate":0.0,"timestamp":1612375980,"path_taken":["M","M","?","M","?","E","R","?","T","?","R","M","?","?","R","BOSS"],"items_purchased_type":["Card"],"build_version":"2020-12-22","purchased_purges":0,"victory":false,"max_hp_per_floor":[75,75,75,75,75,75,75,75,75,75,75,75,75,75,75,75,75],"card_choices":[{"not_picked":["Run Through","ReplayTheSpireMod:Strike From Hell"],"picked":"conspire:ExplosiveBarrier","floor":1},{"not_picked":["Perfected Strike","DDmod:SpikeInjectionSkill","DDmod:UnstoppableAttack"],"picked":"SKIP","floor":2},{"not_picked":["Wild Strike","Heavy Blade"],"picked":"Disarm","floor":4},{"not_picked":["Headbutt","Warcry"],"picked":"ReplayTheSpireMod:LeadingStrike","floor":5},{"not_picked":["Warcry","DDmod:EasePowerCard+1"],"picked":"Armaments","floor":6},{"not_picked":["Cleave","Clothesline"],"picked":"Burning Pact","floor":12}],"player_experience":803641,"relics_obtained":[{"floor":6,"key":"Frozen Egg 2"},{"floor":9,"key":"Self Forming Clay"},{"floor":10,"key":"Tiny Chest"}],"event_choices":[{"damage_healed":0,"gold_gain":0,"cards_transformed":["Bash"],"player_choice":"Transformed","damage_taken":0,"max_hp_gain":0,"max_hp_loss":0,"event_name":"Transmorgrifier","floor":3,"gold_loss":0,"cards_obtained":["Clothesline"]},{"cards_removed":["ReplayTheSpireMod:LeadingStrike"],"damage_healed":0,"gold_gain":0,"player_choice":"Card Removal","damage_taken":7,"max_hp_gain":0,"max_hp_loss":0,"event_name":"Golden Wing","floor":14,"gold_loss":0}],"is_beta":false,"boss_relics":[],"items_purged_floors":[],"is_endless":false,"potions_floor_spawned":[6,12],"killed_by":"Hexaghost","ascension_level":14}}