{"host":"mw3dmj42qtkbha4b","time":1612343112,"event":{"mods":["BaseMod","Colored Map","Colored Powertips","DeckTracker","Minty Spire (QoL Compilation)","StSLib","SuperFastMode"],"gold_per_floor":[111,131,281,300,148,181,191,219,219,219,236,266,316,348,348,348,348],"floor_reached":16,"language":"KOR","playtime":460,"items_purged":["Doubt"],"score":260,"play_id":"0630bdb0-158f-4ca3-b079-067f7d82db9f","local_time":"20210203180512","is_ascension_mode":true,"campfire_choices":[{"floor":10.0,"key":"REST"},{"floor":15,"key":"REST"}],"circlet_count":0,"master_deck":["AscendersBane","Strike_P","Strike_P+1","Strike_P","Strike_P","Defend_P+1","Defend_P","Defend_P+1","Defend_P","Eruption","Vigilance+1","LessonLearned"],"relics":["PureWater","NeowsBlessing","Strawberry","Ancient Tea Set","Bag of Marbles","StrikeDummy","Orichalcum"],"acts_visited":["Exordium"],"potions_floor_usage":[14],"damage_taken":[{"damage":0.0,"enemies":"Cultist","floor":1.0,"turns":1.0},{"damage":0.0,"enemies":"Small Slimes","floor":2.0,"turns":2.0},{"damage":0.0,"enemies":"Jaw Worm","floor":4.0,"turns":1.0},{"damage":37.0,"enemies":"3 Sentries","floor":6.0,"turns":6.0},{"damage":12.0,"enemies":"Exordium Thugs","floor":7.0,"turns":4.0},{"damage":23.0,"enemies":"Lagavulin","floor":8.0,"turns":4.0},{"damage":0.0,"enemies":"Large Slime","floor":11.0,"turns":1.0},{"damage":20.0,"enemies":"Gremlin Nob","floor":12.0,"turns":3.0},{"damage":4,"enemies":"3 Sentries","floor":14,"turns":8},{"damage":34,"enemies":"Hexaghost","floor":16,"turns":7}],"seed_played":"7832020437256714727","potions_obtained":[{"floor":2.0,"key":"Strength Potion"},{"floor":6.0,"key":"ColorlessPotion"},{"floor":7.0,"key":"EntropicBrew"},{"floor":12.0,"key":"Weak Potion"}],"is_trial":false,"path_per_floor":["M","M","?","M","$","E","M","E","T","R","M","E","?","E","R","B"],"character_chosen":"WATCHER","items_purchased":["LessonLearned"],"campfire_rested":2,"item_purchase_floors":[5],"current_hp_per_floor":[61,61,61,61,61,31,19,5,5,27,27,7,7,3,25,0,0],"gold":348,"neow_bonus":"THREE_ENEMY_KILL","is_daily":false,"chose_seed":false,"campfire_upgraded":0,"win_rate":0.0,"timestamp":1612343112,"path_taken":["M","?","?","M","$","E","M","E","T","R","M","E","?","E","R","BOSS"],"items_purchased_type":["Card"],"build_version":"2020-12-22","purchased_purges":1,"victory":false,"max_hp_per_floor":[68,68,68,68,68,75,75,75,75,75,75,75,75,75,75,75,75],"card_choices":[{"not_picked":["JustLucky","Perseverance","Consecrate"],"picked":"SKIP","floor":1.0},{"not_picked":["EmptyFist","ClearTheMind","WheelKick"],"picked":"SKIP","floor":2.0},{"not_picked":["FlurryOfBlows","Prostrate","Nirvana"],"picked":"SKIP","floor":4.0},{"not_picked":["Prostrate","Wish","PathToVictory"],"picked":"SKIP","floor":6.0},{"not_picked":["Crescendo","Evaluate","Tantrum"],"picked":"SKIP","floor":7.0},{"not_picked":["EmptyBody","ForeignInfluence","Weave"],"picked":"SKIP","floor":8.0},{"not_picked":["Nirvana","LikeWater","CutThroughFate"],"picked":"SKIP","floor":11.0},{"not_picked":["Collect","Protect","JustLucky"],"picked":"SKIP","floor":12.0},{"not_picked":["SashWhip","Swivel","EmptyFist"],"picked":"SKIP","floor":14}],"player_experience":1794116,"relics_obtained":[{"floor":6.0,"key":"Strawberry"},{"floor":8.0,"key":"Ancient Tea Set"},{"floor":9.0,"key":"Bag of Marbles"},{"floor":12.0,"key":"StrikeDummy"},{"floor":14,"key":"Orichalcum"}],"event_choices":[{"damage_healed":0.0,"max_hp_gain":0.0,"max_hp_loss":0.0,"gold_gain":150.0,"event_name":"Liars Game","player_choice":"AGREE","floor":3.0,"gold_loss":0.0,"damage_taken":0.0,"cards_obtained":["Doubt"]},{"damage_healed":0.0,"max_hp_gain":0.0,"max_hp_loss":0.0,"gold_gain":50.0,"event_name":"Golden Shrine","player_choice":"Pray","floor":13.0,"gold_loss":0.0,"damage_taken":0.0}],"is_beta":false,"boss_relics":[],"items_purged_floors":[5],"is_endless":false,"potions_floor_spawned":[2,6,7,12],"killed_by":"Hexaghost","ascension_level":20}}