{"host":"4kmvpqjeiacgn1pr","time":1612387085,"event":{"mods":["A Penny For Your Troubles","AchievementEnabler","AlwaysNeverKeys","Aspiration","BaseMod","Bestiary","Better Altar","Better Match","Better Note","Better Sensory Stone","Better Skull","Better Third Choice","Better Vampires","BetterRewards","Colored Map","Colored Powertips","Conspire","Curses Come First","Downfall","Halation","Highlight Path","Infinite Spire","Minty Spire (QoL Compilation)","Permanent Neow","Quick Restart","Rare Cards Sparkle","Relic Sorter","Relic Stats","Replay The Spire","Reworked Bosses","Shop Mod","Smile Girya","Spicy Shops","Spikes Relics","StSLib","Waifu the Spire"],"gold_per_floor":[110,127,127,227,241,275,275,300,325,325,235,235,249,249,249,249,249],"floor_reached":16,"language":"ENG","playtime":766,"items_purged":[],"score":138,"play_id":"13118548-1c3d-4d96-bc65-fc07ad38d507","local_time":"20210203161805","is_ascension_mode":true,"campfire_choices":[{"data":"Zap","floor":7,"key":"SMITH"},{"data":"Dualcast","floor":15,"key":"SMITH"}],"circlet_count":0,"master_deck":["Strike_B","Strike_B","Strike_B","Strike_B","Defend_B","Defend_B","Defend_B","Defend_B","Zap+1","Dualcast+1","Guardian:TwinSlam","Panic Button","Hologram","Static Discharge","ReplayTheSpireMod:Reroute Power","Fusion","Normality","infinitespire:Starlight","ReplaySort","Tempest"],"relics":["Cracked Core","WizardHat","White Beast Statue","Akabeko","Replay:Mystery Machine","halation:PinkSoulGem"],"acts_visited":["Exordium"],"potions_floor_usage":[6,13,16],"damage_taken":[{"damage":2,"enemies":"2 Louse","floor":1,"turns":2},{"damage":0,"enemies":"conspire:RoseBush","floor":2,"turns":4},{"damage":0,"enemies":"Cultist","floor":5,"turns":3},{"damage":32,"enemies":"Gremlin Nob","floor":6,"turns":4},{"damage":30,"enemies":"Lagavulin","floor":8,"turns":6},{"damage":7,"enemies":"3 Louse","floor":11,"turns":3},{"damage":1,"enemies":"Large Slime","floor":13,"turns":6},{"damage":33,"enemies":"Slime Boss","floor":16,"turns":8}],"seed_played":"-1607767039287044436","potions_obtained":[{"floor":2,"key":"Elixir"},{"floor":5,"key":"Energy Potion"},{"floor":8,"key":"Dexterity Potion"},{"floor":11,"key":"PotionOfCapacity"},{"floor":13,"key":"Adrenaline Potion"}],"is_trial":false,"path_per_floor":["M","M","?","?","M","E","R","E","T","?","M","?","M","?","R","B"],"character_chosen":"DEFECT","items_purchased":[],"campfire_rested":0,"item_purchase_floors":[],"current_hp_per_floor":[73,73,66,66,66,34,34,4,4,4,7,12,21,21,21,0,0],"gold":249,"neow_bonus":"ONE_RARE_RELIC","is_daily":false,"chose_seed":false,"campfire_upgraded":2,"win_rate":0.0,"timestamp":1612387085,"path_taken":["M","M","?","?","?","E","R","E","T","?","M","?","M","?","R","BOSS"],"items_purchased_type":[],"build_version":"2020-12-22","purchased_purges":0,"victory":false,"max_hp_per_floor":[75,75,75,75,75,75,75,75,75,75,75,80,80,80,80,80,80],"relic_stats":{"counters":[8,36],"obtain_stats":[{"WizardHat":0,"Replay:Mystery Machine":9,"Cracked Core":0,"halation:PinkSoulGem":14,"White Beast Statue":6,"Akabeko":8},{"WizardHat":0,"Replay:Mystery Machine":5,"Cracked Core":0,"halation:PinkSoulGem":7,"White Beast Statue":4,"Akabeko":5},{"WizardHat":0,"Replay:Mystery Machine":19,"Cracked Core":0,"halation:PinkSoulGem":28,"White Beast Statue":13,"Akabeko":19}]},"card_choices":[{"not_picked":["Lockon","Hologram"],"picked":"Panic Button","floor":1},{"not_picked":["Go for the Eyes","Coolheaded"],"picked":"Hologram","floor":2},{"not_picked":["Reprogram","Cold Snap"],"picked":"Static Discharge","floor":5},{"not_picked":["BasicCrystalCard","Cold Snap"],"picked":"ReplayTheSpireMod:Reroute Power","floor":6},{"not_picked":["Tempest","Force Field"],"picked":"Fusion","floor":8},{"not_picked":["infinitespire:Gouge","infinitespire:Collect"],"picked":"infinitespire:Starlight","floor":10},{"not_picked":["Compile Driver","Thunder Strike"],"picked":"ReplaySort","floor":11},{"not_picked":["Cold Snap","Leap"],"picked":"Tempest","floor":13}],"player_experience":437905,"relics_obtained":[{"floor":6,"key":"White Beast Statue"},{"floor":8,"key":"Akabeko"},{"floor":9,"key":"Replay:Mystery Machine"}],"event_choices":[{"cards_removed":["Guardian:Strike_Guardian"],"damage_healed":0,"gold_gain":0,"player_choice":"Card Removal","damage_taken":7,"max_hp_gain":0,"max_hp_loss":0,"event_name":"Golden Wing","floor":3,"gold_loss":0},{"damage_healed":0,"gold_gain":100,"player_choice":"Gold","damage_taken":0,"max_hp_gain":0,"max_hp_loss":0,"event_name":"Wheel of Change","floor":4,"gold_loss":0},{"damage_healed":0,"gold_gain":0,"player_choice":"Donut","damage_taken":0,"max_hp_gain":5,"max_hp_loss":0,"event_name":"Big Fish","floor":12,"gold_loss":0}],"is_beta":false,"boss_relics":[],"items_purged_floors":[],"is_endless":false,"potions_floor_spawned":[2,5,8,11,13],"killed_by":"Slime Boss","ascension_level":5}}