{"host":"a3oe3gstxz77c7qu","time":1612311664,"event":{"mods":["2.2 Compatiblity","Act Like it!","Astrologer","BaseMod","Bestiary","Better Altar","Better Match","Better Note","Better Skull","Better Third Choice","Block Reminder","Curses Come First","Custom Start","Dark Map","Downfall","Friendly Minions","GifTheSpireLib","Hallownest","Hermit","Jorbs\u0027s Wanderer Trilogy","Lobotomy","LobotomyExtend","Marisa????????","Minty Spire (QoL Compilation)","Morshu Shopkeeper - ENHANCED","Permanent Neow","Quick Restart","Relic Filter Mod","Relic Stats","Reliquary","Replay The Spire","Smile Girya","Spire Arcade","StSLib","The Bug Knight","The Cursed","The Disciple","The Jungle","Uncapped","Unknown Chances","Wandering Minibosses","Wide Potions"],"gold_per_floor":[118,118,77,27,44,71,71,81,81,81,99,125,50,63,63,163,163,114,114,134,134,88,88,119,119,119,119,144,174,197,109,136,151,151,255,255,1057,1057,1057,1072,254,254,271,271,297,316,10,37,55,67,67,67],"floor_reached":53,"language":"ENG","playtime":3378,"items_purged":["HollowMod:QuickDashStart","HollowMod:DoubleDash","CrumblingArmor"],"score":1462,"play_id":"82923733-06cd-45d2-a1a7-ba794255cb3d","local_time":"20210203002104","is_ascension_mode":true,"campfire_choices":[{"floor":7.0,"key":"REST"},{"data":"HollowMod:WraithStrike","floor":15.0,"key":"SMITH"},{"floor":23.0,"key":"REST"},{"data":"HollowMod:VengefulVoid","floor":25.0,"key":"SMITH"},{"floor":34,"key":"REST"},{"data":"ReplayUltimateDefense","floor":42,"key":"SMITH"},{"floor":44,"key":"REST"},{"data":"HollowMod:ShadowDash","floor":51,"key":"SMITH"}],"circlet_count":0,"master_deck":["HollowMod:WraithStrike+1","HollowMod:VengefulVoid+1","HollowMod:HuntersJournal+1","ShyLook","HollowMod:ShadowDash+1","ReplayUltimateDefense+1"],"relics":["HollowMod:VoidIdolRelic","CogitoBucket","RabbitCall","LetterFromLob","betterThird:SlimedRelic","HornCleat","Singing Bowl","ReplayFunnel","SkinProphecy","Pen Nib","Ginger","MawBank","TreeSap","Blood Vial","ReplayTheSpireMod:DimensionalGlitch","wanderingMiniBosses:MasterThiefsPresence","AtMidnight","BackwardClock","ReplayTheSpireMod:Lightbulb","Nunchaku","Replay:Baseball","Torii","Anchor"],"acts_visited":["Exordium","TheCity","TheBeyond"],"potions_floor_usage":[35,48,52,53],"damage_taken":[{"damage":3.0,"enemies":"Small Slimes","floor":1.0,"turns":2.0},{"damage":17.0,"enemies":"2 Louse","floor":5.0,"turns":4.0},{"damage":27.0,"enemies":"Gremlin Nob","floor":6.0,"turns":5.0},{"damage":6.0,"enemies":"Jaw Worm","floor":8.0,"turns":3.0},{"damage":0.0,"enemies":"Blue Slaver","floor":11.0,"turns":5.0},{"damage":25.0,"enemies":"3 Sentries","floor":12.0,"turns":5.0},{"damage":7.0,"enemies":"2 Fungi Beasts","floor":14.0,"turns":7.0},{"damage":15.0,"enemies":"Hexaghost","floor":16.0,"turns":9.0},{"damage":16.0,"enemies":"HollowMod:HuskSentry","floor":18.0,"turns":9.0},{"damage":7.0,"enemies":"Shell Parasite","floor":20.0,"turns":7.0},{"damage":16.0,"enemies":"Gremlin Leader","floor":24.0,"turns":4.0},{"damage":43.0,"enemies":"Snake Plant","floor":29.0,"turns":5.0},{"damage":14.0,"enemies":"Cultist and Chosen","floor":30.0,"turns":3.0},{"damage":0,"enemies":"HollowMod:Nosk","floor":32,"turns":19},{"damage":0,"enemies":"Chosen and Byrds","floor":33,"turns":4},{"damage":36,"enemies":"Pondfish","floor":35,"turns":8},{"damage":2,"enemies":"Orb Walker","floor":37,"turns":7},{"damage":5,"enemies":"3 Darklings","floor":40,"turns":3},{"damage":0,"enemies":"Spire Growth","floor":43,"turns":4},{"damage":0,"enemies":"Maw","floor":46,"turns":5},{"damage":13,"enemies":"R_Hoarder","floor":48,"turns":13},{"damage":0,"enemies":"Transient","floor":49,"turns":5},{"damage":0,"enemies":"HollowMod:SlobberingHusk","floor":50,"turns":6},{"damage":80,"enemies":"Donu and Deca","floor":52,"turns":15},{"damage":32,"enemies":"Malkuth","floor":53,"turns":13},{"damage":0,"enemies":"Netzach","floor":53,"turns":9},{"damage":82,"enemies":"Geburah","floor":53,"turns":15},{"damage":112,"enemies":"Hokma","floor":53,"turns":15}],"seed_played":"7256040178501264115","potions_obtained":[{"floor":5.0,"key":"DuplicationPotion"},{"floor":8.0,"key":"Guardian:BlockOnCardUsePotion"},{"floor":12.0,"key":"Cursed Concoction"},{"floor":14.0,"key":"bronze:BurnAndBuffPotion"},{"floor":20.0,"key":"champ:CounterPotion"},{"floor":24.0,"key":"Guardian:BlockOnCardUsePotion"},{"floor":30.0,"key":"Fruit Juice"},{"floor":32,"key":"AttackPotion"},{"floor":46,"key":"Dexterity Potion"},{"floor":50,"key":"hexamod:SoulburnPotion"}],"is_trial":false,"path_per_floor":["M","?","?","$","M","E","R","M","T","M","M","E","$","M","R","B",null,"M","?","M","?","$","R","E","R","PTL","PTL","T","M","M","$","E","M","R","B",null,"M","?","?","M","$","R","M","R","T","M","$","E","M","M","R","B",null],"character_chosen":"THE_BUGKNIGHT","items_purchased":["HollowMod:WraithStrike","HollowMod:VengefulVoid","ReplayTheSpireMod:Lightbulb","Nunchaku","ReplayUltimateDefense","DistilledChaos","Discovery","Torii"],"campfire_rested":4,"item_purchase_floors":[4,22,41,41,41,41,41,47],"current_hp_per_floor":[65,75,64,64,47,20,42,36,36,75,77,54,54,49,49,32,72,54,54,45,45,45,72,54,54,54,54,54,25,25,25,21,21,56,20,97,89,89,89,83,83,83,82,122,122,121,121,107,106,105,105,124],"gold":67,"neow_bonus":"","is_daily":false,"chose_seed":false,"campfire_upgraded":4,"win_rate":0.0,"timestamp":1612311664,"path_taken":["M","?","?","?","M","E","R","M","T","M","M","E","$","M","R","BOSS","M","?","M","?","$","R","E","R","PTL","PTL","T","?","M","$","E","M","R","BOSS","M","?","?","M","$","R","M","R","T","M","$","E","M","M","R","BOSS"],"items_purchased_type":["Card","Card","Relic","Relic","Card","Potion","Card","Relic"],"build_version":"2020-12-22","purchased_purges":3,"victory":true,"max_hp_per_floor":[75,75,75,75,75,75,75,75,75,75,77,79,79,81,81,85,85,89,89,93,93,93,93,97,97,97,97,97,103,112,112,114,118,118,122,122,126,126,126,130,130,130,134,134,134,138,138,142,146,150,150,124],"relic_stats":{"Blood Vial":19,"Nunchaku":[17],"Singing Bowl":34,"Torii":4,"counters":[33,220],"Pen Nib":[23],"Ginger":[16],"MawBank":36,"obtain_stats":[{"ReplayFunnel":12,"RabbitCall":0,"BackwardClock":37,"Singing Bowl":9,"Torii":47,"HollowMod:VesselMask":0,"wanderingMiniBosses:MasterThiefsPresence":37,"Pen Nib":21,"Ginger":24,"SkinProphecy":14,"HollowMod:VoidIdolRelic":17,"MawBank":28,"Blood Vial":32,"CogitoBucket":0,"Nunchaku":41,"Replay:Baseball":45,"Anchor":48,"HornCleat":6,"betterThird:SlimedRelic":3,"TreeSap":29,"AtMidnight":37,"LetterFromLob":1,"ReplayTheSpireMod:DimensionalGlitch":36,"ReplayTheSpireMod:Lightbulb":41},{"ReplayFunnel":6,"RabbitCall":0,"BackwardClock":20,"Singing Bowl":4,"Torii":23,"HollowMod:VesselMask":0,"wanderingMiniBosses:MasterThiefsPresence":20,"Pen Nib":11,"Ginger":12,"SkinProphecy":8,"HollowMod:VoidIdolRelic":9,"MawBank":12,"Blood Vial":16,"CogitoBucket":0,"Nunchaku":21,"Replay:Baseball":22,"Anchor":24,"HornCleat":3,"betterThird:SlimedRelic":1,"TreeSap":14,"AtMidnight":20,"LetterFromLob":1,"ReplayTheSpireMod:DimensionalGlitch":18,"ReplayTheSpireMod:Lightbulb":21},{"ReplayFunnel":24,"RabbitCall":0,"BackwardClock":109,"Singing Bowl":14,"Torii":121,"HollowMod:VesselMask":0,"wanderingMiniBosses:MasterThiefsPresence":109,"Pen Nib":57,"Ginger":61,"SkinProphecy":32,"HollowMod:VoidIdolRelic":41,"MawBank":61,"Blood Vial":89,"CogitoBucket":0,"Nunchaku":112,"Replay:Baseball":116,"Anchor":134,"HornCleat":11,"betterThird:SlimedRelic":2,"TreeSap":67,"AtMidnight":109,"LetterFromLob":2,"ReplayTheSpireMod:DimensionalGlitch":101,"ReplayTheSpireMod:Lightbulb":112}]},"card_choices":[{"not_picked":["Rudolta","VoidDream","OldLady"],"picked":"Singing Bowl","floor":1.0},{"not_picked":["HollowMod:GoodIntentions","HollowMod:GrimmsGift"],"picked":"HollowMod:DashSlash","floor":1.0},{"not_picked":["CherryBlossoms","OldLady","VoidDream"],"picked":"Singing Bowl","floor":5.0},{"not_picked":["HollowMod:CrystalDash","HollowMod:NewGlowingWomb"],"picked":"HollowMod:DoubleDash","floor":5.0},{"not_picked":["Murderer","PunishingBird"],"picked":"CrumblingArmor","floor":6.0},{"not_picked":["HollowMod:InfectedAttack","HollowMod:ShadowDash","HollowMod:DoubleDash"],"picked":"SKIP","floor":6.0},{"not_picked":["WallGazer","CherryBlossoms","FairyFestival"],"picked":"Singing Bowl","floor":8.0},{"not_picked":["HollowMod:InfectedCysts","HollowMod:CornifersMapStart","HollowMod:TaintedHusks"],"picked":"SKIP","floor":8.0},{"not_picked":["HollowMod:HowlingWraiths","HollowMod:NewJinnsSoul","HollowMod:HeavyBlow"],"picked":"Singing Bowl","floor":11.0},{"not_picked":["MHz","WallGazer","OldLady"],"picked":"Singing Bowl","floor":11.0},{"not_picked":["HollowMod:DashSlash","HollowMod:MonarchWings","HollowMod:HowlingWraiths"],"picked":"Singing Bowl","floor":12.0},{"not_picked":["BeautyBeast","Scorched","PunishingBird"],"picked":"Singing Bowl","floor":12.0},{"not_picked":["HollowMod:NewGlowingWomb","HollowMod:MantisMark","HollowMod:DoubleDash"],"picked":"Singing Bowl","floor":14.0},{"not_picked":["SpiderBud","Scorched","Laetitia"],"picked":"Singing Bowl","floor":14.0},{"not_picked":["HollowMod:MidwifesHunger","HollowMod:WhiteLadysBlessing","HollowMod:PaleKingsBlessing"],"picked":"Singing Bowl","floor":16.0},{"not_picked":["Murderer","OSAHOGD","GalaxyChild"],"picked":"Singing Bowl","floor":16.0},{"not_picked":["HollowMod:BaldurShell+1","HollowMod:WraithStrike+1","HollowMod:NewLittleFool+1"],"picked":"Singing Bowl","floor":18.0},{"not_picked":["PunishingBird","OldLady","LittleHelper"],"picked":"Singing Bowl","floor":18.0},{"not_picked":["HollowMod:SiblingsSouls","HollowMod:TaintedHusks+1","HollowMod:MawleksShell+1"],"picked":"Singing Bowl","floor":20.0},{"not_picked":["MHz","FairyFestival","CherryBlossoms"],"picked":"Singing Bowl","floor":20.0},{"not_picked":["HollowMod:BaldurShell","HollowMod:RecoilStrike","HollowMod:ShapeofUnn"],"picked":"Singing Bowl","floor":24.0},{"not_picked":["BeautyBeast","CherryBlossoms","BlackArmy"],"picked":"Singing Bowl","floor":24.0},{"not_picked":["HollowMod:TaintedHusks","HollowMod:MantisMark","HollowMod:MonarchWings+1"],"picked":"Singing Bowl","floor":29.0},{"not_picked":["LittlePrince","NothingThere","OldLady"],"picked":"Singing Bowl","floor":29.0},{"not_picked":["HollowMod:SoulSplash","HollowMod:FastStrike","HollowMod:LifebloodCocoon"],"picked":"Singing Bowl","floor":30.0},{"not_picked":["Yin","RedShoes","Scarecrow"],"picked":"Singing Bowl","floor":30.0},{"not_picked":["HollowMod:WraithStrike","HollowMod:ChannelNail"],"picked":"HollowMod:HuntersJournal+1","floor":32},{"not_picked":["SnowQueen","GalaxyChild","BlackArmy"],"picked":"Singing Bowl","floor":32},{"not_picked":["HollowMod:DashSlash","HollowMod:InfectedAttack","HollowMod:CloakDash"],"picked":"Singing Bowl","floor":33},{"not_picked":["Wellcheers","FairyFestival","PunishingBird"],"picked":"Singing Bowl","floor":33},{"not_picked":["HollowMod:HerrahsAnger","HollowMod:HornetsHelp","HollowMod:NewInfectedGuardian"],"picked":"Singing Bowl","floor":35},{"not_picked":["OSAHOGD","ShyLook","Scarecrow"],"picked":"Singing Bowl","floor":35},{"not_picked":["FairyFestival","Mercenary","NakedNest"],"picked":"Singing Bowl","floor":37},{"not_picked":["HollowMod:SharpenedShadows","HollowMod:CornifersMapStart"],"picked":"HollowMod:ShadowDash","floor":37},{"not_picked":["HollowMod:HeavyBlow","HollowMod:GreatSlash","HollowMod:Grubsong+1"],"picked":"Singing Bowl","floor":40},{"not_picked":["GalaxyChild","BlackArmy","LaLuna"],"picked":"Singing Bowl","floor":40},{"not_picked":["HollowMod:ShadowDash+1","HollowMod:AbyssShriek+1","HollowMod:RecoilStrike"],"picked":"Singing Bowl","floor":43},{"not_picked":["Variant","BlackSwan","BlackArmy"],"picked":"Singing Bowl","floor":43},{"not_picked":["HollowMod:MantisMark+1","HollowMod:InfectedAttack+1","HollowMod:HeavyBlow"],"picked":"Singing Bowl","floor":46},{"not_picked":["BeautyBeast","BlackArmy","WhitesApple"],"picked":"Singing Bowl","floor":46},{"not_picked":["HollowMod:InfectedAttack","HollowMod:QuirrelsAssistance","HollowMod:BaldurShell"],"picked":"Singing Bowl","floor":48},{"not_picked":["GreedKing","HappyTeddy","BlackSwan"],"picked":"Singing Bowl","floor":48},{"not_picked":["HollowMod:InfectedCysts","HollowMod:RecoilStrike","HollowMod:NewJinnsSoul+1"],"picked":"Singing Bowl","floor":49},{"not_picked":["MeltingLove","HeroicMonk","Rudolta"],"picked":"Singing Bowl","floor":49},{"not_picked":["HollowMod:ShapeofUnn+1","HollowMod:QuirrelsAssistance+1","HollowMod:InfectedCysts+1"],"picked":"Singing Bowl","floor":50},{"not_picked":["SingingMachine","Rudolta","BlackArmy"],"picked":"Singing Bowl","floor":50}],"player_experience":1137093,"relics_obtained":[{"floor":1.0,"key":"LetterFromLob"},{"floor":6.0,"key":"HornCleat"},{"floor":9.0,"key":"Singing Bowl"},{"floor":12.0,"key":"ReplayFunnel"},{"floor":24.0,"key":"Ginger"},{"floor":28.0,"key":"MawBank"},{"floor":32,"key":"Blood Vial"},{"floor":37,"key":"wanderingMiniBosses:MasterThiefsPresence"},{"floor":37,"key":"AtMidnight"},{"floor":45,"key":"Replay:Baseball"},{"floor":48,"key":"Anchor"}],"event_choices":[{"damage_healed":0.0,"max_hp_gain":0.0,"max_hp_loss":0.0,"gold_gain":0.0,"event_name":"betterThird:BetterGoop","player_choice":"Slimed","floor":3.0,"gold_loss":41.0,"damage_taken":11.0},{"damage_healed":0.0,"max_hp_gain":0.0,"max_hp_loss":0.0,"gold_gain":0.0,"event_name":"WeMeetAgain","player_choice":"Gave Potion","floor":21.0,"gold_loss":0.0,"damage_taken":0.0,"relics_obtained":["Pen Nib"]},{"damage_healed":0,"gold_gain":0,"player_choice":"Ignored","damage_taken":0,"max_hp_gain":0,"max_hp_loss":0,"event_name":"Mysterious Sphere","floor":38,"gold_loss":0}],"is_beta":false,"boss_relics":[{"not_picked":["reliquary:Craggleroot","HollowMod:KingsSoulRelic"],"picked":"HollowMod:VoidIdolRelic"},{"not_picked":["Pandora\u0027s Box","Tiny House"],"picked":"ReplayTheSpireMod:DimensionalGlitch"}],"items_purged_floors":[13,31,41],"is_endless":false,"potions_floor_spawned":[5,8,12,14,20,24,30,32,43,46,50],"ascension_level":8}}