{"host":"utqe55yv0jihe4d6","time":1612322751,"event":{"mods":["2.2 Compatiblity","AchievementEnabler","BaseMod","Block Reminder","Colored Map","Colored Powertips","Minty Spire (QoL Compilation)","Quick Restart","Rare Cards Sparkle","Relic Stats","SuperFastMode"],"gold_per_floor":[99,99,99,64,64,64,64,64,64,64,64,64,64,64,64,64,64,64,64,64,64,64,64,64,64,64],"floor_reached":25,"language":"ENG","playtime":658,"items_purged":[],"score":426,"play_id":"bc00c67f-5352-4e67-a90b-4e62d2ab6052","local_time":"20210202222551","is_ascension_mode":true,"campfire_choices":[{"data":"Skewer","floor":6,"key":"SMITH"},{"data":"Neutralize","floor":8,"key":"SMITH"},{"data":"Leg Sweep","floor":10,"key":"SMITH"},{"data":"A Thousand Cuts","floor":15,"key":"SMITH"},{"floor":23,"key":"REST"}],"circlet_count":0,"master_deck":["AscendersBane","Strike_G","Strike_G","Strike_G","Strike_G","Strike_G","Defend_G","Defend_G","Defend_G","Defend_G","Defend_G","Survivor","Neutralize+1","Skewer+1","A Thousand Cuts+1","Leg Sweep+1","PiercingWail","Riddle With Holes","Backflip","Backstab","Blade Dance"],"relics":["Ectoplasm","Art of War","Snake Skull","Bag of Marbles","Pen Nib","SlaversCollar","Enchiridion"],"acts_visited":["Exordium","TheCity"],"potions_floor_usage":[14,20,20],"damage_taken":[{"damage":3.0,"enemies":"Cultist","floor":1.0,"turns":5.0},{"damage":0.0,"enemies":"Small Slimes","floor":3.0,"turns":3.0},{"damage":2,"enemies":"Jaw Worm","floor":5,"turns":4},{"damage":1,"enemies":"Large Slime","floor":7,"turns":4},{"damage":1,"enemies":"2 Fungi Beasts","floor":11,"turns":3},{"damage":14,"enemies":"3 Sentries","floor":12,"turns":10},{"damage":16,"enemies":"Gremlin Nob","floor":14,"turns":4},{"damage":16,"enemies":"Hexaghost","floor":16,"turns":12},{"damage":11,"enemies":"Shell Parasite","floor":18,"turns":6},{"damage":18,"enemies":"Chosen","floor":20,"turns":6},{"damage":0,"enemies":"Centurion and Healer","floor":22,"turns":6},{"damage":12,"enemies":"Snake Plant","floor":24,"turns":4},{"damage":9,"enemies":"Slavers","floor":25,"turns":1}],"seed_played":"4845010490428196483","potions_obtained":[{"floor":1.0,"key":"Swift Potion"},{"floor":3.0,"key":"SteroidPotion"},{"floor":16,"key":"SkillPotion"}],"is_trial":false,"path_per_floor":["M","?","M","?","M","R","M","R","T","R","M","E","?","E","R","B",null,"M","?","M","?","M","R","M","E"],"character_chosen":"THE_SILENT","items_purchased":[],"campfire_rested":1,"item_purchase_floors":[],"current_hp_per_floor":[56,38,38,38,36,36,35,35,35,35,34,20,42,26,26,10,52,41,20,2,2,2,21,9,0,0],"gold":64,"neow_bonus":"BOSS_RELIC","is_daily":false,"chose_seed":false,"campfire_upgraded":4,"win_rate":0.0,"timestamp":1612322751,"path_taken":["M","?","M","?","?","R","M","R","T","R","M","E","?","E","R","BOSS","M","?","M","?","?","R","M","E"],"items_purchased_type":[],"build_version":"2020-12-22","purchased_purges":0,"victory":false,"max_hp_per_floor":[66,66,66,66,66,66,66,66,66,66,66,66,66,66,66,66,66,66,66,66,66,66,66,66,66,66],"relic_stats":{"counters":[13,68],"Ectoplasm":490,"Snake Skull":[0],"Pen Nib":[5],"Art of War":[6],"obtain_stats":[{"SlaversCollar":17,"Enchiridion":19,"Ectoplasm":0,"Snake Skull":9,"Pen Nib":14,"Art of War":2,"Bag of Marbles":12,"Ring of the Snake":0},{"SlaversCollar":8,"Enchiridion":9,"Ectoplasm":0,"Snake Skull":4,"Pen Nib":7,"Art of War":1,"Bag of Marbles":6,"Ring of the Snake":0},{"SlaversCollar":45,"Enchiridion":51,"Ectoplasm":0,"Snake Skull":16,"Pen Nib":33,"Art of War":5,"Bag of Marbles":29,"Ring of the Snake":0}]},"card_choices":[{"not_picked":["Quick Slash","Caltrops"],"picked":"Skewer","floor":1.0},{"not_picked":["Deflect","Prepared","Slice"],"picked":"SKIP","floor":3.0},{"not_picked":["Bane","Setup"],"picked":"A Thousand Cuts","floor":5},{"not_picked":["Underhanded Strike","Terror"],"picked":"Leg Sweep","floor":7},{"not_picked":["Dodge and Roll","Endless Agony"],"picked":"PiercingWail","floor":11},{"not_picked":["Deadly Poison","Deflect"],"picked":"Riddle With Holes","floor":12},{"not_picked":["Slice","Underhanded Strike"],"picked":"Backflip","floor":14},{"not_picked":["Riddle With Holes","Concentrate"],"picked":"Backstab","floor":18},{"not_picked":["Backstab","All Out Attack"],"picked":"Blade Dance","floor":20},{"not_picked":["Eviscerate","Underhanded Strike","Bane"],"picked":"SKIP","floor":22},{"not_picked":["All Out Attack","Accuracy","Blade Dance"],"picked":"SKIP","floor":24}],"player_experience":3002663,"relics_obtained":[{"floor":9,"key":"Snake Skull"},{"floor":12,"key":"Bag of Marbles"},{"floor":14,"key":"Pen Nib"},{"floor":19,"key":"Enchiridion"}],"event_choices":[{"damage_healed":0.0,"max_hp_gain":0.0,"max_hp_loss":0.0,"gold_gain":0.0,"event_name":"Scrap Ooze","player_choice":"Success","floor":2.0,"gold_loss":0.0,"damage_taken":18.0,"relics_obtained":["Art of War"]},{"damage_healed":0,"gold_gain":0,"player_choice":"Left Gold","damage_taken":0,"max_hp_gain":0,"max_hp_loss":0,"event_name":"World of Goop","floor":4,"gold_loss":35},{"damage_healed":22,"gold_gain":0,"player_choice":"Banana","damage_taken":0,"max_hp_gain":0,"max_hp_loss":0,"event_name":"Big Fish","floor":13,"gold_loss":0},{"damage_healed":0,"gold_gain":0,"player_choice":"Obtained Book","damage_taken":21,"max_hp_gain":0,"max_hp_loss":0,"event_name":"Cursed Tome","floor":19,"gold_loss":0},{"damage_healed":0,"gold_gain":200,"player_choice":"Gold","damage_taken":0,"max_hp_gain":0,"max_hp_loss":0,"event_name":"Wheel of Change","floor":21,"gold_loss":0}],"is_beta":false,"boss_relics":[{"not_picked":["HoveringKite","WristBlade"],"picked":"SlaversCollar"}],"items_purged_floors":[],"is_endless":false,"potions_floor_spawned":[1,3,16],"killed_by":"Slavers","ascension_level":20}}