{"host":"kqjncq1jgqa58i7s","time":1612378179,"event":{"mods":["AchievementEnabler","BaseMod","Colored Map","Minty Spire (QoL Compilation)","Relic Stats"],"gold_per_floor":[116,136,151,24,24,24,56,115,140,140,61,77,77,102,102,102,102],"floor_reached":16,"language":"ENG","playtime":571,"items_purged":["Strike_P"],"score":266,"play_id":"71b557fa-449b-4087-91ff-a24de3160707","local_time":"20210203194939","is_ascension_mode":true,"campfire_choices":[{"data":"TalkToTheHand","floor":6.0,"key":"SMITH"},{"data":"Eruption","floor":10,"key":"SMITH"},{"data":"TalkToTheHand","floor":15,"key":"SMITH"}],"circlet_count":0,"master_deck":["AscendersBane","Strike_P","Strike_P","Strike_P","Defend_P","Defend_P","Defend_P","Defend_P+1","Eruption+1","Vigilance+1","TalkToTheHand+1","FlurryOfBlows","FlyingSleeves","FlurryOfBlows","ReachHeaven","MentalFortress","TalkToTheHand+1","Evaluate"],"relics":["PureWater","War Paint","Boot","Bag of Marbles","Strawberry","Pocketwatch"],"acts_visited":["Exordium"],"potions_floor_usage":[7],"damage_taken":[{"damage":2.0,"enemies":"Jaw Worm","floor":1.0,"turns":4.0},{"damage":4.0,"enemies":"2 Louse","floor":2.0,"turns":4.0},{"damage":0.0,"enemies":"Cultist","floor":3.0,"turns":3.0},{"damage":0,"enemies":"Gremlin Nob","floor":7,"turns":3},{"damage":25,"enemies":"Red Slaver","floor":12,"turns":5},{"damage":27,"enemies":"Lagavulin","floor":14,"turns":4},{"damage":14,"enemies":"The Guardian","floor":16,"turns":3}],"seed_played":"2646523472436325422","potions_obtained":[{"floor":1.0,"key":"Ancient Potion"},{"floor":2.0,"key":"Explosive Potion"}],"is_trial":false,"path_per_floor":["M","M","M","$","?","R","E","?","T","R","$","M","T","E","R","B"],"character_chosen":"WATCHER","items_purchased":["FlurryOfBlows","MentalFortress"],"campfire_rested":0,"item_purchase_floors":[4,11],"current_hp_per_floor":[65,61,61,61,56,56,56,56,56,56,56,31,38,11,11,0,0],"gold":102,"neow_bonus":"TEN_PERCENT_HP_BONUS","is_daily":false,"chose_seed":false,"campfire_upgraded":3,"win_rate":0.0,"timestamp":1612378179,"path_taken":["M","M","M","$","?","R","E","?","T","R","$","M","?","E","R","BOSS"],"items_purchased_type":["Card","Card"],"build_version":"2020-12-22","purchased_purges":1,"victory":false,"max_hp_per_floor":[74,74,74,74,74,74,74,74,74,74,74,74,81,81,81,81,81],"relic_stats":{"counters":[7,26],"War Paint":["Defend_P","Vigilance"],"Boot":[6],"obtain_stats":[{"Strawberry":13,"Bag of Marbles":9,"PureWater":0,"War Paint":5,"Boot":7,"Pocketwatch":14},{"Strawberry":5,"Bag of Marbles":4,"PureWater":0,"War Paint":3,"Boot":4,"Pocketwatch":6},{"Strawberry":19,"Bag of Marbles":14,"PureWater":0,"War Paint":11,"Boot":14,"Pocketwatch":23}],"Pocketwatch":[3]},"card_choices":[{"not_picked":["WreathOfFlame","Consecrate"],"picked":"TalkToTheHand","floor":1.0},{"not_picked":["WindmillStrike","Protect"],"picked":"FlurryOfBlows","floor":2.0},{"not_picked":["Brilliance","Indignation"],"picked":"FlyingSleeves","floor":3.0},{"not_picked":["FollowUp","InnerPeace"],"picked":"ReachHeaven","floor":7},{"not_picked":["BowlingBash","Nirvana"],"picked":"TalkToTheHand","floor":12},{"not_picked":["FollowUp","ThirdEye"],"picked":"Evaluate","floor":14}],"player_experience":1649401,"relics_obtained":[{"floor":7,"key":"Boot"},{"floor":9,"key":"Bag of Marbles"},{"floor":13,"key":"Strawberry"},{"floor":14,"key":"Pocketwatch"}],"event_choices":[{"damage_healed":0.0,"max_hp_gain":0.0,"max_hp_loss":0.0,"gold_gain":0.0,"event_name":"Scrap Ooze","player_choice":"Success","floor":5.0,"gold_loss":0.0,"damage_taken":5.0,"relics_obtained":["War Paint"]},{"damage_healed":0,"gold_gain":59,"player_choice":"Gained Gold","damage_taken":0,"max_hp_gain":0,"max_hp_loss":0,"event_name":"Golden Wing","floor":8,"gold_loss":0}],"is_beta":false,"boss_relics":[],"items_purged_floors":[4],"is_endless":false,"potions_floor_spawned":[1,2,3],"killed_by":"The Guardian","ascension_level":20}}