{"host":"0jile2yd1dg679g0","time":1612322928,"event":{"mods":["AchievementEnabler","Act Like it!","BaseMod","Better Third Choice","Colored Map","Colored Powertips","Gensokyo","Hermit","Luminous","Marisa????????","Minty Spire (QoL Compilation)","Random Character Button","Spicy Shops","StSLib","The Servant 0.9.4","Transform Curses","Waifu the Spire"],"gold_per_floor":[114,114,133,133,151,180,180,180,180,3,19,57,57,57,57,57,57],"floor_reached":16,"language":"ENG","playtime":1110,"items_purged":[],"score":140,"play_id":"db02c347-7999-4022-9a5f-54ef2ee2281e","local_time":"20210202222848","is_ascension_mode":true,"campfire_choices":[{"floor":8,"key":"REST"},{"floor":15,"key":"REST"}],"circlet_count":0,"master_deck":["Strike_R","Strike_R","Defend_R","Defend_R","Defend_R","Defend_R","Bash","Juggernaut","Body Slam","Carnage","Warcry","Feed","HandOfGreed","Uppercut","Brutality"],"relics":["Burning Blood","CultistMask","Boot","Toy Ornithopter","Darkstone Periapt","Paper Frog"],"acts_visited":["Exordium"],"potions_floor_usage":[6,11],"damage_taken":[{"damage":4.0,"enemies":"2 Louse","floor":1.0,"turns":3.0},{"damage":6.0,"enemies":"Cultist","floor":3.0,"turns":5.0},{"damage":18.0,"enemies":"Jaw Worm","floor":5.0,"turns":4.0},{"damage":60,"enemies":"3 Sentries","floor":6,"turns":11},{"damage":13,"enemies":"Large Slime","floor":11,"turns":6},{"damage":19,"enemies":"Blue Slaver","floor":12,"turns":5},{"damage":47,"enemies":"The Guardian","floor":16,"turns":5}],"seed_played":"5901484598245091145","potions_obtained":[{"floor":3.0,"key":"SkillPotion"},{"floor":6,"key":"Regen Potion"}],"is_trial":false,"path_per_floor":["M","?","M","T","M","E","?","R","T","$","M","M","?","?","R","B"],"character_chosen":"IRONCLAD","items_purchased":["HandOfGreed"],"campfire_rested":2,"item_purchase_floors":[10],"current_hp_per_floor":[74,74,74,74,62,8,1,25,25,25,41,28,28,21,45,0,0],"gold":57,"neow_bonus":"TRANSFORM_TWO_CARDS","is_daily":false,"chose_seed":false,"campfire_upgraded":0,"win_rate":0.0,"timestamp":1612322928,"path_taken":["M","?","?","?","M","E","?","R","T","$","M","M","?","?","R","BOSS"],"items_purchased_type":["Card"],"build_version":"2020-12-22","purchased_purges":0,"victory":false,"max_hp_per_floor":[80,80,80,80,80,80,80,80,80,80,83,83,83,83,83,83,83],"card_choices":[{"not_picked":["Evolve","Clothesline","Bloodletting"],"picked":"SKIP","floor":1.0},{"not_picked":["Shrug It Off","Warcry"],"picked":"Carnage","floor":3.0},{"not_picked":["Twin Strike","Havoc"],"picked":"Warcry","floor":5.0},{"not_picked":["Shrug It Off","Headbutt"],"picked":"Feed","floor":6},{"not_picked":["Fire Breathing","Combust"],"picked":"Uppercut","floor":11},{"not_picked":["Uppercut","Sword Boomerang","Sentinel"],"picked":"SKIP","floor":12}],"player_experience":302052,"relics_obtained":[{"floor":4.0,"key":"Boot"},{"floor":6,"key":"Toy Ornithopter"},{"floor":9,"key":"Darkstone Periapt"}],"event_choices":[{"damage_healed":0.0,"max_hp_gain":0.0,"max_hp_loss":0.0,"gold_gain":0.0,"event_name":"FaceTrader","player_choice":"Trade","floor":2.0,"gold_loss":0.0,"damage_taken":0.0,"relics_obtained":["CultistMask"]},{"cards_removed":["Doubt"],"damage_healed":0,"gold_gain":0,"player_choice":"Card Removal","damage_taken":7,"max_hp_gain":0,"max_hp_loss":0,"event_name":"Golden Wing","floor":7,"gold_loss":0},{"damage_healed":0,"gold_gain":0,"cards_transformed":["Strike_R"],"player_choice":"Change","damage_taken":0,"max_hp_gain":0,"max_hp_loss":0,"event_name":"Living Wall","floor":13,"gold_loss":0,"cards_obtained":["Brutality"]},{"damage_healed":0,"gold_gain":0,"player_choice":"Relic ","damage_taken":7,"max_hp_gain":0,"max_hp_loss":0,"event_name":"betterThird:BetterScrap","floor":14,"gold_loss":0,"cards_obtained":["Crippling Poison"]}],"is_beta":false,"boss_relics":[],"items_purged_floors":[],"is_endless":false,"potions_floor_spawned":[3,6],"killed_by":"The Guardian","ascension_level":8}}