{"host":"zsnmfqgcm92hlreo","time":1612339935,"event":{"mods":["AchievementEnabler","Act Like it!","BaseMod","Bestiary","Block Reminder","Colored Map","Colored Powertips","Hermit","Jorbs\u0027s Wanderer Trilogy","Minty Spire (QoL Compilation)","Permanent Neow","Quick Restart","Relic Stats","StSLib","Weighted Paths"],"gold_per_floor":[112,131,141,154,170,201,201,236,236,236,236,236,246,96,96,175,175,185,198,208,258,270,270,170,201,201,231,231,231,106,106,106,180,180,195,0,0,15,26,26,61,61,142,142,177,190,205,223,223,223,223],"floor_reached":50,"language":"ENG","playtime":3539,"items_purged":["Strike_P","Strike_P","Strike_P"],"score":1104,"play_id":"ace2dbfd-6a32-4c34-8eba-73bcf5ed10bd","local_time":"20210203021215","is_ascension_mode":true,"campfire_choices":[{"floor":7.0,"key":"REST"},{"floor":10.0,"key":"REST"},{"floor":12.0,"key":"REST"},{"floor":15.0,"key":"RECALL"},{"floor":23.0,"key":"REST"},{"floor":28.0,"key":"REST"},{"floor":32.0,"key":"REST"},{"floor":40.0,"key":"REST"},{"floor":42.0,"key":"REST"},{"floor":44.0,"key":"REST"},{"floor":49.0,"key":"REST"}],"circlet_count":0,"master_deck":["AscendersBane","Defend_P","Defend_P","Defend_P","Defend_P","Eruption","Vigilance","Consecrate","Consecrate","CutThroughFate","ThirdEye","Tantrum","ReachHeaven","Blasphemy","TalkToTheHand","TalkToTheHand","Omniscience","FearNoEvil","Meditate","LikeWater","J.A.X.","Devotion+1","CurseOfTheBell","BowlingBash+1","ForeignInfluence+1","FearNoEvil","Parasite","Fasting2+1"],"relics":["Fusion Hammer","Potion Belt","Blood Vial","HornCleat","Runic Pyramid","Bag of Marbles","CaptainsWheel","Frozen Egg 2","Calling Bell","PreservedInsect","Singing Bowl","Lizard Tail","Red Mask","Toxic Egg 2","TeardropLocket"],"acts_visited":["Exordium","TheCity","TheBeyond"],"potions_floor_usage":[50,50],"damage_taken":[{"damage":7.0,"enemies":"Cultist","floor":1.0,"turns":3.0},{"damage":0.0,"enemies":"Jaw Worm","floor":2.0,"turns":3.0},{"damage":7.0,"enemies":"2 Louse","floor":3.0,"turns":2.0},{"damage":0.0,"enemies":"Exordium Wildlife","floor":4.0,"turns":2.0},{"damage":7.0,"enemies":"3 Louse","floor":5.0,"turns":3.0},{"damage":16.0,"enemies":"Gremlin Nob","floor":6.0,"turns":3.0},{"damage":25.0,"enemies":"3 Sentries","floor":8.0,"turns":4.0},{"damage":4.0,"enemies":"Large Slime","floor":13.0,"turns":3.0},{"damage":4.0,"enemies":"The Guardian","floor":16.0,"turns":10.0},{"damage":8.0,"enemies":"Spheric Guardian","floor":18.0,"turns":4.0},{"damage":15.0,"enemies":"Shell Parasite","floor":19.0,"turns":4.0},{"damage":8.0,"enemies":"Centurion and Healer","floor":20.0,"turns":5.0},{"damage":1.0,"enemies":"3 Cultists","floor":22.0,"turns":4.0},{"damage":16.0,"enemies":"Book of Stabbing","floor":25.0,"turns":5.0},{"damage":18.0,"enemies":"Slavers","floor":27.0,"turns":7.0},{"damage":44.0,"enemies":"Automaton","floor":33.0,"turns":7.0},{"damage":9.0,"enemies":"Orb Walker","floor":35.0,"turns":4.0},{"damage":12.0,"enemies":"3 Darklings","floor":38.0,"turns":4.0},{"damage":17.0,"enemies":"Maw","floor":39.0,"turns":7.0},{"damage":13.0,"enemies":"Reptomancer","floor":41.0,"turns":2.0},{"damage":49.0,"enemies":"Giant Head","floor":45.0,"turns":6.0},{"damage":12.0,"enemies":"Spire Growth","floor":46.0,"turns":5.0},{"damage":23.0,"enemies":"Writhing Mass","floor":47.0,"turns":7.0},{"damage":20.0,"enemies":"Sphere and 2 Shapes","floor":48.0,"turns":9.0},{"damage":39,"enemies":"Donu and Deca","floor":50,"turns":4}],"seed_played":"-5887350092141378032","potions_obtained":[{"floor":2.0,"key":"EntropicBrew"},{"floor":3.0,"key":"SkillPotion"},{"floor":8.0,"key":"SteroidPotion"},{"floor":13.0,"key":"Explosive Potion"},{"floor":18.0,"key":"BottledMiracle"},{"floor":22.0,"key":"SteroidPotion"},{"floor":39.0,"key":"AttackPotion"},{"floor":41.0,"key":"ColorlessPotion"}],"is_trial":false,"path_per_floor":["M","M","M","M","M","E","R","E","T","R","?","R","M","$","R","B",null,"M","M","M","?","M","R","$","E","T","E","R","?","$","?","R","B",null,"M","?","?","M","M","R","E","R","T","R","E","M","M","M","R","B"],"character_chosen":"WATCHER","items_purchased":["TalkToTheHand"],"campfire_rested":10,"item_purchase_floors":[14],"current_hp_per_floor":[54,54,47,47,40,24,44,19,19,39,39,59,57,57,57,55,65,59,46,40,40,41,61,61,47,47,31,51,51,51,51,68,24,57,50,50,50,42,29,49,40,61,61,71,22,12,28,10,31,0,0],"gold":223,"neow_bonus":"BOSS_RELIC","is_daily":false,"chose_seed":false,"campfire_upgraded":0,"win_rate":0.0,"timestamp":1612339935,"path_taken":["M","M","M","M","?","E","R","E","T","R","?","R","M","$","R","BOSS","M","M","?","?","M","R","$","E","T","E","R","?","?","?","R","BOSS","M","?","?","M","M","R","E","R","T","R","E","M","M","M","R","BOSS"],"items_purchased_type":["Card"],"build_version":"2020-12-22","purchased_purges":3,"victory":false,"max_hp_per_floor":[68,68,68,68,68,68,68,68,68,68,68,68,68,68,68,68,68,68,68,68,68,68,68,68,68,68,68,68,68,68,68,68,68,68,68,68,65,67,69,69,71,71,71,71,71,71,73,73,73,73,73],"relic_stats":{"Blood Vial":32,"Lizard Tail":35,"Singing Bowl":8,"counters":[25,117],"PreservedInsect":191,"obtain_stats":[{"Potion Belt":6,"Singing Bowl":34,"PreservedInsect":34,"TeardropLocket":45,"Frozen Egg 2":27,"Blood Vial":8,"Calling Bell":34,"CaptainsWheel":26,"Lizard Tail":34,"HornCleat":9,"Fusion Hammer":0,"Bag of Marbles":25,"Red Mask":36,"PureWater":0,"Toxic Egg 2":41,"Runic Pyramid":17},{"Potion Belt":6,"Singing Bowl":16,"PreservedInsect":16,"TeardropLocket":21,"Frozen Egg 2":15,"Blood Vial":7,"Calling Bell":16,"CaptainsWheel":14,"Lizard Tail":16,"HornCleat":7,"Fusion Hammer":0,"Bag of Marbles":14,"Red Mask":17,"PureWater":0,"Toxic Egg 2":20,"Runic Pyramid":9},{"Potion Belt":16,"Singing Bowl":69,"PreservedInsect":69,"TeardropLocket":92,"Frozen Egg 2":62,"Blood Vial":20,"Calling Bell":69,"CaptainsWheel":55,"Lizard Tail":69,"HornCleat":20,"Fusion Hammer":0,"Bag of Marbles":55,"Red Mask":73,"PureWater":0,"Toxic Egg 2":86,"Runic Pyramid":33}]},"card_choices":[{"not_picked":["ClearTheMind","Perseverance"],"picked":"Consecrate","floor":1.0},{"not_picked":["ClearTheMind","Perseverance"],"picked":"Consecrate","floor":1.0},{"not_picked":["Prostrate","Meditate","MentalFortress"],"picked":"SKIP","floor":2.0},{"not_picked":["Meditate","CrushJoints"],"picked":"CutThroughFate","floor":3.0},{"not_picked":["FlyingSleeves","Swivel"],"picked":"ThirdEye","floor":4.0},{"not_picked":["Consecrate","BowlingBash"],"picked":"Tantrum","floor":5.0},{"not_picked":["EmptyFist","ForeignInfluence"],"picked":"ReachHeaven","floor":6.0},{"not_picked":["Consecrate","WaveOfTheHand"],"picked":"Blasphemy","floor":8.0},{"not_picked":["Prostrate","Protect"],"picked":"TalkToTheHand","floor":13.0},{"not_picked":["Ragnarok","Blasphemy"],"picked":"Omniscience","floor":16.0},{"not_picked":["FlyingSleeves","SandsOfTime","Evaluate"],"picked":"SKIP","floor":18.0},{"not_picked":["Study","CrushJoints","EmptyBody"],"picked":"SKIP","floor":19.0},{"not_picked":["FlurryOfBlows","Conclude+1"],"picked":"FearNoEvil","floor":20.0},{"not_picked":["CrushJoints","WheelKick"],"picked":"Meditate","floor":22.0},{"not_picked":["Consecrate","PathToVictory"],"picked":"LikeWater","floor":25.0},{"not_picked":["Conclude","Ragnarok","FlyingSleeves"],"picked":"SKIP","floor":27.0},{"not_picked":["Ragnarok","Vault"],"picked":"Devotion+1","floor":33.0},{"not_picked":["SashWhip","Protect"],"picked":"BowlingBash+1","floor":35.0},{"not_picked":["Prostrate","EmptyBody+1","PathToVictory+1"],"picked":"Singing Bowl","floor":38.0},{"not_picked":["Worship","PathToVictory+1","SignatureMove"],"picked":"Singing Bowl","floor":39.0},{"not_picked":["Scrawl+1","Consecrate","ThirdEye+1"],"picked":"Singing Bowl","floor":41.0},{"not_picked":["Vengeance+1","Consecrate+1"],"picked":"ForeignInfluence+1","floor":45.0},{"not_picked":["Evaluate+1","JustLucky"],"picked":"FearNoEvil","floor":46.0},{"not_picked":["Swivel+1","Vengeance+1","Halt+1"],"picked":"Singing Bowl","floor":47.0},{"not_picked":["Pray+1","Judgement+1"],"picked":"Fasting2+1","floor":48.0}],"player_experience":1003227,"relics_obtained":[{"floor":6.0,"key":"Potion Belt"},{"floor":8.0,"key":"Blood Vial"},{"floor":9.0,"key":"HornCleat"},{"floor":25.0,"key":"Bag of Marbles"},{"floor":26.0,"key":"CaptainsWheel"},{"floor":27.0,"key":"Frozen Egg 2"},{"floor":34.0,"key":"PreservedInsect"},{"floor":34.0,"key":"Singing Bowl"},{"floor":34.0,"key":"Lizard Tail"},{"floor":41.0,"key":"Toxic Egg 2"},{"floor":45.0,"key":"TeardropLocket"}],"event_choices":[{"cards_removed":["Strike_P"],"damage_healed":0.0,"max_hp_gain":0.0,"max_hp_loss":0.0,"gold_gain":0.0,"event_name":"Purifier","player_choice":"Purged","floor":11.0,"gold_loss":0.0,"damage_taken":0.0},{"damage_healed":0.0,"max_hp_gain":0.0,"max_hp_loss":0.0,"gold_gain":50.0,"event_name":"Nest","player_choice":"Stole From Cult","floor":21.0,"gold_loss":0.0,"damage_taken":0.0},{"damage_healed":0.0,"max_hp_gain":0.0,"max_hp_loss":0.0,"gold_gain":0.0,"event_name":"Drug Dealer","player_choice":"Obtain J.A.X.","floor":29.0,"gold_loss":0.0,"damage_taken":0.0,"cards_obtained":["J.A.X."]},{"damage_healed":0.0,"max_hp_gain":0.0,"max_hp_loss":0.0,"gold_gain":0.0,"event_name":"Ghosts","player_choice":"Ignored","floor":31.0,"gold_loss":0.0,"damage_taken":0.0},{"damage_healed":0.0,"max_hp_gain":0.0,"max_hp_loss":0.0,"gold_gain":0.0,"event_name":"Tomb of Lord Red Mask","player_choice":"Paid","floor":36.0,"gold_loss":195.0,"damage_taken":0.0,"relics_obtained":["Red Mask"]},{"damage_healed":0.0,"max_hp_gain":0.0,"max_hp_loss":3.0,"gold_gain":0.0,"event_name":"Winding Halls","player_choice":"Max HP","floor":37.0,"gold_loss":0.0,"damage_taken":0.0}],"is_beta":false,"boss_relics":[{"not_picked":["Pandora\u0027s Box","SlaversCollar"],"picked":"Runic Pyramid"},{"not_picked":["Astrolabe","Coffee Dripper"],"picked":"Calling Bell"}],"items_purged_floors":[14,24,30],"is_endless":false,"potions_floor_spawned":[2,3,8,13,18,22,25,39,41],"killed_by":"Donu and Deca","ascension_level":20}}