{"host":"v4tuy5ykrbdcm9o9","time":1612369523,"event":{"mods":["BaseMod","Duelist Mod","Minty Spire (QoL Compilation)","Replay The Spire","StSLib"],"gold_per_floor":[116,16,36,12,87,122,122,147,147,178,197,197,261,277,277,378,378,396,416,416,37,52,80,80,80,80],"floor_reached":25,"language":"ENG","playtime":2265,"items_purged":[],"score":323,"play_id":"6329203e-003c-49bb-8ec9-1c3cd83da4a7","local_time":"20210203112523","is_ascension_mode":true,"campfire_choices":[{"floor":7,"key":"REST"},{"floor":12,"key":"REST"},{"floor":15,"key":"RECALL"},{"floor":24,"key":"REST"}],"circlet_count":0,"master_deck":["Strike_B","Strike_B","Strike_B","Strike_B","Defend_B","Defend_B","Defend_B","Defend_B","Zap","Dualcast","Rebound","Lockon","Lockon","Ball Lightning","Sweeping Beam","Streamline","Compile Driver","Go for the Eyes","Sweeping Beam","Beam Cell","Core Surge","Ball Lightning","White Noise","Loop+1","Beam Cell","Beam Cell","Rebound+1","Lockon+1"],"relics":["Cracked Core","Singing Bowl","Replay:Mystery Machine","Carrot","Honey Jar","Frozen Egg 2","Prayer Wheel","Torii"],"acts_visited":["Exordium","TheCity"],"potions_floor_usage":[6,16,22,25],"damage_taken":[{"damage":1,"enemies":"Cultist","floor":1,"turns":3},{"damage":12,"enemies":"Jaw Worm","floor":3,"turns":2},{"damage":25,"enemies":"Lagavulin","floor":6,"turns":6},{"damage":16,"enemies":"Gremlin Nob","floor":8,"turns":3},{"damage":30,"enemies":"Lagavulin","floor":10,"turns":4},{"damage":2,"enemies":"2 Louse","floor":11,"turns":2},{"damage":9,"enemies":"2 Fungi Beasts","floor":14,"turns":2},{"damage":15,"enemies":"Hexaghost","floor":16,"turns":7},{"damage":7,"enemies":"Chosen","floor":18,"turns":3},{"damage":1,"enemies":"Spheric Guardian","floor":19,"turns":3},{"damage":6,"enemies":"Chosen and Byrds","floor":22,"turns":4},{"damage":43,"enemies":"Book of Stabbing","floor":23,"turns":4},{"damage":36,"enemies":"Slavers","floor":25,"turns":3}],"seed_played":"6842082923660567565","potions_obtained":[{"floor":3,"key":"CultistPotion"},{"floor":8,"key":"Ancient Potion"},{"floor":11,"key":"LiquidBronze"},{"floor":20,"key":"Venom Potion"},{"floor":20,"key":"SkillPotion"},{"floor":20,"key":"Doom Potion"},{"floor":23,"key":"Explosive Potion"}],"is_trial":false,"path_per_floor":["M","$","M","$","?","E","R","E","T","E","M","R","?","M","R","B",null,"M","M","?","$","M","E","R","E"],"character_chosen":"DEFECT","items_purchased":["Lockon","Ball Lightning","Streamline","Frozen Egg 2","Loop+1","Beam Cell"],"campfire_rested":3,"item_purchase_floors":[2,2,4,21,21,21],"current_hp_per_floor":[74,74,62,62,51,26,50,36,36,6,4,29,29,20,20,5,64,57,56,56,56,50,7,32,0,0],"gold":80,"neow_bonus":"TEN_PERCENT_HP_BONUS","is_daily":false,"chose_seed":false,"campfire_upgraded":0,"win_rate":0.0,"timestamp":1612369523,"path_taken":["M","?","M","$","?","E","R","E","T","E","M","R","?","M","R","BOSS","M","M","?","?","M","E","R","E"],"items_purchased_type":["Card","Card","Card","Relic","Card","Card"],"build_version":"2020-12-22","purchased_purges":0,"victory":false,"max_hp_per_floor":[82,82,82,82,82,82,82,84,84,84,84,84,84,84,84,84,84,84,84,84,84,84,84,84,84,84],"card_choices":[{"not_picked":["Hologram","Redo"],"picked":"Rebound","floor":1},{"not_picked":["Go for the Eyes","Streamline"],"picked":"Sweeping Beam","floor":3},{"not_picked":["ReplayTheSpireMod:System Scan","Sweeping Beam"],"picked":"Compile Driver","floor":6},{"not_picked":["Streamline","Echo Form","Stack"],"picked":"Singing Bowl","floor":8},{"not_picked":["ReplayTheSpireMod:Calculation Training","Cold Snap"],"picked":"Go for the Eyes","floor":10},{"not_picked":["Stack","Heatsinks"],"picked":"Sweeping Beam","floor":11},{"not_picked":["Redo","Sweeping Beam"],"picked":"Beam Cell","floor":14},{"not_picked":["ReplayTheSpireMod:Fabricate Wheel","Amplify"],"picked":"Core Surge","floor":16},{"not_picked":["Coolheaded","Rip and Tear+1","Go for the Eyes"],"picked":"Ball Lightning","floor":18},{"not_picked":["Sweeping Beam","Turbo","Multi-Cast"],"picked":"White Noise","floor":19},{"not_picked":["Compile Driver","Skim+1","Coolheaded"],"picked":"Beam Cell","floor":22},{"not_picked":["White Noise","ReplayTheSpireMod:Repulse","Cold Snap"],"picked":"Rebound+1","floor":22},{"not_picked":["Streamline","Blizzard","Chill"],"picked":"Lockon+1","floor":23}],"player_experience":748049,"relics_obtained":[{"floor":6,"key":"Singing Bowl"},{"floor":8,"key":"Replay:Mystery Machine"},{"floor":10,"key":"Carrot"},{"floor":23,"key":"Torii"}],"event_choices":[{"damage_healed":0,"gold_gain":75,"player_choice":"Gather Gold","damage_taken":11,"max_hp_gain":0,"max_hp_loss":0,"event_name":"World of Goop","floor":5,"gold_loss":0},{"damage_healed":0,"gold_gain":64,"player_choice":"Gained Gold","damage_taken":0,"max_hp_gain":0,"max_hp_loss":0,"event_name":"Golden Wing","floor":13,"gold_loss":0},{"damage_healed":0,"gold_gain":0,"player_choice":"Got Potions","damage_taken":0,"max_hp_gain":0,"max_hp_loss":0,"event_name":"Lab","floor":20,"gold_loss":0}],"is_beta":false,"boss_relics":[{"not_picked":["Sozu","Inserter"],"picked":"Honey Jar"}],"items_purged_floors":[],"is_endless":false,"potions_floor_spawned":[3,8,11,23],"killed_by":"Slavers","ascension_level":7}}