{"host":"lwpvkgc6ydwupigp","time":1612395285,"event":{"mods":["AchievementEnabler","BaseMod","Bestiary","Minty Spire (QoL Compilation)","Quick Restart","Relic Stats"],"gold_per_floor":[116,116,116,134,154,154,187,187,212,245,245,41,54,71,71,173,173,190,34,34,34,34,34,66,66,120,220,232,232,0,19,19,19,19],"floor_reached":33,"language":"ENG","playtime":2349,"items_purged":["Writhe"],"score":271,"play_id":"02f1c546-62bb-4b1c-8456-5dde84692519","local_time":"20210204003445","is_ascension_mode":false,"campfire_choices":[{"floor":6,"key":"REST"},{"floor":15,"key":"REST"},{"data":"All Out Attack","floor":23,"key":"SMITH"},{"floor":25,"key":"REST"},{"floor":32,"key":"REST"}],"circlet_count":0,"master_deck":["Strike_G","Strike_G+1","Strike_G+1","Defend_G+1","Defend_G+1","Defend_G","Defend_G","Defend_G","Survivor","Neutralize","Well Laid Plans","Corpse Explosion","All Out Attack+1","Dagger Spray","Blur","Catalyst","Bane","Deadly Poison","Deadly Poison","Die Die Die","CurseOfTheBell","Dagger Spray","Outmaneuver","Leg Sweep","PiercingWail+1","Blade Dance","Backstab"],"relics":["Ring of the Snake","Whetstone","War Paint","Vajra","Snake Skull","HornCleat","Bird Faced Urn","Lantern","Calling Bell","Boot","Mummified Hand","Tough Bandages","Bronze Scales","Question Card","StoneCalendar","Juzu Bracelet","Du-Vu Doll","Ninja Scroll","Ancient Tea Set","MealTicket"],"acts_visited":["Exordium","TheCity"],"potions_floor_usage":[16,27,33],"damage_taken":[{"damage":2,"enemies":"2 Louse","floor":1,"turns":3},{"damage":0,"enemies":"Small Slimes","floor":4,"turns":3},{"damage":0,"enemies":"Cultist","floor":5,"turns":3},{"damage":31,"enemies":"Lagavulin","floor":7,"turns":7},{"damage":10,"enemies":"Gremlin Nob","floor":10,"turns":4},{"damage":0,"enemies":"Looter","floor":13,"turns":3},{"damage":0,"enemies":"Large Slime","floor":14,"turns":5},{"damage":19,"enemies":"Hexaghost","floor":16,"turns":8},{"damage":2,"enemies":"2 Thieves","floor":18,"turns":3},{"damage":32,"enemies":"Book of Stabbing","floor":24,"turns":5},{"damage":10,"enemies":"Colosseum Slavers","floor":27,"turns":5},{"damage":20,"enemies":"Colosseum Nobs","floor":27,"turns":4},{"damage":0,"enemies":"3 Byrds","floor":28,"turns":2},{"damage":12,"enemies":"Centurion and Healer","floor":31,"turns":2},{"damage":49,"enemies":"Automaton","floor":33,"turns":6}],"seed_played":"3554404449966931030","potions_obtained":[{"floor":4,"key":"Strength Potion"},{"floor":5,"key":"SpeedPotion"},{"floor":13,"key":"DuplicationPotion"},{"floor":18,"key":"SpeedPotion"},{"floor":27,"key":"PowerPotion"}],"is_trial":false,"path_per_floor":["M","?","?","M","M","R","E","?","T","E","T","$","M","M","R","B",null,"M","$","?","?","?","R","E","R","T","?","M","T","$","M","R","B"],"character_chosen":"THE_SILENT","items_purchased":["Lantern","Bane","Bronze Scales","MealTicket"],"campfire_rested":4,"item_purchase_floors":[12,12,19,30],"current_hp_per_floor":[68,68,43,43,43,64,33,38,38,28,28,28,28,30,52,33,75,73,73,73,73,73,73,41,63,63,37,37,37,37,25,47,0,0],"gold":19,"neow_bonus":"RANDOM_COMMON_RELIC","is_daily":false,"chose_seed":false,"campfire_upgraded":1,"win_rate":0.0,"timestamp":1612395285,"path_taken":["M","?","?","M","M","R","E","?","T","E","?","?","M","M","R","BOSS","M","$","?","?","?","R","E","R","T","?","M","?","?","M","R","BOSS"],"items_purchased_type":["Relic","Card","Relic","Relic"],"build_version":"2020-12-22","purchased_purges":1,"victory":false,"max_hp_per_floor":[70,70,70,70,70,70,70,75,75,75,75,75,75,75,75,75,75,75,75,75,75,75,75,75,75,75,75,75,75,75,75,75,75,75],"relic_stats":{"counters":[15,63],"StoneCalendar":[0],"Snake Skull":[32],"Juzu Bracelet":1,"Whetstone":["Strike_G","Strike_G"],"War Paint":["Defend_G","Defend_G"],"Boot":[16],"Question Card":4,"Tough Bandages":[18],"Mummified Hand":[2],"Bird Faced Urn":[6],"Bronze Scales":[86],"MealTicket":0,"obtain_stats":[{"Lantern":12,"Vajra":7,"StoneCalendar":24,"Snake Skull":9,"Juzu Bracelet":26,"Whetstone":0,"War Paint":3,"Boot":17,"Question Card":21,"Ancient Tea Set":29,"Calling Bell":17,"Du-Vu Doll":27,"Tough Bandages":17,"HornCleat":10,"Mummified Hand":17,"Ninja Scroll":27,"Bird Faced Urn":11,"Bronze Scales":19,"MealTicket":30,"Ring of the Snake":0},{"Lantern":5,"Vajra":4,"StoneCalendar":10,"Snake Skull":4,"Juzu Bracelet":10,"Whetstone":0,"War Paint":1,"Boot":8,"Question Card":9,"Ancient Tea Set":13,"Calling Bell":8,"Du-Vu Doll":12,"Tough Bandages":8,"HornCleat":5,"Mummified Hand":8,"Ninja Scroll":12,"Bird Faced Urn":5,"Bronze Scales":9,"MealTicket":13,"Ring of the Snake":0},{"Lantern":20,"Vajra":16,"StoneCalendar":44,"Snake Skull":16,"Juzu Bracelet":44,"Whetstone":0,"War Paint":3,"Boot":36,"Question Card":39,"Ancient Tea Set":55,"Calling Bell":36,"Du-Vu Doll":53,"Tough Bandages":36,"HornCleat":20,"Mummified Hand":36,"Ninja Scroll":53,"Bird Faced Urn":20,"Bronze Scales":39,"MealTicket":55,"Ring of the Snake":0}],"Ring of the Snake":[30]},"card_choices":[{"not_picked":["PiercingWail","Tactician"],"picked":"Well Laid Plans","floor":1},{"not_picked":["Sucker Punch","Predator"],"picked":"All Out Attack","floor":4},{"not_picked":["Finisher","Dagger Throw"],"picked":"Dagger Spray","floor":5},{"not_picked":["Dagger Spray","Dodge and Roll"],"picked":"Blur","floor":7},{"not_picked":["Deflect","Underhanded Strike"],"picked":"Catalyst","floor":10},{"not_picked":["Sucker Punch","All Out Attack"],"picked":"Deadly Poison","floor":13},{"not_picked":["Blur","Reflex"],"picked":"Deadly Poison","floor":14},{"not_picked":["Malaise","A Thousand Cuts"],"picked":"Die Die Die","floor":16},{"not_picked":["Heel Hook","Dash"],"picked":"Dagger Spray","floor":18},{"not_picked":["PiercingWail","Acrobatics","Reflex+1"],"picked":"Leg Sweep","floor":24},{"not_picked":["Outmaneuver","Flying Knee","Distraction"],"picked":"PiercingWail+1","floor":27},{"not_picked":["Underhanded Strike+1","Backstab","Noxious Fumes+1"],"picked":"Blade Dance","floor":28},{"not_picked":["Escape Plan","Tactician","Crippling Poison"],"picked":"Backstab","floor":31}],"player_experience":27326,"relics_obtained":[{"floor":7,"key":"Vajra"},{"floor":9,"key":"Snake Skull"},{"floor":10,"key":"HornCleat"},{"floor":11,"key":"Bird Faced Urn"},{"floor":17,"key":"Boot"},{"floor":17,"key":"Mummified Hand"},{"floor":17,"key":"Tough Bandages"},{"floor":24,"key":"StoneCalendar"},{"floor":26,"key":"Juzu Bracelet"},{"floor":27,"key":"Du-Vu Doll"},{"floor":27,"key":"Ninja Scroll"},{"floor":29,"key":"Ancient Tea Set"}],"event_choices":[{"damage_healed":0,"gold_gain":0,"cards_transformed":["Strike_G"],"player_choice":"Change","damage_taken":0,"max_hp_gain":0,"max_hp_loss":0,"event_name":"Living Wall","floor":2,"gold_loss":0,"cards_obtained":["Corpse Explosion"]},{"damage_healed":0,"gold_gain":0,"player_choice":"Success","damage_taken":25,"relics_obtained":["War Paint"],"max_hp_gain":0,"max_hp_loss":0,"event_name":"Scrap Ooze","floor":3,"gold_loss":0},{"damage_healed":0,"gold_gain":0,"player_choice":"Donut","damage_taken":0,"max_hp_gain":5,"max_hp_loss":0,"event_name":"Big Fish","floor":8,"gold_loss":0},{"damage_healed":0,"gold_gain":0,"player_choice":"Read","damage_taken":0,"max_hp_gain":0,"max_hp_loss":0,"event_name":"The Library","floor":20,"gold_loss":0,"cards_obtained":["Outmaneuver"]},{"damage_healed":0,"gold_gain":0,"player_choice":"Opened","damage_taken":0,"relics_obtained":["Question Card"],"max_hp_gain":0,"max_hp_loss":0,"event_name":"The Mausoleum","floor":21,"gold_loss":0,"cards_obtained":["Writhe"]},{"cards_removed":["Strike_G"],"damage_healed":0,"gold_gain":0,"player_choice":"Offered Basic","damage_taken":0,"max_hp_gain":0,"max_hp_loss":0,"event_name":"Bonfire Elementals","floor":22,"gold_loss":0},{"damage_healed":0,"gold_gain":0,"player_choice":"Fight","damage_taken":0,"max_hp_gain":0,"max_hp_loss":0,"event_name":"Colosseum","floor":27,"gold_loss":0},{"damage_healed":0,"gold_gain":0,"player_choice":"Fought Nobs","damage_taken":0,"max_hp_gain":0,"max_hp_loss":0,"event_name":"Colosseum","floor":27,"gold_loss":0}],"is_beta":false,"boss_relics":[{"not_picked":["Snecko Eye","Runic Pyramid"],"picked":"Calling Bell"}],"items_purged_floors":[30],"is_endless":false,"potions_floor_spawned":[4,5,13,18,27,28],"killed_by":"Automaton","ascension_level":0}}