{"host":"qdfumeom6htv8yxl","time":1612383336,"event":{"mods":["AchievementEnabler","BaseMod","Bestiary","Block Reminder","Colored Powertips","Highlight Path","Minty Spire (QoL Compilation)","Quick Restart","Relic Stats"],"gold_per_floor":[116,116,9,21,21,21,52,52,52,52,52],"floor_reached":10,"language":"ENG","playtime":132,"items_purged":[],"score":178,"play_id":"cff080c7-f26b-4aa8-84ef-dbd00685fcaa","local_time":"20210203141536","is_ascension_mode":true,"campfire_choices":[{"data":"Genetic Algorithm","floor":6,"key":"SMITH"},{"data":"Panacea","floor":8,"key":"SMITH"}],"circlet_count":0,"master_deck":["AscendersBane","Strike_B","Strike_B+1","Strike_B+1","Defend_B","Defend_B","Defend_B","Defend_B","Zap","Dualcast","Glacier","Genetic Algorithm+1","Panacea+1","Cold Snap","Sweeping Beam"],"relics":["Cracked Core","NeowsBlessing","Toxic Egg 2","Ornamental Fan"],"acts_visited":["Exordium"],"potions_floor_usage":[],"damage_taken":[{"damage":0,"enemies":"Jaw Worm","floor":1,"turns":1},{"damage":0,"enemies":"2 Louse","floor":4,"turns":1},{"damage":0,"enemies":"3 Sentries","floor":7,"turns":1},{"damage":0,"enemies":"Lagavulin","floor":10,"turns":1}],"seed_played":"7978066191008849334","potions_obtained":[],"is_trial":false,"path_per_floor":["M","?","$","M","?","R","E","R","T","E"],"character_chosen":"DEFECT","items_purchased":["Panacea"],"campfire_rested":0,"item_purchase_floors":[3],"current_hp_per_floor":[64,64,64,64,43,43,43,43,43,43,43],"gold":52,"neow_bonus":"THREE_ENEMY_KILL","is_daily":false,"chose_seed":false,"campfire_upgraded":2,"win_rate":0.0,"timestamp":1612383336,"path_taken":["M","?","$","M","?","R","E","R","T","E"],"items_purchased_type":["Card"],"build_version":"2020-12-22","purchased_purges":0,"victory":false,"max_hp_per_floor":[71,71,71,71,71,71,71,71,71,71,71],"relic_stats":{"counters":[4,4],"Ornamental Fan":[0],"obtain_stats":[{"NeowsBlessing":0,"Ornamental Fan":9,"Toxic Egg 2":7,"Cracked Core":0},{"NeowsBlessing":0,"Ornamental Fan":3,"Toxic Egg 2":3,"Cracked Core":0},{"NeowsBlessing":0,"Ornamental Fan":3,"Toxic Egg 2":3,"Cracked Core":0}]},"card_choices":[{"not_picked":["Barrage","Turbo"],"picked":"Glacier","floor":1},{"not_picked":["Steam","Rebound"],"picked":"Cold Snap","floor":4},{"not_picked":["Hologram+1","Turbo+1"],"picked":"Sweeping Beam","floor":7}],"player_experience":2006246,"relics_obtained":[{"floor":7,"key":"Toxic Egg 2"},{"floor":9,"key":"Ornamental Fan"}],"event_choices":[{"damage_healed":0,"gold_gain":0,"cards_transformed":["Strike_B"],"player_choice":"Change","damage_taken":0,"max_hp_gain":0,"max_hp_loss":0,"event_name":"Living Wall","floor":2,"gold_loss":0,"cards_obtained":["Genetic Algorithm"]},{"damage_healed":0,"gold_gain":0,"player_choice":"Entered Light","damage_taken":21,"max_hp_gain":0,"max_hp_loss":0,"event_name":"Shining Light","floor":5,"gold_loss":0,"cards_upgraded":["Strike_B","Strike_B"]}],"is_beta":false,"boss_relics":[],"items_purged_floors":[],"is_endless":false,"potions_floor_spawned":[],"killed_by":"Lagavulin","ascension_level":20}}