{"host":"anox4050deqdcqoh","time":1612333111,"event":{"mods":["BaseMod","Colored Map","Highlight Path","Minty Spire (QoL Compilation)","Quick Restart","Rare Cards Sparkle","everything is the same but u backflip on backflip"],"gold_per_floor":[109,109,109,27,27,27,60,60,60,60,75,90,90,104,104,200,200,216,226,326,346,60,60,88,88,88,88,120,120,135,135,135,237,237,249,261,41,0,350,350,350],"floor_reached":40,"language":"ENG","playtime":3770,"items_purged":["Strike_G"],"score":485,"play_id":"83f2a236-bae0-4535-acce-216da6084465","local_time":"20210203011831","is_ascension_mode":true,"campfire_choices":[{"data":"Blade Dance","floor":6,"key":"SMITH"},{"data":"Well Laid Plans","floor":10,"key":"SMITH"},{"data":"Slice","floor":13,"key":"SMITH"},{"floor":15,"key":"REST"},{"data":"Backflip","floor":23,"key":"SMITH"},{"data":"Noxious Fumes","floor":25,"key":"SMITH"},{"floor":27,"key":"REST"},{"floor":29,"key":"REST"},{"floor":32,"key":"REST"}],"circlet_count":0,"master_deck":["Strike_G","Strike_G+1","Strike_G+1","Strike_G","Defend_G","Defend_G","Defend_G","Defend_G","Survivor","Neutralize","Blade Dance+1","Choke","Well Laid Plans+1","Finisher","Parasite","Slice+1","Flying Knee","Noxious Fumes+1","After Image","Backflip+1","Cloak And Dagger+1","Backstab+1","Night Terror","Corpse Explosion","Backflip+1","PiercingWail+1","Deflect+1"],"relics":["Ring of the Snake","PreservedInsect","Oddly Smooth Stone","WristBlade","Calipers","Ice Cream","StrikeDummy","Bronze Scales","ClockworkSouvenir","Red Mask","Old Coin"],"acts_visited":["Exordium","TheCity","TheBeyond"],"potions_floor_usage":[7,24,24,31,40,40,40],"damage_taken":[{"damage":5,"enemies":"2 Louse","floor":1,"turns":3},{"damage":30,"enemies":"Gremlin Nob","floor":7,"turns":4},{"damage":6,"enemies":"Small Slimes","floor":11,"turns":2},{"damage":0,"enemies":"Cultist","floor":12,"turns":1},{"damage":2,"enemies":"Looter","floor":14,"turns":2},{"damage":14,"enemies":"Slime Boss","floor":16,"turns":6},{"damage":7,"enemies":"Shell Parasite","floor":18,"turns":6},{"damage":12,"enemies":"Spheric Guardian","floor":19,"turns":4},{"damage":6,"enemies":"Cultist and Chosen","floor":21,"turns":8},{"damage":17,"enemies":"Gremlin Leader","floor":24,"turns":4},{"damage":28,"enemies":"Book of Stabbing","floor":28,"turns":4},{"damage":1,"enemies":"Snecko","floor":30,"turns":3},{"damage":12,"enemies":"Snake Plant","floor":31,"turns":2},{"damage":65,"enemies":"Champ","floor":33,"turns":10},{"damage":11,"enemies":"3 Darklings","floor":35,"turns":5},{"damage":14,"enemies":"Orb Walker","floor":36,"turns":2},{"damage":11,"enemies":"Mind Bloom Boss Battle","floor":39,"turns":7},{"damage":52,"enemies":"Giant Head","floor":40,"turns":7}],"seed_played":"6767206731262829758","potions_obtained":[{"floor":1,"key":"Poison Potion"},{"floor":14,"key":"SpeedPotion"},{"floor":16,"key":"Fire Potion"},{"floor":18,"key":"SmokeBomb"},{"floor":33,"key":"SneckoOil"},{"floor":35,"key":"Block Potion"},{"floor":36,"key":"ColorlessPotion"}],"is_trial":false,"path_per_floor":["M","?","?","$","?","R","E","?","T","R","M","M","R","M","R","B",null,"M","M","?","M","$","R","E","R","T","R","E","R","M","M","R","B",null,"M","M","$","?","?","E"],"character_chosen":"THE_SILENT","items_purchased":["Well Laid Plans","Calipers","ClockworkSouvenir"],"campfire_rested":4,"item_purchase_floors":[4,22,37],"current_hp_per_floor":[72,77,77,77,61,61,31,51,51,51,45,45,45,43,67,53,82,75,63,63,57,57,57,40,40,40,64,36,60,59,47,71,6,82,71,57,57,57,46,0,0],"gold":350,"neow_bonus":"TEN_PERCENT_HP_BONUS","is_daily":false,"chose_seed":false,"campfire_upgraded":5,"win_rate":0.0,"timestamp":1612333111,"path_taken":["M","?","?","$","?","R","E","?","T","R","M","M","R","M","R","BOSS","M","M","?","M","$","R","E","R","T","R","E","R","M","M","R","BOSS","M","?","$","?","?","E"],"items_purchased_type":["Card","Relic","Relic"],"build_version":"2020-12-22","purchased_purges":1,"victory":false,"max_hp_per_floor":[77,82,82,82,82,82,82,82,82,82,82,82,82,82,82,82,82,82,82,82,82,82,82,82,82,82,82,82,82,82,82,82,82,82,82,82,82,82,82,82,82],"card_choices":[{"not_picked":["Infinite Blades","Dodge and Roll"],"picked":"Blade Dance","floor":1},{"not_picked":["Dagger Throw","Quick Slash"],"picked":"Finisher","floor":7},{"not_picked":["Concentrate","Finisher"],"picked":"Slice","floor":11},{"not_picked":["Finisher","Outmaneuver"],"picked":"Flying Knee","floor":12},{"not_picked":["Bane","Flying Knee"],"picked":"Noxious Fumes","floor":14},{"not_picked":["Storm of Steel","Adrenaline"],"picked":"After Image","floor":16},{"not_picked":["Eviscerate+1","Setup+1"],"picked":"Backflip","floor":18},{"not_picked":["Underhanded Strike","Flying Knee","Dagger Throw"],"picked":"SKIP","floor":19},{"not_picked":["Riddle With Holes+1","Dodge and Roll"],"picked":"Cloak And Dagger+1","floor":21},{"not_picked":["Expertise","Noxious Fumes"],"picked":"Backstab+1","floor":24},{"not_picked":["Concentrate","Slice"],"picked":"Night Terror","floor":28},{"not_picked":["Outmaneuver","Dagger Throw","Deadly Poison"],"picked":"SKIP","floor":30},{"not_picked":["Doppelganger","Grand Finale"],"picked":"Corpse Explosion","floor":33},{"not_picked":["Outmaneuver","Bouncing Flask+1"],"picked":"Backflip+1","floor":35},{"not_picked":["Finisher","Predator"],"picked":"PiercingWail+1","floor":36},{"not_picked":["Prepared","All Out Attack+1"],"picked":"Deflect+1","floor":39}],"player_experience":444773,"relics_obtained":[{"floor":7,"key":"PreservedInsect"},{"floor":9,"key":"Oddly Smooth Stone"},{"floor":24,"key":"Ice Cream"},{"floor":26,"key":"StrikeDummy"},{"floor":28,"key":"Bronze Scales"},{"floor":39,"key":"Old Coin"}],"event_choices":[{"damage_healed":0,"gold_gain":0,"player_choice":"Donut","damage_taken":0,"max_hp_gain":5,"max_hp_loss":0,"event_name":"Big Fish","floor":2,"gold_loss":0},{"damage_healed":0,"gold_gain":0,"cards_transformed":["Defend_G"],"player_choice":"Change","damage_taken":0,"max_hp_gain":0,"max_hp_loss":0,"event_name":"Living Wall","floor":3,"gold_loss":0,"cards_obtained":["Choke"]},{"damage_healed":0,"gold_gain":0,"player_choice":"Entered Light","damage_taken":16,"max_hp_gain":0,"max_hp_loss":0,"event_name":"Shining Light","floor":5,"gold_loss":0,"cards_upgraded":["Strike_G","Strike_G"]},{"damage_healed":20,"gold_gain":0,"player_choice":"Healed and dodged fight","damage_taken":0,"max_hp_gain":0,"max_hp_loss":0,"event_name":"Mushrooms","floor":8,"gold_loss":0,"cards_obtained":["Parasite"]},{"damage_healed":0,"gold_gain":100,"player_choice":"Pray","damage_taken":0,"max_hp_gain":0,"max_hp_loss":0,"event_name":"Golden Shrine","floor":20,"gold_loss":0},{"damage_healed":0,"gold_gain":0,"player_choice":"Paid","damage_taken":0,"relics_obtained":["Red Mask"],"max_hp_gain":0,"max_hp_loss":0,"event_name":"Tomb of Lord Red Mask","floor":38,"gold_loss":41},{"damage_healed":0,"gold_gain":0,"player_choice":"Fight","damage_taken":0,"max_hp_gain":0,"max_hp_loss":0,"event_name":"MindBloom","floor":39,"gold_loss":0}],"is_beta":false,"boss_relics":[{"not_picked":["SlaversCollar","Coffee Dripper"],"picked":"WristBlade"},{"not_picked":["Ring of the Serpent","Velvet Choker","Pandora\u0027s Box"]}],"items_purged_floors":[37],"is_endless":false,"potions_floor_spawned":[1,14,16,18,31,33,35,36],"killed_by":"Giant Head","ascension_level":3}}