{"host":"5spr8tig1ba228ju","time":1612355019,"event":{"mods":["BaseMod","Bestiary","Colored Map","Colored Powertips","Curses Come First","Energized Spire","Highlight Path","Hubris","Minty Spire (QoL Compilation)","Quick Restart","Relic Stats","Reliquary","Replay The Spire","Shop Mod","Spicy Shops","StSLib","SuperFastMode","The Jungle","¡¾ÒÅÎï¿¨ÅÆ¡¿REMEMod"],"gold_per_floor":[17,17,32,51,21,21,21],"floor_reached":6,"language":"ZHS","playtime":287,"items_purged":[],"score":65,"play_id":"8d08854e-6652-40a3-9025-126b981e8006","local_time":"20210203202339","is_ascension_mode":true,"campfire_choices":[],"circlet_count":0,"master_deck":["AscendersBane","Strike_G","Strike_G","Strike_G","Defend_G","Defend_G","Defend_G","Defend_G","Defend_G","Survivor","Neutralize","Night Terror","Malaise","Immolate","Outmaneuver","Injury","Distraction"],"relics":["Ring of the Snake","REME_ComplimentaryCards","Golden Idol"],"acts_visited":["Exordium"],"potions_floor_usage":[],"damage_taken":[{"damage":0.0,"enemies":"Small Slimes","floor":1.0,"turns":1.0},{"damage":10.0,"enemies":"Jaw Worm","floor":3.0,"turns":4.0},{"damage":0.0,"enemies":"2 Louse","floor":4.0,"turns":1.0},{"damage":3,"enemies":"Looter","floor":5,"turns":4},{"damage":56,"enemies":"Gremlin Nob","floor":6,"turns":6}],"seed_played":"5659145409629275338","potions_obtained":[],"is_trial":false,"path_per_floor":["M","?","M","M","M","E"],"character_chosen":"THE_SILENT","items_purchased":[],"campfire_rested":0,"item_purchase_floors":[],"current_hp_per_floor":[59,59,49,49,46,0,0],"gold":21,"neow_bonus":"TRANSFORM_TWO_CARDS","is_daily":false,"chose_seed":false,"campfire_upgraded":0,"win_rate":0.0,"timestamp":1612355019,"path_taken":["M","?","M","M","M","E"],"items_purchased_type":[],"build_version":"2020-12-22","purchased_purges":0,"victory":false,"max_hp_per_floor":[66,66,66,66,66,66,66],"relic_stats":{"counters":[5,16],"Golden Idol":7,"obtain_stats":[{"Golden Idol":2,"Ring of the Snake":0,"REME_ComplimentaryCards":0},{"Golden Idol":1,"Ring of the Snake":0,"REME_ComplimentaryCards":0},{"Golden Idol":1,"Ring of the Snake":0,"REME_ComplimentaryCards":0}],"Ring of the Snake":[10]},"card_choices":[{"not_picked":["Bane","REME_ShadowStrike"],"picked":"Outmaneuver","floor":1.0},{"not_picked":["Bane","Backflip","Reflex"],"picked":"SKIP","floor":3.0},{"not_picked":["Backflip","Prepared"],"picked":"Distraction","floor":4.0},{"not_picked":["Dodge and Roll","ReplayTheSpireMod:Scrap Shanks","Prepared"],"picked":"SKIP","floor":5}],"player_experience":634517,"relics_obtained":[],"event_choices":[{"damage_healed":0.0,"max_hp_gain":0.0,"max_hp_loss":0.0,"gold_gain":0.0,"event_name":"Golden Idol","player_choice":"Take Wound","floor":2.0,"gold_loss":0.0,"damage_taken":0.0,"relics_obtained":["Golden Idol"],"cards_obtained":["Injury"]}],"is_beta":false,"boss_relics":[],"items_purged_floors":[],"is_endless":false,"potions_floor_spawned":[],"killed_by":"Gremlin Nob","ascension_level":16}}