{"host":"knspyp6dy614fx6e","time":1612371540,"event":{"mods":["ATMod(阿瑾Mod)","Aspiration","BaseMod","Better Altar","Better Skull","Better Third Choice","Card Filter","DeckTracker","Dota2Spire","Energized Spire","Jedi Mod","Minty Spire (QoL Compilation)","Quick Restart","Relic Filter Mod","Relic Stats","Reliquary","Shop Mod","Spicy Shops","StSLib","TestMod","Waifu the Spire"],"gold_per_floor":[364,379,110,110,128,128,84,112,112,138,150,172,196,218,230,316,328,355,379,407,419,25,25,58,72,95,106,56,72,72,82,82,156,156,174,190,207,223,223,223,250,68,68,68,68,85,85,112,112,112,112,112],"floor_reached":51,"language":"ZHS","playtime":2430,"items_purged":["Regret","AT_Dispersion","Strike_R"],"score":1482,"play_id":"7de2b5bc-19c6-474a-a6dd-f4218faf4e0d","local_time":"20210204005900","is_ascension_mode":true,"campfire_choices":[{"data":"True Grit","floor":6.0,"key":"SMITH"},{"floor":15.0,"key":"REST"},{"data":"AT_Dispersion","floor":23.0,"key":"SMITH"},{"data":"Machine Learning","floor":30.0,"key":"SMITH"},{"data":"Defragment","floor":32.0,"key":"SMITH"},{"floor":40.0,"key":"REST"},{"data":"Hologram","floor":44.0,"key":"SMITH"},{"floor":47,"key":"REST"},{"floor":49,"key":"RECALL"}],"circlet_count":0,"master_deck":["AscendersBane","Strike_R","Strike_R","Strike_R","Strike_R","Defend_R","Defend_R","Defend_R","Defend_R","Bash","True Grit+1","Evolve","Fire Breathing","Feel No Pain","Sword Boomerang","Reckless Charge","Inflame","Feed","AT_Dispersion+1","Defragment+1","Fiend Fire","Rage","Machine Learning+1","BootSequence","Recycle+1","Battle Trance","jedi:strikingstrike","Body Slam","Burning Pact","AT_WarpDrive","Dual Wield","Hologram","Hologram+1","Turbo","AT_RobotInSpace"],"relics":["Burning Blood","AT_ATBox","testmod-TestBox","reliquary:PorcupineQuills","Dota2Spire:ShivaGuard","aspiration:DefectSkillbook","Medical Kit","Smiling Mask","Strawberry","energizedSpire:TabascoSauce","aspiration:Nostalgia","PureWater","testmod-ConstraintPeriapt","Dota2Spire:Vanguard","Kunai","testmod-IndustrialRevolution","Dota2Spire:BattleFury"],"acts_visited":["Exordium","TheCity","TheBeyond"],"potions_floor_usage":[50,51,51],"damage_taken":[{"damage":9.0,"enemies":"Small Slimes","floor":1.0,"turns":3.0},{"damage":24.0,"enemies":"Jaw Worm","floor":2.0,"turns":4.0},{"damage":9.0,"enemies":"2 Louse","floor":5.0,"turns":3.0},{"damage":22.0,"enemies":"3 Sentries","floor":8.0,"turns":5.0},{"damage":36.0,"enemies":"Gremlin Nob","floor":10.0,"turns":4.0},{"damage":14.0,"enemies":"Red Slaver","floor":12.0,"turns":3.0},{"damage":5.0,"enemies":"2 Fungi Beasts","floor":13.0,"turns":4.0},{"damage":9.0,"enemies":"Exordium Wildlife","floor":14.0,"turns":6.0},{"damage":4.0,"enemies":"Slime Boss","floor":16.0,"turns":7.0},{"damage":16.0,"enemies":"2 Thieves","floor":18.0,"turns":4.0},{"damage":13.0,"enemies":"Chosen","floor":19.0,"turns":4.0},{"damage":26.0,"enemies":"Snake Plant","floor":20.0,"turns":4.0},{"damage":28.0,"enemies":"Gremlin Leader","floor":24.0,"turns":8.0},{"damage":9.0,"enemies":"Centurion and Healer","floor":25.0,"turns":10.0},{"damage":2.0,"enemies":"Snecko","floor":27.0,"turns":4.0},{"damage":0.0,"enemies":"3 Cultists","floor":29.0,"turns":4.0},{"damage":0.0,"enemies":"Snake Plant","floor":31.0,"turns":4.0},{"damage":29.0,"enemies":"Champ","floor":33.0,"turns":9.0},{"damage":8.0,"enemies":"Orb Walker","floor":35.0,"turns":4.0},{"damage":10.0,"enemies":"3 Shapes","floor":36.0,"turns":5.0},{"damage":15.0,"enemies":"Writhing Mass","floor":37.0,"turns":1.0},{"damage":27.0,"enemies":"Spire Growth","floor":38.0,"turns":6.0},{"damage":32.0,"enemies":"Nemesis","floor":41.0,"turns":7.0},{"damage":3,"enemies":"3 Darklings","floor":46,"turns":5},{"damage":2,"enemies":"Giant Head","floor":48,"turns":7},{"damage":20,"enemies":"Donu and Deca","floor":50,"turns":6},{"damage":58,"enemies":"Awakened One","floor":51,"turns":9}],"seed_played":"-427986020145757965","potions_obtained":[{"floor":2.0,"key":"FairyPotion"},{"floor":12.0,"key":"jedi:StrikingPotion"},{"floor":13.0,"key":"LiquidMemories"},{"floor":14.0,"key":"testmod-SpacePotion"},{"floor":16.0,"key":"LiquidMemories"},{"floor":24.0,"key":"Strength Potion"},{"floor":25.0,"key":"Weak Potion"},{"floor":29.0,"key":"SteroidPotion"},{"floor":33.0,"key":"Block Potion"},{"floor":38.0,"key":"SkillPotion"},{"floor":41.0,"key":"Weak Potion"},{"floor":46,"key":"PowerPotion"},{"floor":48,"key":"jedi:StrikingPotion"}],"is_trial":false,"path_per_floor":["M","M","$","?","M","R","$","E","T","E","?","M","M","M","R","B",null,"M","M","M","?","$","R","E","M","T","M","$","M","R","M","R","B",null,"M","M","M","M","?","R","E","$","T","R","T","M","R","E","R","B","B"],"character_chosen":"IRONCLAD","items_purchased":["Fire Breathing","reliquary:PorcupineQuills","Feel No Pain","Defragment","Medical Kit","Fiend Fire","Dota2Spire:Vanguard","Hologram"],"campfire_rested":3,"item_purchase_floors":[3,3,7,22,22,22,42,42],"current_hp_per_floor":[65,47,47,52,49,49,49,33,33,30,30,22,23,20,44,46,72,62,55,35,35,35,35,13,13,20,24,24,33,33,39,39,16,74,69,63,51,27,27,55,26,26,26,26,26,26,54,55,55,38,0,0],"gold":112,"neow_bonus":"TWO_FIFTY_GOLD","is_daily":false,"chose_seed":false,"campfire_upgraded":5,"win_rate":0.0,"timestamp":1612371540,"path_taken":["M","M","$","?","M","R","?","E","T","E","?","M","M","M","R","BOSS","M","M","M","?","$","R","E","?","T","?","?","M","R","M","R","BOSS","M","M","M","M","?","R","E","$","T","R","?","?","R","E","R","BOSS","BOSS"],"items_purchased_type":["Card","Relic","Card","Card","Relic","Card","Relic","Card"],"build_version":"2020-12-22","purchased_purges":3,"victory":false,"max_hp_per_floor":[75,75,75,80,80,80,80,80,80,80,80,80,80,80,80,80,80,80,80,80,80,80,80,80,83,90,90,90,93,93,93,93,93,93,93,94,94,94,94,94,94,94,94,94,94,94,94,94,94,94,94,94],"relic_stats":{"counters":[27,136],"Kunai":[10],"Medical Kit":[17],"Smiling Mask":125,"obtain_stats":[{"AT_ATBox":0,"testmod-TestBox":0,"aspiration:Nostalgia":39,"Dota2Spire:ShivaGuard":8,"Dota2Spire:Vanguard":42,"Dota2Spire:BattleFury":48,"testmod-ConstraintPeriapt":41,"MawBank":10,"Medical Kit":22,"Smiling Mask":24,"testmod-IndustrialRevolution":45,"Burning Blood":0,"reliquary:PorcupineQuills":3,"aspiration:DefectSkillbook":17,"Strawberry":26,"energizedSpire:TabascoSauce":34,"Kunai":43,"PureWater":39},{"AT_ATBox":0,"testmod-TestBox":0,"aspiration:Nostalgia":22,"Dota2Spire:ShivaGuard":4,"Dota2Spire:Vanguard":23,"Dota2Spire:BattleFury":25,"testmod-ConstraintPeriapt":23,"MawBank":5,"Medical Kit":12,"Smiling Mask":13,"testmod-IndustrialRevolution":23,"Burning Blood":0,"reliquary:PorcupineQuills":2,"aspiration:DefectSkillbook":9,"Strawberry":14,"energizedSpire:TabascoSauce":18,"Kunai":23,"PureWater":22},{"AT_ATBox":0,"testmod-TestBox":0,"aspiration:Nostalgia":102,"Dota2Spire:ShivaGuard":15,"Dota2Spire:Vanguard":109,"Dota2Spire:BattleFury":121,"testmod-ConstraintPeriapt":109,"MawBank":19,"Medical Kit":51,"Smiling Mask":59,"testmod-IndustrialRevolution":109,"Burning Blood":0,"reliquary:PorcupineQuills":7,"aspiration:DefectSkillbook":39,"Strawberry":69,"energizedSpire:TabascoSauce":88,"Kunai":109,"PureWater":102}],"Burning Blood":132},"card_choices":[{"not_picked":["Thunderclap","Pommel Strike"],"picked":"True Grit","floor":1.0},{"not_picked":["Sword Boomerang","Shrug It Off"],"picked":"Evolve","floor":2.0},{"not_picked":["True Grit","Clash","Fire Breathing"],"picked":"SKIP","floor":5.0},{"not_picked":["Clothesline","Perfected Strike"],"picked":"Sword Boomerang","floor":8.0},{"not_picked":["Flex","Dual Wield"],"picked":"Reckless Charge","floor":10.0},{"not_picked":["Sword Boomerang","Fire Breathing"],"picked":"AT_Dispersion","floor":12.0},{"not_picked":["Wild Strike","Clothesline"],"picked":"Inflame","floor":13.0},{"not_picked":["Searing Blow","Thunderclap","Pommel Strike"],"picked":"SKIP","floor":14.0},{"not_picked":["Impervious","Double Tap"],"picked":"Feed","floor":16.0},{"not_picked":["jedi:blockon","jedi:locknload","Twin Strike","Rip and Tear"],"picked":"SKIP","floor":18.0},{"not_picked":["Streamline","Clash","Steam","Leap"],"picked":"SKIP","floor":19.0},{"not_picked":["Havoc","Wild Strike+1","Heavy Blade","Ghostly Armor"],"picked":"SKIP","floor":20.0},{"not_picked":["Carnage","Sword Boomerang","Cleave"],"picked":"Rage","floor":24.0},{"not_picked":["Hemokinesis","Clothesline","Sever Soul"],"picked":"Machine Learning","floor":25.0},{"not_picked":["Storm","Wild Strike","Cleave"],"picked":"BootSequence","floor":27.0},{"not_picked":["Cleave","jedi:blockon","AT_StudyProgram"],"picked":"Recycle+1","floor":29.0},{"not_picked":["Twin Strike","Armaments","AT_HeatAcrobatics"],"picked":"Battle Trance","floor":31.0},{"not_picked":["Rainbow","Seek","Meteor Strike"],"picked":"jedi:strikingstrike","floor":33.0},{"not_picked":["Coolheaded","Leap","True Grit"],"picked":"Body Slam","floor":35.0},{"not_picked":["Chill","Clash+1","Wild Strike+1"],"picked":"Burning Pact","floor":36.0},{"not_picked":["Pommel Strike","Beam Cell","Conserve Battery"],"picked":"AT_WarpDrive","floor":37.0},{"not_picked":["Compile Driver+1","Feel No Pain","Meteor Strike"],"picked":"Dual Wield","floor":38.0},{"not_picked":["Force Field","jedi:overflow","Steam"],"picked":"Hologram","floor":41.0},{"not_picked":["Blood for Blood","Searing Blow","Feel No Pain"],"picked":"Turbo","floor":46},{"not_picked":["Iron Wave","Leap","Hologram"],"picked":"AT_RobotInSpace","floor":48}],"player_experience":317938,"relics_obtained":[{"floor":8.0,"key":"Dota2Spire:ShivaGuard"},{"floor":10.0,"key":"MawBank"},{"floor":24.0,"key":"Smiling Mask"},{"floor":26.0,"key":"Strawberry"},{"floor":41.0,"key":"testmod-ConstraintPeriapt"},{"floor":43.0,"key":"Kunai"},{"floor":45.0,"key":"testmod-IndustrialRevolution"},{"floor":48,"key":"Dota2Spire:BattleFury"}],"event_choices":[{"damage_healed":0.0,"max_hp_gain":5.0,"max_hp_loss":0.0,"gold_gain":0.0,"event_name":"Big Fish","player_choice":"Donut","floor":4.0,"gold_loss":0.0,"damage_taken":0.0},{"damage_healed":0.0,"max_hp_gain":0.0,"max_hp_loss":0.0,"gold_gain":0.0,"event_name":"Shining Light","player_choice":"Ignored","floor":11.0,"gold_loss":0.0,"damage_taken":0.0},{"damage_healed":0.0,"max_hp_gain":0.0,"max_hp_loss":0.0,"gold_gain":0.0,"event_name":"Duplicator","player_choice":"Copied","floor":21.0,"gold_loss":0.0,"damage_taken":0.0,"cards_obtained":["AT_Dispersion"]},{"damage_healed":0.0,"max_hp_gain":0.0,"max_hp_loss":0.0,"gold_gain":0.0,"event_name":"给自己的盒子","player_choice":"Swap Relic","floor":39.0,"relics_lost":["MawBank"],"gold_loss":0.0,"damage_taken":0.0,"relics_obtained":["aspiration:Nostalgia"]}],"is_beta":false,"boss_relics":[{"not_picked":["aspiration:SilentSkillbook","reliquary:KinkedSpring"],"picked":"aspiration:DefectSkillbook"},{"not_picked":["Runic Pyramid","SacredBark"],"picked":"energizedSpire:TabascoSauce"}],"items_purged_floors":[3,28,42],"is_endless":false,"potions_floor_spawned":[2,12,13,14,16,24,25,29,33,38,41,46,48],"killed_by":"Awakened One","ascension_level":20}}