{"host":"684z1xpuwaoqmmh1","time":1612355506,"event":{"mods":["A Magickal Journey","BaseMod","Dio Mod","Downfall","Hermit","Jorbs\u0027s Wanderer Trilogy","Marisa????????","Minty Spire (QoL Compilation)","Robot Space Explorer","Shade Mod","StSLib","The Dragon Tamer","The Elementalist","The Hayseed","The Hierophant","The Marked","The Mystic","The Runesmith","The Saiyan","The Vixen","TheBandit","TheFirefly"],"gold_per_floor":[115,190,205,107,122,154,165,165,165,165,200,200,230,230],"floor_reached":13,"language":"ENG","playtime":580,"items_purged":["dioMod:Defend"],"score":108,"play_id":"bce40670-449e-4294-b061-9092aac2c40f","local_time":"20210203143146","is_ascension_mode":true,"campfire_choices":[{"data":"dioMod:DoubleTime","floor":8.0,"key":"SMITH"},{"data":"dioMod:DominatingPresence","floor":10.0,"key":"SMITH"},{"data":"dioMod:FlyAway","floor":12.0,"key":"SMITH"}],"circlet_count":0,"master_deck":["dioMod:Strike","dioMod:Strike","dioMod:Strike","dioMod:Strike","Bite","dioMod:Defend+1","dioMod:Defend","dioMod:Defend+1","dioMod:DominatingPresence+1","dioMod:SlashThroughTime","dioMod:FlyAway+1","dioMod:DoubleTime+1","dioMod:BloodTransfusion","dioMod:LaserVision"],"relics":["dioMod:VampireBlood","War Paint","Anchor","Letter Opener","Ornamental Fan","Tiny Chest"],"acts_visited":["Exordium"],"potions_floor_usage":[13],"damage_taken":[{"damage":0.0,"enemies":"Cultist","floor":1.0,"turns":3.0},{"damage":0.0,"enemies":"Small Slimes","floor":3.0,"turns":4.0},{"damage":0.0,"enemies":"2 Louse","floor":5.0,"turns":3.0},{"damage":48.0,"enemies":"Gremlin Nob","floor":6.0,"turns":5.0},{"damage":8.0,"enemies":"Exordium Wildlife","floor":7.0,"turns":9.0},{"damage":36.0,"enemies":"Lagavulin","floor":11.0,"turns":9.0},{"damage":8,"enemies":"Gremlin Nob","floor":13,"turns":3}],"seed_played":"-137967690132891396","potions_obtained":[{"floor":1.0,"key":"Strength Potion"},{"floor":6.0,"key":"LiquidBronze"},{"floor":13,"key":"champ:CounterPotion"}],"is_trial":false,"path_per_floor":["M","?","M","$","M","E","M","R","T","R","E","R","E"],"character_chosen":"THE_DEFAULT","items_purchased":["dioMod:FlyAway"],"campfire_rested":0,"item_purchase_floors":[4],"current_hp_per_floor":[75,64,74,74,75,34,44,44,44,44,31,31,42,42],"gold":230,"neow_bonus":"RANDOM_COMMON_RELIC","is_daily":false,"chose_seed":false,"campfire_upgraded":3,"win_rate":0.0,"timestamp":1612355506,"path_taken":["M","?","M","$","M","E","M","R","T","R","E","R","E"],"items_purchased_type":["Card"],"build_version":"2020-12-22","purchased_purges":1,"victory":false,"max_hp_per_floor":[75,75,75,75,75,75,75,75,75,75,75,75,75,75],"card_choices":[{"not_picked":["dioMod:GoodbyeJojo","dioMod:BlendIn"],"picked":"dioMod:DominatingPresence","floor":1.0},{"not_picked":["dioMod:ComposedMuda","dioMod:CutDeep"],"picked":"dioMod:SlashThroughTime","floor":3.0},{"not_picked":["dioMod:BloodSuck","dioMod:Donut"],"picked":"dioMod:DoubleTime","floor":5.0},{"not_picked":["dioMod:Roundabout","dioMod:GoodbyeJojo","dioMod:BlendIn"],"picked":"SKIP","floor":6.0},{"not_picked":["dioMod:Muda","dioMod:SadisticLaugh"],"picked":"dioMod:BloodTransfusion","floor":7.0},{"not_picked":["dioMod:WRYYY","dioMod:DominatingPresence"],"picked":"dioMod:LaserVision","floor":11.0}],"player_experience":2976515,"relics_obtained":[{"floor":6.0,"key":"Anchor"},{"floor":9.0,"key":"Letter Opener"},{"floor":11.0,"key":"Ornamental Fan"},{"floor":13,"key":"Tiny Chest"}],"event_choices":[{"damage_healed":0.0,"max_hp_gain":0.0,"max_hp_loss":0.0,"gold_gain":75.0,"event_name":"World of Goop","player_choice":"Gather Gold","floor":2.0,"gold_loss":0.0,"damage_taken":11.0}],"is_beta":false,"boss_relics":[],"items_purged_floors":[4],"is_endless":false,"potions_floor_spawned":[1,6,13],"killed_by":"Gremlin Nob","ascension_level":1}}