{"host":"48q4ubqoivfdigeq","time":1612339541,"event":{"mods":["2.2 Compatiblity","AchievementEnabler","BaseMod","Colored Map","Colored Powertips","DeckTracker","Highlight Path","Minty Spire (QoL Compilation)","Permanent Neow","Quick Restart","Rare Cards Sparkle","StSLib","Swap Starting Deck Mod","The Cursed"],"gold_per_floor":[111,111,111,121,136,171,171,171,195,213,213,225,259,274,274,369,369,385,402,402,402,176,176,209,53,77,77,77,77,77,89,89,89,89],"floor_reached":33,"language":"ENG","playtime":1430,"items_purged":["Strike_G"],"score":371,"play_id":"0d5e734e-0d16-47d4-8c87-abb62bed0e75","local_time":"20210203020541","is_ascension_mode":true,"campfire_choices":[{"floor":8.0,"key":"REST"},{"floor":11.0,"key":"REST"},{"floor":15.0,"key":"REST"},{"floor":23.0,"key":"REST"},{"floor":29,"key":"REST"},{"floor":32,"key":"REST"}],"circlet_count":0,"master_deck":["Strike_G","Strike_G+1","Defend_G","Defend_G+1","Defend_G+1","Survivor","Neutralize","Deadly Poison","Bane","Slice+1","Catalyst","Deadly Poison","Poisoned Stab","Poisoned Stab","Prepared","Burst","Poisoned Stab","Doppelganger","Expertise","Deadly Poison"],"relics":["Ring of the Snake","NeowsBlessing","Kunai","Whetstone","Bag of Preparation","Black Star","PreservedInsect","Tiny Chest","Anchor","Vajra","Centennial Puzzle"],"acts_visited":["Exordium","TheCity"],"potions_floor_usage":[24,30,30],"damage_taken":[{"damage":0.0,"enemies":"Small Slimes","floor":1.0,"turns":1.0},{"damage":0.0,"enemies":"Jaw Worm","floor":4.0,"turns":1.0},{"damage":0.0,"enemies":"2 Louse","floor":5.0,"turns":1.0},{"damage":33.0,"enemies":"3 Sentries","floor":6.0,"turns":12.0},{"damage":5.0,"enemies":"Blue Slaver","floor":10.0,"turns":4.0},{"damage":8.0,"enemies":"Looter","floor":12.0,"turns":3.0},{"damage":7.0,"enemies":"Gremlin Nob","floor":13.0,"turns":3.0},{"damage":0.0,"enemies":"Exordium Wildlife","floor":14.0,"turns":3.0},{"damage":24.0,"enemies":"The Guardian","floor":16.0,"turns":7.0},{"damage":0.0,"enemies":"Shell Parasite","floor":18.0,"turns":3.0},{"damage":13.0,"enemies":"Chosen","floor":19.0,"turns":5.0},{"damage":45,"enemies":"Slavers","floor":24,"turns":7},{"damage":0,"enemies":"Snecko","floor":30,"turns":2},{"damage":9,"enemies":"Cultist and Chosen","floor":31,"turns":4},{"damage":46,"enemies":"Champ","floor":33,"turns":9}],"seed_played":"8885681272442626254","potions_obtained":[{"floor":5.0,"key":"Weak Potion"},{"floor":6.0,"key":"PowerPotion"},{"floor":13.0,"key":"Explosive Potion"},{"floor":14.0,"key":"SmokeBomb"},{"floor":16.0,"key":"DuplicationPotion"},{"floor":24,"key":"Poison Potion"}],"is_trial":false,"path_per_floor":["M","?","T","M","M","E","?","R","T","M","R","M","E","M","R","B",null,"M","M","?","?","$","R","E","$","T","$","?","R","M","M","R","B"],"character_chosen":"THE_SILENT","items_purchased":["PreservedInsect","Vajra"],"campfire_rested":6,"item_purchase_floors":[22,25],"current_hp_per_floor":[63,56,56,56,56,23,9,30,30,25,46,38,31,31,52,28,60,60,47,47,31,31,52,7,7,7,7,7,28,28,19,40,0,0],"gold":89,"neow_bonus":"THREE_ENEMY_KILL","is_daily":false,"chose_seed":false,"campfire_upgraded":0,"win_rate":0.0,"timestamp":1612339541,"path_taken":["M","?","?","?","M","E","?","R","T","M","R","M","E","M","R","BOSS","M","M","?","?","$","R","E","$","T","$","?","R","M","M","R","BOSS"],"items_purchased_type":["Relic","Relic"],"build_version":"2020-12-22","purchased_purges":1,"victory":false,"max_hp_per_floor":[70,70,70,70,70,70,70,70,70,70,70,70,70,70,70,70,70,70,70,70,70,70,70,70,70,70,70,70,70,70,70,70,70,70],"card_choices":[{"not_picked":["Dagger Throw","Calculated Gamble"],"picked":"Deadly Poison","floor":1.0},{"not_picked":["Sucker Punch","Heel Hook"],"picked":"Bane","floor":4.0},{"not_picked":["Acrobatics","Dagger Throw"],"picked":"Slice","floor":5.0},{"not_picked":["Night Terror","Underhanded Strike"],"picked":"Catalyst","floor":6.0},{"not_picked":["Underhanded Strike","Distraction"],"picked":"Deadly Poison","floor":10.0},{"not_picked":["Well Laid Plans","All Out Attack"],"picked":"Poisoned Stab","floor":12.0},{"not_picked":["Dash","Concentrate"],"picked":"Poisoned Stab","floor":13.0},{"not_picked":["Quick Slash","Outmaneuver"],"picked":"Prepared","floor":14.0},{"not_picked":["Grand Finale","Doppelganger"],"picked":"Burst","floor":16.0},{"not_picked":["Dagger Throw","Backflip"],"picked":"Poisoned Stab","floor":18.0},{"not_picked":["Heel Hook+1","Sucker Punch","Eviscerate"],"picked":"SKIP","floor":19.0},{"not_picked":["Underhanded Strike","Tactician","Distraction"],"picked":"SKIP","floor":24},{"not_picked":["Heel Hook","Outmaneuver"],"picked":"Deadly Poison","floor":31}],"player_experience":368502,"relics_obtained":[{"floor":3.0,"key":"Kunai"},{"floor":6.0,"key":"Whetstone"},{"floor":13.0,"key":"Bag of Preparation"},{"floor":24,"key":"Tiny Chest"},{"floor":24,"key":"Anchor"},{"floor":26,"key":"Centennial Puzzle"}],"event_choices":[{"cards_removed":["Strike_G"],"damage_healed":0.0,"max_hp_gain":0.0,"max_hp_loss":0.0,"gold_gain":0.0,"event_name":"Golden Wing","player_choice":"Card Removal","floor":2.0,"gold_loss":0.0,"damage_taken":7.0},{"damage_healed":0.0,"max_hp_gain":0.0,"max_hp_loss":0.0,"gold_gain":0.0,"event_name":"Shining Light","player_choice":"Entered Light","floor":7.0,"gold_loss":0.0,"damage_taken":14.0,"cards_upgraded":["Defend_G","Defend_G"]},{"cards_removed":["Strike_G"],"damage_healed":0.0,"max_hp_gain":0.0,"max_hp_loss":0.0,"gold_gain":0.0,"event_name":"Back to Basics","player_choice":"Elegance","floor":20.0,"gold_loss":0.0,"damage_taken":0.0},{"damage_healed":0.0,"max_hp_gain":0.0,"max_hp_loss":0.0,"gold_gain":0.0,"event_name":"Cursed Tome","player_choice":"Obtained Book","floor":21.0,"gold_loss":0.0,"damage_taken":16.0},{"damage_healed":0,"gold_gain":0,"cards_transformed":["Defend_G","Defend_G"],"player_choice":"Became Test Subject","damage_taken":0,"max_hp_gain":0,"max_hp_loss":0,"event_name":"Drug Dealer","floor":28,"gold_loss":0,"cards_obtained":["Doppelganger","Expertise"]}],"is_beta":false,"boss_relics":[{"not_picked":["Runic Pyramid","Empty Cage"],"picked":"Black Star"}],"items_purged_floors":[22],"is_endless":false,"potions_floor_spawned":[5,6,13,14,16,24],"killed_by":"Champ","ascension_level":7}}