{"host":"pgm1p3lvdjflie30","time":1612346962,"event":{"mods":["ATMod(阿瑾Mod)","AchievementEnabler","Aspiration","BaseMod","Challenge The Spire","Colored Map","Colored Powertips","Conspire","Dark Map","Dota2Spire","Downfall","Energized Spire","GungeonMod","Hermit","Highlight Path","HornydragonMod","Minty Spire (QoL Compilation)","MostiFishMod","Quarter Circle Forward PUNCH!","Quick Restart","Reimu（博???）","Relic Stats","Replay The Spire","Robot Space Explorer","Spicy Shops","StSLib","TestMod","The Blackbeard","The Bug Knight","The Cursed","The Hayseed","The IronCluck","The Jungle","The Runesmith","Waifu the Spire","Yakumo Yukari mod","【?物卡牌】REMEMod","篝火指南"],"gold_per_floor":[114,25,58,8,26,26,59,59,59,59,59,76,76,76,76,98,98,198,198,209,53,53,453,453,453,483,483,483,483,483,526,526,15,26,42,42,137,137,150,243,255,255],"floor_reached":41,"language":"ZHS","playtime":2266,"items_purged":[],"score":522,"play_id":"437b4bd3-e53d-43f9-89d3-3963caa11cd3","local_time":"20210203180922","is_ascension_mode":true,"campfire_choices":[{"floor":6,"key":"RECALL"},{"data":"DemoMod:BulletBore","floor":8,"key":"SMITH"},{"data":"DemoMod:TripleGun","floor":14,"key":"SMITH"},{"data":"DemoMod:HighKaliber","floor":17,"key":"SMITH"},{"data":"DemoMod:TripleGun","floor":25,"key":"SMITH"},{"data":"DemoMod:PotionOfGunFriendShip","floor":29,"key":"SMITH"},{"data":"DemoMod:StickyCrossBow","floor":36,"key":"SMITH"}],"circlet_count":0,"master_deck":["DemoMod:Strike_Huntress","DemoMod:Strike_Huntress","DemoMod:Strike_Huntress","DemoMod:Defend_Huntress","DemoMod:Defend_Huntress","DemoMod:Defend_Huntress","DemoMod:Roll","DemoMod:ManualReload","DemoMod:RustySidearm","DemoMod:CrossBow","OctopathSalyBorderN:ReiMu","AT_FamilyPortrait","DemoMod:TripleGun+1","DemoMod:HighKaliber+1","DemoMod:BulletBore+1","DemoMod:StickyCrossBow+1","DemoMod:MegaHand","DemoMod:Behold!","DemoMod:TripleGun+1","DemoMod:TeaPot","DemoMod:PotionOfGunFriendShip+1","DemoMod:Desperate","DemoMod:JK47","DemoMod:ZorGun","DemoMod:BSG","DemoMod:TableSutra+1","DemoMod:Evolver","DemoMod:CombinedRifle+1"],"relics":["DemoMod:Dog","AT_ATBox","REME_ComplimentaryCards","DaveBox","RhineSuit","testmod-HarvestTotem","NeowsBlessing","SynthV:TestCard","Dota2Spire:Satanic","conspire:DecoderRing","aspiration:HummingbirdHeart","Happy Flower","Oddly Smooth Stone","Odd Mushroom","bronze:MakeshiftBattery","Sundial","REME_HandOfSuture","Pear","AT_RedNoBalance","White Beast Statue","ChiXiaoBlade","Smiling Mask"],"acts_visited":["Exordium","Exordium","TheBeyond"],"potions_floor_usage":[18,20,34,35,37,37,41,41],"damage_taken":[{"damage":0,"enemies":"conspire:RoseBush","floor":1,"turns":1},{"damage":0,"enemies":"Small Slimes","floor":3,"turns":2},{"damage":0,"enemies":"Small Slimes","floor":5,"turns":1},{"damage":10,"enemies":"3 Sentries","floor":7,"turns":3},{"damage":3,"enemies":"2 Louse","floor":12,"turns":2},{"damage":0,"enemies":"The Mushroom Lair","floor":16,"turns":2},{"damage":26,"enemies":"Fading Forest","floor":18,"turns":12},{"damage":6,"enemies":"theJungle:Flameango_and_Byrd","floor":20,"turns":3},{"damage":0,"enemies":"theJungle:MamaSnecko","floor":26,"turns":3},{"damage":1,"enemies":"theJungle:MUSHROOMGANG","floor":31,"turns":2},{"damage":15,"enemies":"theJungle:Snecko_Cultist_And_Trap","floor":34,"turns":2},{"damage":5,"enemies":"theJungle:SlimyTreeVines","floor":35,"turns":2},{"damage":21,"enemies":"theJungle:FunGuy","floor":37,"turns":5},{"damage":0,"enemies":"3 Shapes","floor":39,"turns":1},{"damage":142,"enemies":"3 Shapes","floor":41,"turns":11}],"seed_played":"-7757387325536937717","potions_obtained":[{"floor":12,"key":"SkillPotion"},{"floor":16,"key":"Ancient Potion"},{"floor":18,"key":"GrandPatriotsElixir:ReiMu"},{"floor":31,"key":"AttackPotion"},{"floor":34,"key":"SkillPotion"},{"floor":35,"key":"ColorlessPotion"},{"floor":37,"key":"Energy Potion"},{"floor":39,"key":"Milkshake"}],"is_trial":false,"path_per_floor":["M","$","?","?","M","R","E","R","T","PTL","PTL","M","?","R","?","?","R","B",null,"M","$","?","?","?","R","E","PTL","PTL","R","T","M","?","$","M","M","R","B",null,"M","?","?"],"character_chosen":"HUNTRESS","items_purchased":["Dota2Spire:Satanic","Nunchaku","AT_SilverBalance","White Beast Statue"],"campfire_rested":0,"item_purchase_floors":[2,21,33,33],"current_hp_per_floor":[140,140,140,140,140,140,130,130,130,130,130,135,135,135,123,123,123,128,140,134,134,140,140,140,140,140,140,140,140,160,159,159,159,65,60,60,149,160,160,160,0,0],"gold":255,"neow_bonus":"THREE_ENEMY_KILL","is_daily":false,"chose_seed":false,"campfire_upgraded":6,"win_rate":0.0,"timestamp":1612346962,"path_taken":["M","$","?","?","M","R","E","R","T","PTL","PTL","M","?","R","?","?","R","BOSS","M","$","?","?","?","R","E","PTL","PTL","R","T","M","?","?","?","M","R","BOSS","M","?","?"],"items_purchased_type":["Relic","Relic","Relic","Relic"],"build_version":"2020-12-22","purchased_purges":0,"victory":false,"max_hp_per_floor":[140,140,140,140,140,140,140,140,140,140,140,140,140,140,140,140,140,140,140,140,140,140,140,140,140,140,140,140,140,160,160,160,160,160,160,160,160,160,160,160,160,160],"relic_stats":{"Happy Flower":[14],"counters":[15,51],"Sundial":[0],"Smiling Mask":0,"obtain_stats":[{"AT_ATBox":0,"DaveBox":0,"RhineSuit":0,"DemoMod:GlassGuonStoneRelic":3,"Smiling Mask":40,"Dota2Spire:Satanic":2,"Nunchaku":21,"Sundial":24,"conspire:DecoderRing":7,"AT_RedNoBalance":34,"testmod-TestBox":0,"Pear":30,"DemoMod:Dog":0,"NeowsBlessing":0,"Happy Flower":13,"Oddly Smooth Stone":15,"AT_SilverBalance":33,"testmod-HarvestTotem":0,"aspiration:HummingbirdHeart":9,"Odd Mushroom":16,"White Beast Statue":33,"SynthV:TestCard":1,"ChiXiaoBlade":38,"REME_HandOfSuture":26,"bronze:MakeshiftBattery":19,"REME_ComplimentaryCards":0},{"AT_ATBox":0,"DaveBox":0,"RhineSuit":0,"DemoMod:GlassGuonStoneRelic":2,"Smiling Mask":14,"Dota2Spire:Satanic":1,"Nunchaku":8,"Sundial":8,"conspire:DecoderRing":4,"AT_RedNoBalance":11,"testmod-TestBox":0,"Pear":9,"DemoMod:Dog":0,"NeowsBlessing":0,"Happy Flower":5,"Oddly Smooth Stone":5,"AT_SilverBalance":10,"testmod-HarvestTotem":0,"aspiration:HummingbirdHeart":4,"Odd Mushroom":6,"White Beast Statue":10,"SynthV:TestCard":1,"ChiXiaoBlade":13,"REME_HandOfSuture":9,"bronze:MakeshiftBattery":7,"REME_ComplimentaryCards":0},{"AT_ATBox":0,"DaveBox":0,"RhineSuit":0,"DemoMod:GlassGuonStoneRelic":3,"Smiling Mask":40,"Dota2Spire:Satanic":1,"Nunchaku":26,"Sundial":26,"conspire:DecoderRing":7,"AT_RedNoBalance":31,"testmod-TestBox":0,"Pear":29,"DemoMod:Dog":0,"NeowsBlessing":0,"Happy Flower":9,"Oddly Smooth Stone":9,"AT_SilverBalance":31,"testmod-HarvestTotem":0,"aspiration:HummingbirdHeart":7,"Odd Mushroom":11,"White Beast Statue":31,"SynthV:TestCard":1,"ChiXiaoBlade":39,"REME_HandOfSuture":29,"bronze:MakeshiftBattery":23,"REME_ComplimentaryCards":0}]},"card_choices":[{"not_picked":["DemoMod:Polaris","DemoMod:ConditionalReflex"],"picked":"DemoMod:DirectionalPad","floor":1},{"not_picked":["DemoMod:AWP","DemoMod:ConditionalReflex","DemoMod:Camera","DemoMod:MachoBrace"],"picked":"DemoMod:TripleGun","floor":3},{"not_picked":["DemoMod:MachoBrace","DemoMod:BoxingGlove","DemoMod:GunstockTap","DemoMod:HuntsMan"],"picked":"DemoMod:HighKaliber","floor":5},{"not_picked":["DemoMod:DoubleSwitch","DemoMod:EasyReloadBullets","DemoMod:Rummage","DemoMod:BattleInHaste"],"picked":"DemoMod:BulletBore","floor":7},{"not_picked":["DemoMod:HardPowerCard","DemoMod:Purify","DemoMod:MachoBrace","DemoMod:JK47"],"picked":"DemoMod:StickyCrossBow","floor":12},{"not_picked":["DemoMod:LifeOrb","DemoMod:BattleInHaste","DemoMod:FeignSurrender","DemoMod:AC15"],"picked":"DemoMod:MegaHand","floor":16},{"not_picked":["DemoMod:DarkMarker","DemoMod:ThirdPartyController","DemoMod:BlackHoleGun","DemoMod:BulletBore"],"picked":"DemoMod:Behold!","floor":18},{"not_picked":["DemoMod:HungryBullets","DemoMod:HighKaliber","DemoMod:SkilledReload","DemoMod:HuntsMan"],"picked":"DemoMod:TripleGun","floor":20},{"not_picked":["DemoMod:Evolver","DemoMod:MachoBrace","DemoMod:DirectionalPad+1","DemoMod:ConditionalReflex"],"picked":"DemoMod:TeaPot","floor":26},{"not_picked":["DemoMod:AWP","DemoMod:GunstockTap+1","DemoMod:CursedBullets","DemoMod:RadGun+1"],"picked":"DemoMod:PotionOfGunFriendShip","floor":26},{"not_picked":["DemoMod:HuntsMan","DemoMod:MachoBrace+1","DemoMod:FeignSurrender+1","DemoMod:HardPowerCard"],"picked":"DemoMod:Desperate","floor":31},{"not_picked":["DemoMod:TableSutra","DemoMod:HuntsMan","DemoMod:FastSwitch","DemoMod:HungryBullets"],"picked":"DemoMod:JK47","floor":34},{"not_picked":["DemoMod:JK47+1","DemoMod:FastSwitch+1","DemoMod:CursedBullets+1","DemoMod:BoxingGlove"],"picked":"DemoMod:ZorGun","floor":35},{"not_picked":["DemoMod:DoubleVision","DemoMod:Behold!","DemoMod:DarkMarker","DemoMod:Elimentaler"],"picked":"DemoMod:BSG","floor":37},{"not_picked":["DemoMod:HighKaliber+1","DemoMod:DirectionalPad+1","DemoMod:BlackHoleGun","DemoMod:Ejector+1"],"picked":"DemoMod:TableSutra+1","floor":39},{"not_picked":["DemoMod:BoxingGlove+1","DemoMod:HardPowerCard+1","DemoMod:Camera+1","DemoMod:ShadowBullets+1"],"picked":"DemoMod:Evolver","floor":40},{"not_picked":["DemoMod:FastSwitch+1","DemoMod:DirectionalPad+1","DemoMod:TeaPot+1","DemoMod:Unmoved+1"],"picked":"DemoMod:CombinedRifle+1","floor":40}],"player_experience":365659,"relics_obtained":[{"floor":1,"key":"SynthV:TestCard"},{"floor":7,"key":"conspire:DecoderRing"},{"floor":9,"key":"aspiration:HummingbirdHeart"},{"floor":16,"key":"Odd Mushroom"},{"floor":26,"key":"REME_HandOfSuture"},{"floor":30,"key":"Pear"},{"floor":40,"key":"Smiling Mask"}],"event_choices":[{"cards_removed":["DemoMod:Defend_Huntress"],"damage_healed":0,"gold_gain":0,"player_choice":"Card Removal","damage_taken":0,"max_hp_gain":0,"max_hp_loss":0,"event_name":"The Cleric","floor":4,"gold_loss":50},{"damage_healed":0,"gold_gain":0,"player_choice":"Success","damage_taken":12,"relics_obtained":["Oddly Smooth Stone"],"max_hp_gain":0,"max_hp_loss":0,"event_name":"Scrap Ooze","floor":15,"gold_loss":0},{"damage_healed":0,"gold_gain":0,"player_choice":"Fought Mushrooms","damage_taken":0,"max_hp_gain":0,"max_hp_loss":0,"event_name":"Mushrooms","floor":16,"gold_loss":0},{"damage_healed":0,"gold_gain":400,"player_choice":"Sell","damage_taken":0,"max_hp_gain":0,"max_hp_loss":0,"event_name":"恩洛斯的?子","floor":23,"relics_lost":["testmod-TestBox"],"gold_loss":0},{"damage_healed":0,"gold_gain":0,"player_choice":"Swap Relic","damage_taken":0,"relics_obtained":["Sundial"],"max_hp_gain":0,"max_hp_loss":0,"event_name":"?自己的盒子","floor":24,"relics_lost":["Nunchaku"],"gold_loss":0}],"is_beta":false,"boss_relics":[{"not_picked":["BloodWine","Painkiller Herb"],"picked":"bronze:MakeshiftBattery"},{"not_picked":["aspiration:WatcherSkillbook","energizedSpire:RedRose"],"picked":"ChiXiaoBlade"}],"items_purged_floors":[],"is_endless":false,"potions_floor_spawned":[12,16,18,18,31,34,35,37,39],"killed_by":"3 Shapes","ascension_level":1}}