{"host":"59wnhi65kiwmnpg4","time":1612378839,"event":{"mods":["2.2 Compatiblity","AchievementEnabler","BaseMod","BetterRewards","Colored Map","Custom Start","Disable Question Mark Monsters","Highlight Path","Minty Spire (QoL Compilation)","Permanent Neow","Relic Sorter","Relic Stats"],"gold_per_floor":[116,126,139,289,51,51,81,81,81,116,116,134,6,41,41,115,415,433,445,69,69,69,100,110,136,190,220,232,258,277,330,330,404,404,420,434,446,197,197,225,225,251,304,332,2,31,49,78,78,78,78],"floor_reached":52,"language":"ENG","playtime":5200,"items_purged":["Doubt","Strike_R"],"score":2617,"play_id":"a08f08a2-e473-46d6-9299-6f6b51dfcf4b","local_time":"20210203190039","daily_mods":["Heirloom","Elite Swarm","Lethality"],"is_ascension_mode":true,"campfire_choices":[{"data":"Perfected Strike","floor":6.0,"key":"SMITH"},{"data":"Feed","floor":8.0,"key":"SMITH"},{"data":"Double Tap","floor":15.0,"key":"SMITH"},{"data":"Offering","floor":32,"key":"SMITH"},{"data":"Heavy Blade","floor":41,"key":"SMITH"},{"data":"Fiend Fire","floor":49,"key":"SMITH"}],"circlet_count":0,"master_deck":["AscendersBane","Strike_R","Strike_R+1","Strike_R","Strike_R","Defend_R","Defend_R","Defend_R+1","Defend_R+1","Bash","Clothesline","Perfected Strike+1","Feed+1","Double Tap+1","Twin Strike","Immolate+1","Feed","Impervious","CurseOfTheBell","Heavy Blade+1","Whirlwind","Sword Boomerang","Offering+1","Corruption","Reaper","Offering","Offering","Pummel+1","Seeing Red+1","Fiend Fire+1","Brutality+1","Demon Form+1"],"relics":["Burning Blood","TungstenRod","Brimstone","Lizard Tail","Magic Flower","Eternal Feather","The Courier","Question Card","Calling Bell","Tiny Chest","Matryoshka","Old Coin","Whetstone","War Paint","Self Forming Clay","Ancient Tea Set","Nunchaku","Anchor","Ginger","Potion Belt","Centennial Puzzle","Red Skull","Snecko Eye","Lantern","Boot","Ornamental Fan","Dream Catcher","Frozen Egg 2","Du-Vu Doll","Omamori","Toy Ornithopter"],"acts_visited":["Exordium","TheCity","TheBeyond"],"potions_floor_usage":[50,51,51,51],"damage_taken":[{"damage":3.0,"enemies":"Cultist","floor":1.0,"turns":3.0},{"damage":18.0,"enemies":"Small Slimes","floor":2.0,"turns":3.0},{"damage":5.0,"enemies":"Jaw Worm","floor":3.0,"turns":3.0},{"damage":24.0,"enemies":"Lagavulin","floor":7.0,"turns":3.0},{"damage":9.0,"enemies":"3 Sentries","floor":10.0,"turns":4.0},{"damage":17.0,"enemies":"Gremlin Gang","floor":12.0,"turns":4.0},{"damage":0.0,"enemies":"Gremlin Nob","floor":14.0,"turns":2.0},{"damage":34.0,"enemies":"Slime Boss","floor":16.0,"turns":6.0},{"damage":29.0,"enemies":"2 Thieves","floor":18.0,"turns":3.0},{"damage":11.0,"enemies":"Chosen","floor":19.0,"turns":3.0},{"damage":0.0,"enemies":"Gremlin Leader","floor":23.0,"turns":3.0},{"damage":5.0,"enemies":"3 Cultists","floor":24.0,"turns":3.0},{"damage":20.0,"enemies":"Book of Stabbing","floor":25.0,"turns":2.0},{"damage":10.0,"enemies":"Slavers","floor":27.0,"turns":2.0},{"damage":39.0,"enemies":"Chosen and Byrds","floor":28.0,"turns":4.0},{"damage":40,"enemies":"Book of Stabbing","floor":29,"turns":3},{"damage":10,"enemies":"Sentry and Sphere","floor":30,"turns":3},{"damage":31,"enemies":"Champ","floor":33,"turns":6},{"damage":10,"enemies":"3 Darklings","floor":35,"turns":2},{"damage":22,"enemies":"3 Shapes","floor":36,"turns":2},{"damage":9,"enemies":"3 Darklings","floor":37,"turns":2},{"damage":16,"enemies":"Giant Head","floor":40,"turns":3},{"damage":10,"enemies":"Reptomancer","floor":42,"turns":2},{"damage":5,"enemies":"Giant Head","floor":44,"turns":3},{"damage":0,"enemies":"Reptomancer","floor":46,"turns":2},{"damage":5,"enemies":"Sphere and 2 Shapes","floor":47,"turns":3},{"damage":12,"enemies":"Nemesis","floor":48,"turns":3},{"damage":50,"enemies":"Time Eater","floor":50,"turns":5},{"damage":10,"enemies":"Awakened One","floor":51,"turns":4}],"seed_played":"2136430231954829262","potions_obtained":[{"floor":3.0,"key":"DuplicationPotion"},{"floor":7.0,"key":"HeartOfIron"},{"floor":12.0,"key":"BloodPotion"},{"floor":18.0,"key":"HeartOfIron"},{"floor":23.0,"key":"AttackPotion"},{"floor":25.0,"key":"Fire Potion"},{"floor":33,"key":"Block Potion"},{"floor":36,"key":"ColorlessPotion"},{"floor":42,"key":"Strength Potion"}],"is_trial":true,"path_per_floor":["M","M","M","?","$","R","E","R","T","E","T","M","$","E","R","B",null,"M","M","$","?","?","E","M","E","T","E","M","E","M","T","R","B",null,"M","M","M","$","?","E","R","E","T","E","$","E","M","E","R","B","B",null],"character_chosen":"IRONCLAD","items_purchased":["Brimstone","Immolate","Whirlwind","Whetstone","War Paint","Sword Boomerang","Lantern","PowerPotion","Du-Vu Doll","DistilledChaos"],"campfire_rested":0,"item_purchase_floors":[5,13,20,20,20,20,38,38,45,45],"current_hp_per_floor":[71,59,60,60,60,60,42,42,42,48,48,46,46,55,64,50,80,90,88,88,88,88,100,103,92,92,97,72,47,71,71,86,105,112,111,117,117,117,117,110,117,116,116,117,117,117,121,118,121,80,121],"gold":78,"neow_bonus":"","is_daily":false,"chose_seed":false,"campfire_upgraded":6,"win_rate":0.0,"timestamp":1612378839,"path_taken":["M","M","?","?","$","R","E","R","T","E","?","?","$","E","R","BOSS","M","M","$","?","?","E","M","E","T","E","M","E","?","?","R","BOSS","M","M","M","$","?","E","R","E","T","E","?","E","M","E","R","BOSS","BOSS"],"items_purchased_type":["Relic","Card","Card","Relic","Relic","Card","Relic","Potion","Relic","Potion"],"build_version":"2020-12-22","purchased_purges":2,"victory":true,"max_hp_per_floor":[75,75,75,75,75,75,75,75,75,79,79,83,83,83,83,90,90,97,97,97,97,97,100,103,103,103,107,110,114,114,114,114,114,114,114,117,117,117,117,117,117,117,117,117,117,117,121,121,121,121,121],"relic_stats":{"counters":[29,91],"Self Forming Clay":[111],"Magic Flower":[117],"Eternal Feather":34,"Whetstone":["Immolate","Strike_R"],"Ginger":[5],"War Paint":["Defend_R","Defend_R"],"Question Card":21,"Boot":[39],"Burning Blood":216,"Lizard Tail":0,"Nunchaku":[13],"Centennial Puzzle":[33],"Dream Catcher":0,"Ornamental Fan":[48],"Snecko Eye":[63,69,52,67],"Tiny Chest":1,"obtain_stats":[{"Lantern":38,"Magic Flower":9,"Whetstone":20,"Ginger":27,"Ancient Tea Set":25,"Boot":40,"Burning Blood":0,"Old Coin":17,"Lizard Tail":7,"Nunchaku":26,"Centennial Puzzle":31,"Dream Catcher":43,"Matryoshka":17,"Tiny Chest":17,"Red Skull":31,"Potion Belt":29,"Self Forming Clay":23,"Eternal Feather":10,"The Courier":11,"Omamori":46,"War Paint":20,"Frozen Egg 2":44,"Question Card":14,"Calling Bell":17,"Du-Vu Doll":45,"Anchor":26,"Brimstone":5,"Ornamental Fan":42,"Snecko Eye":34,"TungstenRod":0,"Toy Ornithopter":48},{"Lantern":21,"Magic Flower":4,"Whetstone":10,"Ginger":14,"Ancient Tea Set":13,"Boot":22,"Burning Blood":0,"Old Coin":8,"Lizard Tail":4,"Nunchaku":13,"Centennial Puzzle":17,"Dream Catcher":23,"Matryoshka":8,"Tiny Chest":8,"Red Skull":17,"Potion Belt":16,"Self Forming Clay":11,"Eternal Feather":5,"The Courier":5,"Omamori":25,"War Paint":10,"Frozen Egg 2":24,"Question Card":7,"Calling Bell":8,"Du-Vu Doll":24,"Anchor":13,"Brimstone":3,"Ornamental Fan":23,"Snecko Eye":18,"TungstenRod":0,"Toy Ornithopter":27},{"Lantern":66,"Magic Flower":12,"Whetstone":34,"Ginger":44,"Ancient Tea Set":42,"Boot":69,"Burning Blood":0,"Old Coin":28,"Lizard Tail":12,"Nunchaku":42,"Centennial Puzzle":54,"Dream Catcher":71,"Matryoshka":28,"Tiny Chest":28,"Red Skull":54,"Potion Belt":51,"Self Forming Clay":37,"Eternal Feather":16,"The Courier":16,"Omamori":76,"War Paint":34,"Frozen Egg 2":74,"Question Card":22,"Calling Bell":28,"Du-Vu Doll":74,"Anchor":42,"Brimstone":9,"Ornamental Fan":71,"Snecko Eye":60,"TungstenRod":0,"Toy Ornithopter":82}],"TungstenRod":62,"Toy Ornithopter":24},"card_choices":[{"not_picked":["Reckless Charge","Body Slam"],"picked":"Clothesline","floor":1.0},{"not_picked":["Bloodletting","Dark Embrace"],"picked":"Flex","floor":2.0},{"not_picked":["Ghostly Armor","Wild Strike"],"picked":"Perfected Strike","floor":3.0},{"not_picked":["Double Tap","Bludgeon"],"picked":"Feed","floor":7.0},{"not_picked":["Barricade","Fiend Fire"],"picked":"Double Tap","floor":10.0},{"not_picked":["Infernal Blade","Warcry"],"picked":"Twin Strike","floor":12.0},{"not_picked":["Double Tap","Offering"],"picked":"Feed","floor":14.0},{"not_picked":["Juggernaut","Feed","Corruption"],"picked":"Impervious","floor":16.0},{"not_picked":["Inflame","Sentinel","Cleave"],"picked":"Heavy Blade","floor":18.0},{"not_picked":["Reckless Charge","Clothesline","Flex","Searing Blow"],"picked":"SKIP","floor":19.0},{"not_picked":["Brutality","Demon Form","Exhume"],"picked":"Offering","floor":23.0},{"not_picked":["Dark Embrace","Whirlwind","Sever Soul","True Grit"],"picked":"SKIP","floor":24.0},{"not_picked":["Demon Form","Barricade","Berserk"],"picked":"Corruption","floor":25.0},{"not_picked":["Double Tap","Brutality","Juggernaut"],"picked":"Reaper","floor":27.0},{"not_picked":["Body Slam+1","Twin Strike","Evolve","Clash"],"picked":"SKIP","floor":28.0},{"not_picked":["Fiend Fire","Berserk","Corruption"],"picked":"Offering","floor":29},{"not_picked":["Pummel","Perfected Strike","True Grit","Ghostly Armor"],"picked":"SKIP","floor":30},{"not_picked":["Bludgeon","Demon Form","Brutality"],"picked":"Offering","floor":33},{"not_picked":["Thunderclap+1","Clash","Iron Wave+1","Flex"],"picked":"SKIP","floor":35},{"not_picked":["Wild Strike+1","Offering","Twin Strike"],"picked":"Pummel+1","floor":36},{"not_picked":["Heavy Blade","True Grit","Combust"],"picked":"Seeing Red+1","floor":37},{"not_picked":["Juggernaut","Bludgeon","Feed","Fiend Fire"],"picked":"SKIP","floor":40},{"not_picked":["Bludgeon","Immolate","Exhume"],"picked":"Fiend Fire","floor":42},{"not_picked":["Impervious","Corruption+1","Exhume"],"picked":"Brutality+1","floor":44},{"not_picked":["Double Tap","Corruption+1","Immolate","Fiend Fire"],"picked":"SKIP","floor":46},{"not_picked":["Anger","Blood for Blood","Flex","Iron Wave"],"picked":"SKIP","floor":47},{"not_picked":["Exhume","Immolate","Berserk+1"],"picked":"Demon Form+1","floor":48}],"player_experience":888121,"relics_obtained":[{"floor":7.0,"key":"Lizard Tail"},{"floor":9.0,"key":"Magic Flower"},{"floor":10.0,"key":"Eternal Feather"},{"floor":11.0,"key":"The Courier"},{"floor":14.0,"key":"Question Card"},{"floor":17.0,"key":"Tiny Chest"},{"floor":17.0,"key":"Matryoshka"},{"floor":17.0,"key":"Old Coin"},{"floor":23.0,"key":"Self Forming Clay"},{"floor":25.0,"key":"Ancient Tea Set"},{"floor":26.0,"key":"Nunchaku"},{"floor":26.0,"key":"Anchor"},{"floor":27.0,"key":"Ginger"},{"floor":29,"key":"Potion Belt"},{"floor":31,"key":"Centennial Puzzle"},{"floor":31,"key":"Red Skull"},{"floor":40,"key":"Boot"},{"floor":42,"key":"Ornamental Fan"},{"floor":43,"key":"Dream Catcher"},{"floor":44,"key":"Frozen Egg 2"},{"floor":46,"key":"Omamori"},{"floor":48,"key":"Toy Ornithopter"}],"event_choices":[{"damage_healed":0.0,"max_hp_gain":0.0,"max_hp_loss":0.0,"gold_gain":150.0,"event_name":"Liars Game","player_choice":"AGREE","floor":4.0,"gold_loss":0.0,"damage_taken":0.0,"cards_obtained":["Doubt"]},{"damage_healed":0.0,"max_hp_gain":0.0,"max_hp_loss":0.0,"gold_gain":0.0,"event_name":"Vampires","player_choice":"Ignored","floor":21.0,"gold_loss":0.0,"damage_taken":0.0},{"damage_healed":0.0,"max_hp_gain":0.0,"max_hp_loss":0.0,"gold_gain":0.0,"event_name":"Match and Keep!","player_choice":"0 cards matched","floor":22.0,"gold_loss":0.0,"damage_taken":0.0,"cards_obtained":[]},{"cards_removed":["Flex"],"damage_healed":5,"gold_gain":0,"player_choice":"Offered Common","damage_taken":0,"max_hp_gain":0,"max_hp_loss":0,"event_name":"Bonfire Elementals","floor":39,"gold_loss":0},{"cards_removed":["Flex"],"damage_healed":5,"gold_gain":0,"player_choice":"Offered Special","damage_taken":0,"max_hp_gain":0,"max_hp_loss":0,"event_name":"Bonfire Elementals","floor":39,"gold_loss":0}],"is_beta":false,"boss_relics":[{"not_picked":["Fusion Hammer","Runic Pyramid"],"picked":"Calling Bell"},{"not_picked":["Runic Cube","SacredBark"],"picked":"Snecko Eye"}],"items_purged_floors":[5,38],"is_endless":false,"potions_floor_spawned":[3,7,12,18,23,25,33,36,42,46,47,48],"ascension_level":20}}