{"host":"lck2g1j0kcwr02ez","time":1612342092,"event":{"mods":["Act Like it!","BaseMod","CapriCore","Colored Powertips","Hallownest","Lobotomy","LobotomyExtend","Mari Mod (Legacy)","Mari\u0027s V1 Patch","Marisa£®ÏF”Í°°ƒß¿Ì…≥£©","Minty Spire (QoL Compilation)","Rare Cards Sparkle","StSLib","The Bug Knight","The Hierophant"],"gold_per_floor":[112,7017,7017,7027,6987,6987,6998,6998,6998,6998,6042,6062,6081,5574,5574,5670,5670,5670,5585,5585,5585],"floor_reached":20,"language":"ZHS","playtime":1092,"items_purged":["Strike_MRS","Strike_MRS","Strike_MRS"],"score":192,"play_id":"2be64791-db55-4cea-9910-9ea9b0415d35","local_time":"20210203164812","is_ascension_mode":true,"campfire_choices":[{"floor":6,"key":"RECALL"},{"data":"NonDirectionalLaser","floor":8,"key":"SMITH"},{"data":"EnergyFlow","floor":10,"key":"SMITH"},{"data":"Secret Weapon","floor":15,"key":"SMITH"}],"circlet_count":0,"master_deck":["LongBird","Strike_MRS","Defend_MRS","Defend_MRS","Defend_MRS","MasterSpark","UpSweep","WitchLeyline","NonDirectionalLaser+1","Secret Weapon+1","EnergyFlow+1","BeautyBeast","Dazed","Scorched","WitchLeyline","Swift Strike","Dazed","WallGazer","FieryBird","WitchLeyline+1","Secret Weapon+1","Freischutz"],"relics":["MiniHakkero","CogitoBucket","LetterFromLob","PreservedInsect","Pen Nib","Bronze Scales","Unceasing Top","HandDrill","Bottled Lightning","Justitia_r","Membership Card","Lantern","Boot","SlaversCollar","Moonlight_r","HollowMod:StagPassRelic"],"acts_visited":["Exordium","TheCity"],"potions_floor_usage":[13,16,16,20,20],"damage_taken":[{"damage":4,"enemies":"Jaw Worm","floor":1,"turns":3},{"damage":8,"enemies":"2 Louse","floor":4,"turns":1},{"damage":0,"enemies":"Cultist","floor":7,"turns":2},{"damage":0,"enemies":"3 Louse","floor":12,"turns":1},{"damage":2,"enemies":"2 Fungi Beasts","floor":13,"turns":2},{"damage":31,"enemies":"The Guardian","floor":16,"turns":5}],"seed_played":"-7950964689751367236","potions_obtained":[{"floor":5,"key":"DuplicationPotion"},{"floor":5,"key":"EntropicBrew"},{"floor":13,"key":"Block Potion"}],"is_trial":false,"path_per_floor":["M","$","?","M","?","R","M","R","T","R","$","M","M","$","R","B",null,"M","?","M"],"character_chosen":"MARISA","items_purchased":["BottledSpark","AttackPotion","Dexterity Potion","PreservedInsect","Pen Nib","NonDirectionalLaser","Secret Weapon","EnergyFlow","Unceasing Top","HandDrill","Swift Strike","ShootingEcho","Bottled Lightning","Membership Card","Lantern","Boot","Secret Weapon","DistilledChaos"],"campfire_rested":0,"item_purchase_floors":[2,2,2,2,2,2,2,2,11,11,11,11,11,14,14,14,14,14],"current_hp_per_floor":[71,71,68,60,60,60,60,60,60,60,60,60,58,58,58,27,75,31,31,0,0],"gold":5585,"neow_bonus":"","is_daily":false,"chose_seed":false,"campfire_upgraded":3,"win_rate":0.0,"timestamp":1612342092,"path_taken":["M","$","?","M","?","R","M","R","T","R","$","?","M","$","R","BOSS","M","?","M"],"items_purchased_type":["Potion","Potion","Potion","Relic","Relic","Card","Card","Card","Relic","Relic","Card","Card","Relic","Relic","Card","Relic","Card","Potion"],"build_version":"2020-12-22","purchased_purges":3,"victory":false,"max_hp_per_floor":[75,75,75,75,75,75,75,75,75,75,75,75,75,75,75,75,75,75,75,75,75],"card_choices":[{"not_picked":["OldLady","UniverseFragment"],"picked":"LongBird","floor":1},{"not_picked":["SporeBomb","OpenUniverse"],"picked":"WitchLeyline","floor":1},{"not_picked":["MHz","CrumblingArmor"],"picked":"BeautyBeast","floor":4},{"not_picked":["Occultation","GrandCross"],"picked":"PowerUp","floor":4},{"not_picked":["BlueStar","BigBadWolf"],"picked":"Scorched","floor":7},{"not_picked":["DoubleSpark","MysteriousBeam"],"picked":"WitchLeyline","floor":7},{"not_picked":["BigBadWolf","ShyLook"],"picked":"WallGazer","floor":12},{"not_picked":["GalacticHalo","PowerUp","DC"],"picked":"SKIP","floor":12},{"not_picked":["Murderer","ShyLook"],"picked":"FieryBird","floor":13},{"not_picked":["PowerUp","MysteriousBeam"],"picked":"WitchLeyline","floor":13},{"not_picked":["HappyTeddy","BigBird"],"picked":"Freischutz","floor":16}],"player_experience":362019,"relics_obtained":[{"floor":1,"key":"LetterFromLob"}],"event_choices":[{"damage_healed":0,"gold_gain":0,"player_choice":"Success","damage_taken":3,"relics_obtained":["Bronze Scales"],"max_hp_gain":0,"max_hp_loss":0,"event_name":"Scrap Ooze","floor":3,"gold_loss":0},{"damage_healed":0,"gold_gain":0,"player_choice":"Bought 3 Potions","damage_taken":0,"max_hp_gain":0,"max_hp_loss":0,"event_name":"The Woman in Blue","floor":5,"gold_loss":0},{"damage_healed":0,"gold_gain":0,"player_choice":"Obtained Relic","damage_taken":0,"relics_obtained":["HollowMod:StagPassRelic"],"max_hp_gain":0,"max_hp_loss":0,"event_name":"Addict","floor":19,"gold_loss":85}],"is_beta":false,"boss_relics":[{"not_picked":["Astrolabe","Fusion Hammer"],"picked":"SlaversCollar"}],"items_purged_floors":[2,11,14],"is_endless":false,"potions_floor_spawned":[12,13,16],"killed_by":"Shell Parasite","ascension_level":4}}