{"host":"x5w9zppki4gdwvc7","time":1612378166,"event":{"mods":["AchievementEnabler","BaseMod","DeckTracker","Minty Spire (QoL Compilation)","Relic Sorter"],"gold_per_floor":[116,116,48,61,61,61,80,95,119,131,146,158,158,158,158,254,254,265,280,280,280],"floor_reached":20,"language":"ENG","playtime":1063,"items_purged":[],"score":251,"play_id":"33f27866-09fe-4593-88a7-7516c7abc77d","local_time":"20210203194926","is_ascension_mode":true,"campfire_choices":[{"data":"Neutralize","floor":6,"key":"SMITH"},{"data":"Footwork","floor":13,"key":"SMITH"},{"data":"Caltrops","floor":15,"key":"SMITH"}],"circlet_count":0,"master_deck":["Strike_G","Strike_G","Defend_G","Defend_G","Defend_G","Defend_G","Defend_G","Survivor","Neutralize+1","Dagger Spray","Caltrops+1","Footwork+1","Noxious Fumes","Cloak And Dagger","Phantasmal Killer","Dodge and Roll+1","Backflip"],"relics":["Ring of the Snake","Potion Belt","Nunchaku","HoveringKite"],"acts_visited":["Exordium","TheCity"],"potions_floor_usage":[16,19,19,19],"damage_taken":[{"damage":6,"enemies":"Cultist","floor":1,"turns":6},{"damage":4,"enemies":"Small Slimes","floor":4,"turns":5},{"damage":1,"enemies":"2 Louse","floor":7,"turns":3},{"damage":0,"enemies":"Lots of Slimes","floor":8,"turns":3},{"damage":0,"enemies":"Blue Slaver","floor":10,"turns":6},{"damage":7,"enemies":"Exordium Thugs","floor":11,"turns":5},{"damage":3,"enemies":"Red Slaver","floor":12,"turns":7},{"damage":0,"enemies":"The Guardian","floor":16,"turns":13},{"damage":19,"enemies":"Spheric Guardian","floor":18,"turns":7},{"damage":27,"enemies":"2 Thieves","floor":19,"turns":5},{"damage":18,"enemies":"Chosen and Byrds","floor":20,"turns":6}],"seed_played":"4330587797109947808","potions_obtained":[{"floor":1,"key":"SteroidPotion"},{"floor":8,"key":"Dexterity Potion"},{"floor":14,"key":"Explosive Potion"},{"floor":14,"key":"GhostInAJar"},{"floor":14,"key":"Weak Potion"},{"floor":18,"key":"SteroidPotion"}],"is_trial":false,"path_per_floor":["M","?","$","M","?","R","M","M","T","M","M","M","R","?","R","B",null,"M","M","M"],"character_chosen":"THE_SILENT","items_purchased":["Caltrops"],"campfire_rested":0,"item_purchase_floors":[3],"current_hp_per_floor":[57,32,32,28,28,28,27,27,27,27,20,17,17,17,17,17,63,44,17,0,0],"gold":280,"neow_bonus":"REMOVE_TWO","is_daily":false,"chose_seed":false,"campfire_upgraded":3,"win_rate":0.0,"timestamp":1612378166,"path_taken":["M","?","$","M","?","R","M","M","T","M","M","?","R","?","R","BOSS","M","?","M"],"items_purchased_type":["Card"],"build_version":"2020-12-22","purchased_purges":0,"victory":false,"max_hp_per_floor":[63,63,63,63,63,63,63,63,63,63,63,63,63,63,63,63,63,63,63,63,63],"card_choices":[{"not_picked":["Finisher","Bane"],"picked":"Dagger Spray","floor":1},{"not_picked":["Deflect","Tactician","Masterful Stab"],"picked":"SKIP","floor":4},{"not_picked":["Riddle With Holes","Choke"],"picked":"Footwork","floor":7},{"not_picked":["Underhanded Strike","Quick Slash"],"picked":"Noxious Fumes","floor":8},{"not_picked":["Tactician","Outmaneuver","Prepared"],"picked":"SKIP","floor":10},{"not_picked":["Catalyst","Setup","Prepared"],"picked":"SKIP","floor":11},{"not_picked":["Expertise","Flechettes"],"picked":"Cloak And Dagger","floor":12},{"not_picked":["Unload","Venomology"],"picked":"Phantasmal Killer","floor":16},{"not_picked":["Outmaneuver","Reflex"],"picked":"Dodge and Roll+1","floor":18},{"not_picked":["Outmaneuver","Quick Slash"],"picked":"Backflip","floor":19}],"player_experience":406883,"relics_obtained":[{"floor":9,"key":"Nunchaku"}],"event_choices":[{"damage_healed":0,"gold_gain":0,"player_choice":"Success","damage_taken":25,"relics_obtained":["Potion Belt"],"max_hp_gain":0,"max_hp_loss":0,"event_name":"Scrap Ooze","floor":2,"gold_loss":0},{"cards_removed":["Strike_G"],"damage_healed":0,"gold_gain":0,"player_choice":"Offered Basic","damage_taken":0,"max_hp_gain":0,"max_hp_loss":0,"event_name":"Bonfire Elementals","floor":5,"gold_loss":0},{"damage_healed":0,"gold_gain":0,"player_choice":"Got Potions","damage_taken":0,"max_hp_gain":0,"max_hp_loss":0,"event_name":"Lab","floor":14,"gold_loss":0}],"is_beta":false,"boss_relics":[{"not_picked":["Snecko Eye","Sozu"],"picked":"HoveringKite"}],"items_purged_floors":[],"is_endless":false,"potions_floor_spawned":[1,8,18],"killed_by":"Chosen and Byrds","ascension_level":3}}