{"host":"bakf0s4odzu8z5xt","time":1612380985,"event":{"mods":["2.2 Compatiblity","BaseMod","Downfall","Friendly Minions","Minty Spire (QoL Compilation)","StSLib"],"gold_per_floor":[99,119,119,137,151,163,163,182,182,199,199,227,241,5,21,21,21,21],"floor_reached":16,"language":"ENG","playtime":1307,"items_purged":["champ:Execute"],"score":106,"play_id":"3f283ee8-cb82-4905-829b-5db09920231a","local_time":"20210203133625","is_ascension_mode":false,"campfire_choices":[{"data":"champ:Taunt","floor":1,"key":"SMITH"},{"data":"champ:PerfectedStrike","floor":9,"key":"SMITH"}],"circlet_count":0,"master_deck":["champ:Strike","champ:Strike","champ:Strike","champ:Strike","champ:Defend+1","champ:Defend","champ:Defend","champ:Defend","champ:Taunt+1","champ:PerfectedStrike+1","champ:FocusedBerserking+1","champ:AdrenalArmor","champ:RapidStrikes","champ:AdrenalArmor","champ:FocusedBerserking","champ:BladeFlurry","champ:AdrenalArmor","champ:EnchantSword","champ:EnragedBash"],"relics":["Black Star","StrikeDummy","War Paint","Orichalcum"],"acts_visited":["Exordium"],"potions_floor_usage":[12,14,14],"damage_taken":[{"damage":10,"enemies":"Jaw Worm","floor":2,"turns":3},{"damage":5,"enemies":"2 Louse","floor":4,"turns":3},{"damage":10,"enemies":"Cultist","floor":5,"turns":2},{"damage":0,"enemies":"3 Louse","floor":6,"turns":3},{"damage":34,"enemies":"Exordium Thugs","floor":8,"turns":6},{"damage":10,"enemies":"Blue Slaver","floor":10,"turns":3},{"damage":45,"enemies":"3 Sentries","floor":12,"turns":6},{"damage":20,"enemies":"Large Slime","floor":13,"turns":3},{"damage":45,"enemies":"downfall:FleeingMerchant","floor":14,"turns":4},{"damage":35,"enemies":"Red Slaver","floor":15,"turns":2},{"damage":71,"enemies":"WA_ARCHETYPE_RETAIN","floor":16,"turns":8}],"seed_played":"-1422284447748066642","potions_obtained":[{"floor":2,"key":"bronze:BurnAndBuffPotion"},{"floor":5,"key":"bronze:BurnAndBuffPotion"},{"floor":10,"key":"BlessingOfTheForge"},{"floor":12,"key":"Explosive Potion"}],"is_trial":false,"path_per_floor":["R","M","?","M","M","M","T","M","R","M","?","E","M","$","M","B"],"character_chosen":"THE_CHAMP","items_purchased":["Orichalcum"],"campfire_rested":0,"item_purchase_floors":[14],"current_hp_per_floor":[90,90,95,90,90,90,90,76,76,76,76,66,66,56,56,0,0,0],"gold":21,"neow_bonus":"BOSS_RELIC","is_daily":false,"chose_seed":false,"campfire_upgraded":2,"win_rate":0.0,"timestamp":1612380985,"path_taken":["R","M","?","M","M","M","T","M","R","M","?","E","?","$","M","BOSS"],"items_purchased_type":["Relic"],"build_version":"2020-12-22","purchased_purges":1,"victory":false,"max_hp_per_floor":[90,90,95,95,95,95,95,95,95,95,95,95,95,95,95,95,95,95],"card_choices":[{"not_picked":["champ:FancyFootwork","champ:SwordSigil"],"picked":"champ:PerfectedStrike","floor":2},{"not_picked":["champ:EnGarde","champ:FlashCut"],"picked":"champ:FocusedBerserking","floor":4},{"not_picked":["champ:EnGarde","champ:BerserkersShout"],"picked":"champ:AdrenalArmor","floor":5},{"not_picked":["champ:BladeFlurry","champ:CheapShot"],"picked":"champ:RapidStrikes","floor":6},{"not_picked":["champ:SetATrap","champ:PerfectedStrike"],"picked":"champ:AdrenalArmor","floor":8},{"not_picked":["champ:CrownThrow","champ:StanceDance"],"picked":"champ:FocusedBerserking","floor":10},{"not_picked":["champ:Haymaker","champ:FlashCut"],"picked":"champ:BladeFlurry","floor":12},{"not_picked":["champ:Backstep","champ:FlashCut"],"picked":"champ:AdrenalArmor","floor":13},{"not_picked":["champ:FanOfKnives","champ:Shatter"],"picked":"champ:EnchantSword","floor":14},{"not_picked":["champ:SetATrap","champ:FanOfKnives"],"picked":"champ:EnragedBash","floor":15}],"player_experience":2072410,"relics_obtained":[{"floor":12,"key":"StrikeDummy"},{"floor":12,"key":"War Paint"}],"event_choices":[{"damage_healed":0,"gold_gain":0,"player_choice":"Donut","damage_taken":0,"max_hp_gain":5,"max_hp_loss":0,"event_name":"Big Fish","floor":3,"gold_loss":0}],"is_beta":false,"boss_relics":[],"items_purged_floors":[14],"is_endless":false,"potions_floor_spawned":[2,5,10,12],"killed_by":"WA_ARCHETYPE_RETAIN","ascension_level":0}}