{"host":"sav7uxregyirlf69","time":1612347340,"event":{"mods":["AchievementEnabler","BaseMod","Colored Map","DeckTracker","Keyboard Shortcuts","Minty Spire (QoL Compilation)","READ ME - Guardian Mod","StSLib","SuperFastMode"],"gold_per_floor":[109,127,52,63,63,63,74,74,74,94,108,137,153,170,170,170,170],"floor_reached":16,"language":"KOR","playtime":299,"items_purged":["Defend_G"],"score":212,"play_id":"9b3ca691-4ddf-407e-aa55-d81949718f43","local_time":"20210203191540","is_ascension_mode":true,"campfire_choices":[{"data":"Tactician","floor":6,"key":"SMITH"},{"data":"Die Die Die","floor":8,"key":"SMITH"},{"data":"Well Laid Plans","floor":15,"key":"SMITH"}],"circlet_count":0,"master_deck":["AscendersBane","Strike_G","Strike_G","Strike_G","Strike_G","Defend_G","Defend_G","Defend_G","Survivor","Neutralize","Tactician+1","Well Laid Plans+1","Backflip","Dagger Throw","All Out Attack","Die Die Die+1","Calculated Gamble","Adrenaline","Dagger Throw","Burst"],"relics":["Ring of the Snake","Regal Pillow"],"acts_visited":["Exordium"],"potions_floor_usage":[16,16],"damage_taken":[{"damage":5,"enemies":"Jaw Worm","floor":1,"turns":5},{"damage":10,"enemies":"Cultist","floor":2,"turns":5},{"damage":0,"enemies":"2 Louse","floor":4,"turns":3},{"damage":6,"enemies":"Looter","floor":7,"turns":3},{"damage":0,"enemies":"Lots of Slimes","floor":10,"turns":1},{"damage":0,"enemies":"3 Louse","floor":11,"turns":1},{"damage":7,"enemies":"3 Sentries","floor":12,"turns":6},{"damage":8,"enemies":"Exordium Thugs","floor":13,"turns":4},{"damage":0,"enemies":"Gremlin Gang","floor":14,"turns":1},{"damage":23,"enemies":"Slime Boss","floor":16,"turns":7}],"seed_played":"5827011085795769495","potions_obtained":[{"floor":1,"key":"EntropicBrew"},{"floor":7,"key":"SkillPotion"},{"floor":13,"key":"Energy Potion"},{"floor":14,"key":"GhostInAJar"}],"is_trial":false,"path_per_floor":["M","M","$","M","?","R","M","R","T","M","M","E","M","M","R","B"],"character_chosen":"THE_SILENT","items_purchased":[],"campfire_rested":0,"item_purchase_floors":[],"current_hp_per_floor":[54,44,44,44,44,44,38,38,38,38,38,31,23,23,23,0,0],"gold":170,"neow_bonus":"TRANSFORM_TWO_CARDS","is_daily":false,"chose_seed":false,"campfire_upgraded":3,"win_rate":0.0,"timestamp":1612347340,"path_taken":["M","M","$","M","?","R","M","R","T","?","M","E","M","M","R","BOSS"],"items_purchased_type":[],"build_version":"2020-12-22","purchased_purges":1,"victory":false,"max_hp_per_floor":[60,60,60,60,60,60,60,60,60,60,60,60,60,60,60,60,60],"card_choices":[{"not_picked":["Setup","Dagger Spray"],"picked":"Backflip","floor":1},{"not_picked":["Sucker Punch","PiercingWail"],"picked":"Dagger Throw","floor":2},{"not_picked":["Deflect","Quick Slash"],"picked":"All Out Attack","floor":4},{"not_picked":["Dash","Deadly Poison"],"picked":"Calculated Gamble","floor":7},{"not_picked":["Quick Slash","Sucker Punch"],"picked":"Adrenaline","floor":10},{"not_picked":["Flying Knee","Poisoned Stab","Endless Agony"],"picked":"SKIP","floor":11},{"not_picked":["Skewer","Calculated Gamble","Dagger Throw"],"picked":"SKIP","floor":12},{"not_picked":["Calculated Gamble","Quick Slash"],"picked":"Dagger Throw","floor":13},{"not_picked":["Quick Slash","Setup"],"picked":"Burst","floor":14}],"player_experience":1467081,"relics_obtained":[{"floor":12,"key":"Regal Pillow"}],"event_choices":[{"damage_healed":0,"gold_gain":0,"player_choice":"1 cards matched","damage_taken":0,"max_hp_gain":0,"max_hp_loss":0,"event_name":"Match and Keep!","floor":5,"gold_loss":0,"cards_obtained":["Die Die Die"]}],"is_beta":false,"boss_relics":[],"items_purged_floors":[3],"is_endless":false,"potions_floor_spawned":[1,7,13,14],"killed_by":"Slime Boss","ascension_level":20}}