{"host":"q8mjpf3krl0t4p3x","time":1612348261,"event":{"mods":["BaseMod","Colored Map","Colored Powertips","Googly Eyes","Minty Spire (QoL Compilation)","Quick Restart","StSLib","everything is the same but u backflip on backflip","slay the spire mod where everything is the same but ironclad has a cowboy hat"],"gold_per_floor":[119,119,119,119,119,119,133,211,261,261,281,300,343,363,363,494,494,514,439,56,0,24,24,24,24,24,24,42,42,42,42,42,42,42],"floor_reached":33,"language":"ENG","playtime":745,"items_purged":["Strike_R"],"score":392,"play_id":"68c49b26-4582-46c2-87fa-036aafa2a6f0","local_time":"20210203023101","is_ascension_mode":true,"campfire_choices":[{"data":"Pommel Strike","floor":6,"key":"SMITH"},{"data":"Cleave","floor":10,"key":"SMITH"},{"data":"Anger","floor":15,"key":"SMITH"},{"data":"Feed","floor":24,"key":"SMITH"},{"floor":30,"key":"REST"},{"data":"RitualDagger","floor":32,"key":"SMITH"}],"circlet_count":0,"master_deck":["AscendersBane","Strike_R","Strike_R","Strike_R","Defend_R","Defend_R","Defend_R","Defend_R","Bash+1","Pommel Strike+1","Cleave+1","Feed+1","Anger+1","True Grit+1","RitualDagger+1"],"relics":["Black Blood","Boot","Golden Idol","Shuriken","HornCleat","MealTicket","Art of War","Lizard Tail","Darkstone Periapt"],"acts_visited":["Exordium","TheCity"],"potions_floor_usage":[27,27],"damage_taken":[{"damage":1,"enemies":"Cultist","floor":1,"turns":4},{"damage":7,"enemies":"2 Louse","floor":7,"turns":3},{"damage":13,"enemies":"Jaw Worm","floor":11,"turns":4},{"damage":7,"enemies":"Blue Slaver","floor":12,"turns":3},{"damage":32,"enemies":"Gremlin Nob","floor":13,"turns":4},{"damage":3,"enemies":"2 Fungi Beasts","floor":14,"turns":2},{"damage":25,"enemies":"Hexaghost","floor":16,"turns":8},{"damage":37,"enemies":"Chosen","floor":18,"turns":5},{"damage":27,"enemies":"Spheric Guardian","floor":22,"turns":5},{"damage":5,"enemies":"Gremlin Leader","floor":27,"turns":2},{"damage":45,"enemies":"3 Cultists","floor":28,"turns":6},{"damage":122,"enemies":"Champ","floor":33,"turns":11}],"seed_played":"1204706107378433051","potions_obtained":[{"floor":7,"key":"SmokeBomb"},{"floor":16,"key":"SpeedPotion"}],"is_trial":false,"path_per_floor":["M","?","?","?","?","R","M","T","T","R","M","M","E","M","R","B",null,"M","?","$","?","M","$","R","?","T","E","M","?","R","?","R","B"],"character_chosen":"IRONCLAD","items_purchased":["Lizard Tail"],"campfire_rested":1,"item_purchase_floors":[20],"current_hp_per_floor":[77,77,74,74,74,74,73,73,73,73,66,65,39,42,42,26,64,42,42,57,57,42,57,57,57,57,64,31,31,55,49,49,0,0],"gold":42,"neow_bonus":"RANDOM_COMMON_RELIC","is_daily":false,"chose_seed":false,"campfire_upgraded":5,"win_rate":0.0,"timestamp":1612348261,"path_taken":["M","?","?","?","?","R","M","?","T","R","M","M","E","M","R","BOSS","M","?","$","?","M","$","R","?","T","E","M","?","R","?","R","BOSS"],"items_purchased_type":["Relic"],"build_version":"2020-12-22","purchased_purges":1,"victory":false,"max_hp_per_floor":[80,80,74,74,74,74,74,74,74,74,74,74,74,74,74,77,77,80,80,80,80,80,80,80,80,80,80,80,80,80,80,80,80,80],"card_choices":[{"not_picked":["True Grit","Thunderclap"],"picked":"Pommel Strike","floor":1},{"not_picked":["Anger","Clothesline"],"picked":"Cleave","floor":7},{"not_picked":["Second Wind","Reckless Charge","Entrench"],"picked":"SKIP","floor":11},{"not_picked":["Uppercut","Armaments"],"picked":"Feed","floor":12},{"not_picked":["Iron Wave","Twin Strike"],"picked":"Anger","floor":13},{"not_picked":["Carnage","Rampage","Clash"],"picked":"SKIP","floor":14},{"not_picked":["Combust","Headbutt","Cleave"],"picked":"SKIP","floor":18},{"not_picked":["Metallicize","Flex+1","Havoc+1"],"picked":"SKIP","floor":22},{"not_picked":["Heavy Blade","Clash"],"picked":"True Grit+1","floor":28}],"player_experience":316537,"relics_obtained":[{"floor":8,"key":"HornCleat"},{"floor":9,"key":"MealTicket"},{"floor":13,"key":"Art of War"},{"floor":26,"key":"Darkstone Periapt"}],"event_choices":[{"damage_healed":0,"gold_gain":0,"player_choice":"Leave","damage_taken":0,"max_hp_gain":0,"max_hp_loss":0,"event_name":"The Cleric","floor":2,"gold_loss":0},{"damage_healed":0,"gold_gain":0,"player_choice":"Lose Max HP","damage_taken":0,"relics_obtained":["Golden Idol"],"max_hp_gain":0,"max_hp_loss":6,"event_name":"Golden Idol","floor":3,"gold_loss":0},{"damage_healed":0,"gold_gain":0,"player_choice":"Grow","damage_taken":0,"max_hp_gain":0,"max_hp_loss":0,"event_name":"Living Wall","floor":4,"gold_loss":0,"cards_upgraded":["Bash"]},{"damage_healed":0,"gold_gain":0,"player_choice":"Box","damage_taken":0,"relics_obtained":["Shuriken"],"max_hp_gain":0,"max_hp_loss":0,"event_name":"Big Fish","floor":5,"gold_loss":0,"cards_obtained":["Regret"]},{"cards_removed":["Regret"],"damage_healed":0,"gold_gain":0,"player_choice":"Gave Gold","damage_taken":0,"max_hp_gain":0,"max_hp_loss":0,"event_name":"Beggar","floor":19,"gold_loss":75},{"damage_healed":0,"gold_gain":0,"player_choice":"Paid Fearfully","damage_taken":0,"max_hp_gain":0,"max_hp_loss":0,"event_name":"Masked Bandits","floor":21,"gold_loss":56},{"damage_healed":0,"gold_gain":0,"player_choice":"Ignored","damage_taken":0,"max_hp_gain":0,"max_hp_loss":0,"event_name":"Ghosts","floor":25,"gold_loss":0},{"cards_removed":["Strike_R"],"damage_healed":0,"gold_gain":0,"player_choice":"Elegance","damage_taken":0,"max_hp_gain":0,"max_hp_loss":0,"event_name":"Back to Basics","floor":29,"gold_loss":0},{"damage_healed":0,"gold_gain":0,"player_choice":"Joined the Cult","damage_taken":6,"max_hp_gain":0,"max_hp_loss":0,"event_name":"Nest","floor":31,"gold_loss":0,"cards_obtained":["RitualDagger"]}],"is_beta":false,"boss_relics":[{"not_picked":["Runic Dome","SacredBark"],"picked":"Black Blood"}],"items_purged_floors":[20],"is_endless":false,"potions_floor_spawned":[7,16,27],"killed_by":"Champ","ascension_level":10}}