{"host":"idjwbq71yrpkph1r","time":1612396693,"event":{"mods":["AchievementEnabler","Alarm Clock","BaseMod","Block Reminder","Colored Map","Colored Powertips","Minty Spire (QoL Compilation)","Morshu Shopkeeper","Rare Cards Sparkle","StSLib","everything is the same but u backflip on backflip"],"gold_per_floor":[109,109,34,46,66,66,86,121,146,168,168,18,52,17,17,118,118,137,99,99,99,99,99,132,146,146,21,55,72,72,72],"floor_reached":30,"language":"ENG","playtime":1093,"items_purged":["Strike_R","Strike_R","Strike_R+1"],"score":301,"play_id":"02d8d55a-8927-4aae-b4d1-5a05970de342","local_time":"20210204005813","is_ascension_mode":true,"campfire_choices":[{"data":"Rampage","floor":6,"key":"SMITH"},{"floor":15,"key":"REST"},{"data":"Anger","floor":23,"key":"SMITH"}],"circlet_count":0,"master_deck":["Defend_R","Defend_R","Defend_R","Bash+1","Rampage+1","Anger+1","Flex","Ghostly Armor","Double Tap","Inflame","Cleave","Rampage+1","Infernal Blade+1","Reaper"],"relics":["Black Blood","Anchor","Whetstone","Odd Mushroom","Tiny Chest","Eternal Feather","Self Forming Clay","Nunchaku","Paper Frog","Lantern"],"acts_visited":["Exordium","TheCity"],"potions_floor_usage":[13,13,13,24,28],"damage_taken":[{"damage":0,"enemies":"2 Louse","floor":1,"turns":3},{"damage":1,"enemies":"Cultist","floor":4,"turns":4},{"damage":0,"enemies":"Small Slimes","floor":5,"turns":3},{"damage":16,"enemies":"2 Fungi Beasts","floor":7,"turns":4},{"damage":27,"enemies":"Gremlin Nob","floor":8,"turns":4},{"damage":25,"enemies":"The Mushroom Lair","floor":10,"turns":4},{"damage":16,"enemies":"Lagavulin","floor":13,"turns":5},{"damage":44,"enemies":"Hexaghost","floor":16,"turns":10},{"damage":13,"enemies":"2 Thieves","floor":18,"turns":4},{"damage":44,"enemies":"Slavers","floor":24,"turns":6},{"damage":22,"enemies":"Spheric Guardian","floor":25,"turns":5},{"damage":40,"enemies":"Book of Stabbing","floor":28,"turns":6},{"damage":14,"enemies":"Cultist and Chosen","floor":29,"turns":5},{"damage":32,"enemies":"Snake Plant","floor":30,"turns":3}],"seed_played":"1505358898345672115","potions_obtained":[{"floor":5,"key":"SteroidPotion"},{"floor":8,"key":"Energy Potion"},{"floor":10,"key":"Strength Potion"},{"floor":16,"key":"PowerPotion"},{"floor":18,"key":"ElixirPotion"},{"floor":25,"key":"Regen Potion"},{"floor":28,"key":"Weak Potion"}],"is_trial":false,"path_per_floor":["M","?","$","M","M","R","M","E","T","?","?","$","E","?","R","B",null,"M","$","?","?","T","R","E","M","T","$","E","M","M"],"character_chosen":"IRONCLAD","items_purchased":["Flex","Inflame"],"campfire_rested":1,"item_purchase_floors":[12,19],"current_hp_per_floor":[62,62,62,67,73,73,63,42,42,23,23,23,13,33,57,19,80,79,79,79,79,79,80,48,38,38,38,24,22,0,0],"gold":72,"neow_bonus":"REMOVE_TWO","is_daily":false,"chose_seed":false,"campfire_upgraded":2,"win_rate":0.0,"timestamp":1612396693,"path_taken":["M","?","?","?","?","R","M","E","T","?","?","$","E","?","R","BOSS","M","$","?","?","?","R","E","M","T","?","E","M","M"],"items_purchased_type":["Card","Card"],"build_version":"2020-12-22","purchased_purges":3,"victory":false,"max_hp_per_floor":[80,80,80,80,80,80,80,80,80,80,80,80,80,80,80,80,80,80,80,80,80,80,80,80,80,80,80,80,80,80,80],"card_choices":[{"not_picked":["Clash","Warcry","Sentinel"],"picked":"SKIP","floor":1},{"not_picked":["Clash","Cleave"],"picked":"Rampage","floor":4},{"not_picked":["Sever Soul","Headbutt","Perfected Strike"],"picked":"SKIP","floor":5},{"not_picked":["Pommel Strike","Headbutt","Armaments"],"picked":"SKIP","floor":7},{"not_picked":["Armaments","True Grit","Twin Strike"],"picked":"SKIP","floor":8},{"not_picked":["Body Slam","Uppercut"],"picked":"Anger","floor":10},{"not_picked":["Blood for Blood","Entrench"],"picked":"Ghostly Armor","floor":13},{"not_picked":["Exhume","Impervious"],"picked":"Double Tap","floor":16},{"not_picked":["Sword Boomerang+1","Metallicize","Evolve"],"picked":"SKIP","floor":18},{"not_picked":["Evolve","Searing Blow"],"picked":"Rampage+1","floor":24},{"not_picked":["Cleave","Pommel Strike"],"picked":"Infernal Blade+1","floor":25},{"not_picked":["Thunderclap","Inflame","Flex"],"picked":"SKIP","floor":28},{"not_picked":["Clash","Sword Boomerang"],"picked":"Reaper","floor":29}],"player_experience":326810,"relics_obtained":[{"floor":8,"key":"Anchor"},{"floor":9,"key":"Whetstone"},{"floor":10,"key":"Odd Mushroom"},{"floor":13,"key":"Tiny Chest"},{"floor":22,"key":"Self Forming Clay"},{"floor":24,"key":"Nunchaku"},{"floor":26,"key":"Paper Frog"},{"floor":28,"key":"Lantern"}],"event_choices":[{"damage_healed":0,"gold_gain":0,"player_choice":"Bought 0 Potions","damage_taken":0,"max_hp_gain":0,"max_hp_loss":0,"event_name":"The Woman in Blue","floor":2,"gold_loss":0},{"damage_healed":0,"gold_gain":0,"player_choice":"Fought Mushrooms","damage_taken":0,"max_hp_gain":0,"max_hp_loss":0,"event_name":"Mushrooms","floor":10,"gold_loss":0},{"cards_removed":["Strike_R"],"damage_healed":0,"gold_gain":0,"player_choice":"Forget","damage_taken":0,"max_hp_gain":0,"max_hp_loss":0,"event_name":"Living Wall","floor":11,"gold_loss":0},{"damage_healed":20,"gold_gain":0,"player_choice":"Healed","damage_taken":0,"max_hp_gain":0,"max_hp_loss":0,"event_name":"The Cleric","floor":14,"gold_loss":35},{"damage_healed":0,"gold_gain":0,"player_choice":"Read","damage_taken":0,"max_hp_gain":0,"max_hp_loss":0,"event_name":"The Library","floor":20,"gold_loss":0,"cards_obtained":["Cleave"]},{"damage_healed":0,"gold_gain":0,"player_choice":"Opened","damage_taken":0,"relics_obtained":["Eternal Feather"],"max_hp_gain":0,"max_hp_loss":0,"event_name":"The Mausoleum","floor":21,"gold_loss":0}],"is_beta":false,"boss_relics":[{"not_picked":["Mark of Pain","Calling Bell"],"picked":"Black Blood"}],"items_purged_floors":[3,12,27],"is_endless":false,"potions_floor_spawned":[5,8,10,16,18,25,28],"killed_by":"Snake Plant","ascension_level":2}}