{"host":"uidy69bgx28xzt88","time":1612374189,"event":{"mods":["BaseMod","Minty Spire (QoL Compilation)","Relic Stats"],"gold_per_floor":[109,121,140,153,173,173,207,227,227,227,227,245,272,290,290,393,393,411,91,105,118,131,131,166,265,344,344,269,269,269],"floor_reached":29,"language":"ENG","playtime":2476,"items_purged":["Thunder Strike"],"score":376,"play_id":"33287547-dfba-4afd-9df1-922470e145bc","local_time":"20210203194309","is_ascension_mode":true,"campfire_choices":[{"data":"Loop","floor":6.0,"key":"SMITH"},{"floor":11.0,"key":"REST"},{"data":"Defragment","floor":15.0,"key":"SMITH"},{"data":"Capacitor","floor":23,"key":"SMITH"},{"floor":27,"key":"REST"}],"circlet_count":0,"master_deck":["Zap","Dualcast","Cold Snap","Coolheaded","Rebound","Loop+1","Conserve Battery","Hologram","Genetic Algorithm+1","Defragment+1","Redo+1","Electrodynamics","Loop","Reboot+1","Stack+1","Capacitor+1","Reboot+1","Reprogram+1","FTL","Hologram+1","Barrage","Consume+1","Cold Snap","Tempest+1"],"relics":["Cracked Core","Akabeko","Boot","Toxic Egg 2","Question Card","Bronze Scales","Pandora\u0027s Box","Pen Nib","Unceasing Top"],"acts_visited":["Exordium","TheCity"],"potions_floor_usage":[18,20,22],"damage_taken":[{"damage":0.0,"enemies":"Cultist","floor":1.0,"turns":2.0},{"damage":0.0,"enemies":"Small Slimes","floor":2.0,"turns":3.0},{"damage":0.0,"enemies":"2 Louse","floor":3.0,"turns":2.0},{"damage":7.0,"enemies":"2 Fungi Beasts","floor":4.0,"turns":4.0},{"damage":13.0,"enemies":"Red Slaver","floor":5.0,"turns":4.0},{"damage":13.0,"enemies":"Lagavulin","floor":7.0,"turns":4.0},{"damage":12.0,"enemies":"Large Slime","floor":8.0,"turns":4.0},{"damage":8.0,"enemies":"3 Louse","floor":12.0,"turns":4.0},{"damage":1.0,"enemies":"3 Sentries","floor":13.0,"turns":5.0},{"damage":8.0,"enemies":"Exordium Thugs","floor":14.0,"turns":5.0},{"damage":3.0,"enemies":"The Guardian","floor":16.0,"turns":8.0},{"damage":6,"enemies":"3 Byrds","floor":18,"turns":2},{"damage":4,"enemies":"Shell Parasite","floor":20,"turns":5},{"damage":21,"enemies":"Snecko","floor":21,"turns":5},{"damage":10,"enemies":"Centurion and Healer","floor":22,"turns":6},{"damage":9,"enemies":"Gremlin Leader","floor":24,"turns":6},{"damage":40,"enemies":"Slavers","floor":29,"turns":4}],"seed_played":"4309572327482162379","potions_obtained":[{"floor":4.0,"key":"SpeedPotion"},{"floor":7.0,"key":"Dexterity Potion"},{"floor":8.0,"key":"EntropicBrew"},{"floor":14.0,"key":"Fire Potion"},{"floor":20,"key":"SpeedPotion"}],"is_trial":false,"path_per_floor":["M","M","M","M","M","R","E","M","T","?","R","M","E","M","R","B",null,"M","$","M","M","M","R","E","?","T","R","?","E"],"character_chosen":"DEFECT","items_purchased":["Pen Nib","Block Potion","Barrage"],"campfire_rested":2,"item_purchase_floors":[19,19,19],"current_hp_per_floor":[68,68,68,61,48,48,35,23,23,23,45,37,36,28,28,25,63,57,57,53,32,22,22,13,13,13,35,35,0,0],"gold":269,"neow_bonus":"RANDOM_COMMON_RELIC","is_daily":false,"chose_seed":false,"campfire_upgraded":3,"win_rate":0.0,"timestamp":1612374189,"path_taken":["M","M","M","M","?","R","E","M","T","?","R","M","E","M","R","BOSS","M","$","M","?","M","R","E","?","T","R","?","E"],"items_purchased_type":["Relic","Potion","Card"],"build_version":"2020-12-22","purchased_purges":1,"victory":false,"max_hp_per_floor":[75,75,75,75,75,75,75,75,75,75,75,75,75,75,75,75,75,75,75,75,75,75,75,75,75,75,75,75,75,75],"relic_stats":{"counters":[17,73],"Bronze Scales":[171],"Pandora\u0027s Box":["Loop","Reboot","Stack","Thunder Strike","Capacitor","Reboot","Reprogram","FTL"],"Pen Nib":[2],"Boot":[16],"Question Card":9,"obtain_stats":[{"Bronze Scales":13,"Pandora\u0027s Box":17,"Pen Nib":19,"Toxic Egg 2":9,"Cracked Core":0,"Boot":7,"Question Card":10,"Akabeko":0,"Unceasing Top":24},{"Bronze Scales":9,"Pandora\u0027s Box":11,"Pen Nib":12,"Toxic Egg 2":7,"Cracked Core":0,"Boot":6,"Question Card":7,"Akabeko":0,"Unceasing Top":16},{"Bronze Scales":32,"Pandora\u0027s Box":45,"Pen Nib":47,"Toxic Egg 2":23,"Cracked Core":0,"Boot":19,"Question Card":23,"Akabeko":0,"Unceasing Top":69}],"Unceasing Top":[0]},"card_choices":[{"not_picked":["Conserve Battery","White Noise"],"picked":"Cold Snap","floor":1.0},{"not_picked":["Stack","Redo"],"picked":"Darkness","floor":2.0},{"not_picked":["Streamline","Conserve Battery"],"picked":"Coolheaded","floor":3.0},{"not_picked":["Gash","Redo"],"picked":"Rebound","floor":4.0},{"not_picked":["Ball Lightning","Tempest"],"picked":"Loop","floor":5.0},{"not_picked":["Turbo","Melter"],"picked":"Conserve Battery","floor":7.0},{"not_picked":["Tempest","Beam Cell"],"picked":"Hologram","floor":8.0},{"not_picked":["Machine Learning","Coolheaded+1","Lockon"],"picked":"Genetic Algorithm+1","floor":12.0},{"not_picked":["Capacitor","Conserve Battery+1","Sweeping Beam"],"picked":"Defragment","floor":13.0},{"not_picked":["Beam Cell","Steam+1","Gash"],"picked":"Redo+1","floor":14.0},{"not_picked":["Core Surge","Rainbow+1","Buffer"],"picked":"Electrodynamics","floor":16.0},{"not_picked":["Leap+1","Steam Power+1","Beam Cell"],"picked":"Hologram+1","floor":18},{"not_picked":["Stack+1","Undo+1","Lockon+1"],"picked":"Consume+1","floor":20},{"not_picked":["Consume+1","Go for the Eyes","Compile Driver"],"picked":"Cold Snap","floor":21},{"not_picked":["Streamline+1","Redo+1","Sweeping Beam+1","Go for the Eyes"],"picked":"SKIP","floor":22},{"not_picked":["Turbo+1","Genetic Algorithm+1","Multi-Cast+1"],"picked":"Tempest+1","floor":24}],"player_experience":271255,"relics_obtained":[{"floor":7.0,"key":"Boot"},{"floor":9.0,"key":"Toxic Egg 2"},{"floor":13.0,"key":"Bronze Scales"},{"floor":24,"key":"Unceasing Top"}],"event_choices":[{"damage_healed":0.0,"max_hp_gain":0.0,"max_hp_loss":0.0,"gold_gain":0.0,"event_name":"WeMeetAgain","player_choice":"Gave Potion","floor":10.0,"gold_loss":0.0,"damage_taken":0.0,"relics_obtained":["Question Card"]},{"damage_healed":0,"gold_gain":99,"player_choice":"Stole From Cult","damage_taken":0,"max_hp_gain":0,"max_hp_loss":0,"event_name":"Nest","floor":25,"gold_loss":0},{"cards_removed":["Darkness"],"damage_healed":0,"gold_gain":0,"player_choice":"Gave Gold","damage_taken":0,"max_hp_gain":0,"max_hp_loss":0,"event_name":"Beggar","floor":28,"gold_loss":75}],"is_beta":false,"boss_relics":[{"not_picked":["SacredBark","Astrolabe"],"picked":"Pandora\u0027s Box"}],"items_purged_floors":[19],"is_endless":false,"potions_floor_spawned":[4,7,8,14,20],"killed_by":"Slavers","ascension_level":9}}