{"host":"9n6i2vl93jt4o42q","time":1612377260,"event":{"mods":["BaseMod","Minty Spire (QoL Compilation)","Relic Stats"],"gold_per_floor":[18,18,38,52,52,52,92,92,92,130,130,143,143,156,156,246,246,265,285,285,299,299,299,324,324,324],"floor_reached":25,"language":"ENG","playtime":1412,"items_purged":[],"score":462,"play_id":"ff067f89-63c9-4bc2-880f-fa8d22ec8a73","local_time":"20210203193420","is_ascension_mode":true,"campfire_choices":[{"data":"Bash","floor":6.0,"key":"SMITH"},{"data":"Blood for Blood","floor":8.0,"key":"SMITH"},{"data":"Pommel Strike","floor":13.0,"key":"SMITH"},{"floor":15.0,"key":"REST"},{"floor":23.0,"key":"REST"}],"circlet_count":0,"master_deck":["AscendersBane","Strike_R","Strike_R","Defend_R","Defend_R","Defend_R","Defend_R","Bash+1","Offering","Hemokinesis","Anger","Wild Strike","Blood for Blood+1","Infernal Blade+1","Pommel Strike+1","Intimidate+1","Fiend Fire","Burning Pact+1","Entrench+1","True Grit+1","Uppercut+1","True Grit+1","Infernal Blade+1","Barricade"],"relics":["Burning Blood","Bloody Idol","Toxic Egg 2","Pear","WingedGreaves","Astrolabe","Anchor"],"acts_visited":["Exordium","TheCity"],"potions_floor_usage":[24],"damage_taken":[{"damage":3.0,"enemies":"2 Louse","floor":1.0,"turns":4.0},{"damage":12.0,"enemies":"Small Slimes","floor":3.0,"turns":4.0},{"damage":11.0,"enemies":"Jaw Worm","floor":4.0,"turns":4.0},{"damage":16.0,"enemies":"Gremlin Nob","floor":7.0,"turns":3.0},{"damage":38.0,"enemies":"3 Sentries","floor":10.0,"turns":7.0},{"damage":8.0,"enemies":"Large Slime","floor":12.0,"turns":3.0},{"damage":6.0,"enemies":"2 Fungi Beasts","floor":14.0,"turns":3.0},{"damage":43.0,"enemies":"Hexaghost","floor":16.0,"turns":7.0},{"damage":23.0,"enemies":"Shell Parasite","floor":18.0,"turns":4.0},{"damage":6.0,"enemies":"Chosen","floor":19.0,"turns":2.0},{"damage":43.0,"enemies":"Sentry and Sphere","floor":21.0,"turns":6.0},{"damage":13,"enemies":"Gremlin Leader","floor":24,"turns":10},{"damage":37,"enemies":"Snecko","floor":25,"turns":6}],"seed_played":"-5666046784263625783","potions_obtained":[{"floor":3.0,"key":"EntropicBrew"},{"floor":12.0,"key":"Fire Potion"},{"floor":21.0,"key":"SneckoOil"}],"is_trial":false,"path_per_floor":["M","?","M","M","$","R","E","R","T","E","?","M","R","M","R","B",null,"M","M","?","M","?","R","E","M"],"character_chosen":"IRONCLAD","items_purchased":[],"campfire_rested":2,"item_purchase_floors":[],"current_hp_per_floor":[71,68,62,57,57,57,47,47,57,25,25,23,23,23,46,9,61,44,44,44,7,7,30,28,0,0],"gold":324,"neow_bonus":"THREE_RARE_CARDS","is_daily":false,"chose_seed":false,"campfire_upgraded":3,"win_rate":0.0,"timestamp":1612377260,"path_taken":["M","?","M","M","$","R","E","R","T","E","?","?","R","M","R","BOSS","M","M","?","M","?","R","E","M"],"items_purchased_type":[],"build_version":"2020-12-22","purchased_purges":0,"victory":false,"max_hp_per_floor":[75,68,68,68,68,68,68,68,78,78,78,78,78,78,78,78,78,78,78,78,78,78,78,78,78,78],"relic_stats":{"counters":[13,63],"Bloody Idol":5,"Astrolabe":["Burning Pact","Entrench","True Grit"],"obtain_stats":[{"Anchor":24,"Pear":9,"Golden Idol":2,"Astrolabe":17,"Bloody Idol":22,"WingedGreaves":10,"Toxic Egg 2":7,"Burning Blood":0},{"Anchor":12,"Pear":4,"Golden Idol":1,"Astrolabe":8,"Bloody Idol":11,"WingedGreaves":5,"Toxic Egg 2":4,"Burning Blood":0},{"Anchor":57,"Pear":15,"Golden Idol":4,"Astrolabe":35,"Bloody Idol":47,"WingedGreaves":22,"Toxic Egg 2":15,"Burning Blood":0}],"Burning Blood":72},"card_choices":[{"not_picked":["Brutality","Berserk"],"picked":"Offering","floor":0.0},{"not_picked":["Heavy Blade","Body Slam"],"picked":"Hemokinesis","floor":1.0},{"not_picked":["Heavy Blade","Clash"],"picked":"Anger","floor":3.0},{"not_picked":["Clash","Exhume"],"picked":"Wild Strike","floor":4.0},{"not_picked":["Combust","Fire Breathing"],"picked":"Blood for Blood","floor":7.0},{"not_picked":["Havoc+1","Iron Wave"],"picked":"Infernal Blade+1","floor":10.0},{"not_picked":["Havoc+1","Bloodletting+1"],"picked":"Pommel Strike","floor":12.0},{"not_picked":["Warcry+1","Thunderclap"],"picked":"Intimidate+1","floor":14.0},{"not_picked":["Demon Form","Bludgeon"],"picked":"Fiend Fire","floor":16.0},{"not_picked":["Sever Soul","Headbutt"],"picked":"Uppercut+1","floor":18.0},{"not_picked":["Searing Blow","Entrench+1"],"picked":"True Grit+1","floor":19.0},{"not_picked":["Inflame","True Grit+1"],"picked":"Infernal Blade+1","floor":21.0},{"not_picked":["Metallicize","Shrug It Off+1"],"picked":"Barricade","floor":24}],"player_experience":2417085,"relics_obtained":[{"floor":7.0,"key":"Toxic Egg 2"},{"floor":9.0,"key":"Pear"},{"floor":10.0,"key":"WingedGreaves"},{"floor":24,"key":"Anchor"}],"event_choices":[{"damage_healed":0.0,"max_hp_gain":0.0,"max_hp_loss":7.0,"gold_gain":0.0,"event_name":"Golden Idol","player_choice":"Lose Max HP","floor":2.0,"gold_loss":0.0,"damage_taken":0.0,"relics_obtained":["Golden Idol"]},{"damage_healed":0.0,"max_hp_gain":0.0,"max_hp_loss":0.0,"gold_gain":0.0,"event_name":"Liars Game","player_choice":"Ignored","floor":11.0,"gold_loss":0.0,"damage_taken":0.0},{"damage_healed":0.0,"max_hp_gain":0.0,"max_hp_loss":0.0,"gold_gain":0.0,"event_name":"Ghosts","player_choice":"Ignored","floor":20.0,"gold_loss":0.0,"damage_taken":0.0},{"damage_healed":0.0,"max_hp_gain":0.0,"max_hp_loss":0.0,"gold_gain":0.0,"event_name":"Forgotten Altar","player_choice":"Gave Idol","floor":22.0,"relics_lost":["Golden Idol"],"gold_loss":0.0,"damage_taken":0.0,"relics_obtained":["Bloody Idol"]}],"is_beta":false,"boss_relics":[{"not_picked":["Tiny House","SlaversCollar"],"picked":"Astrolabe"}],"items_purged_floors":[],"is_endless":false,"potions_floor_spawned":[3,7,12,18,21],"killed_by":"Snecko","ascension_level":20}}