{"host":"ul3z8ex5o8l5j7mh","time":1612366320,"event":{"mods":["AchievementEnabler","BaseMod","Colored Map","Colored Powertips","DeckTracker","Minty Spire (QoL Compilation)","SuperFastMode"],"gold_per_floor":[119,336,353,366,377,409,409,42,111,111,131,150,150,150,150,150,150],"floor_reached":16,"language":"ENG","playtime":565,"items_purged":["Strike_R"],"score":102,"play_id":"0b52d964-69cf-4a9a-9731-b8bac91d6047","local_time":"20210203163200","is_ascension_mode":false,"campfire_choices":[{"floor":7.0,"key":"REST"},{"floor":10.0,"key":"RECALL"},{"data":"Pommel Strike","floor":15.0,"key":"SMITH"}],"circlet_count":0,"master_deck":["Strike_R","Strike_R","Strike_R","Strike_R","Defend_R","Defend_R","Defend_R","Defend_R","Bash","Searing Blow","Pommel Strike+1","Feed+1","Uppercut","Clash","Iron Wave","Regret"],"relics":["Burning Blood","Gambling Chip","Old Coin","Pen Nib","HandDrill","Bag of Marbles","Ice Cream"],"acts_visited":["Exordium"],"potions_floor_usage":[],"damage_taken":[{"damage":8.0,"enemies":"Jaw Worm","floor":1.0,"turns":5.0},{"damage":1.0,"enemies":"Cultist","floor":3.0,"turns":3.0},{"damage":8.0,"enemies":"Small Slimes","floor":4.0,"turns":2.0},{"damage":17.0,"enemies":"2 Fungi Beasts","floor":5.0,"turns":5.0},{"damage":49.0,"enemies":"3 Sentries","floor":6.0,"turns":9.0},{"damage":1.0,"enemies":"3 Louse","floor":11.0,"turns":2.0},{"damage":1.0,"enemies":"Exordium Thugs","floor":12.0,"turns":3.0},{"damage":0,"enemies":"Hexaghost","floor":16,"turns":1}],"seed_played":"-5533241500670068551","potions_obtained":[{"floor":3.0,"key":"Fruit Juice"},{"floor":6.0,"key":"Block Potion"},{"floor":11.0,"key":"DuplicationPotion"},{"floor":12.0,"key":"SkillPotion"}],"is_trial":false,"path_per_floor":["M","?","M","M","M","E","R","$","T","R","M","M","?","?","R","B"],"character_chosen":"IRONCLAD","items_purchased":["HandDrill","Bag of Marbles"],"campfire_rested":1,"item_purchase_floors":[8,8],"current_hp_per_floor":[70,70,77,75,67,27,51,51,51,51,59,67,67,67,67,67,67],"gold":150,"neow_bonus":"ONE_RARE_RELIC","is_daily":false,"chose_seed":false,"campfire_upgraded":1,"win_rate":0.0,"timestamp":1612366320,"path_taken":["M","?","?","M","M","E","R","$","T","R","M","M","?","?","R","BOSS"],"items_purchased_type":["Relic","Relic"],"build_version":"2020-12-22","purchased_purges":1,"victory":false,"max_hp_per_floor":[72,72,77,77,80,83,83,83,83,83,86,89,89,89,89,89,89],"card_choices":[{"not_picked":["Flex","True Grit"],"picked":"Searing Blow","floor":1.0},{"not_picked":["Sentinel","Heavy Blade"],"picked":"Pommel Strike","floor":3.0},{"not_picked":["Disarm","True Grit"],"picked":"Feed","floor":4.0},{"not_picked":["Spot Weakness","Seeing Red"],"picked":"Uppercut","floor":5.0},{"not_picked":["Flex","Havoc"],"picked":"Clash","floor":6.0},{"not_picked":["Havoc","Wild Strike"],"picked":"Iron Wave","floor":11.0},{"not_picked":["Sever Soul","Power Through","Perfected Strike"],"picked":"SKIP","floor":12.0}],"player_experience":304019,"relics_obtained":[{"floor":6.0,"key":"Pen Nib"}],"event_choices":[{"damage_healed":0.0,"max_hp_gain":0.0,"max_hp_loss":0.0,"gold_gain":0.0,"event_name":"WeMeetAgain","player_choice":"Paid Gold","floor":2.0,"gold_loss":83.0,"damage_taken":0.0,"relics_obtained":["Old Coin"]},{"damage_healed":0.0,"max_hp_gain":0.0,"max_hp_loss":0.0,"gold_gain":0.0,"event_name":"Living Wall","player_choice":"Grow","floor":13.0,"gold_loss":0.0,"damage_taken":0.0,"cards_upgraded":["Feed"]},{"damage_healed":0.0,"max_hp_gain":0.0,"max_hp_loss":0.0,"gold_gain":0.0,"event_name":"Big Fish","player_choice":"Box","floor":14.0,"gold_loss":0.0,"damage_taken":0.0,"relics_obtained":["Ice Cream"],"cards_obtained":["Regret"]}],"is_beta":false,"boss_relics":[],"items_purged_floors":[8],"is_endless":false,"potions_floor_spawned":[3,6,11,12],"killed_by":"Hexaghost","ascension_level":0}}