{"host":"6a9c3xws62y7efyw","time":1612333334,"event":{"mods":["BaseMod","Colored Map","Minty Spire (QoL Compilation)","Relic Stats","StSLib"],"gold_per_floor":[112,112,187,187,187,220,220,233,260,303,303,326,360,373,373,471,471,486,504,104,104,120,163,163,184,184,217,236,511,511,41,41,134,134,147,171,195,213,231,275,75,93,93,111,111,129,163,82,82,82,82,82,82,29,68,68,68],"floor_reached":56,"language":"ENG","playtime":3418,"items_purged":["Strike_G","Regret"],"score":2063,"play_id":"40260052-ff6f-4c6a-a52e-f1593165b4b6","local_time":"20210202222214","is_ascension_mode":true,"campfire_choices":[{"data":"Noxious Fumes","floor":7.0,"key":"SMITH"},{"floor":11.0,"key":"REST"},{"data":"A Thousand Cuts","floor":15.0,"key":"SMITH"},{"floor":24.0,"key":"REST"},{"floor":30.0,"key":"REST"},{"data":"Well Laid Plans","floor":32.0,"key":"SMITH"},{"floor":45.0,"key":"RECALL"},{"floor":49.0,"key":"REST"},{"floor":53,"key":"REST"}],"circlet_count":0,"master_deck":["AscendersBane","Strike_G","Strike_G","Strike_G","Strike_G","Defend_G","Defend_G","Defend_G","Defend_G","Defend_G","Survivor","Neutralize+1","Well Laid Plans+1","Noxious Fumes+1","Backflip+1","Cloak And Dagger+1","Accuracy","A Thousand Cuts+1","Crippling Poison+1","Die Die Die","Cloak And Dagger+1","Eviscerate+1","Acrobatics+1","Bullet Time+1","Leg Sweep+1","Infinite Blades+1","Accuracy","After Image","Wraith Form v2","Cloak And Dagger+1","Footwork","Accuracy+1","Wraith Form v2","Cloak And Dagger+1","Malaise+1","Catalyst+1","Bullet Time+1","Envenom","Backflip+1"],"relics":["Ring of the Snake","Golden Idol","Toxic Egg 2","Snake Skull","Nunchaku","Vajra","Snecko Eye","Singing Bowl","Nloth\u0027s Gift","Sundial","Akabeko","Oddly Smooth Stone","Ornamental Fan","SlaversCollar","Blue Candle","Art of War"],"acts_visited":["Exordium","TheCity","TheBeyond","TheEnding"],"potions_floor_usage":[51,56,56],"damage_taken":[{"damage":0.0,"enemies":"2 Louse","floor":1.0,"turns":1.0},{"damage":0.0,"enemies":"Lagavulin","floor":6.0,"turns":2.0},{"damage":0.0,"enemies":"Small Slimes","floor":8.0,"turns":1.0},{"damage":30.0,"enemies":"Gremlin Nob","floor":10.0,"turns":4.0},{"damage":0.0,"enemies":"Jaw Worm","floor":12.0,"turns":4.0},{"damage":15.0,"enemies":"3 Sentries","floor":13.0,"turns":7.0},{"damage":14.0,"enemies":"3 Louse","floor":14.0,"turns":3.0},{"damage":6.0,"enemies":"Hexaghost","floor":16.0,"turns":9.0},{"damage":12.0,"enemies":"2 Thieves","floor":18.0,"turns":3.0},{"damage":29.0,"enemies":"Shell Parasite","floor":19.0,"turns":6.0},{"damage":0.0,"enemies":"Cultist and Chosen","floor":22.0,"turns":3.0},{"damage":0.0,"enemies":"Gremlin Leader","floor":23.0,"turns":4.0},{"damage":0.0,"enemies":"3 Cultists","floor":25.0,"turns":2.0},{"damage":8.0,"enemies":"Slavers","floor":27.0,"turns":2.0},{"damage":8.0,"enemies":"Snake Plant","floor":28.0,"turns":2.0},{"damage":20.0,"enemies":"Collector","floor":33.0,"turns":7.0},{"damage":0.0,"enemies":"Orb Walker","floor":35.0,"turns":2.0},{"damage":3.0,"enemies":"3 Darklings","floor":36.0,"turns":4.0},{"damage":3.0,"enemies":"Jaw Worm Horde","floor":37.0,"turns":4.0},{"damage":1.0,"enemies":"Maw","floor":38.0,"turns":7.0},{"damage":7.0,"enemies":"Sphere and 2 Shapes","floor":39.0,"turns":5.0},{"damage":9.0,"enemies":"Reptomancer","floor":40.0,"turns":5.0},{"damage":2.0,"enemies":"3 Darklings","floor":42.0,"turns":3.0},{"damage":2.0,"enemies":"Spire Growth","floor":44.0,"turns":6.0},{"damage":4.0,"enemies":"Writhing Mass","floor":46.0,"turns":8.0},{"damage":2.0,"enemies":"Giant Head","floor":47.0,"turns":7.0},{"damage":9.0,"enemies":"Donu and Deca","floor":50.0,"turns":11.0},{"damage":34,"enemies":"Awakened One","floor":51,"turns":10},{"damage":19,"enemies":"Shield and Spear","floor":55,"turns":5},{"damage":58,"enemies":"The Heart","floor":56,"turns":2}],"seed_played":"4445176706899040237","potions_obtained":[{"floor":1.0,"key":"FearPotion"},{"floor":6.0,"key":"ColorlessPotion"},{"floor":8.0,"key":"SkillPotion"},{"floor":10.0,"key":"BlessingOfTheForge"},{"floor":19.0,"key":"ColorlessPotion"},{"floor":23.0,"key":"SkillPotion"},{"floor":27.0,"key":"Dexterity Potion"},{"floor":33.0,"key":"Strength Potion"},{"floor":38.0,"key":"PowerPotion"},{"floor":42.0,"key":"Energy Potion"},{"floor":47.0,"key":"PowerPotion"}],"is_trial":false,"path_per_floor":["M","?","?","?","?","E","R","M","T","E","R","M","E","M","R","B",null,"M","M","$","?","M","E","R","M","T","E","M","?","R","$","R","B",null,"M","M","M","M","M","E","$","M","T","M","R","M","E","$","R","B","B",null,"R","$","E","B"],"character_chosen":"THE_SILENT","items_purchased":["Singing Bowl","Acrobatics+1","Ornamental Fan","Accuracy","Wraith Form v2","Cloak And Dagger+1","Envenom","PowerPotion"],"campfire_rested":5,"item_purchase_floors":[20,20,31,31,41,41,48,54],"current_hp_per_floor":[59,59,48,53,53,53,53,53,53,23,42,42,27,13,13,7,51,39,10,10,10,12,12,32,34,34,26,18,18,38,38,38,18,56,56,53,52,53,46,37,37,35,35,35,35,31,29,29,51,42,8,58,75,75,56,0,0],"gold":68,"neow_bonus":"THREE_ENEMY_KILL","is_daily":false,"chose_seed":false,"campfire_upgraded":3,"win_rate":0.0,"timestamp":1612333334,"path_taken":["M","?","?","?","?","E","R","M","T","E","R","?","E","M","R","BOSS","M","M","$","?","?","E","R","M","T","E","M","?","R","$","R","BOSS","M","M","M","M","M","E","$","M","T","M","R","M","E","?","R","BOSS","BOSS","R","$","E","BOSS"],"items_purchased_type":["Relic","Card","Relic","Card","Card","Card","Card","Potion"],"build_version":"2020-12-22","purchased_purges":2,"victory":false,"max_hp_per_floor":[66,60,60,65,65,65,65,65,65,65,65,65,65,65,65,65,65,65,65,65,65,67,67,67,69,69,69,69,69,69,69,69,69,69,69,69,71,73,73,73,73,73,73,75,75,75,75,75,75,75,75,75,75,75,75,75,75],"relic_stats":{"Singing Bowl":10,"counters":[30,139],"Golden Idol":202,"Blue Candle":[0],"Snake Skull":[164],"Nunchaku":[35],"Sundial":[12],"Ornamental Fan":[240],"Snecko Eye":[198,223,224,208],"Nloth\u0027s Gift":7,"Art of War":[0],"obtain_stats":[{"NeowsBlessing":0,"Singing Bowl":20,"Golden Idol":2,"Blue Candle":40,"Vajra":13,"Oddly Smooth Stone":27,"Snake Skull":9,"Akabeko":26,"SlaversCollar":34,"Nunchaku":10,"Sundial":23,"Ornamental Fan":31,"Snecko Eye":17,"Nloth\u0027s Gift":21,"Art of War":55,"Toxic Egg 2":6,"Ring of the Snake":0},{"NeowsBlessing":0,"Singing Bowl":10,"Golden Idol":1,"Blue Candle":22,"Vajra":6,"Oddly Smooth Stone":14,"Snake Skull":3,"Akabeko":13,"SlaversCollar":16,"Nunchaku":4,"Sundial":12,"Ornamental Fan":15,"Snecko Eye":8,"Nloth\u0027s Gift":10,"Art of War":29,"Toxic Egg 2":2,"Ring of the Snake":0},{"NeowsBlessing":0,"Singing Bowl":40,"Golden Idol":1,"Blue Candle":87,"Vajra":19,"Oddly Smooth Stone":51,"Snake Skull":4,"Akabeko":49,"SlaversCollar":60,"Nunchaku":8,"Sundial":47,"Ornamental Fan":53,"Snecko Eye":31,"Nloth\u0027s Gift":40,"Art of War":137,"Toxic Egg 2":3,"Ring of the Snake":0}],"Ring of the Snake":[60]},"card_choices":[{"not_picked":["Calculated Gamble","Deflect"],"picked":"Well Laid Plans","floor":1.0},{"not_picked":["Escape Plan+1","Blade Dance+1"],"picked":"Noxious Fumes","floor":6.0},{"not_picked":["Prepared+1","All Out Attack"],"picked":"Backflip+1","floor":8.0},{"not_picked":["Bane","Noxious Fumes"],"picked":"Cloak And Dagger+1","floor":10.0},{"not_picked":["Backflip+1","Calculated Gamble+1"],"picked":"Accuracy","floor":12.0},{"not_picked":["Acrobatics+1","Riddle With Holes"],"picked":"A Thousand Cuts","floor":13.0},{"not_picked":["Flying Knee","Deflect+1"],"picked":"Crippling Poison+1","floor":14.0},{"not_picked":["Tools of the Trade","A Thousand Cuts"],"picked":"Die Die Die","floor":16.0},{"not_picked":["Backflip+1","Terror+1"],"picked":"Cloak And Dagger+1","floor":18.0},{"not_picked":["Cloak And Dagger+1","Flying Knee"],"picked":"Eviscerate+1","floor":19.0},{"not_picked":["Deflect+1","Choke","Quick Slash+1"],"picked":"Singing Bowl","floor":22.0},{"not_picked":["Wraith Form v2","Underhanded Strike"],"picked":"Bullet Time+1","floor":23.0},{"not_picked":["Skewer","Underhanded Strike","Well Laid Plans"],"picked":"Singing Bowl","floor":25.0},{"not_picked":["Outmaneuver+1","Caltrops"],"picked":"Leg Sweep+1","floor":27.0},{"not_picked":["Riddle With Holes","Acrobatics+1"],"picked":"Infinite Blades+1","floor":28.0},{"not_picked":["Tools of the Trade","Grand Finale"],"picked":"After Image","floor":33.0},{"not_picked":["Escape Plan+1","Well Laid Plans+1"],"picked":"Wraith Form v2","floor":35.0},{"not_picked":["Accuracy","Dash"],"picked":"Cloak And Dagger+1","floor":36.0},{"not_picked":["Infinite Blades","Bane","Calculated Gamble+1"],"picked":"Singing Bowl","floor":37.0},{"not_picked":["Poisoned Stab","Distraction+1","Acrobatics+1"],"picked":"Singing Bowl","floor":38.0},{"not_picked":["Finisher","Sucker Punch"],"picked":"Footwork","floor":39.0},{"not_picked":["Flechettes+1","Quick Slash+1"],"picked":"Accuracy+1","floor":40.0},{"not_picked":["Venomology+1","Crippling Poison+1"],"picked":"Malaise+1","floor":42.0},{"not_picked":["Sucker Punch","All Out Attack","Underhanded Strike"],"picked":"Singing Bowl","floor":44.0},{"not_picked":["Skewer","PiercingWail+1"],"picked":"Catalyst+1","floor":46.0},{"not_picked":["Glass Knife","Accuracy+1"],"picked":"Bullet Time+1","floor":47.0},{"not_picked":["Sucker Punch","Choke+1"],"picked":"Backflip+1","floor":55}],"player_experience":1465240,"relics_obtained":[{"floor":6.0,"key":"Toxic Egg 2"},{"floor":9.0,"key":"Snake Skull"},{"floor":10.0,"key":"Nunchaku"},{"floor":13.0,"key":"Vajra"},{"floor":23.0,"key":"Sundial"},{"floor":26.0,"key":"Akabeko"},{"floor":27.0,"key":"Oddly Smooth Stone"},{"floor":40.0,"key":"Blue Candle"},{"floor":55,"key":"Art of War"}],"event_choices":[{"damage_healed":0.0,"max_hp_gain":0.0,"max_hp_loss":6.0,"gold_gain":0.0,"event_name":"Golden Idol","player_choice":"Lose Max HP","floor":2.0,"gold_loss":0.0,"damage_taken":0.0,"relics_obtained":["Golden Idol"]},{"damage_healed":0.0,"max_hp_gain":0.0,"max_hp_loss":0.0,"gold_gain":75.0,"event_name":"World of Goop","player_choice":"Gather Gold","floor":3.0,"gold_loss":0.0,"damage_taken":11.0},{"damage_healed":0.0,"max_hp_gain":5.0,"max_hp_loss":0.0,"gold_gain":0.0,"event_name":"Big Fish","player_choice":"Donut","floor":4.0,"gold_loss":0.0,"damage_taken":0.0},{"damage_healed":0.0,"max_hp_gain":0.0,"max_hp_loss":0.0,"gold_gain":0.0,"event_name":"Living Wall","player_choice":"Grow","floor":5.0,"gold_loss":0.0,"damage_taken":0.0,"cards_upgraded":["Neutralize"]},{"damage_healed":0.0,"max_hp_gain":0.0,"max_hp_loss":0.0,"gold_gain":0.0,"event_name":"N\u0027loth","player_choice":"Traded Relic","floor":21.0,"relics_lost":["NeowsBlessing"],"gold_loss":0.0,"damage_taken":0.0,"relics_obtained":["Nloth\u0027s Gift"]},{"damage_healed":0.0,"max_hp_gain":0.0,"max_hp_loss":0.0,"gold_gain":275.0,"event_name":"Golden Shrine","player_choice":"Desecrate","floor":29.0,"gold_loss":0.0,"damage_taken":0.0,"cards_obtained":["Regret"]}],"is_beta":false,"boss_relics":[{"not_picked":["Calling Bell","Ring of the Serpent"],"picked":"Snecko Eye"},{"not_picked":["HoveringKite","SacredBark"],"picked":"SlaversCollar"}],"items_purged_floors":[20,31],"is_endless":false,"potions_floor_spawned":[1,6,8,10,19,23,27,33,38,39,42,44,46,47,55],"killed_by":"The Heart","ascension_level":20}}