{"host":"Jedit","time":1612394714,"event":{"mods":["BaseMod","Minty Spire (QoL Compilation)","Relic Stats","StSLib"],"gold_per_floor":[113,6,21,37,49,49,74,74,74,108,125,39,57,89,89,163,163,174,174,174,17,17,43,43,77,131,9,27,27,39,39,39,117,117,136,5,5,22,34,34,12,12,12,12,12,38,38,55,55,55,55,55],"floor_reached":51,"language":"ENG","playtime":1887,"items_purged":["Writhe","Pain"],"score":1537,"play_id":"8aed2917-ee56-4ea1-9e72-aba399edb5b0","local_time":"20210203232514","is_ascension_mode":true,"campfire_choices":[{"data":"Catalyst","floor":6,"key":"SMITH"},{"data":"Bouncing Flask","floor":15,"key":"SMITH"},{"floor":24,"key":"REST"},{"floor":32,"key":"REST"},{"floor":40,"key":"REST"},{"floor":42,"key":"RECALL"},{"data":"A Thousand Cuts","floor":47,"key":"SMITH"},{"floor":49,"key":"REST"}],"circlet_count":0,"master_deck":["AscendersBane","Strike_G","Strike_G","Strike_G","Defend_G","Defend_G","Defend_G","Defend_G","Defend_G","Survivor","Neutralize+1","Blade Dance","Dagger Spray","Endless Agony+1","Bouncing Flask+1","Catalyst+1","Adrenaline","Sucker Punch","Backflip","Blur","Bouncing Flask","Die Die Die","A Thousand Cuts+1","PiercingWail","Catalyst","Deflect+1","Backflip","Clumsy","Leg Sweep","Deadly Poison","Crippling Poison","Adrenaline","Acrobatics","Heel Hook","Deadly Poison","Caltrops","Injury","Crippling Poison+1","Catalyst+1"],"relics":["Ring of the Serpent","NeowsBlessing","Toy Ornithopter","Paper Crane","Ice Cream","Whetstone","Cursed Key","Akabeko","Membership Card","Boot","Darkstone Periapt","Oddly Smooth Stone","WarpedTongs","TwistedFunnel","Toxic Egg 2"],"acts_visited":["Exordium","TheCity","TheBeyond"],"potions_floor_usage":[5,7,10,13,18,23,30,33,48,50],"damage_taken":[{"damage":0,"enemies":"Cultist","floor":1,"turns":1},{"damage":0,"enemies":"2 Louse","floor":3,"turns":1},{"damage":0,"enemies":"Jaw Worm","floor":4,"turns":1},{"damage":8,"enemies":"Exordium Thugs","floor":5,"turns":3},{"damage":22,"enemies":"3 Sentries","floor":7,"turns":9},{"damage":12,"enemies":"Lagavulin","floor":10,"turns":5},{"damage":0,"enemies":"Blue Slaver","floor":11,"turns":3},{"damage":6,"enemies":"Exordium Wildlife","floor":13,"turns":2},{"damage":22,"enemies":"Gremlin Nob","floor":14,"turns":4},{"damage":2,"enemies":"The Guardian","floor":16,"turns":6},{"damage":14,"enemies":"Shell Parasite","floor":18,"turns":4},{"damage":44,"enemies":"Slavers","floor":23,"turns":5},{"damage":18,"enemies":"Gremlin Leader","floor":25,"turns":5},{"damage":0,"enemies":"Chosen","floor":28,"turns":3},{"damage":10,"enemies":"Sentry and Sphere","floor":30,"turns":5},{"damage":21,"enemies":"Collector","floor":33,"turns":7},{"damage":41,"enemies":"3 Darklings","floor":35,"turns":4},{"damage":0,"enemies":"3 Shapes","floor":38,"turns":4},{"damage":8,"enemies":"Maw","floor":39,"turns":4},{"damage":0,"enemies":"Nemesis","floor":46,"turns":5},{"damage":17,"enemies":"Jaw Worm Horde","floor":48,"turns":4},{"damage":55,"enemies":"Donu and Deca","floor":50,"turns":9},{"damage":22,"enemies":"Awakened One","floor":51,"turns":4}],"seed_played":"3591618657935110138","potions_obtained":[{"floor":5,"key":"Strength Potion"},{"floor":7,"key":"Swift Potion"},{"floor":10,"key":"BlessingOfTheForge"},{"floor":16,"key":"ColorlessPotion"},{"floor":18,"key":"PowerPotion"},{"floor":30,"key":"Strength Potion"},{"floor":33,"key":"SpeedPotion"},{"floor":35,"key":"Dexterity Potion"},{"floor":39,"key":"GhostInAJar"}],"is_trial":false,"path_per_floor":["M","$","M","M","M","R","E","?","T","E","M","$","M","E","R","B",null,"M","?","?","$","$","E","R","E","T","$","M","?","M","?","R","B",null,"M","$","?","M","M","R","$","R","T","?","?","E","R","M","R","B","B"],"character_chosen":"THE_SILENT","items_purchased":["Dagger Spray","Fire Potion","Blur","Membership Card","Leg Sweep","Regen Potion","TwistedFunnel","Caltrops"],"campfire_rested":4,"item_purchase_floors":[2,2,12,21,27,27,36,41],"current_hp_per_floor":[59,59,59,59,51,51,29,51,51,44,44,44,43,21,21,19,54,45,45,45,45,45,6,25,7,13,13,13,19,29,35,60,44,74,33,33,33,33,25,50,50,50,56,56,56,56,56,44,71,21,0,0],"gold":55,"neow_bonus":"THREE_ENEMY_KILL","is_daily":false,"chose_seed":false,"campfire_upgraded":3,"win_rate":0.0,"timestamp":1612394714,"path_taken":["M","$","M","?","?","R","E","?","T","E","M","?","M","E","R","BOSS","M","?","?","?","$","E","R","E","T","$","?","?","M","?","R","BOSS","M","?","?","?","M","R","$","R","T","?","?","E","R","M","R","BOSS","BOSS"],"items_purchased_type":["Card","Potion","Card","Relic","Card","Potion","Relic","Card"],"build_version":"2020-12-18","purchased_purges":2,"victory":false,"max_hp_per_floor":[66,66,66,66,66,66,66,66,66,66,66,66,66,66,66,66,66,66,66,66,66,66,66,66,66,72,72,72,78,78,84,84,84,84,84,84,84,84,84,84,84,84,90,90,90,90,90,90,90,90,90,90],"relic_stats":{"Darkstone Periapt":24,"counters":[23,98],"Whetstone":["Endless Agony","Neutralize"],"Cursed Key":2,"Boot":[45],"obtain_stats":[{"Ice Cream":10,"Darkstone Periapt":25,"TwistedFunnel":36,"NeowsBlessing":0,"Oddly Smooth Stone":26,"Whetstone":14,"Paper Crane":9,"Cursed Key":17,"Boot":23,"Akabeko":19,"WarpedTongs":31,"Membership Card":21,"Toxic Egg 2":46,"Toy Ornithopter":7,"Ring of the Serpent":34,"Ring of the Snake":0},{"Ice Cream":6,"Darkstone Periapt":13,"TwistedFunnel":17,"NeowsBlessing":0,"Oddly Smooth Stone":13,"Whetstone":9,"Paper Crane":5,"Cursed Key":10,"Boot":12,"Akabeko":11,"WarpedTongs":15,"Membership Card":11,"Toxic Egg 2":20,"Toy Ornithopter":5,"Ring of the Serpent":16,"Ring of the Snake":0},{"Ice Cream":20,"Darkstone Periapt":49,"TwistedFunnel":68,"NeowsBlessing":0,"Oddly Smooth Stone":49,"Whetstone":29,"Paper Crane":15,"Cursed Key":35,"Boot":44,"Akabeko":39,"WarpedTongs":57,"Membership Card":39,"Toxic Egg 2":81,"Toy Ornithopter":15,"Ring of the Serpent":64,"Ring of the Snake":0}],"Toy Ornithopter":40,"WarpedTongs":[41]},"card_choices":[{"not_picked":["Underhanded Strike","Poisoned Stab"],"picked":"Blade Dance","floor":1},{"not_picked":["Leg Sweep","Infinite Blades"],"picked":"Endless Agony","floor":3},{"not_picked":["Escape Plan","Well Laid Plans"],"picked":"Bouncing Flask","floor":4},{"not_picked":["Well Laid Plans","Quick Slash"],"picked":"Catalyst","floor":5},{"not_picked":["Backstab","PiercingWail"],"picked":"Adrenaline","floor":7},{"not_picked":["Acrobatics","Dagger Throw"],"picked":"Sucker Punch","floor":10},{"not_picked":["Dagger Throw","Flechettes"],"picked":"Backflip","floor":11},{"not_picked":["Reflex","Outmaneuver"],"picked":"Bouncing Flask","floor":13},{"not_picked":["Deflect","Slice"],"picked":"Die Die Die","floor":14},{"not_picked":["Unload","Storm of Steel"],"picked":"A Thousand Cuts","floor":16},{"not_picked":["Finisher","Dagger Throw"],"picked":"PiercingWail","floor":18},{"not_picked":["Quick Slash","Choke"],"picked":"Deflect+1","floor":23},{"not_picked":["PiercingWail","Backstab"],"picked":"Backflip","floor":25},{"not_picked":["Acrobatics","Riddle With Holes+1"],"picked":"Deadly Poison","floor":28},{"not_picked":["Poisoned Stab","Deflect"],"picked":"Crippling Poison","floor":30},{"not_picked":["Unload","Bullet Time"],"picked":"Adrenaline","floor":33},{"not_picked":["Underhanded Strike+1","Backflip"],"picked":"Acrobatics","floor":35},{"not_picked":["Bane","Choke","Predator"],"picked":"SKIP","floor":38},{"not_picked":["Leg Sweep","Acrobatics+1"],"picked":"Deadly Poison","floor":39},{"not_picked":["Cloak And Dagger+1","Envenom"],"picked":"Crippling Poison+1","floor":46},{"not_picked":["Dodge and Roll+1","Prepared+1"],"picked":"Catalyst+1","floor":48}],"player_experience":3471108,"relics_obtained":[{"floor":7,"key":"Toy Ornithopter"},{"floor":9,"key":"Paper Crane"},{"floor":10,"key":"Ice Cream"},{"floor":14,"key":"Whetstone"},{"floor":23,"key":"Boot"},{"floor":25,"key":"Darkstone Periapt"},{"floor":26,"key":"Oddly Smooth Stone"},{"floor":46,"key":"Toxic Egg 2"}],"event_choices":[{"damage_healed":22,"gold_gain":0,"player_choice":"Banana","damage_taken":0,"max_hp_gain":0,"max_hp_loss":0,"event_name":"Big Fish","floor":8,"gold_loss":0},{"damage_healed":0,"gold_gain":0,"player_choice":"Opened","damage_taken":0,"relics_obtained":["Akabeko"],"max_hp_gain":0,"max_hp_loss":0,"event_name":"The Mausoleum","floor":19,"gold_loss":0,"cards_obtained":["Writhe"]},{"damage_healed":0,"gold_gain":0,"player_choice":"Read","damage_taken":0,"max_hp_gain":0,"max_hp_loss":0,"event_name":"The Library","floor":20,"gold_loss":0,"cards_obtained":["Catalyst"]},{"damage_healed":0,"gold_gain":0,"player_choice":"Smashed Altar","damage_taken":0,"max_hp_gain":0,"max_hp_loss":0,"event_name":"Forgotten Altar","floor":29,"gold_loss":0,"cards_obtained":["Decay"]},{"damage_healed":0,"gold_gain":0,"player_choice":"Rummage","damage_taken":0,"relics_obtained":["WarpedTongs"],"max_hp_gain":0,"max_hp_loss":0,"event_name":"Accursed Blacksmith","floor":31,"gold_loss":0,"cards_obtained":["Pain"]},{"damage_healed":0,"gold_gain":0,"cards_transformed":["Strike_G"],"player_choice":"Transformed","damage_taken":0,"max_hp_gain":0,"max_hp_loss":0,"event_name":"Transmorgrifier","floor":37,"gold_loss":0,"cards_obtained":["Heel Hook"]},{"cards_removed":["Strike_G"],"damage_healed":0,"gold_gain":0,"player_choice":"Removed Attack","damage_taken":0,"max_hp_gain":0,"max_hp_loss":0,"event_name":"Falling","floor":44,"gold_loss":0},{"cards_removed":["Decay"],"damage_healed":0,"gold_gain":0,"player_choice":"Card Removal","damage_taken":0,"max_hp_gain":0,"max_hp_loss":0,"event_name":"Wheel of Change","floor":45,"gold_loss":0}],"is_beta":true,"boss_relics":[{"not_picked":["SlaversCollar","Ectoplasm"],"picked":"Cursed Key"},{"not_picked":["Fusion Hammer","Philosopher\u0027s Stone"],"picked":"Ring of the Serpent"}],"items_purged_floors":[27,36],"is_endless":false,"potions_floor_spawned":[5,7,10,16,18,30,33,35,39],"killed_by":"Awakened One","ascension_level":20}}