{"host":"nozk9xg7ssf2drdi","time":1612326995,"event":{"mods":["BaseMod","Colored Map","Minty Spire (QoL Compilation)","Relic Stats","Slay the Relics Exporter","StSLib","everything is the same but u backflip on backflip"],"gold_per_floor":[117,117,130,147,160,160,186,186,212,240,240,268,268,48,48,125,125,143,153,153,153,153,178,188,220,220,220,220],"floor_reached":27,"language":"ENG","playtime":3604,"items_purged":["Defend_B"],"score":638,"play_id":"bb191eaf-1e85-4fd4-811d-fe98cb4594fd","local_time":"20210202223635","is_ascension_mode":true,"campfire_choices":[{"data":"The Bomb","floor":6,"key":"SMITH"},{"data":"Defragment","floor":8,"key":"SMITH"},{"floor":11,"key":"REST"},{"data":"Fission","floor":13,"key":"SMITH"},{"data":"Defragment","floor":15,"key":"SMITH"}],"circlet_count":0,"master_deck":["AscendersBane","Zap","The Bomb+1","Genetic Algorithm","Defragment+1","Aggregate","Cold Snap","Defragment+1","Fission+1","Dark Shackles","Hyperbeam","Lockon","Streamline","Self Repair","Chill","Echo Form","Coolheaded","Compile Driver","Chaos+1","Sunder+1","Stack","Coolheaded","Turbo"],"relics":["Cracked Core","Ancient Tea Set","Nunchaku","Vajra","Tiny Chest","Pandora\u0027s Box","Enchiridion","Question Card","Lantern","CeramicFish"],"acts_visited":["Exordium","TheCity"],"potions_floor_usage":[10,12,16,25,27],"damage_taken":[{"damage":1,"enemies":"2 Louse","floor":1,"turns":2},{"damage":5,"enemies":"Jaw Worm","floor":3,"turns":4},{"damage":2,"enemies":"Small Slimes","floor":4,"turns":3},{"damage":1,"enemies":"Exordium Wildlife","floor":5,"turns":3},{"damage":2,"enemies":"Gremlin Nob","floor":7,"turns":3},{"damage":10,"enemies":"Lagavulin","floor":10,"turns":5},{"damage":14,"enemies":"3 Sentries","floor":12,"turns":5},{"damage":0,"enemies":"Slime Boss","floor":16,"turns":9},{"damage":16,"enemies":"3 Byrds","floor":18,"turns":7},{"damage":0,"enemies":"2 Thieves","floor":19,"turns":4},{"damage":30,"enemies":"Book of Stabbing","floor":23,"turns":4},{"damage":18,"enemies":"Shelled Parasite and Fungi","floor":24,"turns":3},{"damage":1,"enemies":"Gremlin Leader","floor":25,"turns":6},{"damage":15,"enemies":"Slavers","floor":27,"turns":2}],"seed_played":"-952780057820113390","potions_obtained":[{"floor":1,"key":"Block Potion"},{"floor":4,"key":"Block Potion"},{"floor":7,"key":"Fire Potion"},{"floor":16,"key":"Dexterity Potion"},{"floor":19,"key":"Explosive Potion"},{"floor":24,"key":"Strength Potion"}],"is_trial":false,"path_per_floor":["M","?","M","M","M","R","E","R","T","E","R","E","R","$","R","B",null,"M","M","?","?","?","E","M","E","T","E"],"character_chosen":"DEFECT","items_purchased":["Dark Shackles","Swift Potion"],"campfire_rested":1,"item_purchase_floors":[14,14],"current_hp_per_floor":[63,44,39,37,36,36,34,34,34,24,43,29,29,29,29,29,55,53,64,64,64,43,27,9,15,15,0,0],"gold":220,"neow_bonus":"RANDOM_COLORLESS_2","is_daily":false,"chose_seed":false,"campfire_upgraded":4,"win_rate":0.0,"timestamp":1612326995,"path_taken":["M","?","M","M","M","R","E","R","T","E","R","E","R","$","R","BOSS","M","M","?","?","?","E","M","E","T","E"],"items_purchased_type":["Card","Potion"],"build_version":"2020-12-22","purchased_purges":1,"victory":false,"max_hp_per_floor":[64,64,64,64,64,64,64,64,64,64,64,64,64,64,64,64,64,64,64,64,64,64,64,64,64,64,64,64],"relic_stats":{"Nunchaku":[5],"counters":[14,60],"CeramicFish":0,"Tiny Chest":0,"Pandora\u0027s Box":["Lockon","Streamline","Self Repair","Chill","Echo Form","Coolheaded","Compile Driver"],"Question Card":2,"obtain_stats":[{"Nunchaku":9,"Lantern":25,"CeramicFish":26,"Vajra":10,"Enchiridion":22,"Tiny Chest":12,"Pandora\u0027s Box":17,"Cracked Core":0,"Ancient Tea Set":7,"Question Card":23},{"Nunchaku":5,"Lantern":13,"CeramicFish":13,"Vajra":6,"Enchiridion":10,"Tiny Chest":7,"Pandora\u0027s Box":8,"Cracked Core":0,"Ancient Tea Set":5,"Question Card":11},{"Nunchaku":15,"Lantern":58,"CeramicFish":58,"Vajra":20,"Enchiridion":45,"Tiny Chest":25,"Pandora\u0027s Box":34,"Cracked Core":0,"Ancient Tea Set":15,"Question Card":49}]},"card_choices":[{"not_picked":["Magnetism","Metamorphosis"],"picked":"The Bomb","floor":0},{"not_picked":["Compile Driver","Conserve Battery"],"picked":"Genetic Algorithm","floor":1},{"not_picked":["Lockon","Doom and Gloom"],"picked":"Defragment","floor":3},{"not_picked":["Conserve Battery","Barrage"],"picked":"Aggregate","floor":4},{"not_picked":["Gash","Recycle","Loop"],"picked":"SKIP","floor":5},{"not_picked":["Barrage","Lockon"],"picked":"Cold Snap","floor":7},{"not_picked":["Stack","Streamline"],"picked":"Defragment","floor":10},{"not_picked":["Recycle","Turbo"],"picked":"Fission","floor":12},{"not_picked":["All For One","Machine Learning"],"picked":"Hyperbeam","floor":16},{"not_picked":["Rebound","Go for the Eyes"],"picked":"Chaos+1","floor":18},{"not_picked":["Storm","Leap+1"],"picked":"Sunder+1","floor":19},{"not_picked":["Loop","Static Discharge"],"picked":"Stack","floor":23},{"not_picked":["Reprogram+1","Rip and Tear","Gash"],"picked":"Coolheaded","floor":24},{"not_picked":["Capacitor","Creative AI","Rip and Tear"],"picked":"Turbo","floor":25}],"player_experience":6043767,"relics_obtained":[{"floor":7,"key":"Ancient Tea Set"},{"floor":9,"key":"Nunchaku"},{"floor":10,"key":"Vajra"},{"floor":12,"key":"Tiny Chest"},{"floor":22,"key":"Enchiridion"},{"floor":23,"key":"Question Card"},{"floor":25,"key":"Lantern"},{"floor":26,"key":"CeramicFish"}],"event_choices":[{"damage_healed":0,"gold_gain":0,"player_choice":"Entered Light","damage_taken":19,"max_hp_gain":0,"max_hp_loss":0,"event_name":"Shining Light","floor":2,"gold_loss":0,"cards_upgraded":["Defend_B","Strike_B"]},{"damage_healed":0,"gold_gain":0,"player_choice":"Ignored","damage_taken":0,"max_hp_gain":0,"max_hp_loss":0,"event_name":"Ghosts","floor":20,"gold_loss":0},{"cards_removed":["Dualcast"],"damage_healed":0,"gold_gain":0,"player_choice":"Elegance","damage_taken":0,"max_hp_gain":0,"max_hp_loss":0,"event_name":"Back to Basics","floor":21,"gold_loss":0},{"damage_healed":0,"gold_gain":0,"player_choice":"Obtained Book","damage_taken":21,"max_hp_gain":0,"max_hp_loss":0,"event_name":"Cursed Tome","floor":22,"gold_loss":0}],"is_beta":false,"boss_relics":[{"not_picked":["Sozu","Runic Dome"],"picked":"Pandora\u0027s Box"}],"items_purged_floors":[14],"is_endless":false,"potions_floor_spawned":[1,4,7,16,19,24],"killed_by":"Slavers","ascension_level":20}}