{"host":"92wx9z21c4p52du4","time":1612391404,"event":{"mods":["BaseMod","Downfall","Hermit","Minty Spire (QoL Compilation)","Reliquary","StSLib","The Hierophant"],"gold_per_floor":[0,10,24,24,43,43,68,68,85,85,98,127,142,163,181,279,279,279,293,293,293,310,310,310,322,335,335,355,375,375,375,385,385,385,385],"floor_reached":33,"language":"ENG","playtime":2034,"items_purged":[],"score":253,"play_id":"8f2aa99d-8eb3-44f0-bc32-9cf2c4ec7bd3","local_time":"20210203163004","is_ascension_mode":false,"campfire_choices":[{"data":"hexamod:Float","floor":1,"key":"SMITH"},{"data":"hexamod:FastForward","floor":8,"key":"SMITH"},{"data":"hexamod:HeatShield","floor":10,"key":"SMITH"},{"data":"hexamod:SearingWound","floor":18,"key":"SMITH"},{"data":"hexamod:Rewind","floor":23,"key":"SMITH"},{"floor":30,"key":"REST"}],"circlet_count":0,"master_deck":["hexamod:Strike","hexamod:Strike","hexamod:Strike","hexamod:Strike","hexamod:Defend","hexamod:Defend","hexamod:Defend","hexamod:Defend","hexamod:Sear","hexamod:Float+1","hexamod:GhostShield","hexamod:CatchUp","hexamod:FastForward+1","hexamod:HeatShield+1","hexamod:RecurringNightmare","hexamod:SearingWound+1","hexamod:GhostOfSpireFuture","hexamod:Rewind+1","hexamod:FlamesFromBeyond","hexamod:GhostOfSpireFuture","hexamod:WildfireWeapon","hexamod:PowerFromBeyond","Pain","hexamod:StepThrough","hexamod:RainOfEmbers+1","hexamod:PowerFromBeyond+1","hexamod:PhantomCloak+1","Pride","hexamod:DynamicBlow"],"relics":["hexamod:SpiritBrand","Lizard Tail","Strawberry","hexamod:MatchstickCase","Du-Vu Doll","Odd Mushroom","Black Star","Enchiridion","WarpedTongs","downfall:RedIOU","StrikeDummy"],"acts_visited":["Exordium","TheCity"],"potions_floor_usage":[12,16,16,25,32,32,32,33,33,33],"damage_taken":[{"damage":0,"enemies":"2 Louse","floor":2,"turns":3},{"damage":5,"enemies":"Jaw Worm","floor":3,"turns":3},{"damage":0,"enemies":"Cultist","floor":5,"turns":4},{"damage":7,"enemies":"Large Slime","floor":9,"turns":6},{"damage":3,"enemies":"Blue Slaver","floor":11,"turns":4},{"damage":8,"enemies":"3 Sentries","floor":12,"turns":8},{"damage":6,"enemies":"Exordium Thugs","floor":13,"turns":5},{"damage":10,"enemies":"The Mushroom Lair","floor":14,"turns":4},{"damage":5,"enemies":"3 Louse","floor":15,"turns":3},{"damage":54,"enemies":"IC_STATUS_ARCHETYPE","floor":16,"turns":13},{"damage":3,"enemies":"Shell Parasite","floor":19,"turns":6},{"damage":27,"enemies":"Snake Plant","floor":22,"turns":6},{"damage":17,"enemies":"Centurion and Healer","floor":25,"turns":9},{"damage":5,"enemies":"Chosen and Byrds","floor":26,"turns":6},{"damage":20,"enemies":"Snake Plant","floor":28,"turns":3},{"damage":11,"enemies":"3 Cultists","floor":29,"turns":5},{"damage":1,"enemies":"Chosen and Byrds","floor":32,"turns":3},{"damage":50,"enemies":"SI_MIRROR_ARCHETYPE","floor":33,"turns":10}],"seed_played":"7750542018350809716","potions_obtained":[{"floor":5,"key":"champ:CounterPotion"},{"floor":9,"key":"FairyPotion"},{"floor":13,"key":"Swift Potion"},{"floor":14,"key":"FearPotion"},{"floor":16,"key":"LiquidMemories"},{"floor":26,"key":"hexamod:DoubleChargePotion"},{"floor":29,"key":"EntropicBrew"},{"floor":32,"key":"Block Potion"}],"is_trial":false,"path_per_floor":["R","M","M","?","M","?","T","R","M","R","M","E","M","?","M","B",null,"R","M","?","?","M","R","T","M","M","?","M","M","R","?","M","B"],"character_chosen":"THE_SPIRIT","items_purchased":[],"campfire_rested":1,"item_purchase_floors":[],"current_hp_per_floor":[70,70,65,65,65,65,65,65,58,58,55,47,41,31,26,15,77,77,74,58,58,31,31,31,14,9,9,28,17,40,40,39,0,0,0],"gold":385,"neow_bonus":"ONE_RARE_RELIC","is_daily":false,"chose_seed":false,"campfire_upgraded":5,"win_rate":0.0,"timestamp":1612391404,"path_taken":["R","M","M","?","M","?","T","R","?","R","M","E","M","?","M","BOSS","R","M","?","?","M","R","T","?","M","?","M","M","R","?","M","BOSS"],"items_purchased_type":[],"build_version":"2020-12-22","purchased_purges":0,"victory":false,"max_hp_per_floor":[70,70,70,77,77,77,77,77,77,77,77,77,77,77,77,77,77,77,77,77,77,77,77,77,77,77,77,77,77,77,77,77,77,77,77],"card_choices":[{"not_picked":["hexamod:BurningTouch","hexamod:NightmareGuise"],"picked":"hexamod:GhostShield","floor":2},{"not_picked":["hexamod:HauntingEcho","hexamod:PhantomCloak"],"picked":"hexamod:CatchUp","floor":3},{"not_picked":["hexamod:Hexaguard","hexamod:RetreatToShadows"],"picked":"hexamod:FastForward","floor":5},{"not_picked":["hexamod:GhostOfSpireFuture","hexamod:SpectersWail"],"picked":"hexamod:RecurringNightmare","floor":9},{"not_picked":["hexamod:FlamesFromBeyond","hexamod:FastForward"],"picked":"hexamod:SearingWound","floor":11},{"not_picked":["hexamod:HeatMetal","hexamod:InspiringFlames"],"picked":"hexamod:GhostOfSpireFuture","floor":12},{"not_picked":["hexamod:FlamesFromBeyond","hexamod:RecurringNightmare"],"picked":"hexamod:Rewind","floor":13},{"not_picked":["hexamod:HauntingEcho","hexamod:InspiringFlames"],"picked":"hexamod:FlamesFromBeyond","floor":14},{"not_picked":["hexamod:DynamicBlow","hexamod:NightmareStrike"],"picked":"hexamod:GhostOfSpireFuture","floor":15},{"not_picked":["hexamod:FifthSeal","hexamod:TurnItUp"],"picked":"hexamod:WildfireWeapon","floor":16},{"not_picked":["hexamod:Hexaguard","hexamod:ShieldOfDarkness"],"picked":"hexamod:PowerFromBeyond","floor":19},{"not_picked":["hexamod:SpectersWail","hexamod:FastForward+1"],"picked":"hexamod:StepThrough","floor":22},{"not_picked":["hexamod:SwordOfDarkness","hexamod:BacktrackSmack","hexamod:NightmareStrike"],"picked":"SKIP","floor":25},{"not_picked":["hexamod:BurningTouch","hexamod:Rewind"],"picked":"hexamod:RainOfEmbers+1","floor":26},{"not_picked":["hexamod:NightmareStrike","hexamod:Firestarter"],"picked":"hexamod:PowerFromBeyond+1","floor":28},{"not_picked":["hexamod:SpectersWail+1","hexamod:ShieldOfDarkness"],"picked":"hexamod:PhantomCloak+1","floor":29},{"not_picked":["hexamod:BacktrackSmack","hexamod:SecondSeal"],"picked":"hexamod:DynamicBlow","floor":32}],"player_experience":247009,"relics_obtained":[{"floor":7,"key":"hexamod:MatchstickCase"},{"floor":12,"key":"Du-Vu Doll"},{"floor":14,"key":"Odd Mushroom"},{"floor":20,"key":"Enchiridion"},{"floor":24,"key":"reliquary:WeakTea"}],"event_choices":[{"damage_healed":0,"gold_gain":0,"player_choice":"Success","damage_taken":7,"relics_obtained":["Strawberry"],"max_hp_gain":0,"max_hp_loss":0,"event_name":"Scrap Ooze","floor":4,"gold_loss":0},{"damage_healed":0,"gold_gain":0,"player_choice":"Fought Mushrooms","damage_taken":0,"max_hp_gain":0,"max_hp_loss":0,"event_name":"Mushrooms","floor":14,"gold_loss":0},{"damage_healed":0,"gold_gain":0,"player_choice":"Rummage","damage_taken":0,"relics_obtained":["WarpedTongs"],"max_hp_gain":0,"max_hp_loss":0,"event_name":"Accursed Blacksmith","floor":21,"gold_loss":0,"cards_obtained":["Pain"]},{"damage_healed":0,"gold_gain":0,"player_choice":"Stole Relic","damage_taken":0,"relics_obtained":["StrikeDummy"],"max_hp_gain":0,"max_hp_loss":0,"event_name":"Addict","floor":31,"gold_loss":0,"cards_obtained":["Pride"]}],"is_beta":false,"boss_relics":[{"not_picked":["reliquary:Craggleroot","Velvet Choker"],"picked":"Black Star"}],"items_purged_floors":[],"is_endless":false,"potions_floor_spawned":[5,9,13,14,15,16,26,29,32],"killed_by":"SI_MIRROR_ARCHETYPE","ascension_level":0}}