{"host":"1ekl8hlbnopmdapi","time":1612385509,"event":{"mods":["AchievementEnabler","BaseMod","Colored Map","Colored Powertips","DeckTracker","Downfall","Googly Eyes","Highlight Path","Minty Spire (QoL Compilation)","Relic Sorter","StSLib","Synergy Search"],"gold_per_floor":[99,110,129,229,247,266,266,296,306,306,324,78,78,27,44,44,44,44],"floor_reached":16,"language":"ENG","playtime":758,"items_purged":[],"score":104,"play_id":"4198905a-e507-41e0-86b0-89ae1ebc9a34","local_time":"20210203155149","is_ascension_mode":false,"campfire_choices":[{"data":"bronze:Replicate","floor":1,"key":"SMITH"},{"floor":10,"key":"REST"},{"floor":13,"key":"REST"}],"circlet_count":0,"master_deck":["bronze:Strike","bronze:Strike","bronze:Strike","bronze:Strike","bronze:Defend","bronze:Defend","bronze:Defend","bronze:Defend","bronze:Replicate+1","bronze:Goto","bronze:FineTuning","bronze:Safeguard","bronze:Branch","bronze:WhirlingStrike","bronze:NullPointer","bronze:CutThrough","bronze:Overheat","bronze:Shell","bronze:ChosenStrike","bronze:ChosenStrike","bronze:BronzeOrb"],"relics":["bronze:BronzeCore","Dead Branch","PreservedInsect"],"acts_visited":["Exordium"],"potions_floor_usage":[],"damage_taken":[{"damage":1,"enemies":"Jaw Worm","floor":2,"turns":4},{"damage":0,"enemies":"Cultist","floor":3,"turns":4},{"damage":0,"enemies":"Small Slimes","floor":5,"turns":4},{"damage":6,"enemies":"Blue Slaver","floor":6,"turns":4},{"damage":38,"enemies":"Lagavulin","floor":8,"turns":8},{"damage":17,"enemies":"Gremlin Gang","floor":9,"turns":4},{"damage":0,"enemies":"2 Fungi Beasts","floor":11,"turns":3},{"damage":0,"enemies":"downfall:FleeingMerchant","floor":12,"turns":4},{"damage":0,"enemies":"downfall:FleeingMerchant","floor":14,"turns":4},{"damage":7,"enemies":"Exordium Thugs","floor":15,"turns":4},{"damage":37,"enemies":"SI_SHIV_ARCHETYPE","floor":16,"turns":11}],"seed_played":"-1475829572941683148","potions_obtained":[{"floor":5,"key":"CultistPotion"},{"floor":8,"key":"FairyPotion"},{"floor":9,"key":"Block Potion"}],"is_trial":false,"path_per_floor":["R","M","M","?","M","M","T","E","M","R","M","$","R","$","M","B"],"character_chosen":"THE_AUTOMATON","items_purchased":["PreservedInsect","bronze:ChosenStrike","bronze:ChosenStrike"],"campfire_rested":2,"item_purchase_floors":[12,12,14],"current_hp_per_floor":[77,76,76,76,76,70,70,32,15,38,38,38,61,61,54,17,17,17],"gold":44,"neow_bonus":"TEN_PERCENT_HP_BONUS","is_daily":false,"chose_seed":false,"campfire_upgraded":1,"win_rate":0.0,"timestamp":1612385509,"path_taken":["R","M","M","?","M","M","T","E","M","R","M","$","R","?","M","BOSS"],"items_purchased_type":["Relic","Card","Card"],"build_version":"2020-12-22","purchased_purges":0,"victory":false,"max_hp_per_floor":[77,77,77,77,77,77,77,77,77,77,77,77,77,77,77,77,77,77],"card_choices":[{"not_picked":["bronze:DelayedSlice","bronze:DelayedGuard"],"picked":"bronze:FineTuning","floor":2},{"not_picked":["bronze:Fortify","bronze:BugBarrage"],"picked":"bronze:Safeguard","floor":3},{"not_picked":["bronze:ItsAFeature","bronze:DelayedGuard"],"picked":"bronze:Branch","floor":5},{"not_picked":["bronze:BronzeArmor","bronze:FollowUp"],"picked":"bronze:WhirlingStrike","floor":6},{"not_picked":["bronze:Turbo","bronze:Deprecate"],"picked":"bronze:NullPointer","floor":8},{"not_picked":["bronze:Repulsor","bronze:BitShift"],"picked":"bronze:CutThrough","floor":9},{"not_picked":["bronze:FineTuning","bronze:Branch"],"picked":"bronze:Overheat","floor":11},{"not_picked":["bronze:Repair","bronze:CutThrough"],"picked":"bronze:Shell","floor":12},{"not_picked":["bronze:Shield","bronze:BronzeArmor","bronze:ItsAFeature"],"picked":"SKIP","floor":14},{"not_picked":["bronze:Deprecate","bronze:Overload"],"picked":"bronze:BronzeOrb","floor":15}],"player_experience":525642,"relics_obtained":[{"floor":8,"key":"Dead Branch"}],"event_choices":[],"is_beta":false,"boss_relics":[],"items_purged_floors":[],"is_endless":false,"potions_floor_spawned":[5,8,9,15],"killed_by":"SI_SHIV_ARCHETYPE","ascension_level":0}}