{"host":"qmnyg5dk1o6rw6mz","time":1612339383,"event":{"mods":["2.2 Compatiblity","AchievementEnabler","Act Like it!","Aspiration","Astrologer","BaseMod","Beaked The Cultist","Better Altar","Better Match","Better Note","Better Sensory Stone","Better Skull","Better Third Choice","Better Vampires","Block Reminder","CapriCore","Challenge The Spire","ChefMod","Colored Map","Colored Powertips","Conspire","Defuse TimeMaze Blight","Disable Question Mark Monsters","Displayed Cursed Tome","Downfall","Energized Spire","Gensokyo","GifTheSpireLib","Hermit","Highlight Path","Hubris","Infinite Spire","Jedi Mod","Marisa¡]Ãú«B¡@Å]²z¨F¡^","Marked Mod","Minty Spire (QoL Compilation)","Monster B Gone","Pale of the Ancients","Permanent Neow","Quick Restart","Reimu¡]³Õ???¡^","Relic Filter","Reliquary","Replay The Spire","StSLib","Synergy Search","The Construct","The Cursed","The Dragon Tamer","The Gatherer","The Hayseed","The Poker Player","The Runesmith","The Showman","Unceasing Turn Reminder","Wide Potions","thorton"],"gold_per_floor":[111,111,128,403,413,431,431,131,333,360,15,49,61,89,89,192,192,202,202,213,223,16,16,16],"floor_reached":23,"language":"ENG","playtime":1152,"items_purged":["Regret","Looming Evil"],"score":232,"play_id":"6a7676e4-ed67-4e73-98c2-d57471e0a219","local_time":"20210203160303","is_ascension_mode":true,"campfire_choices":[{"data":"Crystallizer","floor":7,"key":"SMITH"},{"data":"Defragment","floor":15,"key":"SMITH"}],"circlet_count":0,"master_deck":["Strike_B","Strike_B","Strike_B","Strike_B","Defend_B","Defend_B","Defend_B","Defend_B","Zap","Dualcast","Multi-Cast","Glacier","Crystallizer+1","Loop","Self Repair","Self Repair+1","Defragment+1","White Noise","Ball Lightning","Mirror Shield","AbeCurse","White Noise","Loop+1","Defragment","ReplayTheSpireMod:IOU","Blizzard","Storm"],"relics":["m_GuardianBlood","infinitespire:Cubic Diamond","ReplayTheSpireMod:CursedCoin","hubris:MysteriousPyramids","Replay:Wax Seal","Geode","Mirror","aspiration:StickyExplosives","Abe\u0027s Treasure","Nloth\u0027s Gift","jedi:laserpointer"],"acts_visited":["Exordium","TheCity"],"potions_floor_usage":[10,13,14,18,20],"damage_taken":[{"damage":0,"enemies":"conspire:RoseBush","floor":1,"turns":4},{"damage":14,"enemies":"Jaw Worm","floor":3,"turns":5},{"damage":5,"enemies":"Cultist","floor":5,"turns":5},{"damage":16,"enemies":"Blue Slaver","floor":6,"turns":5},{"damage":7,"enemies":"Replay:BlueRogue","floor":10,"turns":10},{"damage":23,"enemies":"Lagavulin","floor":12,"turns":12},{"damage":22,"enemies":"Lots of Slimes","floor":13,"turns":8},{"damage":32,"enemies":"Gremlin Nob","floor":14,"turns":4},{"damage":30,"enemies":"Hexaghost","floor":16,"turns":9},{"damage":46,"enemies":"3 Byrds","floor":18,"turns":5},{"damage":7,"enemies":"Chosen","floor":20,"turns":5},{"damage":30,"enemies":"conspire:HollyBat","floor":21,"turns":6},{"damage":69,"enemies":"Slavers","floor":23,"turns":3}],"seed_played":"-6517208319231578329","potions_obtained":[{"floor":5,"key":"SkillPotion"},{"floor":12,"key":"Adrenaline Potion"},{"floor":13,"key":"Adrenaline Potion"},{"floor":16,"key":"Languid Potion"},{"floor":18,"key":"Swift Potion"}],"is_trial":false,"path_per_floor":["M","?","M","?","M","M","R","$","T","E","$","E","M","E","R","B",null,"M","?","M","M","$","E"],"character_chosen":"DEFECT","items_purchased":["reliquary:Bookmark","Loop","Replay:Wax Seal","Geode","Self Repair+1","jedi:laserpointer","Blizzard","Storm"],"campfire_rested":0,"item_purchase_floors":[8,8,11,11,11,22,22,22],"current_hp_per_floor":[75,75,67,67,68,58,58,58,58,57,57,57,58,49,49,42,75,52,52,68,61,61,0,0],"gold":16,"neow_bonus":"ONE_RANDOM_RARE_CARD","is_daily":false,"chose_seed":false,"campfire_upgraded":2,"win_rate":0.0,"timestamp":1612339383,"path_taken":["M","?","M","?","M","?","R","$","T","E","$","E","M","E","R","BOSS","M","?","M","?","$","E"],"items_purchased_type":["Relic","Card","Relic","Relic","Card","Relic","Card","Card"],"build_version":"2020-12-22","purchased_purges":2,"victory":false,"max_hp_per_floor":[75,75,75,75,75,75,75,75,75,75,75,75,75,75,75,75,75,75,75,75,75,75,75,75],"card_choices":[{"not_picked":["Coolheaded","jedi:blockon","Leap"],"picked":"SKIP","floor":1},{"not_picked":["Conserve Battery","hubris:Ukulele"],"picked":"Glacier","floor":3},{"not_picked":["Storm","Spot Weakness","Hologram"],"picked":"SKIP","floor":5},{"not_picked":["Ball Lightning","Body Slam"],"picked":"Crystallizer","floor":6},{"not_picked":["Double Tap","Seek","Self Repair"],"picked":"SKIP","floor":10},{"not_picked":["Double Tap","Seek"],"picked":"Self Repair","floor":10},{"not_picked":["Guardian:Gem_Red","Body Slam"],"picked":"Defragment","floor":12},{"not_picked":["Guardian:WalkerClaw","Flex"],"picked":"White Noise","floor":13},{"not_picked":["ReplayTheSpireMod:Muscle Training","Go for the Eyes"],"picked":"Ball Lightning","floor":14},{"not_picked":["Guardian:WeakpointTargeting","Echo Form"],"picked":"Mirror Shield","floor":16},{"not_picked":["Compile Driver","jedi:blockon"],"picked":"White Noise","floor":18},{"not_picked":["Turbo","FIFO Queue"],"picked":"Loop+1","floor":20},{"not_picked":["jedi:BurstLightning","Hologram+1"],"picked":"Defragment","floor":21}],"player_experience":217969,"relics_obtained":[{"floor":9,"key":"ReplayTheSpireMod:CursedCoin"},{"floor":10,"key":"hubris:MysteriousPyramids"},{"floor":12,"key":"Mirror"},{"floor":14,"key":"aspiration:StickyExplosives"}],"event_choices":[{"damage_healed":0,"gold_gain":275,"player_choice":"Desecrate","damage_taken":0,"max_hp_gain":0,"max_hp_loss":0,"event_name":"Golden Shrine","floor":4,"gold_loss":0,"cards_obtained":["Regret"]},{"damage_healed":0,"gold_gain":0,"player_choice":"Traded Relic","damage_taken":0,"relics_obtained":["Nloth\u0027s Gift"],"max_hp_gain":0,"max_hp_loss":0,"event_name":"N\u0027loth","floor":19,"relics_lost":["reliquary:Bookmark"],"gold_loss":0}],"is_beta":false,"boss_relics":[{"not_picked":["jedi:paperlyon","aspiration:RunicSpoon"],"picked":"Abe\u0027s Treasure"}],"items_purged_floors":[8,11],"is_endless":false,"potions_floor_spawned":[5,12,13,16,18],"killed_by":"Slavers","ascension_level":2}}