{"host":"28p8ce41sjwa6lzf","time":1612335955,"event":{"mods":["AchievementEnabler","BaseMod","Bestiary","Colored Map","Colored Powertips","Dark Map","Highlight Path","Minty Spire (QoL Compilation)","Permanent Neow","Quick Restart","Random Character Button","Rare Cards Sparkle","Relic Stats","StSLib"],"gold_per_floor":[16,36,46,56,56,56,100,100,151,164,184,209,233,233,233,233,233],"floor_reached":16,"language":"ENG","playtime":1298,"items_purged":[],"score":212,"play_id":"42b92ee0-0982-46a7-8722-b4ed263d75d2","local_time":"20210203010555","is_ascension_mode":true,"campfire_choices":[{"data":"Inflame","floor":6.0,"key":"SMITH"},{"floor":8.0,"key":"REST"},{"floor":15,"key":"REST"}],"circlet_count":0,"master_deck":["AscendersBane","Strike_R","Strike_R","Strike_R","Defend_R","Defend_R","Defend_R","Bash","Shrug It Off","Flex","Cleave","Inflame+1","Spot Weakness","Sentinel"],"relics":["Burning Blood","Golden Idol","Singing Bowl"],"acts_visited":["Exordium"],"potions_floor_usage":[],"damage_taken":[{"damage":4.0,"enemies":"Small Slimes","floor":1.0,"turns":5.0},{"damage":12.0,"enemies":"Jaw Worm","floor":2.0,"turns":6.0},{"damage":2.0,"enemies":"2 Louse","floor":3.0,"turns":4.0},{"damage":6.0,"enemies":"Blue Slaver","floor":4.0,"turns":6.0},{"damage":34.0,"enemies":"3 Sentries","floor":7.0,"turns":9.0},{"damage":7.0,"enemies":"3 Louse","floor":10.0,"turns":3.0},{"damage":13.0,"enemies":"Looter","floor":11.0,"turns":4.0},{"damage":14.0,"enemies":"Exordium Wildlife","floor":12.0,"turns":3.0},{"damage":4.0,"enemies":"Exordium Thugs","floor":13.0,"turns":4.0},{"damage":60,"enemies":"Slime Boss","floor":16,"turns":7}],"seed_played":"3872218060763381195","potions_obtained":[{"floor":7.0,"key":"FearPotion"},{"floor":10.0,"key":"Swift Potion"}],"is_trial":false,"path_per_floor":["M","M","M","M","?","R","E","R","T","M","M","M","M","?","R","B"],"character_chosen":"IRONCLAD","items_purchased":[],"campfire_rested":2,"item_purchase_floors":[],"current_hp_per_floor":[70,64,68,68,42,42,14,36,36,37,32,26,30,30,54,0,0],"gold":233,"neow_bonus":"TRANSFORM_TWO_CARDS","is_daily":false,"chose_seed":false,"campfire_upgraded":1,"win_rate":0.0,"timestamp":1612335955,"path_taken":["M","M","M","M","?","R","E","R","T","M","M","M","M","?","R","BOSS"],"items_purchased_type":[],"build_version":"2020-12-22","purchased_purges":0,"victory":false,"max_hp_per_floor":[75,75,75,75,75,75,75,75,75,77,79,81,83,83,83,83,83],"relic_stats":{"Singing Bowl":8,"counters":[10,51],"Golden Idol":26,"obtain_stats":[{"Singing Bowl":7,"Golden Idol":5,"Burning Blood":0},{"Singing Bowl":5,"Golden Idol":4,"Burning Blood":0},{"Singing Bowl":30,"Golden Idol":21,"Burning Blood":0}],"Burning Blood":54},"card_choices":[{"not_picked":["Perfected Strike","Wild Strike","Intimidate"],"picked":"SKIP","floor":1.0},{"not_picked":["Reckless Charge","Entrench","Warcry"],"picked":"SKIP","floor":2.0},{"not_picked":["Infernal Blade","Flex"],"picked":"Cleave","floor":3.0},{"not_picked":["Heavy Blade","Power Through"],"picked":"Inflame","floor":4.0},{"not_picked":["Rupture","Wild Strike"],"picked":"Spot Weakness","floor":7.0},{"not_picked":["Flex","Spot Weakness","Dual Wield"],"picked":"Singing Bowl","floor":10.0},{"not_picked":["Havoc","Rage","Pommel Strike"],"picked":"Singing Bowl","floor":11.0},{"not_picked":["Dropkick","Searing Blow","Clash"],"picked":"Singing Bowl","floor":12.0},{"not_picked":["Brutality","Pommel Strike","Combust"],"picked":"Singing Bowl","floor":13.0}],"player_experience":998903,"relics_obtained":[{"floor":7.0,"key":"Singing Bowl"}],"event_choices":[{"damage_healed":0.0,"max_hp_gain":0.0,"max_hp_loss":0.0,"gold_gain":0.0,"event_name":"Golden Idol","player_choice":"Take Damage","floor":5.0,"gold_loss":0.0,"damage_taken":26.0,"relics_obtained":["Golden Idol"]},{"damage_healed":0,"gold_gain":0,"cards_transformed":["Strike_R"],"player_choice":"Change","damage_taken":0,"max_hp_gain":0,"max_hp_loss":0,"event_name":"Living Wall","floor":14,"gold_loss":0,"cards_obtained":["Sentinel"]}],"is_beta":false,"boss_relics":[],"items_purged_floors":[],"is_endless":false,"potions_floor_spawned":[7,10,11,12],"killed_by":"Slime Boss","ascension_level":20}}