{"host":"jx3f6ezc0g3s9edc","time":1612312668,"event":{"mods":["AchievementEnabler","BaseMod","Bestiary","Colored Map","Highlight Path","Minty Spire (QoL Compilation)","StSLib"],"gold_per_floor":[116,134,134,144,73,98,109,109,109,109,129,129,160,184,184,255,255,265,51,51,63,63,63,90,105,128,146,146,157,157,188,188,266,266,286,302,178,38,58,58,77,106,106,120,132,146,146,160,160,160],"floor_reached":51,"language":"ENG","playtime":3307,"items_purged":["Strike_R","Strike_R"],"score":1215,"play_id":"068fb9fb-c199-42bd-b016-0aafef8a9e54","local_time":"20210202193748","is_ascension_mode":true,"campfire_choices":[{"data":"True Grit","floor":8.0,"key":"SMITH"},{"data":"Whirlwind","floor":10.0,"key":"SMITH"},{"data":"Uppercut","floor":12.0,"key":"SMITH"},{"data":"Spot Weakness","floor":15.0,"key":"SMITH"},{"data":"Bash","floor":23.0,"key":"SMITH"},{"data":"Shrug It Off","floor":28.0,"key":"SMITH"},{"data":"Corruption","floor":30.0,"key":"SMITH"},{"floor":32.0,"key":"REST"},{"data":"Barricade","floor":40.0,"key":"SMITH"},{"data":"Sword Boomerang","floor":47,"key":"SMITH"},{"floor":49,"key":"REST"}],"circlet_count":0,"master_deck":["AscendersBane","Strike_R","Strike_R","Defend_R","Defend_R","Defend_R","Defend_R","Bash+1","Cleave+1","Whirlwind+1","Shrug It Off+1","Spot Weakness+1","True Grit+1","Uppercut+1","Sword Boomerang+1","Limit Break+1","Corruption+1","Shrug It Off+1","Limit Break+1","Pummel","Sentinel+1","Headbutt+1","Ghostly Armor+1","Heavy Blade+1","Offering+1","Barricade+1","Battle Trance+1","Shrug It Off+1","Battle Trance+1","Whirlwind+1","Battle Trance+1","Disarm+1"],"relics":["Burning Blood","Meat on the Bone","Toxic Egg 2","Sundial","Akabeko","Sozu","Molten Egg 2","Smiling Mask","Eternal Feather","Velvet Choker","Strawberry","Lantern","The Courier"],"acts_visited":["Exordium","TheCity","TheBeyond"],"potions_floor_usage":[],"damage_taken":[{"damage":16.0,"enemies":"2 Louse","floor":1.0,"turns":3.0},{"damage":6.0,"enemies":"Cultist","floor":2.0,"turns":3.0},{"damage":0.0,"enemies":"Small Slimes","floor":4.0,"turns":2.0},{"damage":17.0,"enemies":"3 Sentries","floor":6.0,"turns":4.0},{"damage":12.0,"enemies":"2 Fungi Beasts","floor":7.0,"turns":2.0},{"damage":7.0,"enemies":"Red Slaver","floor":11.0,"turns":3.0},{"damage":33.0,"enemies":"Lagavulin","floor":13.0,"turns":7.0},{"damage":20.0,"enemies":"Hexaghost","floor":16.0,"turns":9.0},{"damage":0.0,"enemies":"3 Byrds","floor":18.0,"turns":3.0},{"damage":9.0,"enemies":"Shell Parasite","floor":21.0,"turns":3.0},{"damage":27.0,"enemies":"Gremlin Leader","floor":24.0,"turns":7.0},{"damage":16.0,"enemies":"Shelled Parasite and Fungi","floor":25.0,"turns":3.0},{"damage":12.0,"enemies":"Snecko","floor":27.0,"turns":6.0},{"damage":11.0,"enemies":"Centurion and Healer","floor":29.0,"turns":3.0},{"damage":40.0,"enemies":"Book of Stabbing","floor":31.0,"turns":5.0},{"damage":13.0,"enemies":"Collector","floor":33.0,"turns":6.0},{"damage":6.0,"enemies":"Orb Walker","floor":35.0,"turns":2.0},{"damage":25.0,"enemies":"3 Darklings","floor":36.0,"turns":3.0},{"damage":0.0,"enemies":"4 Shapes","floor":39.0,"turns":1.0},{"damage":5.0,"enemies":"Sphere and 2 Shapes","floor":41.0,"turns":1.0},{"damage":14.0,"enemies":"Reptomancer","floor":42.0,"turns":5.0},{"damage":28.0,"enemies":"Spire Growth","floor":44.0,"turns":5.0},{"damage":22.0,"enemies":"Writhing Mass","floor":45.0,"turns":6.0},{"damage":13,"enemies":"Jaw Worm Horde","floor":46,"turns":4},{"damage":44,"enemies":"Sphere and 2 Shapes","floor":48,"turns":4},{"damage":84,"enemies":"Time Eater","floor":50,"turns":10}],"seed_played":"-1262109898688238761","potions_obtained":[{"floor":2.0,"key":"Weak Potion"},{"floor":7.0,"key":"Weak Potion"},{"floor":11.0,"key":"AttackPotion"},{"floor":16.0,"key":"Dexterity Potion"}],"is_trial":false,"path_per_floor":["M","M","?","M","$","E","M","R","T","R","M","R","E","T","R","B",null,"M","$","?","M","?","R","E","M","T","M","R","M","R","E","R","B",null,"M","M","$","?","M","R","M","E","T","M","M","M","R","M","R","B",null],"character_chosen":"IRONCLAD","items_purchased":["Spot Weakness","Limit Break+1","Pummel","Battle Trance+1"],"campfire_rested":2,"item_purchase_floors":[5,19,19,37],"current_hp_per_floor":[70,70,70,76,76,65,59,59,59,59,58,58,43,43,43,41,76,82,82,82,79,79,79,58,60,60,54,54,61,61,39,80,73,84,84,65,65,72,78,93,94,86,86,64,60,65,83,57,95,29],"gold":160,"neow_bonus":"TEN_PERCENT_HP_BONUS","is_daily":false,"chose_seed":false,"campfire_upgraded":9,"win_rate":0.0,"timestamp":1612312668,"path_taken":["M","M","?","M","?","E","M","R","T","R","?","R","E","?","R","BOSS","M","$","?","?","?","R","E","?","T","M","R","M","R","E","R","BOSS","M","M","$","?","M","R","M","E","T","M","M","M","R","M","R","BOSS"],"items_purchased_type":["Card","Card","Card","Card"],"build_version":"2020-12-22","purchased_purges":2,"victory":true,"max_hp_per_floor":[88,88,88,88,88,88,88,88,88,88,88,88,88,88,88,88,88,88,88,88,88,88,88,88,88,88,88,88,88,88,88,88,88,88,88,88,88,95,95,95,95,95,95,95,95,95,95,95,95,95],"card_choices":[{"not_picked":["Wild Strike","Second Wind"],"picked":"Cleave","floor":1.0},{"not_picked":["Pummel","Flex"],"picked":"Whirlwind","floor":2.0},{"not_picked":["Whirlwind","Power Through"],"picked":"Shrug It Off","floor":4.0},{"not_picked":["Headbutt","Whirlwind"],"picked":"True Grit","floor":6.0},{"not_picked":["Whirlwind","Power Through"],"picked":"Uppercut","floor":7.0},{"not_picked":["Armaments+1","Twin Strike"],"picked":"Sword Boomerang","floor":11.0},{"not_picked":["Wild Strike","Twin Strike"],"picked":"Limit Break+1","floor":13.0},{"not_picked":["Bludgeon","Juggernaut"],"picked":"Corruption","floor":16.0},{"not_picked":["Armaments+1","Havoc+1"],"picked":"Shrug It Off+1","floor":18.0},{"not_picked":["Flex+1","Burning Pact+1"],"picked":"Sentinel+1","floor":21.0},{"not_picked":["Dual Wield+1","Twin Strike+1"],"picked":"Headbutt+1","floor":24.0},{"not_picked":["Anger+1","Clothesline+1"],"picked":"Ghostly Armor+1","floor":25.0},{"not_picked":["Hemokinesis+1","Clothesline+1"],"picked":"Heavy Blade+1","floor":27.0},{"not_picked":["Warcry+1","Sentinel+1","Body Slam+1"],"picked":"SKIP","floor":29.0},{"not_picked":["Evolve","Sentinel+1"],"picked":"Offering+1","floor":31.0},{"not_picked":["Juggernaut","Bludgeon+1"],"picked":"Barricade","floor":33.0},{"not_picked":["Body Slam+1","Flex+1","Anger+1"],"picked":"SKIP","floor":35.0},{"not_picked":["Pommel Strike+1","Reckless Charge+1","Thunderclap+1"],"picked":"SKIP","floor":36.0},{"not_picked":["Cleave+1","Sword Boomerang+1"],"picked":"Shrug It Off+1","floor":39.0},{"not_picked":["Pommel Strike+1","Body Slam+1"],"picked":"Battle Trance+1","floor":41.0},{"not_picked":["Hemokinesis+1","Cleave+1"],"picked":"Whirlwind+1","floor":42.0},{"not_picked":["Cleave+1","Flex+1"],"picked":"Battle Trance+1","floor":44.0},{"not_picked":["Feed+1","Clash+1"],"picked":"Disarm+1","floor":45.0},{"not_picked":["Fire Breathing","Cleave+1","Clothesline+1"],"picked":"SKIP","floor":46},{"not_picked":["Uppercut+1","Second Wind+1","Body Slam+1"],"picked":"SKIP","floor":48}],"player_experience":808466,"relics_obtained":[{"floor":6.0,"key":"Meat on the Bone"},{"floor":9.0,"key":"Toxic Egg 2"},{"floor":13.0,"key":"Sundial"},{"floor":14.0,"key":"Akabeko"},{"floor":24.0,"key":"Molten Egg 2"},{"floor":26.0,"key":"Smiling Mask"},{"floor":31.0,"key":"Eternal Feather"},{"floor":42.0,"key":"Lantern"},{"floor":43.0,"key":"The Courier"}],"event_choices":[{"cards_removed":["Strike_R"],"damage_healed":0.0,"max_hp_gain":0.0,"max_hp_loss":0.0,"gold_gain":0.0,"event_name":"Bonfire Elementals","player_choice":"Offered Basic","floor":3.0,"gold_loss":0.0,"damage_taken":0.0},{"damage_healed":0.0,"max_hp_gain":0.0,"max_hp_loss":0.0,"gold_gain":0.0,"event_name":"Lab","player_choice":"Got Potions","floor":20.0,"gold_loss":0.0,"damage_taken":0.0},{"damage_healed":0.0,"max_hp_gain":0.0,"max_hp_loss":0.0,"gold_gain":0.0,"event_name":"Accursed Blacksmith","player_choice":"Forge","floor":22.0,"gold_loss":0.0,"damage_taken":0.0,"cards_upgraded":["Cleave"]},{"damage_healed":0.0,"max_hp_gain":0.0,"max_hp_loss":0.0,"gold_gain":0.0,"event_name":"WeMeetAgain","player_choice":"Paid Gold","floor":38.0,"gold_loss":140.0,"damage_taken":0.0,"relics_obtained":["Strawberry"]}],"is_beta":false,"boss_relics":[{"not_picked":["Ectoplasm","SacredBark"],"picked":"Sozu"},{"not_picked":["Fusion Hammer","Snecko Eye"],"picked":"Velvet Choker"}],"items_purged_floors":[19,37],"is_endless":false,"potions_floor_spawned":[2,7,11,16,18,21,29,39,45,46,48],"ascension_level":13}}