{"host":"9ndbo4kgsfoemf7y","time":1612360206,"event":{"mods":["AchievementEnabler","BaseMod","Colored Map","DeckTracker","Keyboard Shortcuts","Minty Spire (QoL Compilation)","Permanent Neow","Quick Restart","Relic Stats","StSLib","SuperFastMode"],"gold_per_floor":[161,179,194,209,229,229,229],"floor_reached":6,"language":"KOR","playtime":763,"items_purged":[],"score":58,"play_id":"62f9dfef-7eca-41f6-9493-fd8c4bbf741a","local_time":"20210203225006","is_ascension_mode":true,"campfire_choices":[],"circlet_count":0,"master_deck":["Strike_B","Strike_B","Strike_B","Strike_B","Defend_B","Defend_B+1","Defend_B","Defend_B","Zap","Dualcast","Genetic Algorithm","Capacitor","Doom and Gloom","Sweeping Beam","Chaos","Coolheaded"],"relics":["Tiny House"],"acts_visited":["Exordium"],"potions_floor_usage":[5],"damage_taken":[{"damage":3.0,"enemies":"Cultist","floor":1.0,"turns":4.0},{"damage":22.0,"enemies":"Small Slimes","floor":2.0,"turns":5.0},{"damage":0.0,"enemies":"Jaw Worm","floor":3.0,"turns":5.0},{"damage":11.0,"enemies":"Looter","floor":4.0,"turns":4.0},{"damage":10,"enemies":"Exordium Thugs","floor":5,"turns":4},{"damage":48,"enemies":"Gremlin Nob","floor":6,"turns":4}],"seed_played":"-6559795096045549965","potions_obtained":[{"floor":0.0,"key":"CultistPotion"},{"floor":3.0,"key":"Dexterity Potion"},{"floor":4.0,"key":"Strength Potion"},{"floor":5,"key":"BlessingOfTheForge"}],"is_trial":false,"path_per_floor":["M","M","M","M","M","E"],"character_chosen":"DEFECT","items_purchased":[],"campfire_rested":0,"item_purchase_floors":[],"current_hp_per_floor":[70,48,48,37,27,0,0],"gold":229,"neow_bonus":"BOSS_RELIC","is_daily":false,"chose_seed":false,"campfire_upgraded":0,"win_rate":0.0,"timestamp":1612360206,"path_taken":["M","M","?","M","M","E"],"items_purchased_type":[],"build_version":"2020-12-22","purchased_purges":0,"victory":false,"max_hp_per_floor":[80,80,80,80,80,80,80],"relic_stats":{"counters":[6,26],"obtain_stats":[{"Tiny House":0,"Cracked Core":0},{"Tiny House":0,"Cracked Core":0},{"Tiny House":0,"Cracked Core":0}]},"card_choices":[{"not_picked":["Rebound","Leap"],"picked":"Genetic Algorithm","floor":0.0},{"not_picked":["Streamline","Stack"],"picked":"Capacitor","floor":1.0},{"not_picked":["Redo","Compile Driver"],"picked":"Doom and Gloom","floor":2.0},{"not_picked":["Leap","Lockon"],"picked":"Sweeping Beam","floor":3.0},{"not_picked":["Redo","Lockon"],"picked":"Chaos","floor":4.0},{"not_picked":["Heatsinks","Sweeping Beam"],"picked":"Coolheaded","floor":5}],"player_experience":855557,"relics_obtained":[],"event_choices":[],"is_beta":false,"boss_relics":[],"items_purged_floors":[],"is_endless":false,"potions_floor_spawned":[3,4,5],"killed_by":"Gremlin Nob","ascension_level":9}}