{"host":"nsc6ozq3atyrdr3m","time":1612388811,"event":{"mods":["BaseMod","Colored Map","Minty Spire (QoL Compilation)"],"gold_per_floor":[118,135,52,52,52,52,85,85,108,121,134,134,151,76,76,76,76],"floor_reached":16,"language":"FRA","playtime":179,"items_purged":["Regret"],"score":250,"play_id":"bb5e3e0d-19fa-41fd-a66b-dff48ead64c5","local_time":"20210203224651","is_ascension_mode":true,"campfire_choices":[{"data":"Whirlwind","floor":6,"key":"SMITH"},{"data":"Flex","floor":8,"key":"SMITH"},{"data":"Bash","floor":15,"key":"SMITH"}],"circlet_count":0,"master_deck":["AscendersBane","Strike_R","Strike_R","Strike_R","Strike_R","Strike_R","Defend_R","Defend_R","Defend_R","Defend_R","Bash+1","Whirlwind+1","Flex+1","Bloodletting","Sword Boomerang"],"relics":["Burning Blood","NeowsBlessing","Bag of Preparation","Dream Catcher","Bronze Scales","Eternal Feather"],"acts_visited":["Exordium"],"potions_floor_usage":[16],"damage_taken":[{"damage":0,"enemies":"2 Louse","floor":1,"turns":1},{"damage":0,"enemies":"Jaw Worm","floor":2,"turns":1},{"damage":0,"enemies":"Gremlin Nob","floor":7,"turns":1},{"damage":0,"enemies":"Cultist","floor":10,"turns":2},{"damage":0,"enemies":"Exordium Wildlife","floor":11,"turns":1},{"damage":0,"enemies":"Lots of Slimes","floor":13,"turns":1},{"damage":77,"enemies":"Hexaghost","floor":16,"turns":9}],"seed_played":"-7001199753463787937","potions_obtained":[{"floor":2,"key":"SpeedPotion"},{"floor":11,"key":"Dexterity Potion"},{"floor":13,"key":"SkillPotion"}],"is_trial":false,"path_per_floor":["M","M","$","?","$","R","E","R","T","M","M","?","M","$","R","B"],"character_chosen":"IRONCLAD","items_purchased":["Whirlwind"],"campfire_rested":0,"item_purchase_floors":[3],"current_hp_per_floor":[74,75,75,64,64,64,70,70,70,75,75,75,75,75,75,0,0],"gold":76,"neow_bonus":"THREE_ENEMY_KILL","is_daily":false,"chose_seed":false,"campfire_upgraded":3,"win_rate":0.0,"timestamp":1612388811,"path_taken":["M","M","$","?","$","R","E","R","T","M","M","?","M","?","R","BOSS"],"items_purchased_type":["Card"],"build_version":"2020-12-22","purchased_purges":1,"victory":false,"max_hp_per_floor":[75,75,75,75,75,75,75,75,75,75,75,75,75,75,75,75,75],"card_choices":[{"not_picked":["True Grit","Anger","Power Through"],"picked":"SKIP","floor":1},{"not_picked":["Ghostly Armor","Havoc","Shrug It Off"],"picked":"SKIP","floor":2},{"not_picked":["Pommel Strike","Demon Form"],"picked":"Flex","floor":7},{"not_picked":["Pommel Strike","True Grit","Body Slam"],"picked":"SKIP","floor":10},{"not_picked":["Havoc","Fire Breathing"],"picked":"Bloodletting","floor":11},{"not_picked":["Wild Strike","Warcry"],"picked":"Sword Boomerang","floor":13}],"player_experience":375811,"relics_obtained":[{"floor":7,"key":"Dream Catcher"},{"floor":9,"key":"Bronze Scales"}],"event_choices":[{"damage_healed":0,"gold_gain":0,"player_choice":"Success","damage_taken":11,"relics_obtained":["Bag of Preparation"],"max_hp_gain":0,"max_hp_loss":0,"event_name":"Scrap Ooze","floor":4,"gold_loss":0},{"damage_healed":0,"gold_gain":0,"player_choice":"Box","damage_taken":0,"relics_obtained":["Eternal Feather"],"max_hp_gain":0,"max_hp_loss":0,"event_name":"Big Fish","floor":12,"gold_loss":0,"cards_obtained":["Regret"]}],"is_beta":false,"boss_relics":[],"items_purged_floors":[14],"is_endless":false,"potions_floor_spawned":[2,11,13],"killed_by":"Hexaghost","ascension_level":20}}