{"host":"th1rgt4ohg3ajuw6","time":1612316778,"event":{"mods":["Act Like it!","BaseMod","Downfall","GifTheSpireLib","Minty Spire (QoL Compilation)","Pale of the Ancients","Robot Space Explorer","Shop Mod","StSLib","Stuff the Spire"],"gold_per_floor":[115,115,127,147,29,29,45,45,45,59,73,89,100,275,275,376,376,386,36,30,30,41,41,51,51,51,83,8,20,20,37,37,136,136,146,27,27,44,94,94,114,114,139,159,170,170,170,198,198,198,198,198,198],"floor_reached":52,"language":"ENG","playtime":6407,"items_purged":[],"score":713,"play_id":"8b6832f7-aa2d-4e5a-ac6e-3f9a55b274ec","local_time":"20210202174618","is_ascension_mode":false,"campfire_choices":[{"data":"RobotSpaceExplorer:ShovelStrike","floor":6,"key":"SMITH"},{"data":"RobotSpaceExplorer:MiniLasers","floor":8,"key":"SMITH"},{"data":"RobotSpaceExplorer:DoubleFind","floor":15,"key":"SMITH"},{"floor":23,"key":"REST"},{"floor":30,"key":"REST"},{"floor":32,"key":"REST"},{"floor":40,"key":"REST"},{"floor":42,"key":"REST"},{"floor":47,"key":"REST"},{"floor":49,"key":"REST"}],"circlet_count":0,"master_deck":["RobotSpaceExplorer:Defend","RobotSpaceExplorer:Defend","RobotSpaceExplorer:Defend","RobotSpaceExplorer:Defend","RobotSpaceExplorer:MiniLasers+1","RobotSpaceExplorer:Electroshield","Sucker Punch","RobotSpaceExplorer:MetalStrike","RobotSpaceExplorer:GlueShot","RobotSpaceExplorer:FranticSearch","RobotSpaceExplorer:ShovelStrike+1","RobotSpaceExplorer:SurgingShield","RobotSpaceExplorer:DoubleFind+1","RobotSpaceExplorer:Pulsar","RobotSpaceExplorer:LuckyStrike","RobotSpaceExplorer:MiniBoosters","RobotSpaceExplorer:ScrapShield","Doubt","RobotSpaceExplorer:Multitool","RobotSpaceExplorer:ScrapToss+1","RobotSpaceExplorer:StunGrenade","RobotSpaceExplorer:DroneSwarm","RobotSpaceExplorer:Counterblock","Slimebound:Tackle+1","Slimebound:Tackle+1","Slimebound:Tackle+1","RobotSpaceExplorer:SurgingShield","RobotSpaceExplorer:StunGrenade","RobotSpaceExplorer:Fix","RobotSpaceExplorer:StunGrenade","RobotSpaceExplorer:BlastShield","RobotSpaceExplorer:ChargingLaser","RobotSpaceExplorer:MiniDrones+1","RobotSpaceExplorer:Jetpack","RobotSpaceExplorer:Pulsar","RobotSpaceExplorer:GlueShot+1","RobotSpaceExplorer:Smokescreen+1","RobotSpaceExplorer:MiniBoosters","Regret","RobotSpaceExplorer:ShockKick","RobotSpaceExplorer:SurgingShield","RobotSpaceExplorer:ShockMissile"],"relics":["RobotSpaceExplorer:RoboCore","NeowsBlessing","Kunai","Black Star","Oddly Smooth Stone","White Beast Statue","Juzu Bracelet","Ginger","Cursed Key","StuffTheSpire:GreaterSneckoEye","Du-Vu Doll","Potion Belt","Regal Pillow","Bronze Scales","paleoftheancients:Timepiece","paleoftheancients:KeyRelic","CultistMask"],"acts_visited":["Exordium","TheCity","TheBeyond","paleoftheancients:PaleOfTheAncients"],"potions_floor_usage":[16,18,27,33,33,33,38,45,48,48,50,50],"damage_taken":[{"damage":0,"enemies":"Jaw Worm","floor":1,"turns":1},{"damage":0,"enemies":"Cultist","floor":3,"turns":1},{"damage":0,"enemies":"2 Louse","floor":4,"turns":1},{"damage":0,"enemies":"2 Fungi Beasts","floor":7,"turns":3},{"damage":4,"enemies":"3 Louse","floor":10,"turns":3},{"damage":13,"enemies":"Exordium Wildlife","floor":11,"turns":4},{"damage":3,"enemies":"Exordium Thugs","floor":12,"turns":5},{"damage":1,"enemies":"2 Fungi Beasts","floor":13,"turns":3},{"damage":50,"enemies":"Slime Boss","floor":16,"turns":17},{"damage":15,"enemies":"Spheric Guardian","floor":18,"turns":7},{"damage":14,"enemies":"2 Thieves","floor":20,"turns":4},{"damage":5,"enemies":"Shelled Parasite and Fungi","floor":22,"turns":7},{"damage":5,"enemies":"Cultist and Chosen","floor":24,"turns":8},{"damage":13,"enemies":"Gremlin Leader","floor":27,"turns":10},{"damage":17,"enemies":"Centurion and Healer","floor":29,"turns":6},{"damage":5,"enemies":"Snecko","floor":31,"turns":6},{"damage":36,"enemies":"Collector","floor":33,"turns":11},{"damage":8,"enemies":"3 Shapes","floor":35,"turns":6},{"damage":35,"enemies":"3 Darklings","floor":38,"turns":6},{"damage":0,"enemies":"Mind Bloom Boss Battle","floor":39,"turns":9},{"damage":2,"enemies":"Maw","floor":41,"turns":9},{"damage":19,"enemies":"Transient","floor":44,"turns":5},{"damage":7,"enemies":"Jaw Worm Horde","floor":45,"turns":4},{"damage":21,"enemies":"Nemesis","floor":48,"turns":11},{"damage":77,"enemies":"Donu and Deca","floor":50,"turns":14},{"damage":86,"enemies":"Donu and Deca","floor":51,"turns":8},{"damage":82,"enemies":"Donu and Deca","floor":52,"turns":17}],"seed_played":"-7503368964140240340","potions_obtained":[{"floor":1,"key":"SkillPotion"},{"floor":3,"key":"FearPotion"},{"floor":4,"key":"Swift Potion"},{"floor":13,"key":"PowerPotion"},{"floor":24,"key":"DuplicationPotion"},{"floor":27,"key":"FearPotion"},{"floor":29,"key":"EssenceOfSteel"},{"floor":33,"key":"DistilledChaos"},{"floor":35,"key":"RobotSpaceExplorer:LiquidFusion"},{"floor":38,"key":"Block Potion"},{"floor":39,"key":"FearPotion"},{"floor":44,"key":"PowerPotion"},{"floor":45,"key":"Block Potion"},{"floor":48,"key":"Weak Potion"}],"is_trial":false,"path_per_floor":["M","?","M","M","$","R","M","R","T","M","M","M","M","?","R","B",null,"M","$","M","?","M","R","M","?","T","E","?","M","R","M","R","B",null,"M","$","?","M","?","R","M","R","T","M","M","?","R","E","R","B","M","M"],"character_chosen":"RobotSpaceExplorer","items_purchased":["RobotSpaceExplorer:FranticSearch","RobotSpaceExplorer:ShovelStrike","RobotSpaceExplorer:SurgingShield","Oddly Smooth Stone","RobotSpaceExplorer:StunGrenade","RobotSpaceExplorer:DroneSwarm","RobotSpaceExplorer:Jetpack","RobotSpaceExplorer:Pulsar"],"campfire_rested":7,"item_purchase_floors":[5,5,5,19,19,19,36,36],"current_hp_per_floor":[75,75,75,75,75,75,75,75,75,71,58,55,54,54,54,4,75,60,60,46,46,41,63,58,58,58,45,45,34,56,55,75,39,75,71,71,51,20,24,46,48,70,70,51,44,44,66,49,75,75,75,0,0],"gold":198,"neow_bonus":"THREE_ENEMY_KILL","is_daily":false,"chose_seed":false,"campfire_upgraded":3,"win_rate":0.0,"timestamp":1612316778,"path_taken":["M","?","?","M","?","R","?","R","T","M","M","M","M","?","R","BOSS","M","$","M","?","M","R","M","?","T","E","?","M","R","M","R","BOSS","M","$","?","M","?","R","M","R","T","M","M","?","R","E","R","BOSS","M","M"],"items_purchased_type":["Card","Card","Card","Relic","Card","Card","Card","Card"],"build_version":"2020-12-22","purchased_purges":0,"victory":false,"max_hp_per_floor":[75,75,75,75,75,75,75,75,75,75,75,75,75,75,75,75,75,75,75,75,75,75,75,75,75,75,75,75,75,75,75,75,75,75,75,75,75,75,75,75,75,75,75,75,75,75,75,75,75,75,75,75,75],"card_choices":[{"not_picked":["RobotSpaceExplorer:Ammunition","RobotSpaceExplorer:Probe"],"picked":"RobotSpaceExplorer:Electroshield","floor":1},{"not_picked":["RobotSpaceExplorer:StarDust","RobotSpaceExplorer:SelfCleaning"],"picked":"RobotSpaceExplorer:MetalStrike","floor":3},{"not_picked":["RobotSpaceExplorer:JunkDive","RobotSpaceExplorer:SelfCleaning"],"picked":"RobotSpaceExplorer:GlueShot","floor":4},{"not_picked":["RobotSpaceExplorer:Counterblock","RobotSpaceExplorer:DualCore"],"picked":"RobotSpaceExplorer:DoubleFind","floor":7},{"not_picked":["RobotSpaceExplorer:ShovelStrike","RobotSpaceExplorer:SwiftStep"],"picked":"RobotSpaceExplorer:Pulsar","floor":10},{"not_picked":["RobotSpaceExplorer:MetalStrike","RobotSpaceExplorer:SurgingStrike"],"picked":"RobotSpaceExplorer:LuckyStrike","floor":11},{"not_picked":["RobotSpaceExplorer:Jetpack","RobotSpaceExplorer:Blitz"],"picked":"RobotSpaceExplorer:MiniBoosters","floor":12},{"not_picked":["RobotSpaceExplorer:Exploration","RobotSpaceExplorer:ScrapToss"],"picked":"RobotSpaceExplorer:ScrapShield","floor":13},{"not_picked":["RobotSpaceExplorer:TrailblazerForm","RobotSpaceExplorer:DroneSwarm"],"picked":"RobotSpaceExplorer:Multitool","floor":16},{"not_picked":["RobotSpaceExplorer:Counterblock+1","RobotSpaceExplorer:ShockKick"],"picked":"RobotSpaceExplorer:ScrapToss+1","floor":18},{"not_picked":["RobotSpaceExplorer:MiniBoosters","RobotSpaceExplorer:MakeshiftVolley"],"picked":"RobotSpaceExplorer:Counterblock","floor":20},{"not_picked":["RobotSpaceExplorer:MetalStrike","RobotSpaceExplorer:ShovelStrike"],"picked":"RobotSpaceExplorer:SurgingShield","floor":22},{"not_picked":["RobotSpaceExplorer:ScrapMissile","RobotSpaceExplorer:SurgingShield"],"picked":"RobotSpaceExplorer:StunGrenade","floor":24},{"not_picked":["RobotSpaceExplorer:Counterblock","RobotSpaceExplorer:SelfCleaning"],"picked":"RobotSpaceExplorer:Fix","floor":27},{"not_picked":["RobotSpaceExplorer:SwiftStep","RobotSpaceExplorer:FranticSearch"],"picked":"RobotSpaceExplorer:StunGrenade","floor":29},{"not_picked":["RobotSpaceExplorer:ShockKick","RobotSpaceExplorer:FreezeRay"],"picked":"RobotSpaceExplorer:BlastShield","floor":31},{"not_picked":["RobotSpaceExplorer:Scanner","RobotSpaceExplorer:Exploration"],"picked":"RobotSpaceExplorer:ChargingLaser","floor":33},{"not_picked":["RobotSpaceExplorer:SurgingShield+1","RobotSpaceExplorer:DoubleFind+1"],"picked":"RobotSpaceExplorer:MiniDrones+1","floor":35},{"not_picked":["RobotSpaceExplorer:ScrapMissile","RobotSpaceExplorer:StunGrenade+1"],"picked":"RobotSpaceExplorer:GlueShot+1","floor":38},{"not_picked":["RobotSpaceExplorer:Calculate+1","RobotSpaceExplorer:Ammunition"],"picked":"RobotSpaceExplorer:Smokescreen+1","floor":39},{"not_picked":["RobotSpaceExplorer:SurgingStrike+1","RobotSpaceExplorer:GlueShot+1"],"picked":"RobotSpaceExplorer:MiniBoosters","floor":41},{"not_picked":["RobotSpaceExplorer:Ammunition","RobotSpaceExplorer:GlueShot"],"picked":"RobotSpaceExplorer:ShockKick","floor":44},{"not_picked":["RobotSpaceExplorer:FranticSearch","RobotSpaceExplorer:JunkDive"],"picked":"RobotSpaceExplorer:SurgingShield","floor":45},{"not_picked":["RobotSpaceExplorer:GlueShot","RobotSpaceExplorer:SwiftStep+1"],"picked":"RobotSpaceExplorer:ShockMissile","floor":48}],"player_experience":264170,"relics_obtained":[{"floor":9,"key":"Kunai"},{"floor":26,"key":"White Beast Statue"},{"floor":27,"key":"Juzu Bracelet"},{"floor":27,"key":"Ginger"},{"floor":37,"key":"StuffTheSpire:GreaterSneckoEye"},{"floor":39,"key":"Du-Vu Doll"},{"floor":43,"key":"Potion Belt"},{"floor":48,"key":"Regal Pillow"},{"floor":48,"key":"Bronze Scales"}],"event_choices":[{"cards_removed":["RobotSpaceExplorer:Scan"],"damage_healed":0,"gold_gain":0,"player_choice":"Took Card","damage_taken":0,"max_hp_gain":0,"max_hp_loss":0,"event_name":"NoteForYourself","floor":2,"gold_loss":0,"cards_obtained":["Sucker Punch"]},{"damage_healed":0,"gold_gain":175,"player_choice":"AGREE","damage_taken":0,"max_hp_gain":0,"max_hp_loss":0,"event_name":"Liars Game","floor":14,"gold_loss":0,"cards_obtained":["Doubt"]},{"damage_healed":0,"gold_gain":0,"player_choice":"Smashed Altar","damage_taken":0,"max_hp_gain":0,"max_hp_loss":0,"event_name":"Forgotten Altar","floor":25,"gold_loss":0,"cards_obtained":["Decay"]},{"cards_removed":["Decay"],"damage_healed":0,"gold_gain":0,"player_choice":"Gave Gold","damage_taken":0,"max_hp_gain":0,"max_hp_loss":0,"event_name":"Beggar","floor":28,"gold_loss":75},{"damage_healed":0,"gold_gain":0,"player_choice":"Fight","damage_taken":0,"max_hp_gain":0,"max_hp_loss":0,"event_name":"MindBloom","floor":39,"gold_loss":0},{"damage_healed":0,"gold_gain":0,"player_choice":"Ignored","damage_taken":0,"max_hp_gain":0,"max_hp_loss":0,"event_name":"Mysterious Sphere","floor":46,"gold_loss":0}],"is_beta":false,"boss_relics":[{"not_picked":["Runic Pyramid","StuffTheSpire:ModemDavis"],"picked":"Black Star"},{"not_picked":["StuffTheSpire:RunicHypercube","Runic Dome"],"picked":"Cursed Key"}],"items_purged_floors":[],"is_endless":false,"potions_floor_spawned":[1,3,4,13,24,27,29,31,33,35,38,39,41,44,45,48,51],"killed_by":"Donu and Deca","ascension_level":0}}