{"host":"fzjk61lpi4bwj033","time":1612320330,"event":{"mods":["Ascension Unlocker","BaseMod","Conspire","Hermit","Hubris","Infinite Spire","Jorbs\u0027s Wanderer Trilogy","Minty Spire (QoL Compilation)","Rare Cards Sparkle","Replay The Spire","StSLib","The Jungle"],"gold_per_floor":[117,117,14,31,50,50,77,77,100,100,100],"floor_reached":10,"language":"ENG","playtime":404,"items_purged":[],"score":132,"play_id":"0b809f00-b96b-4bad-aea0-191498f22bd8","local_time":"20210202204530","is_ascension_mode":true,"campfire_choices":[{"data":"hermit:Vantage","floor":6,"key":"SMITH"},{"floor":8,"key":"REST"}],"circlet_count":0,"master_deck":["AscendersBane","hermit:Strike_Hermit","hermit:Strike_Hermit","hermit:Strike_Hermit","hermit:Strike_Hermit","hermit:Defend_Hermit","hermit:Defend_Hermit","hermit:Defend_Hermit","hermit:Defend_Hermit","hermit:Snapshot","hermit:Covet","hermit:HoleUp","hermit:Vantage+1","hermit:Horror","hermit:Deadeye","hermit:SprayPray","hermit:LowProfile","hermit:Brawl"],"relics":["hermit:Momento","Pantograph"],"acts_visited":["Exordium"],"potions_floor_usage":[],"damage_taken":[{"damage":7,"enemies":"Cultist","floor":1,"turns":4},{"damage":7,"enemies":"Jaw Worm","floor":4,"turns":3},{"damage":0,"enemies":"2 Louse","floor":5,"turns":3},{"damage":34,"enemies":"Lagavulin","floor":7,"turns":8},{"damage":57,"enemies":"Gremlin Nob","floor":10,"turns":4}],"seed_played":"1854801425379036803","potions_obtained":[{"floor":7,"key":"BlessingOfTheForge"}],"is_trial":false,"path_per_floor":["M","?","$","M","M","R","E","R","T","E"],"character_chosen":"HERMIT","items_purchased":["hermit:Deadeye","hermit:SprayPray"],"campfire_rested":1,"item_purchase_floors":[3,3],"current_hp_per_floor":[64,64,64,57,57,57,23,46,46,0,0],"gold":100,"neow_bonus":"TEN_PERCENT_HP_BONUS","is_daily":false,"chose_seed":false,"campfire_upgraded":1,"win_rate":0.0,"timestamp":1612320330,"path_taken":["M","?","?","M","M","R","E","R","T","E"],"items_purchased_type":["Card","Card"],"build_version":"2020-12-22","purchased_purges":0,"victory":false,"max_hp_per_floor":[78,78,78,78,78,78,78,78,78,78,78],"card_choices":[{"not_picked":["hermit:Glare","hermit:BigShot"],"picked":"hermit:HoleUp","floor":1},{"not_picked":["hermit:Malice","hermit:CalledShot"],"picked":"hermit:LowProfile","floor":4},{"not_picked":["hermit:Ricochet","hermit:ItchyTrigger","hermit:GoldenBullet"],"picked":"SKIP","floor":5},{"not_picked":["hermit:NoHoldsBarred","hermit:FatalDesire"],"picked":"hermit:Brawl","floor":7}],"player_experience":774978,"relics_obtained":[{"floor":7,"key":"Pantograph"}],"event_choices":[{"damage_healed":0,"gold_gain":0,"player_choice":"2 cards matched","damage_taken":0,"max_hp_gain":0,"max_hp_loss":0,"event_name":"Match and Keep!","floor":2,"gold_loss":0,"cards_obtained":["hermit:Vantage","hermit:Horror"]}],"is_beta":false,"boss_relics":[],"items_purged_floors":[],"is_endless":false,"potions_floor_spawned":[7],"killed_by":"Gremlin Nob","ascension_level":20}}