{"host":"kkli11lv5br6vpdq","time":1612395697,"event":{"mods":["2.2 Compatiblity","Abigail Mod","AchievementEnabler","BaseMod","Best Route Mod","Better Altar","Better Match","Better Note","Better Sensory Stone","Better Skull","Better Third Choice","CCEM2","Colored Map","Conspire","Infinite Spire","Marisa????????","Minty Spire (QoL Compilation)","Prisma Mod","Replay The Spire","Reworked Bosses","Shop Mod","StSLib","The Animator","The Exalted","The Senshi","The Servant 0.9.4","Treasure Hunter"],"gold_per_floor":[117,132,152,52,88,88,160,207,232,232,4,4,70,95,95,221,221,272,292,292,292,292,292,312,237,237,237,268,278,278,298,298,433,433,482,782,817,666,702,702,752,752,752,776,776],"floor_reached":44,"language":"ENG","playtime":6203,"items_purged":["TH:CopperCoins"],"score":497,"play_id":"a6fa906c-9f3b-47a9-80b1-eaa01af02243","local_time":"20210203234137","is_ascension_mode":false,"campfire_choices":[{"floor":6.0,"key":"RECALL"},{"floor":10.0,"key":"REST"},{"floor":12.0,"key":"REST"},{"floor":23.0,"key":"REST"},{"data":"Dramatic Entrance","floor":32.0,"key":"SMITH"},{"floor":40,"key":"REST"},{"floor":42,"key":"REST"}],"circlet_count":0,"master_deck":["PrismaMod:IllyaCommonAttack+1","PrismaMod:IllyaCommonDefend+1","PrismaMod:IllyaCommonAttack+1","PrismaMod:IllyaCommonDefend+1","PrismaMod:IllyaCommonAttack+1","PrismaMod:IllyaCommonDefend+1","PrismaMod:IllyaCommonAttack+1","PrismaMod:IllyaCommonDefend+1","PrismaMod:IllyaCommonAttack+1","PrismaMod:IllyaCommonDefend+1","PrismaMod:IllyaUncommonAttack","PrismaMod:IllyaUncommonDefend","PrismaMod:IllyaDevil","PrismaMod:IllyaHassanGift","PrismaMod:IllyaDetonatingBlow","conspire:SpireCoStock","conspire:SpireCoStock","PrismaMod:IllyaBerserCAR","PrismaMod:IllyaInstallCaster","PrismaMod:IllyaUncommonAOEAttack","PrismaMod:IllyaGrail","PrismaMod:IllyaGrail","PrismaMod:IllyaHassanGift","Sadistic Nature","Dramatic Entrance+1","TH:CursedSword","TH:CursedSword","PrismaMod:IllyaSaphire","PrismaMod:IllyaFeed","Flash of Steel","PrismaMod:IllyaInstallSaber","PrismaMod:IllyaSaphire","PrismaMod:IllyaSaphire+1","PrismaMod:IllyaPoisonBomb+1","PrismaMod:IllyaStunPoison","PrismaMod:IllyaCheapAttack","PrismaMod:IllyaPoisoningPhantasm+1","PrismaMod:IllyaCheapDefend","PrismaMod:IllyaPartialInstallAssassin","TH:PixieDust","PrismaMod:IllyaCarnivalPrismaAstolfo","PrismaMod:IllyaSaphire+1","PrismaMod:IllyaRapidFire+1","PrismaMod:IllyaInstallForeigner","PrismaMod:IllyaUberChannel","PrismaMod:IllyaMinorZwei+1","PrismaMod:IllyaMinorReinForce+1","TH:CopperCoins"],"relics":["PrismaMod:PrismaRuby","CCEMRelics:LatexGloves","ReplayTheSpireMod:ShopPack","Bromod:ArcaneNullifier","Empty Cage","Nilry\u0027s Codex","MutagenicStrength","Replay:WaspNest","Anchor","Bromod:ArcaneEnergize","infinitespire:EmpoweringShard"],"acts_visited":["Exordium","TheCity","TheBeyond"],"potions_floor_usage":[41,41],"damage_taken":[{"damage":1.0,"enemies":"Jaw Worm","floor":1.0,"turns":4.0},{"damage":0.0,"enemies":"conspire:RoseBush","floor":2.0,"turns":3.0},{"damage":0.0,"enemies":"Small Slimes","floor":3.0,"turns":3.0},{"damage":2.0,"enemies":"Looter","floor":5.0,"turns":5.0},{"damage":51.0,"enemies":"Gremlin Nob","floor":7.0,"turns":6.0},{"damage":5.0,"enemies":"2 Fungi Beasts","floor":8.0,"turns":5.0},{"damage":11.0,"enemies":"Lagavulin","floor":13.0,"turns":7.0},{"damage":11.0,"enemies":"Exordium Thugs","floor":14.0,"turns":3.0},{"damage":35.0,"enemies":"The Guardian","floor":16.0,"turns":9.0},{"damage":9.0,"enemies":"Shell Parasite","floor":18.0,"turns":6.0},{"damage":40.0,"enemies":"conspire:FuzzyDice","floor":19.0,"turns":8.0},{"damage":7.0,"enemies":"Centurion and Healer","floor":24.0,"turns":6.0},{"damage":10.0,"enemies":"conspire:HollyBat","floor":28.0,"turns":11.0},{"damage":16.0,"enemies":"3 Cultists","floor":29.0,"turns":4.0},{"damage":8.0,"enemies":"Shelled Parasite and Fungi","floor":31.0,"turns":5.0},{"damage":20.0,"enemies":"bossMod:newChamp","floor":33.0,"turns":15.0},{"damage":19,"enemies":"3 Shapes","floor":35,"turns":5},{"damage":17,"enemies":"Orb Walker","floor":37,"turns":6},{"damage":22,"enemies":"Writhing Mass","floor":39,"turns":6},{"damage":50,"enemies":"Maw","floor":41,"turns":8},{"damage":39,"enemies":"Nemesis","floor":44,"turns":4}],"seed_played":"4466417963530922363","potions_obtained":[{"floor":2.0,"key":"SneckoOil"},{"floor":3.0,"key":"Swift Potion"},{"floor":8.0,"key":"Energy Potion"},{"floor":14.0,"key":"DistilledChaos"},{"floor":29.0,"key":"Fruit Juice"},{"floor":31.0,"key":"SkillPotion"}],"is_trial":false,"path_per_floor":["M","M","M","?","M","R","E","M","T","R","$","R","E","M","R_BF","B",null,"M","M","?","?","?","R","M","?","T","AVR","M","M","?","M","R","B",null,"M","?","M","$","M","R","M","R","T","E"],"character_chosen":"ILLYA","items_purchased":["PrismaMod:IllyaGrail","PrismaMod:IllyaHassanGift","ReplayTheSpireMod:ShopPack","PrismaMod:IllyaInstallForeigner","PrismaMod:IllyaUberChannel"],"campfire_rested":5,"item_purchase_floors":[11,11,11,38,38],"current_hp_per_floor":[81,81,81,81,79,79,28,23,23,47,47,71,60,49,49,21,82,76,46,46,30,30,54,69,69,69,69,72,56,56,53,53,58,87,68,68,53,53,36,62,12,38,38,0,0],"gold":776,"neow_bonus":"TEN_PERCENT_HP_BONUS","is_daily":false,"chose_seed":false,"campfire_upgraded":1,"win_rate":0.0,"timestamp":1612395697,"path_taken":["M","M","M","?","M","R","E","M","T","R","$","R","E","M","R_BF","BOSS","M","M","?","?","?","R","M","?","T","AVR","M","M","?","M","R","BOSS","M","?","?","$","M","R","M","R","T","E"],"items_purchased_type":["Card","Card","Relic","Card","Card"],"build_version":"2020-12-22","purchased_purges":1,"victory":false,"max_hp_per_floor":[82,82,82,82,82,82,82,82,82,82,82,82,82,82,82,82,82,82,82,82,82,82,82,82,82,82,82,82,82,82,87,87,87,87,87,87,87,87,87,87,87,87,87,87,87],"card_choices":[{"not_picked":["PrismaMod:IllyaMaid","PrismaMod:IllyaReinForce"],"picked":"PrismaMod:IllyaDevil","floor":1.0},{"not_picked":["PrismaMod:IllyaSaphire","PrismaMod:IllyaMaid"],"picked":"PrismaMod:IllyaHassanGift","floor":2.0},{"not_picked":["PrismaMod:IllyaCommandSeal","PrismaMod:IllyaEvokeAll"],"picked":"PrismaMod:IllyaDetonatingBlow","floor":3.0},{"not_picked":["PrismaMod:IllyaFriendMaker","PrismaMod:IllyaCheapChannelPoison"],"picked":"PrismaMod:IllyaBerserCAR","floor":5.0},{"not_picked":["TH:TreasureMap"],"picked":"TH:ElvenBoots","floor":7.0},{"not_picked":["PrismaMod:IllyaGun","PrismaMod:IllyaUberChannel"],"picked":"PrismaMod:IllyaInstallCaster","floor":7.0},{"not_picked":["PrismaMod:IllyaCheapChannelAttack","PrismaMod:IllyaGun"],"picked":"PrismaMod:IllyaUncommonAOEAttack","floor":8.0},{"not_picked":["TH:Mimic"],"picked":"TH:TreasureMap","floor":9.0},{"not_picked":["Secret Weapon","Poisoned Strike"],"picked":"Sadistic Nature","floor":11.0},{"not_picked":["Replay:Parry","Swift Strike"],"picked":"Dramatic Entrance","floor":11.0},{"not_picked":["ReplayTheSpireMod:Necrogeddon","Trip"],"picked":"TH:CursedSword","floor":11.0},{"not_picked":["TH:Mimic"],"picked":"TH:CursedSword","floor":13.0},{"not_picked":["PrismaMod:IllyaCommonEvoke","PrismaMod:IllyaUpgradeOrbs"],"picked":"PrismaMod:IllyaSaphire","floor":13.0},{"not_picked":["PrismaMod:IllyaCheapChannelDefend","PrismaMod:IllyaRubysPotion"],"picked":"PrismaMod:IllyaFeed","floor":14.0},{"not_picked":["TH:ElvenBoots"],"picked":"TH:CopperCoins","floor":16.0},{"not_picked":["PrismaMod:IllyaCarnivalOrbs","PrismaMod:IllyaUberPoisonChannel"],"picked":"PrismaMod:IllyaInstallSaber","floor":16.0},{"not_picked":["PrismaMod:IllyaPoisonTippedWeapons","PrismaMod:IllyaCheapChannelPoison+1"],"picked":"PrismaMod:IllyaSaphire","floor":18.0},{"not_picked":["PrismaMod:IllyaFriendMaker","PrismaMod:IllyaUberChannel"],"picked":"PrismaMod:IllyaSaphire+1","floor":19.0},{"not_picked":["PrismaMod:IllyaCheapChannelDefend","PrismaMod:IllyaBlindPoisonToss"],"picked":"PrismaMod:IllyaPoisonBomb+1","floor":24.0},{"not_picked":["PrismaMod:IllyaFeed","PrismaMod:IllyaAOECommonAttack"],"picked":"PrismaMod:IllyaStunPoison","floor":25.0},{"not_picked":["PrismaMod:IllyaCheapDefend","PrismaMod:IllyaUncommonAttack"],"picked":"PrismaMod:IllyaCheapAttack","floor":25.0},{"not_picked":["TH:BikiniMail"],"picked":"TH:CopperCoins","floor":26.0},{"not_picked":["PrismaMod:IllyaCommonEvoke","PrismaMod:IllyaUncommonEvoke"],"picked":"PrismaMod:IllyaPoisoningPhantasm+1","floor":28.0},{"not_picked":["PrismaMod:IllyaRapidFire","PrismaMod:IllyaUberChannel"],"picked":"PrismaMod:IllyaCheapDefend","floor":29.0},{"not_picked":["PrismaMod:IllyaPoisonBomb+1","PrismaMod:IllyaAOECommonAttack"],"picked":"PrismaMod:IllyaPartialInstallAssassin","floor":31.0},{"not_picked":["TH:ElvenBoots"],"picked":"TH:PixieDust","floor":33.0},{"not_picked":["PrismaMod:IllyaUberAttackChannel","PrismaMod:IllyaCarnivalOrbs"],"picked":"PrismaMod:IllyaCarnivalPrismaAstolfo","floor":33.0},{"not_picked":["PrismaMod:IllyaCheapChannelPoison","PrismaMod:IllyaMaid"],"picked":"PrismaMod:IllyaSaphire+1","floor":35},{"not_picked":["PrismaMod:IllyaSaphire","PrismaMod:IllyaUberChannel+1"],"picked":"PrismaMod:IllyaRapidFire+1","floor":37},{"not_picked":["PrismaMod:IllyaGrail+1","PrismaMod:IllyaDualEvoke+1"],"picked":"PrismaMod:IllyaMinorZwei+1","floor":39},{"not_picked":["PrismaMod:IllyaBride+1","PrismaMod:IllyaUncommonAttack"],"picked":"PrismaMod:IllyaMinorReinForce+1","floor":41},{"not_picked":["TH:BikiniMail"],"picked":"TH:CopperCoins","floor":43}],"player_experience":8806,"relics_obtained":[{"floor":7.0,"key":"CCEMRelics:LatexGloves"},{"floor":13.0,"key":"Bromod:ArcaneNullifier"},{"floor":21.0,"key":"Nilry\u0027s Codex"},{"floor":26.0,"key":"Replay:WaspNest"},{"floor":43,"key":"infinitespire:EmpoweringShard"}],"event_choices":[{"damage_healed":0.0,"max_hp_gain":0.0,"max_hp_loss":0.0,"gold_gain":0.0,"event_name":"conspire:Investor","player_choice":"Invest 2","floor":4.0,"gold_loss":0.0,"damage_taken":0.0},{"cards_removed":["PrismaMod:IllyaCommonAttack"],"damage_healed":0.0,"max_hp_gain":0.0,"max_hp_loss":0.0,"gold_gain":0.0,"event_name":"betterNote:BetterNote","player_choice":"Give","floor":20.0,"gold_loss":0.0,"damage_taken":0.0,"cards_obtained":["None"]},{"damage_healed":0.0,"max_hp_gain":0.0,"max_hp_loss":0.0,"gold_gain":0.0,"event_name":"Cursed Tome","player_choice":"Obtained Book","floor":21.0,"gold_loss":0.0,"damage_taken":16.0},{"damage_healed":0.0,"max_hp_gain":0.0,"max_hp_loss":0.0,"gold_gain":0.0,"event_name":"Drug Dealer","player_choice":"Inject Mutagens","floor":22.0,"gold_loss":0.0,"damage_taken":0.0,"relics_obtained":["MutagenicStrength"]},{"damage_healed":0.0,"max_hp_gain":0.0,"max_hp_loss":0.0,"gold_gain":0.0,"event_name":"betterMatch:BetterMatch","player_choice":"1","floor":25.0,"gold_loss":0.0,"damage_taken":0.0,"cards_obtained":["betterMatch:CommonCard","betterMatch:UncommonCard"]},{"damage_healed":0.0,"max_hp_gain":0.0,"max_hp_loss":10.0,"gold_gain":0.0,"event_name":"betterThird:BetterWriting","player_choice":"Simplicity","floor":30.0,"gold_loss":0.0,"damage_taken":0.0},{"damage_healed":0,"gold_gain":300,"player_choice":"Gold","damage_taken":0,"max_hp_gain":0,"max_hp_loss":0,"event_name":"Wheel of Change","floor":36,"gold_loss":0}],"is_beta":false,"boss_relics":[{"not_picked":["CCEMRelics:TransientCore","CCEMRelics:ReaperScythe"],"picked":"Empty Cage"},{"not_picked":["conspire:RunicOctahedron","CCEMRelics:GreenEgg"],"picked":"Bromod:ArcaneEnergize"}],"items_purged_floors":[27],"is_endless":false,"potions_floor_spawned":[2,3,8,14,29,31,39],"killed_by":"Nemesis","ascension_level":0}}