{"host":"2q4w55ev63ot6isg","time":1612367136,"event":{"mods":["Aspiration","BaseMod","Downfall","Hubris","Marisa????????","Minty Spire (QoL Compilation)","Replay The Spire","StSLib","The Cursed","The Jungle","The Servant 0.9.4"],"gold_per_floor":[115,41,52,52,2,2,21,21,21,32,32,49,49,49,49,49,49],"floor_reached":16,"language":"ENG","playtime":515,"items_purged":[],"score":104,"play_id":"32407909-eb64-463c-ba08-43ecf59054e8","local_time":"20210203074536","is_ascension_mode":true,"campfire_choices":[{"data":"Neutralize","floor":6,"key":"SMITH"},{"data":"Crippling Poison","floor":8,"key":"SMITH"},{"data":"Dodge and Roll","floor":11,"key":"SMITH"},{"data":"Acrobatics","floor":13,"key":"SMITH"},{"data":"Cloak And Dagger","floor":15,"key":"SMITH"}],"circlet_count":0,"master_deck":["Strike_G","Strike_G","Strike_G","Defend_G","Defend_G","Defend_G","Defend_G","Defend_G","Survivor","Neutralize+1","Dodge and Roll+1","ReplayTheSpireMod:Scrap Shanks","Cloak And Dagger+1","Crippling Poison+1","ReplayTheSpireMod:The Works","Acrobatics+1"],"relics":["ChewingGum","HornCleat"],"acts_visited":["Exordium"],"potions_floor_usage":[16,16],"damage_taken":[{"damage":5,"enemies":"Cultist","floor":1,"turns":6},{"damage":2,"enemies":"Small Slimes","floor":3,"turns":4},{"damage":0,"enemies":"Jaw Worm","floor":7,"turns":7},{"damage":0,"enemies":"Blue Slaver","floor":10,"turns":4},{"damage":0,"enemies":"Gremlin Gang","floor":12,"turns":4},{"damage":63,"enemies":"Hexaghost","floor":16,"turns":21}],"seed_played":"-8777135492777002331","potions_obtained":[{"floor":3,"key":"Explosive Potion"},{"floor":7,"key":"Reflective Coating"}],"is_trial":false,"path_per_floor":["M","$","M","$","?","R","M","R","T","M","R","M","R","?","R","B"],"character_chosen":"THE_SILENT","items_purchased":["ReplayTheSpireMod:Scrap Shanks"],"campfire_rested":0,"item_purchase_floors":[2],"current_hp_per_floor":[65,65,63,63,63,63,63,63,63,63,63,63,63,63,63,0,0],"gold":49,"neow_bonus":"BOSS_RELIC","is_daily":false,"chose_seed":false,"campfire_upgraded":5,"win_rate":0.0,"timestamp":1612367136,"path_taken":["M","?","M","$","?","R","?","R","T","M","R","M","R","?","R","BOSS"],"items_purchased_type":["Card"],"build_version":"2020-12-22","purchased_purges":0,"victory":false,"max_hp_per_floor":[70,70,70,70,70,70,70,70,70,70,70,70,70,70,70,70,70],"card_choices":[{"not_picked":["Outmaneuver","Masterful Stab"],"picked":"Dodge and Roll","floor":1},{"not_picked":["Backflip","Dagger Spray"],"picked":"Cloak And Dagger","floor":3},{"not_picked":["Outmaneuver","Sucker Punch"],"picked":"Crippling Poison","floor":7},{"not_picked":["Backflip","Flying Knee"],"picked":"ReplayTheSpireMod:The Works","floor":10},{"not_picked":["Deadly Poison","ReplayTheSpireMod:Scrap Shanks"],"picked":"Acrobatics","floor":12}],"player_experience":208242,"relics_obtained":[{"floor":9,"key":"HornCleat"}],"event_choices":[{"cards_removed":["Strike_G"],"damage_healed":0,"gold_gain":0,"player_choice":"Card Removal","damage_taken":0,"max_hp_gain":0,"max_hp_loss":0,"event_name":"The Cleric","floor":5,"gold_loss":50},{"cards_removed":["Strike_G"],"damage_healed":0,"gold_gain":0,"player_choice":"Offered Basic","damage_taken":0,"max_hp_gain":0,"max_hp_loss":0,"event_name":"Bonfire Elementals","floor":14,"gold_loss":0}],"is_beta":false,"boss_relics":[],"items_purged_floors":[],"is_endless":false,"potions_floor_spawned":[3,7],"killed_by":"Hexaghost","ascension_level":3}}