{"host":"osk2oboccoevp2u5","time":1612378696,"event":{"mods":["AchievementEnabler","Alarm Clock","BaseMod","Colored Powertips","Disable Question Mark Monsters","Displayed Cursed Tome","Key Reminder","Minty Spire (QoL Compilation)","Potion Indicator Mod","Quick Restart","Rare Cards Sparkle","Reimu??????","Reorder Act Four","StSLib","Useless Jewels Mod"],"gold_per_floor":[119,5,5,5,16,50,50,50,50,62,62,73,73,48,48,147,147,167,187,367,25,34,34,34,34,34,44,0,0,14,44,44,140,140,152,152,152,27,70,67,67],"floor_reached":40,"language":"ENG","playtime":3578,"items_purged":["Strike_Lin:ReiMu","Strike_Lin:ReiMu","Writhe"],"score":574,"play_id":"8be68a7e-8973-40dc-9f34-cbfcf51e3f30","local_time":"20210203145816","is_ascension_mode":true,"campfire_choices":[{"data":"Crusade:ReiMu","floor":7,"key":"SMITH"},{"data":"SpringWay:ReiMu","floor":11,"key":"SMITH"},{"data":"PayForSelf:ReiMu","floor":15,"key":"SMITH"},{"data":"CleanRite:ReiMu","floor":23,"key":"SMITH"},{"data":"NB:ReiMu","floor":25,"key":"SMITH"},{"data":"Stagnation:ReiMu","floor":32,"key":"SMITH"}],"circlet_count":0,"master_deck":["Strike_Lin:ReiMu","Strike_Lin:ReiMu","Defend_Lin:ReiMu","Defend_Lin:ReiMu","Defend_Lin:ReiMu","Defend_Lin:ReiMu","NB:ReiMu+1","Stagnation:ReiMu+1","Meditation:ReiMu+1","PayForSelf:ReiMu+1","Crusade:ReiMu+1","SpringWay:ReiMu+1","AirManeuver:ReiMu+1","CleanRite:ReiMu+1","DoubleButterfly:ReiMu+1","Dreaming2:ReiMu+1","AirStrike:ReiMu","AlertArray:ReiMu","YinYang:ReiMu","SubAcupoint:ReiMu","Apotheosis","FantasyBorder:ReiMu+1"],"relics":["FlyPower:ReiMu","NeowsBlessing","YidongShenshe:ReiMu","CrazyTorch:ReiMu","Tea:ReiMu","Philosopher\u0027s Stone","Kunai","Singing Bowl","Mastiff:ReiMu","Fusion Hammer","Prayer Wheel"],"acts_visited":["Exordium","TheCity","TheBeyond"],"potions_floor_usage":[16,27,31,31,31,35,40],"damage_taken":[{"damage":0,"enemies":"Small Slimes","floor":1,"turns":1},{"damage":0,"enemies":"2 Louse","floor":5,"turns":1},{"damage":0,"enemies":"Gremlin Nob","floor":6,"turns":1},{"damage":0,"enemies":"Cultist","floor":10,"turns":2},{"damage":0,"enemies":"Looter","floor":12,"turns":2},{"damage":19,"enemies":"The Guardian","floor":16,"turns":17},{"damage":6,"enemies":"Chosen","floor":18,"turns":7},{"damage":30,"enemies":"Spheric Guardian","floor":19,"turns":9},{"damage":13,"enemies":"Snecko","floor":22,"turns":8},{"damage":17,"enemies":"Centurion and Healer","floor":27,"turns":6},{"damage":12,"enemies":"Snake Plant","floor":30,"turns":4},{"damage":10,"enemies":"Slavers","floor":31,"turns":4},{"damage":10,"enemies":"Automaton","floor":33,"turns":11},{"damage":19,"enemies":"3 Darklings","floor":35,"turns":7},{"damage":34,"enemies":"2 Orb Walkers","floor":39,"turns":6},{"damage":40,"enemies":"Reptomancer","floor":40,"turns":2}],"seed_played":"1866124264287801803","potions_obtained":[{"floor":5,"key":"MagicPotion:ReiMu"},{"floor":10,"key":"LiquidFlight:ReiMu"},{"floor":12,"key":"Explosive Potion"},{"floor":18,"key":"Ancient Potion"},{"floor":30,"key":"Regen Potion"},{"floor":33,"key":"LiquidFlight:ReiMu"},{"floor":35,"key":"FearPotion"},{"floor":39,"key":"SpeedPotion"}],"is_trial":false,"path_per_floor":["M","$","?","?","M","E","R","?","T","M","R","M","?","?","R","B",null,"M","M","?","$","M","R","$","R","T","M","?","?","M","E","R","B",null,"M","?","?","$","?","E"],"character_chosen":"REIMU","items_purchased":["PayForSelf:ReiMu","Kunai"],"campfire_rested":0,"item_purchase_floors":[2,21],"current_hp_per_floor":[59,59,59,52,52,52,52,52,52,52,52,52,52,52,65,46,60,54,24,5,5,52,65,65,65,65,48,48,48,36,40,60,50,63,44,44,61,61,27,0,0],"gold":67,"neow_bonus":"THREE_ENEMY_KILL","is_daily":false,"chose_seed":false,"campfire_upgraded":6,"win_rate":0.0,"timestamp":1612378696,"path_taken":["M","$","?","?","M","E","R","?","T","?","R","M","?","?","R","BOSS","M","M","?","$","?","R","$","R","T","M","?","?","M","E","R","BOSS","M","?","?","$","?","E"],"items_purchased_type":["Card","Relic"],"build_version":"2020-12-22","purchased_purges":3,"victory":false,"max_hp_per_floor":[65,65,65,65,65,65,65,65,65,65,65,65,65,65,65,65,65,65,65,65,65,65,65,65,65,65,65,65,65,65,67,67,67,67,67,67,67,67,67,67,67],"card_choices":[{"not_picked":["SubcavityInstant:ReiMu","OrbThrow:ReiMu"],"picked":"Meditation:ReiMu","floor":1},{"not_picked":["Crusade:ReiMu","OrbThrow:ReiMu","Conquer:ReiMu"],"picked":"SKIP","floor":5},{"not_picked":["Free:ReiMu","OctopathBindingBorder2:ReiMu"],"picked":"Crusade:ReiMu","floor":6},{"not_picked":["TightArray:ReiMu","SubAcupoint:ReiMu"],"picked":"SpringWay:ReiMu","floor":10},{"not_picked":["SealNeedle:ReiMu","SpringWay:ReiMu"],"picked":"AirManeuver:ReiMu","floor":12},{"not_picked":["Determination:ReiMu","OctopathSalyBorderN:ReiMu"],"picked":"CleanRite:ReiMu","floor":16},{"not_picked":["AlertArray:ReiMu+1","CareerPray:ReiMu"],"picked":"DoubleButterfly:ReiMu+1","floor":18},{"not_picked":["CollectionFlower2:ReiMu","SafetyPray:ReiMu"],"picked":"Dreaming2:ReiMu+1","floor":19},{"not_picked":["FantasyBorder:ReiMu","ShadowOfCrow2:ReiMu+1","Authority:ReiMu"],"picked":"SKIP","floor":22},{"not_picked":["EmergencyTakeOff:ReiMu","LovePray:ReiMu"],"picked":"AirStrike:ReiMu","floor":27},{"not_picked":["NineCharacters:ReiMu","Intuition:ReiMu"],"picked":"AlertArray:ReiMu","floor":30},{"not_picked":["AlertArray:ReiMu","Crusade:ReiMu+1","NineCharacters:ReiMu"],"picked":"Singing Bowl","floor":31},{"not_picked":["DependentForm:ReiMu","SubcavityFantasy:ReiMu"],"picked":"YinYang:ReiMu","floor":33},{"not_picked":["SubcavityInstant:ReiMu+1","Intuition:ReiMu+1"],"picked":"SubAcupoint:ReiMu","floor":35},{"not_picked":["Purity","Mind Blast"],"picked":"Apotheosis","floor":36},{"not_picked":["Gathering:ReiMu","SubAcupoint:ReiMu+1"],"picked":"FantasyBorder:ReiMu+1","floor":39}],"player_experience":981707,"relics_obtained":[{"floor":6,"key":"CrazyTorch:ReiMu"},{"floor":9,"key":"Tea:ReiMu"},{"floor":26,"key":"Singing Bowl"},{"floor":31,"key":"Mastiff:ReiMu"},{"floor":39,"key":"Prayer Wheel"}],"event_choices":[{"damage_healed":0,"gold_gain":0,"player_choice":"Take Tiny Shrine away","damage_taken":0,"relics_obtained":["YidongShenshe:ReiMu"],"max_hp_gain":0,"max_hp_loss":0,"event_name":"yidonshenshe","floor":3,"gold_loss":0,"cards_obtained":["Poor:ReiMu"]},{"cards_removed":["Poor:ReiMu"],"damage_healed":0,"gold_gain":0,"player_choice":"Card Removal","damage_taken":7,"max_hp_gain":0,"max_hp_loss":0,"event_name":"Golden Wing","floor":4,"gold_loss":0},{"damage_healed":0,"gold_gain":0,"player_choice":"Upgraded","damage_taken":0,"max_hp_gain":0,"max_hp_loss":0,"event_name":"Upgrade Shrine","floor":8,"gold_loss":0,"cards_upgraded":["Meditation:ReiMu"]},{"damage_healed":0,"gold_gain":0,"player_choice":"Grow","damage_taken":0,"max_hp_gain":0,"max_hp_loss":0,"event_name":"Living Wall","floor":13,"gold_loss":0,"cards_upgraded":["AirManeuver:ReiMu"]},{"damage_healed":0,"gold_gain":0,"player_choice":"Left Gold","damage_taken":0,"max_hp_gain":0,"max_hp_loss":0,"event_name":"World of Goop","floor":14,"gold_loss":25},{"damage_healed":0,"gold_gain":180,"player_choice":"GOLD GOLD ","damage_taken":19,"max_hp_gain":0,"max_hp_loss":0,"event_name":"Knowing Skull","floor":20,"potions_obtained":[],"gold_loss":0,"cards_obtained":[]},{"damage_healed":0,"gold_gain":0,"player_choice":"Paid Fearfully","damage_taken":0,"max_hp_gain":0,"max_hp_loss":0,"event_name":"Masked Bandits","floor":28,"gold_loss":44},{"damage_healed":0,"gold_gain":0,"player_choice":"Ignored","damage_taken":0,"max_hp_gain":0,"max_hp_loss":0,"event_name":"Ghosts","floor":29,"gold_loss":0},{"damage_healed":0,"gold_gain":0,"player_choice":"Memory 1","damage_taken":0,"max_hp_gain":0,"max_hp_loss":0,"event_name":"SensoryStone","floor":36,"gold_loss":0},{"damage_healed":17,"gold_gain":0,"player_choice":"Writhe","damage_taken":0,"max_hp_gain":0,"max_hp_loss":0,"event_name":"Winding Halls","floor":37,"gold_loss":0,"cards_obtained":["Writhe"]},{"damage_healed":0,"gold_gain":0,"player_choice":"Fight","damage_taken":0,"max_hp_gain":0,"max_hp_loss":0,"event_name":"Mysterious Sphere","floor":39,"gold_loss":0}],"is_beta":false,"boss_relics":[{"not_picked":["Pandora\u0027s Box","Busted Crown"],"picked":"Philosopher\u0027s Stone"},{"not_picked":["Cursed Key","RedLine:ReiMu"],"picked":"Fusion Hammer"}],"items_purged_floors":[2,21,38],"is_endless":false,"potions_floor_spawned":[5,10,12,18,19,30,33,35,39],"killed_by":"Reptomancer","ascension_level":7}}