{"host":"svad1nuufomhazap","time":1612334095,"event":{"mods":["Act Like it!","Aspiration","BaseMod","BetterRewards","Conspire","Custom Start","Downfall","GifTheSpireLib","Minty Spire (QoL Compilation)","Pale of the Ancients","Permanent Neow","Shop Mod","StSLib","The Blackbeard","Unceasing Turn Reminder"],"gold_per_floor":[99,118,136,152,152,180,251,426,440,440,454,489,389,389,409,511,511,511,511,511,525,525,553,605,605,271,306,321,347,363,391,407,502,502,302,319,319,368,368,388,415,476,507,507,507,520,520,520,532,532,532,532],"floor_reached":50,"language":"ENG","playtime":4330,"items_purged":["Shame","downfall:Malfunctioning"],"score":690,"play_id":"9a8ac711-dae2-4023-817e-0e081e8d8740","local_time":"20210203003455","is_ascension_mode":true,"campfire_choices":[{"data":"hexamod:GhostOfSpirePresent","floor":1,"key":"SMITH"},{"data":"hexamod:Float","floor":13,"key":"SMITH"},{"floor":18,"key":"RECALL"},{"floor":44,"key":"REST"}],"circlet_count":0,"master_deck":["hexamod:Strike+1","hexamod:Strike","hexamod:Strike","hexamod:Strike+1","hexamod:Defend+1","hexamod:Defend","hexamod:Defend","hexamod:Defend","hexamod:Sear+1","hexamod:Float+1","hexamod:GhostOfSpirePresent+1","hexamod:Firestarter","hexamod:SuperheatedStrike","hexamod:SpectersWail","hexamod:GiftsFromTheDead","hexamod:PowerFromBeyond","hexamod:HeatMetal+1","hexamod:StepThrough","hexamod:RecurringNightmare","hexamod:ThirdSeal","hexamod:GhostflameInferno","hexamod:SearingWound","Writhe","hexamod:SuperheatedStrike","hexamod:Firestarter","hexamod:BurningTouch","hexamod:ThermalTransfer+1","hexamod:HeatMetal","expansioncontent:DashGenerateEvil","hexamod:HeatCrush","hexamod:DynamicBlow","hexamod:GhostShield","hexamod:BurningTouch","hexamod:ChargedBarrage","hexamod:WildfireWeapon","hexamod:Incineration+1","expansioncontent:YouAreMine","hexamod:ThermalTransfer","hexamod:StepThrough","Doubt"],"relics":["hexamod:SpiritBrand","Darkstone Periapt","Bag of Marbles","Matryoshka","Ornamental Fan","Juzu Bracelet","downfall:HeartBlessingGreen","SlaversCollar","Bronze Scales","aspiration:SeaSaltIceCream","conspire:Boomerang","Akabeko","Art of War","Blood Vial","Ancient Tea Set","Cursed Key","downfall:HeartBlessingRed","downfall:HeartBlessingBlue","Turnip","War Paint","Anchor","Whetstone","Incense Burner"],"acts_visited":["Exordium","TheCity","TheBeyond"],"potions_floor_usage":[15,27,31,33,43,50],"damage_taken":[{"damage":1,"enemies":"Jaw Worm","floor":2,"turns":5},{"damage":6,"enemies":"2 Louse","floor":3,"turns":3},{"damage":3,"enemies":"Small Slimes","floor":4,"turns":3},{"damage":10,"enemies":"Gremlin Nob","floor":6,"turns":3},{"damage":0,"enemies":"3 Louse","floor":9,"turns":3},{"damage":0,"enemies":"Large Slime","floor":11,"turns":5},{"damage":18,"enemies":"Lagavulin","floor":12,"turns":6},{"damage":2,"enemies":"Exordium Thugs","floor":15,"turns":3},{"damage":21,"enemies":"SI_SHIV_ARCHETYPE","floor":16,"turns":9},{"damage":24,"enemies":"conspire:FuzzyDice","floor":21,"turns":6},{"damage":4,"enemies":"conspire:Head Lice","floor":23,"turns":8},{"damage":0,"enemies":"Chosen","floor":25,"turns":1},{"damage":1,"enemies":"downfall:FleeingMerchant","floor":26,"turns":4},{"damage":16,"enemies":"conspire:MimicChest","floor":27,"turns":5},{"damage":8,"enemies":"Sentry and Sphere","floor":28,"turns":5},{"damage":16,"enemies":"conspire:SneckoGhost","floor":29,"turns":4},{"damage":5,"enemies":"Cultist and Chosen","floor":30,"turns":3},{"damage":9,"enemies":"Gremlin Leader","floor":31,"turns":4},{"damage":0,"enemies":"Centurion and Healer","floor":32,"turns":5},{"damage":17,"enemies":"WA_ARCHETYPE_CALM","floor":33,"turns":8},{"damage":0,"enemies":"3 Shapes","floor":36,"turns":3},{"damage":35,"enemies":"2 Orb Walkers","floor":38,"turns":4},{"damage":0,"enemies":"Orb Walker","floor":40,"turns":3},{"damage":0,"enemies":"downfall:FleeingMerchant","floor":42,"turns":3},{"damage":78,"enemies":"Reptomancer","floor":43,"turns":5},{"damage":0,"enemies":"Maw","floor":46,"turns":6},{"damage":28,"enemies":"Sphere and 2 Shapes","floor":49,"turns":6},{"damage":108,"enemies":"IC_BLOCK_ARCHETYPE","floor":50,"turns":4}],"seed_played":"2214760659434745954","potions_obtained":[{"floor":3,"key":"Swift Potion"},{"floor":6,"key":"Fire Potion"},{"floor":12,"key":"Dexterity Potion"},{"floor":15,"key":"DistilledChaos"},{"floor":27,"key":"Fire Potion"},{"floor":28,"key":"hexamod:EctoCoolerPotion"},{"floor":31,"key":"SpeedPotion"},{"floor":40,"key":"GamblersBrew"},{"floor":43,"key":"PowerPotion"}],"is_trial":false,"path_per_floor":["R","M","M","M","?","E","T","?","M","?","M","E","R","?","M","B",null,"R","?","?","M","?","E","T","M","$","?","M","E","M","E","M","B",null,"R","M","?","?","?","M","T","$","E","R","?","M","?","?","M","B"],"character_chosen":"THE_SPIRIT","items_purchased":["expansioncontent:DashGenerateEvil","hexamod:HeatCrush","Whetstone"],"campfire_rested":1,"item_purchase_floors":[26,26,42],"current_hp_per_floor":[70,69,63,60,78,68,68,74,74,67,67,49,49,49,47,26,94,94,100,106,82,74,70,70,70,69,53,45,29,26,19,21,6,106,116,116,116,81,93,95,101,103,27,63,63,65,128,128,100,0,0,0],"gold":532,"neow_bonus":"ONE_RANDOM_RARE_CARD","is_daily":false,"chose_seed":false,"campfire_upgraded":2,"win_rate":0.0,"timestamp":1612334095,"path_taken":["R","M","M","M","?","E","T","?","M","?","M","E","R","?","M","BOSS","R","?","?","M","?","E","T","M","?","?","M","E","M","E","M","BOSS","R","M","?","?","?","M","T","$","E","R","?","M","?","?","M","BOSS"],"items_purchased_type":["Card","Card","Relic"],"build_version":"2020-12-22","purchased_purges":2,"victory":false,"max_hp_per_floor":[70,70,70,70,88,88,88,94,94,94,94,94,94,94,94,94,94,94,100,106,106,106,106,106,106,106,106,106,106,106,106,106,106,106,116,116,116,116,116,116,122,122,122,122,122,122,128,128,128,128,128,128],"card_choices":[{"not_picked":["hexamod:Rewind","hexamod:NightmareStrike"],"picked":"hexamod:Firestarter","floor":2},{"not_picked":["hexamod:NecessarySacrifice","hexamod:FlamesFromBeyond"],"picked":"hexamod:SuperheatedStrike","floor":3},{"not_picked":["hexamod:BacktrackSmack","hexamod:SwordOfDarkness"],"picked":"hexamod:SpectersWail","floor":4},{"not_picked":["hexamod:GhostLash","hexamod:Rewind"],"picked":"hexamod:PowerFromBeyond","floor":6},{"not_picked":["hexamod:GhostOfSpirePresent","hexamod:ThermalTransfer"],"picked":"hexamod:HeatMetal","floor":9},{"not_picked":["hexamod:Hexaguard","hexamod:HauntingEcho"],"picked":"hexamod:StepThrough","floor":11},{"not_picked":["hexamod:NightmareStrike","hexamod:RetreatToShadows"],"picked":"hexamod:RecurringNightmare","floor":12},{"not_picked":["hexamod:SecondSeal","hexamod:BacktrackSmack"],"picked":"hexamod:ThirdSeal","floor":15},{"not_picked":["hexamod:Toasty","hexamod:TimeOfNeed"],"picked":"hexamod:GhostflameInferno","floor":16},{"not_picked":["hexamod:UnleashSpirits","hexamod:ForkedFlame"],"picked":"hexamod:SearingWound","floor":16},{"not_picked":["hexamod:GhostShield","hexamod:GhostOfSpirePast"],"picked":"hexamod:SuperheatedStrike","floor":21},{"not_picked":["hexamod:NightmareStrike","hexamod:Rewind"],"picked":"hexamod:Firestarter","floor":23},{"not_picked":["hexamod:CatchUp","hexamod:SuperheatedStrike+1"],"picked":"hexamod:BurningTouch","floor":23},{"not_picked":["hexamod:SuperheatedStrike","hexamod:GhostOfSpirePast","hexamod:RecurringNightmare+1"],"picked":"SKIP","floor":25},{"not_picked":["hexamod:GhostOfSpireFuture+1","hexamod:TimeWarp"],"picked":"hexamod:ThermalTransfer+1","floor":26},{"not_picked":["hexamod:PhantomFireball","hexamod:SuperheatedStrike"],"picked":"hexamod:HeatMetal","floor":26},{"not_picked":["hexamod:PowerFromBeyond","hexamod:HeatMetal","hexamod:NightmareGuise"],"picked":"SKIP","floor":28},{"not_picked":["hexamod:RecurringNightmare","hexamod:RainOfEmbers"],"picked":"hexamod:DynamicBlow","floor":29},{"not_picked":["hexamod:HauntingEcho+1","hexamod:FlamesFromBeyond"],"picked":"hexamod:GhostShield","floor":30},{"not_picked":["hexamod:BurningTouch","hexamod:SkipABeat","hexamod:RadiantFlame+1"],"picked":"SKIP","floor":30},{"not_picked":["hexamod:InspiringFlames","hexamod:NightmareStrike"],"picked":"hexamod:BurningTouch","floor":31},{"not_picked":["hexamod:AdvancingGuard","hexamod:HeatMetal+1"],"picked":"hexamod:ChargedBarrage","floor":32},{"not_picked":["hexamod:GiftsFromTheDead","hexamod:FifthSeal"],"picked":"hexamod:WildfireWeapon","floor":33},{"not_picked":["hexamod:GhostOfSpirePast","hexamod:ThirdSeal"],"picked":"hexamod:Incineration+1","floor":36},{"not_picked":["hexamod:BacktrackSmack","hexamod:SwordOfDarkness+1","hexamod:InspiringFlames"],"picked":"SKIP","floor":36},{"not_picked":["expansioncontent:HyperBeam","expansioncontent:LastStand"],"picked":"expansioncontent:YouAreMine","floor":37},{"not_picked":["hexamod:ThirdSeal","hexamod:RainOfEmbers","hexamod:InspiringFlames"],"picked":"SKIP","floor":40},{"not_picked":["hexamod:SecondSeal","hexamod:RainOfEmbers","hexamod:EtherealExpedition"],"picked":"SKIP","floor":42},{"not_picked":["hexamod:ApocalypseNow","hexamod:PowerFromBeyond"],"picked":"hexamod:ThermalTransfer","floor":43},{"not_picked":["hexamod:InspiringFlames","hexamod:Firestarter+1"],"picked":"hexamod:StepThrough","floor":46},{"not_picked":["hexamod:InspiringFlames","hexamod:SpectersWail","hexamod:GhostLash+1"],"picked":"SKIP","floor":49}],"player_experience":316022,"relics_obtained":[{"floor":6,"key":"Bag of Marbles"},{"floor":7,"key":"Matryoshka"},{"floor":12,"key":"Juzu Bracelet"},{"floor":23,"key":"aspiration:SeaSaltIceCream"},{"floor":24,"key":"Akabeko"},{"floor":27,"key":"Art of War"},{"floor":29,"key":"Blood Vial"},{"floor":31,"key":"Ancient Tea Set"},{"floor":38,"key":"Turnip"},{"floor":41,"key":"War Paint"},{"floor":41,"key":"Anchor"},{"floor":43,"key":"Incense Burner"}],"event_choices":[{"damage_healed":0,"gold_gain":0,"player_choice":"Success","damage_taken":7,"relics_obtained":["Ornamental Fan"],"max_hp_gain":0,"max_hp_loss":0,"event_name":"Scrap Ooze","floor":10,"gold_loss":0},{"damage_healed":0,"gold_gain":0,"player_choice":"Fight","damage_taken":0,"max_hp_gain":0,"max_hp_loss":0,"event_name":"Mysterious Sphere","floor":38,"gold_loss":0},{"damage_healed":0,"gold_gain":0,"player_choice":"Leave","damage_taken":0,"max_hp_gain":0,"max_hp_loss":0,"event_name":"conspire:Investor","floor":45,"gold_loss":0}],"is_beta":false,"boss_relics":[{"not_picked":["aspiration:WatcherSkillbook","aspiration:SilentSkillbook"],"picked":"SlaversCollar"},{"not_picked":["aspiration:IroncladSkillbook","Philosopher\u0027s Stone"],"picked":"Cursed Key"}],"items_purged_floors":[26,42],"is_endless":false,"potions_floor_spawned":[3,6,12,15,27,28,29,30,31,32,40,43,46,49],"killed_by":"IC_BLOCK_ARCHETYPE","ascension_level":1}}