{"host":"25fn74ijs2305xd4","time":1612359539,"event":{"mods":["AchievementEnabler","BaseMod","Colored Map","Colored Powertips","Dark Map","Minty Spire (QoL Compilation)","Relic Stats","StSLib"],"gold_per_floor":[14,30,30,40,55,85,85,119,168,168,186,261,272,349,349,349,349],"floor_reached":16,"language":"POL","playtime":701,"items_purged":[],"score":129,"play_id":"cea5fb3e-6c96-4a18-bd53-de21a8f6d19a","local_time":"20210203143859","is_ascension_mode":true,"campfire_choices":[{"floor":7,"key":"REST"},{"floor":10,"key":"REST"},{"data":"Intimidate","floor":15,"key":"SMITH"}],"circlet_count":0,"master_deck":["Strike_R","Strike_R","Strike_R","Strike_R","Defend_R","Defend_R","Defend_R","Bash","Pommel Strike","Sword Boomerang","Metallicize","Havoc","Feed","Havoc","Battle Trance","Intimidate+1","True Grit"],"relics":["Burning Blood","InkBottle","Gremlin Horn","Ancient Tea Set"],"acts_visited":["Exordium"],"potions_floor_usage":[6],"damage_taken":[{"damage":15,"enemies":"Small Slimes","floor":1,"turns":3},{"damage":0,"enemies":"Cultist","floor":2,"turns":3},{"damage":3,"enemies":"2 Louse","floor":4,"turns":3},{"damage":8,"enemies":"Blue Slaver","floor":5,"turns":5},{"damage":77,"enemies":"3 Sentries","floor":6,"turns":14},{"damage":46,"enemies":"Lagavulin","floor":8,"turns":7},{"damage":6,"enemies":"Red Slaver","floor":11,"turns":4},{"damage":8,"enemies":"3 Louse","floor":13,"turns":4},{"damage":26,"enemies":"Hexaghost","floor":16,"turns":10}],"seed_played":"4856099646138766436","potions_obtained":[{"floor":1,"key":"BloodPotion"},{"floor":4,"key":"ElixirPotion"}],"is_trial":false,"path_per_floor":["M","M","?","M","M","E","R","E","T","R","M","?","M","?","R","B"],"character_chosen":"IRONCLAD","items_purchased":[],"campfire_rested":2,"item_purchase_floors":[],"current_hp_per_floor":[71,77,77,80,81,29,54,14,14,39,42,31,32,32,32,6,6],"gold":349,"neow_bonus":"TRANSFORM_TWO_CARDS","is_daily":false,"chose_seed":false,"campfire_upgraded":1,"win_rate":0.0,"timestamp":1612359539,"path_taken":["M","M","?","M","M","E","R","E","T","R","?","?","M","?","R","BOSS"],"items_purchased_type":[],"build_version":"2020-12-22","purchased_purges":0,"victory":false,"max_hp_per_floor":[80,80,80,80,83,86,86,86,86,86,89,89,92,92,92,92,92],"relic_stats":{"Gremlin Horn":[2,2],"counters":[9,53],"obtain_stats":[{"Gremlin Horn":8,"Ancient Tea Set":9,"Burning Blood":0,"InkBottle":6},{"Gremlin Horn":6,"Ancient Tea Set":6,"Burning Blood":0,"InkBottle":5},{"Gremlin Horn":35,"Ancient Tea Set":35,"Burning Blood":0,"InkBottle":28}],"Burning Blood":48,"InkBottle":[7]},"card_choices":[{"not_picked":["Pommel Strike","Pummel"],"picked":"Metallicize","floor":1},{"not_picked":["Headbutt","Perfected Strike"],"picked":"Havoc","floor":2},{"not_picked":["Warcry","Dark Embrace"],"picked":"Havoc","floor":4},{"not_picked":["Heavy Blade","Thunderclap"],"picked":"Battle Trance","floor":5},{"not_picked":["Twin Strike","Clash","Thunderclap"],"picked":"SKIP","floor":6},{"not_picked":["Blood for Blood","Fire Breathing"],"picked":"Intimidate","floor":8},{"not_picked":["Havoc","Anger","Headbutt"],"picked":"SKIP","floor":11},{"not_picked":["Twin Strike","Power Through"],"picked":"True Grit","floor":13}],"player_experience":86869,"relics_obtained":[{"floor":6,"key":"InkBottle"},{"floor":8,"key":"Gremlin Horn"},{"floor":9,"key":"Ancient Tea Set"}],"event_choices":[{"damage_healed":0,"gold_gain":0,"player_choice":"1 cards matched","damage_taken":0,"max_hp_gain":0,"max_hp_loss":0,"event_name":"Match and Keep!","floor":3,"gold_loss":0,"cards_obtained":["Feed"]},{"damage_healed":0,"gold_gain":75,"player_choice":"Gather Gold","damage_taken":11,"max_hp_gain":0,"max_hp_loss":0,"event_name":"World of Goop","floor":12,"gold_loss":0},{"damage_healed":0,"gold_gain":77,"player_choice":"Gained Gold","damage_taken":0,"max_hp_gain":0,"max_hp_loss":0,"event_name":"Golden Wing","floor":14,"gold_loss":0}],"is_beta":false,"boss_relics":[],"items_purged_floors":[],"is_endless":false,"potions_floor_spawned":[1,4],"killed_by":"Hexaghost","ascension_level":3}}