{"host":"kerxro2ytzukjey9","time":1612337569,"event":{"mods":["BaseMod","Colored Map","Downfall","Minty Spire (QoL Compilation)","Permanent Neow","StSLib"],"gold_per_floor":[99,116,116,136,136,36,36,55,70,55,55,107,122,153,167,262,262,262,281,293,54,71,98,147,202,221,240,96,127,127,156,172,277,277,277,288,301,317,364,391,391,74,93,105,120,20,120,147,47,47,47,79,28,28,28,28],"floor_reached":57,"language":"ENG","playtime":6998,"items_purged":["hexamod:Strike","hexamod:Strike","hexamod:Strike"],"score":1438,"play_id":"9a8c7750-70a6-4a2a-a23b-890d74606a3a","local_time":"20210203023249","is_ascension_mode":true,"campfire_choices":[{"floor":1,"key":"RECALL"},{"data":"hexamod:Sear","floor":6,"key":"SMITH"},{"data":"hexamod:BurningTouch","floor":11,"key":"SMITH"},{"data":"hexamod:SpectralSpark","floor":18,"key":"SMITH"},{"data":"hexamod:ForkedFlame","floor":30,"key":"SMITH"},{"data":"hexamod:UnlimitedPower","floor":35,"key":"SMITH"},{"data":"hexamod:Defend","floor":46,"key":"PURGE"},{"data":"Normality","floor":49,"key":"PURGE"},{"data":"hexamod:Strike","floor":54,"key":"PURGE"}],"circlet_count":0,"master_deck":["hexamod:Defend","hexamod:Defend","hexamod:Defend","hexamod:Sear+1","hexamod:Float","Panacea","hexamod:FirstSeal","hexamod:PhantomFireball","hexamod:SpectralSpark+1","hexamod:BurningTouch+1","hexamod:StepThrough","hexamod:ChargedBarrage","hexamod:HeatCrush","hexamod:ShieldOfDarkness","hexamod:FlameSwitch","hexamod:HauntingEcho+1","hexamod:Hexaguard","hexamod:EmpoweredFlame","hexamod:Hexaguard","hexamod:ForkedFlame+1","expansioncontent:DashGenerateEvil","hexamod:Rewind","hexamod:FastForward+1","hexamod:AdvancingGuard+1","hexamod:UnlimitedPower+1","hexamod:Hexaguard+1","hexamod:SearingWound","hexamod:Hexaguard+1","hexamod:InspiringFlames+1","hexamod:Rewind+1","hexamod:StepThrough+1","hexamod:ApocalypticArmor+1","Magnetism+1","hexamod:FastForward+1","CurseOfTheBell","CurseOfTheBell","hexamod:Hexaguard"],"relics":["hexamod:SpiritBrand","downfall:HeartBlessingRed","Eternal Feather","Bottled Flame","hexamod:SoulOfChaos","Runic Pyramid","Guardian:PocketSentry","Pantograph","Happy Flower","Mummified Hand","Frozen Egg 2","hexamod:IceCube","Shovel","Peace Pipe","Ginger","downfall:HeartBlessingBlue","downfall:ExtraCursedBell","Blood Vial","Mercury Hourglass","Bird Faced Urn","Dream Catcher","downfall:HeartBlessingGreen","Thread and Needle"],"acts_visited":["Exordium","TheCity","TheBeyond","TheEnding"],"potions_floor_usage":[12,19,23,56,56,56],"damage_taken":[{"damage":0,"enemies":"Cultist","floor":2,"turns":3},{"damage":2,"enemies":"Small Slimes","floor":4,"turns":4},{"damage":1,"enemies":"Jaw Worm","floor":8,"turns":3},{"damage":6,"enemies":"Lots of Slimes","floor":9,"turns":4},{"damage":0,"enemies":"downfall:FleeingMerchant","floor":10,"turns":4},{"damage":0,"enemies":"Lagavulin","floor":12,"turns":4},{"damage":3,"enemies":"Gremlin Gang","floor":13,"turns":4},{"damage":5,"enemies":"Gremlin Nob","floor":14,"turns":3},{"damage":3,"enemies":"Red Slaver","floor":15,"turns":3},{"damage":41,"enemies":"WA_ARCHETYPE_RETAIN","floor":16,"turns":6},{"damage":5,"enemies":"3 Byrds","floor":19,"turns":4},{"damage":2,"enemies":"Shell Parasite","floor":20,"turns":3},{"damage":0,"enemies":"downfall:FleeingMerchant","floor":21,"turns":4},{"damage":5,"enemies":"Sentry and Sphere","floor":22,"turns":4},{"damage":18,"enemies":"Slavers","floor":23,"turns":3},{"damage":0,"enemies":"downfall:FleeingMerchant","floor":25,"turns":4},{"damage":5,"enemies":"Snake Plant","floor":26,"turns":3},{"damage":0,"enemies":"Chosen and Byrds","floor":27,"turns":4},{"damage":11,"enemies":"Gremlin Leader","floor":29,"turns":5},{"damage":0,"enemies":"Book of Stabbing","floor":31,"turns":3},{"damage":0,"enemies":"Cultist and Chosen","floor":32,"turns":3},{"damage":27,"enemies":"IC_MUSHROOM_ARCHETYPE","floor":33,"turns":6},{"damage":0,"enemies":"3 Shapes","floor":36,"turns":4},{"damage":0,"enemies":"Orb Walker","floor":37,"turns":2},{"damage":0,"enemies":"Maw","floor":38,"turns":5},{"damage":3,"enemies":"2 Orb Walkers","floor":39,"turns":4},{"damage":41,"enemies":"Nemesis","floor":40,"turns":5},{"damage":0,"enemies":"Sphere and 2 Shapes","floor":43,"turns":5},{"damage":2,"enemies":"4 Shapes","floor":44,"turns":4},{"damage":0,"enemies":"Transient","floor":45,"turns":6},{"damage":26,"enemies":"Reptomancer","floor":48,"turns":5},{"damage":30,"enemies":"DF_ARCHETYPE_ORBS","floor":50,"turns":5},{"damage":36,"enemies":"downfall:CharBossMerchant","floor":52,"turns":6},{"damage":10,"enemies":"downfall:NeowBoss","floor":55,"turns":11},{"damage":17,"enemies":"downfall:NeowBossFinal","floor":56,"turns":9}],"seed_played":"-5472792203123109676","potions_obtained":[{"floor":4,"key":"SkillPotion"},{"floor":8,"key":"ColorlessPotion"},{"floor":14,"key":"Energy Potion"},{"floor":19,"key":"FearPotion"},{"floor":22,"key":"ColorlessPotion"},{"floor":27,"key":"Explosive Potion"},{"floor":36,"key":"LiquidBronze"},{"floor":38,"key":"Ancient Potion"},{"floor":48,"key":"Slimebound:ThreeZeroPotion"}],"is_trial":false,"path_per_floor":["R","M","?","M","?","R","T","M","M","$","R","E","M","E","M","B",null,"R","M","M","$","M","E","T","$","M","M","$","E","R","E","M","B",null,"R","M","M","M","?","E","T","$","M","M","M","R","?","E","R","B",null,"E","$","R","B","B",null],"character_chosen":"THE_SPIRIT","items_purchased":["Guardian:PocketSentry","expansioncontent:DashGenerateEvil","Happy Flower","Magnetism+1","SpeedPotion"],"campfire_rested":0,"item_purchase_floors":[21,25,28,42,53],"current_hp_per_floor":[70,70,75,75,75,75,75,75,75,75,75,75,75,70,74,40,75,75,75,75,75,75,64,64,71,73,75,75,71,75,75,75,55,75,75,75,75,75,75,41,41,41,48,53,60,85,85,61,82,72,85,60,60,81,82,83],"gold":28,"neow_bonus":"RANDOM_COLORLESS","is_daily":false,"chose_seed":false,"campfire_upgraded":5,"win_rate":0.0,"timestamp":1612337569,"path_taken":["R","M","?","M","?","R","T","M","M","?","R","E","?","E","M","BOSS","R","M","?","$","M","E","T","$","M","M","?","E","R","E","M","BOSS","R","M","M","M","?","E","T","$","M","M","M","R","?","E","R","BOSS","E","$","R","BOSS","BOSS"],"items_purchased_type":["Relic","Card","Relic","Card","Potion"],"build_version":"2020-12-22","purchased_purges":3,"victory":true,"max_hp_per_floor":[70,70,75,75,75,75,75,75,75,75,75,75,75,75,75,75,75,75,75,75,75,75,75,75,75,75,75,75,75,75,75,75,75,75,75,75,75,75,75,75,75,75,75,75,75,85,85,85,85,85,85,85,85,85,85,85],"card_choices":[{"not_picked":["Bandage Up","Madness"],"picked":"Panacea","floor":0},{"not_picked":["hexamod:ShieldOfDarkness","hexamod:SuperheatedStrike"],"picked":"hexamod:FirstSeal","floor":2},{"not_picked":["hexamod:Firestarter","hexamod:FirstSeal"],"picked":"hexamod:PhantomFireball","floor":4},{"not_picked":["hexamod:NightmareStrike","hexamod:HauntingEcho"],"picked":"hexamod:SpectralSpark","floor":8},{"not_picked":["hexamod:Hexaguard","hexamod:PowerFromBeyond"],"picked":"hexamod:BurningTouch","floor":9},{"not_picked":["hexamod:FastForward","hexamod:HauntingEcho"],"picked":"hexamod:StepThrough","floor":10},{"not_picked":["hexamod:NightmareStrike","hexamod:FirstSeal"],"picked":"hexamod:ChargedBarrage","floor":12},{"not_picked":["hexamod:ThermalTransfer","hexamod:FlamesFromBeyond","hexamod:EtherealExpedition"],"picked":"SKIP","floor":13},{"not_picked":["hexamod:SuperheatedStrike","hexamod:BacktrackSmack"],"picked":"hexamod:HeatCrush","floor":14},{"not_picked":["hexamod:UnleashSpirits","hexamod:ThermalTransfer"],"picked":"hexamod:ShieldOfDarkness","floor":15},{"not_picked":["hexamod:TimeWarp","hexamod:WildfireWeapon"],"picked":"hexamod:FlameSwitch","floor":16},{"not_picked":["hexamod:Haunt+1","hexamod:SuperheatedStrike"],"picked":"hexamod:HauntingEcho+1","floor":19},{"not_picked":["hexamod:FastForward","hexamod:RecurringNightmare"],"picked":"hexamod:Hexaguard","floor":20},{"not_picked":["hexamod:SwordOfDarkness","hexamod:FlamesFromBeyond","hexamod:HeatMetal"],"picked":"SKIP","floor":21},{"not_picked":["hexamod:Again","hexamod:SkipABeat"],"picked":"hexamod:EmpoweredFlame","floor":22},{"not_picked":["hexamod:StepThrough","hexamod:FastForward"],"picked":"hexamod:Hexaguard","floor":23},{"not_picked":["hexamod:PhantomFireball+1","hexamod:PowerFromBeyond"],"picked":"hexamod:ForkedFlame","floor":25},{"not_picked":["hexamod:BacktrackSmack","hexamod:GhostOfSpirePast+1"],"picked":"hexamod:Rewind","floor":26},{"not_picked":["hexamod:NightmareGuise","hexamod:SpectersWail+1"],"picked":"hexamod:FastForward+1","floor":27},{"not_picked":["hexamod:RetreatToShadows","hexamod:EtherealExpedition+1"],"picked":"hexamod:AdvancingGuard+1","floor":29},{"not_picked":["hexamod:HeatMetal","hexamod:SoulSteal"],"picked":"hexamod:UnlimitedPower","floor":31},{"not_picked":["hexamod:FourthSeal","hexamod:FlamesFromBeyond"],"picked":"hexamod:Hexaguard+1","floor":32},{"not_picked":["hexamod:GhostOfSpirePresent+1","hexamod:TimeOfNeed"],"picked":"hexamod:SearingWound","floor":33},{"not_picked":["hexamod:CatchUp","hexamod:Haunt"],"picked":"hexamod:Hexaguard+1","floor":36},{"not_picked":["hexamod:ThermalTransfer+1","hexamod:SwordOfDarkness+1"],"picked":"hexamod:InspiringFlames+1","floor":37},{"not_picked":["hexamod:NightmareStrike+1","hexamod:FastForward"],"picked":"hexamod:Rewind+1","floor":38},{"not_picked":["hexamod:InspiringFlames","hexamod:SoulSteal"],"picked":"hexamod:StepThrough+1","floor":39},{"not_picked":["hexamod:PowerFromBeyond+1","hexamod:DynamicBlow+1"],"picked":"hexamod:ApocalypticArmor+1","floor":40},{"not_picked":["hexamod:FlamesFromBeyond","hexamod:BacktrackSmack+1","hexamod:EtherealExpedition"],"picked":"SKIP","floor":43},{"not_picked":["hexamod:AdvancingGuard","hexamod:FlamesFromBeyond"],"picked":"hexamod:FastForward+1","floor":44},{"not_picked":["hexamod:SpectersWail","hexamod:Haunt+1","hexamod:EtherealExpedition"],"picked":"SKIP","floor":45},{"not_picked":["hexamod:ThermalTransfer+1","hexamod:ApocalypseNow","hexamod:FastForward+1"],"picked":"SKIP","floor":48},{"not_picked":["hexamod:SkipABeat+1","hexamod:HauntingEcho+1"],"picked":"hexamod:Hexaguard","floor":52}],"player_experience":783295,"relics_obtained":[{"floor":7,"key":"Eternal Feather"},{"floor":12,"key":"Bottled Flame"},{"floor":14,"key":"hexamod:SoulOfChaos"},{"floor":23,"key":"Pantograph"},{"floor":29,"key":"Mummified Hand"},{"floor":31,"key":"Frozen Egg 2"},{"floor":39,"key":"Shovel"},{"floor":40,"key":"Peace Pipe"},{"floor":41,"key":"Ginger"},{"floor":47,"key":"Blood Vial"},{"floor":47,"key":"Mercury Hourglass"},{"floor":47,"key":"Bird Faced Urn"},{"floor":48,"key":"Dream Catcher"},{"floor":52,"key":"Thread and Needle"}],"event_choices":[{"damage_healed":0,"gold_gain":0,"player_choice":"Donut","damage_taken":0,"max_hp_gain":5,"max_hp_loss":0,"event_name":"Big Fish","floor":3,"gold_loss":0},{"damage_healed":0,"gold_gain":0,"player_choice":"Fight","damage_taken":0,"max_hp_gain":0,"max_hp_loss":0,"event_name":"Mysterious Sphere","floor":39,"gold_loss":0}],"is_beta":false,"boss_relics":[{"not_picked":["Runic Dome","Sozu"],"picked":"Runic Pyramid"},{"not_picked":["Tiny House","Velvet Choker"],"picked":"hexamod:IceCube"}],"items_purged_floors":[21,25,42],"is_endless":false,"potions_floor_spawned":[4,8,14,19,22,27,29,32,33,36,38,44,45,48],"ascension_level":1}}