{"host":"zsnmfqgcm92hlreo","time":1612327849,"event":{"mods":["AchievementEnabler","Act Like it!","BaseMod","Bestiary","Block Reminder","Colored Map","Colored Powertips","Hermit","Jorbs\u0027s Wanderer Trilogy","Minty Spire (QoL Compilation)","Permanent Neow","Quick Restart","Relic Stats","StSLib","Weighted Paths"],"gold_per_floor":[110,127,145,164,176,176,176],"floor_reached":6,"language":"ENG","playtime":248,"items_purged":[],"score":80,"play_id":"41ee7fc0-b63d-4eb9-96d4-95c66ae7eb3c","local_time":"20210202225049","is_ascension_mode":true,"campfire_choices":[],"circlet_count":0,"master_deck":["AscendersBane","Strike_B","Strike_B","Strike_B","Strike_B","Defend_B","Defend_B","Defend_B","Defend_B","Zap","Dualcast","Electrodynamics","Cold Snap","Capacitor","Lockon","Coolheaded","Turbo"],"relics":["Cracked Core"],"acts_visited":["Exordium"],"potions_floor_usage":[6],"damage_taken":[{"damage":1.0,"enemies":"Cultist","floor":1.0,"turns":3.0},{"damage":2.0,"enemies":"Jaw Worm","floor":2.0,"turns":4.0},{"damage":0.0,"enemies":"Small Slimes","floor":3.0,"turns":2.0},{"damage":18.0,"enemies":"Exordium Thugs","floor":4.0,"turns":3.0},{"damage":2.0,"enemies":"Looter","floor":5.0,"turns":4.0},{"damage":45,"enemies":"Lagavulin","floor":6,"turns":6}],"seed_played":"-564958036052341561","potions_obtained":[{"floor":4.0,"key":"Regen Potion"}],"is_trial":false,"path_per_floor":["M","M","M","M","M","E"],"character_chosen":"DEFECT","items_purchased":[],"campfire_rested":0,"item_purchase_floors":[],"current_hp_per_floor":[45,43,43,25,23,0,0],"gold":176,"neow_bonus":"THREE_RARE_CARDS","is_daily":false,"chose_seed":false,"campfire_upgraded":0,"win_rate":0.0,"timestamp":1612327849,"path_taken":["M","M","M","?","?","E"],"items_purchased_type":[],"build_version":"2020-12-22","purchased_purges":0,"victory":false,"max_hp_per_floor":[71,71,71,71,71,71,71],"relic_stats":{"counters":[6,22],"obtain_stats":[{"Cracked Core":0},{"Cracked Core":0},{"Cracked Core":0}]},"card_choices":[{"not_picked":["All For One","Thunder Strike"],"picked":"Electrodynamics","floor":0.0},{"not_picked":["Ball Lightning","Go for the Eyes"],"picked":"Cold Snap","floor":1.0},{"not_picked":["Ball Lightning","Streamline"],"picked":"Capacitor","floor":2.0},{"not_picked":["Rebound","Stack"],"picked":"Lockon","floor":3.0},{"not_picked":["Leap","Redo"],"picked":"Coolheaded","floor":4.0},{"not_picked":["Compile Driver","Leap"],"picked":"Turbo","floor":5.0}],"player_experience":999097,"relics_obtained":[],"event_choices":[],"is_beta":false,"boss_relics":[],"items_purged_floors":[],"is_endless":false,"potions_floor_spawned":[4],"killed_by":"Lagavulin","ascension_level":20}}