{"host":"d61fcf2p3sjwe6yo","time":1612349932,"event":{"mods":["AchievementEnabler","Act Like it!","BaseMod","Colored Map","Gensokyo","Marisa????????","Minty Spire (QoL Compilation)","StSLib","SuperFastMode"],"gold_per_floor":[116,116,116,66,66,98,98,12,12,31,50,67,67,67,67,267,267],"floor_reached":16,"language":"ENG","playtime":1048,"items_purged":[],"score":98,"play_id":"becbbf87-d73a-47cc-a2fd-62a075e19303","local_time":"20210203135851","is_ascension_mode":false,"campfire_choices":[{"data":"BlazeAway","floor":7,"key":"SMITH"},{"data":"WitchOfGreed","floor":15,"key":"SMITH"}],"circlet_count":0,"master_deck":["Strike_MRS","Strike_MRS","Strike_MRS","Defend_MRS","Defend_MRS","Defend_MRS","Defend_MRS","MasterSpark","UpSweep","DC+1","Gensokyo:BlessingOfFortitude","BlazeAway+1","Gensokyo:RustyChest","GalacticHalo+1","FairyDestructionRay","DeepEcoloBomb","WitchOfGreed+1","BlazingStar","Clumsy"],"relics":["MiniHakkero","Gensokyo:PortableGap","Pear","Mercury Hourglass","Meat on the Bone","Gensokyo:NagashiBinaDoll"],"acts_visited":["Gensokyo:Gensokyo"],"potions_floor_usage":[16],"damage_taken":[{"damage":4,"enemies":"Gensokyo:2_Kodama","floor":1,"turns":3},{"damage":2,"enemies":"Gensokyo:Mamizou","floor":6,"turns":7},{"damage":1,"enemies":"Gensokyo:3_Fairies","floor":10,"turns":4},{"damage":0,"enemies":"Gensokyo:Python","floor":11,"turns":3},{"damage":8,"enemies":"Gensokyo:VengefulSpirit","floor":12,"turns":3},{"damage":110,"enemies":"Gensokyo:Reimu","floor":16,"turns":13}],"seed_played":"6471701747064781946","potions_obtained":[{"floor":1,"key":"FairyPotion"},{"floor":6,"key":"GamblersBrew"},{"floor":11,"key":"LiquidBronze"}],"is_trial":false,"path_per_floor":["M","?","?","?","?","E","R","COS","T","M","M","M","?","?","R","B"],"character_chosen":"MARISA","items_purchased":[],"campfire_rested":0,"item_purchase_floors":[],"current_hp_per_floor":[78,74,74,74,69,67,67,67,67,66,66,58,58,58,58,0,0],"gold":267,"neow_bonus":"TEN_PERCENT_HP_BONUS","is_daily":false,"chose_seed":false,"campfire_upgraded":2,"win_rate":0.0,"timestamp":1612349931,"path_taken":["M","?","?","?","?","E","R","COS","T","?","M","M","?","?","R","BOSS"],"items_purchased_type":[],"build_version":"2020-12-22","purchased_purges":0,"victory":false,"max_hp_per_floor":[82,74,74,74,84,84,84,84,84,84,84,84,84,84,84,84,84],"card_choices":[{"not_picked":["Orbital","AsteroidBelt"],"picked":"DC","floor":1},{"not_picked":["GrandCross","PowerUp"],"picked":"BlazeAway","floor":6},{"not_picked":["StarlightTyphoon+1","6A+1"],"picked":"GalacticHalo+1","floor":10},{"not_picked":["WitchLeyline","MachineGunSpark"],"picked":"FairyDestructionRay","floor":10},{"not_picked":["NonDirectionalLaser","DC"],"picked":"DeepEcoloBomb","floor":11},{"not_picked":["NonDirectionalLaser","DoubleSpark"],"picked":"WitchOfGreed","floor":12}],"player_experience":235802,"relics_obtained":[{"floor":6,"key":"Mercury Hourglass"},{"floor":9,"key":"Meat on the Bone"}],"event_choices":[],"is_beta":false,"boss_relics":[],"items_purged_floors":[],"is_endless":false,"potions_floor_spawned":[1,6,11],"killed_by":"Gensokyo:Reimu","ascension_level":0}}