{"host":"fuszjwm6fqgjjp4d","time":1612393987,"event":{"mods":["BaseMod","Bestiary","Colored Map","DeckTracker","Minty Spire (QoL Compilation)","Permanent Neow","Relic Sorter","Relic Stats","StSLib"],"gold_per_floor":[118,5,24,24,24,64,64,64,88,132,97,97,9,59,59,59,59],"floor_reached":16,"language":"ENG","playtime":284,"items_purged":[],"score":208,"play_id":"12c624fb-df30-499c-bf3f-d906c0d418a4","local_time":"20210203171307","is_ascension_mode":true,"campfire_choices":[{"data":"Genetic Algorithm","floor":7,"key":"SMITH"},{"data":"Zap","floor":12,"key":"SMITH"},{"data":"Capacitor","floor":15,"key":"SMITH"}],"circlet_count":0,"master_deck":["AscendersBane","Strike_B","Strike_B","Strike_B","Strike_B","Defend_B","Defend_B","Defend_B","Zap+1","Dualcast","Rebound","Conserve Battery","Genetic Algorithm+1","Glacier","Capacitor+1"],"relics":["Black Star","Golden Idol","InkBottle","Orichalcum","Juzu Bracelet","Centennial Puzzle","Toy Ornithopter"],"acts_visited":["Exordium"],"potions_floor_usage":[6,6],"damage_taken":[{"damage":2,"enemies":"Cultist","floor":1,"turns":4},{"damage":10,"enemies":"2 Louse","floor":3,"turns":2},{"damage":11,"enemies":"Gremlin Nob","floor":6,"turns":3},{"damage":25,"enemies":"Lagavulin","floor":10,"turns":9},{"damage":29,"enemies":"The Guardian","floor":16,"turns":4}],"seed_played":"-6874484790675834655","potions_obtained":[{"floor":3,"key":"LiquidMemories"}],"is_trial":false,"path_per_floor":["M","$","M","$","?","E","R","?","T","E","?","R","$","?","R","B"],"character_chosen":"DEFECT","items_purchased":["Conserve Battery","Fire Potion","Capacitor"],"campfire_rested":0,"item_purchase_floors":[2,2,13],"current_hp_per_floor":[62,62,52,52,52,41,41,34,34,9,25,25,25,25,25,0,0],"gold":59,"neow_bonus":"BOSS_RELIC","is_daily":false,"chose_seed":false,"campfire_upgraded":3,"win_rate":0.0,"timestamp":1612393987,"path_taken":["M","?","M","$","?","E","R","?","T","E","?","R","?","?","R","BOSS"],"items_purchased_type":["Card","Potion","Card"],"build_version":"2020-12-22","purchased_purges":0,"victory":false,"max_hp_per_floor":[71,71,71,71,64,64,64,64,64,64,64,64,64,64,64,64,64],"relic_stats":{"Centennial Puzzle":[3],"counters":[5,22],"Golden Idol":17,"Black Star":2,"Juzu Bracelet":1,"Orichalcum":[24],"obtain_stats":[{"Centennial Puzzle":10,"Golden Idol":5,"Black Star":0,"Juzu Bracelet":9,"Orichalcum":6,"Cracked Core":0,"InkBottle":6,"Toy Ornithopter":10},{"Centennial Puzzle":4,"Golden Idol":2,"Black Star":0,"Juzu Bracelet":3,"Orichalcum":3,"Cracked Core":0,"InkBottle":3,"Toy Ornithopter":4},{"Centennial Puzzle":18,"Golden Idol":6,"Black Star":0,"Juzu Bracelet":9,"Orichalcum":9,"Cracked Core":0,"InkBottle":9,"Toy Ornithopter":18}],"InkBottle":[3],"Toy Ornithopter":0},"card_choices":[{"not_picked":["Cold Snap","Undo"],"picked":"Rebound","floor":1},{"not_picked":["Turbo","Sweeping Beam"],"picked":"Genetic Algorithm","floor":3},{"not_picked":["Multi-Cast","Turbo"],"picked":"Glacier","floor":6},{"not_picked":["Reinforced Body","Leap","Stack"],"picked":"SKIP","floor":10}],"player_experience":1427691,"relics_obtained":[{"floor":6,"key":"InkBottle"},{"floor":6,"key":"Orichalcum"},{"floor":9,"key":"Juzu Bracelet"},{"floor":10,"key":"Centennial Puzzle"},{"floor":10,"key":"Toy Ornithopter"}],"event_choices":[{"damage_healed":0,"gold_gain":0,"player_choice":"Lose Max HP","damage_taken":0,"relics_obtained":["Golden Idol"],"max_hp_gain":0,"max_hp_loss":7,"event_name":"Golden Idol","floor":5,"gold_loss":0},{"cards_removed":["Defend_B"],"damage_healed":0,"gold_gain":0,"player_choice":"Card Removal","damage_taken":7,"max_hp_gain":0,"max_hp_loss":0,"event_name":"Golden Wing","floor":8,"gold_loss":0},{"damage_healed":16,"gold_gain":0,"player_choice":"Healed","damage_taken":0,"max_hp_gain":0,"max_hp_loss":0,"event_name":"The Cleric","floor":11,"gold_loss":35},{"damage_healed":0,"gold_gain":50,"player_choice":"Pray","damage_taken":0,"max_hp_gain":0,"max_hp_loss":0,"event_name":"Golden Shrine","floor":14,"gold_loss":0}],"is_beta":false,"boss_relics":[],"items_purged_floors":[],"is_endless":false,"potions_floor_spawned":[3],"killed_by":"The Guardian","ascension_level":20}}