{"host":"roto7j7840a50pxh","time":1612342677,"event":{"mods":["Act Like it!","BaseMod","Better Altar","Better Note","Better Sensory Stone","Better Skull","Better Third Choice","BetterRewards","Colored Map","Colored Powertips","Downfall","Elementarium","Hermit","Highlight Path","Hubris","Infinite Spire","Minty Spire (QoL Compilation)","Replay The Spire","Shade Mod","Spicy Shops","StSLib","The Construct","The Hierophant","The Jungle","The Necromancer"],"gold_per_floor":[99,111,130,130,144,173,209,221,244,266,312,351,363,375,387,413,435,447,447,447],"floor_reached":18,"language":"ENG","playtime":1854,"items_purged":[],"score":149,"play_id":"65992873-898b-4588-ad65-09ab470e38e7","local_time":"20210203035757","is_ascension_mode":true,"campfire_choices":[{"floor":1.0,"key":"RECALL"},{"floor":8.0,"key":"REST"},{"floor":15.0,"key":"REST"}],"circlet_count":0,"master_deck":["Guardian:Strike_Guardian","Guardian:Strike_Guardian","Guardian:Strike_Guardian","Guardian:Strike_Guardian","Guardian:Defend_Guardian","Guardian:Defend_Guardian","Guardian:Defend_Guardian","Guardian:Defend_Guardian","Guardian:CurlUp","Guardian:TwinSlam","Guardian:DecasProtection","Guardian:DonusPower","Guardian:Incinerate","Guardian:Orbwalk","Guardian:Harden","Guardian:Suspension","Guardian:Gem_Lightblue"],"relics":["Guardian:ModeShifter","CaptainsWheel","MawBank","Pen Nib","Replay:Bottled Snecko"],"acts_visited":["Exordium"],"potions_floor_usage":[18],"damage_taken":[{"damage":8.0,"enemies":"Jaw Worm","floor":2.0,"turns":6.0},{"damage":0.0,"enemies":"Cultist","floor":3.0,"turns":4.0},{"damage":0.0,"enemies":"Small Slimes","floor":5.0,"turns":3.0},{"damage":25.0,"enemies":"Replay:BlueRogue","floor":6.0,"turns":11.0},{"damage":17.0,"enemies":"Exordium Wildlife","floor":9.0,"turns":6.0},{"damage":4.0,"enemies":"Red Slaver","floor":10.0,"turns":5.0},{"damage":15.0,"enemies":"Gremlin Nob","floor":11.0,"turns":3.0},{"damage":18.0,"enemies":"Lots of Slimes","floor":16.0,"turns":4.0},{"damage":0.0,"enemies":"Large Slime","floor":17.0,"turns":7.0},{"damage":24,"enemies":"DF_ARCHETYPE_STREAMLINE","floor":18,"turns":6}],"seed_played":"3440404564464024552","potions_obtained":[{"floor":2.0,"key":"sneckomod:MuddlingPotion"},{"floor":5.0,"key":"sneckomod:MuddlingPotion"},{"floor":10.0,"key":"Swift Potion"},{"floor":11.0,"key":"EssenceOfSteel"}],"is_trial":false,"path_per_floor":["R","M","M","?","M","E","T","R","M","M","E","T","PTL","PTL","R","M","M","B"],"character_chosen":"GUARDIAN","items_purchased":[],"campfire_rested":2,"item_purchase_floors":[],"current_hp_per_floor":[56,48,48,48,48,23,23,47,30,26,11,11,11,11,35,17,17,0,0,0],"gold":447,"neow_bonus":"ONE_RARE_RELIC","is_daily":false,"chose_seed":false,"campfire_upgraded":0,"win_rate":0.0,"timestamp":1612342677,"path_taken":["R","M","M","?","M","E","T","R","M","?","E","?","PTL","PTL","R","M","M","BOSS"],"items_purchased_type":[],"build_version":"2020-12-22","purchased_purges":0,"victory":false,"max_hp_per_floor":[80,80,80,80,80,80,80,80,80,80,80,80,80,80,80,80,80,80,80,80],"card_choices":[{"not_picked":["Guardian:TemporalShield","Guardian:ShieldCharger"],"picked":"Guardian:Gem_White","floor":2.0},{"not_picked":["Guardian:FloatingOrbs","Guardian:RollAttack"],"picked":"Guardian:DecasProtection","floor":3.0},{"not_picked":["Guardian:EvasiveProtocol","Guardian:Gem_Cyan"],"picked":"Guardian:DonusPower","floor":5.0},{"not_picked":["Guardian:Gem_Green","Guardian:Gem_Yellow"],"picked":"Guardian:Incinerate","floor":6.0},{"not_picked":["Guardian:Incinerate","Guardian:AncientConstruct"],"picked":"Guardian:Orbwalk","floor":9.0},{"not_picked":["Guardian:PrismaticBeam","Guardian:ChargeCore"],"picked":"Guardian:Harden","floor":10.0},{"not_picked":["Guardian:BodySlam","Guardian:Clone"],"picked":"Guardian:Gem_Blue","floor":11.0},{"not_picked":["Guardian:Gem_Red","Guardian:BodySlam"],"picked":"Guardian:Suspension","floor":16.0},{"not_picked":["Guardian:Gem_Green","Guardian:GuardianWhirl"],"picked":"Guardian:Gem_Lightblue","floor":17.0}],"player_experience":1548801,"relics_obtained":[{"floor":6.0,"key":"MawBank"},{"floor":7.0,"key":"Pen Nib"},{"floor":11.0,"key":"Replay:Bottled Snecko"}],"event_choices":[{"cards_removed":["Guardian:CurlUp"],"damage_healed":0.0,"max_hp_gain":0.0,"max_hp_loss":0.0,"gold_gain":0.0,"event_name":"betterNote:BetterNote","player_choice":"Give","floor":4.0,"gold_loss":0.0,"damage_taken":0.0,"cards_obtained":["bronze:Repair"]}],"is_beta":false,"boss_relics":[],"items_purged_floors":[],"is_endless":false,"potions_floor_spawned":[2,5,10,11],"killed_by":"DF_ARCHETYPE_STREAMLINE","ascension_level":4}}