{"host":"1qhzi8r9ejho5yph","time":1612352720,"event":{"mods":["AchievementEnabler","BaseMod","Colored Map","Colored Powertips","Highlight Path","Minty Spire (QoL Compilation)","Permanent Neow","Quick Restart","Random Character Button","StSLib","SuperFastMode"],"gold_per_floor":[115,115,44,60,80,80,96,96,119,133,62,79,96,107,107,208,208,224,224,237,56,68,83,83,102,102,79,79,79,98,23,23,121,121,136,155,64,64,64,64,83,117,185,185,205,205,216,38,38,38],"floor_reached":51,"language":"ENG","playtime":1930,"items_purged":["Strike_B","Zap"],"score":698,"play_id":"bb31790f-113a-49d8-b27c-bce5f7ef3d02","local_time":"20210203194520","is_ascension_mode":false,"campfire_choices":[{"data":"Dualcast","floor":6.0,"key":"SMITH"},{"data":"Hologram","floor":8.0,"key":"SMITH"},{"data":"Coolheaded","floor":15.0,"key":"SMITH"},{"data":"Sunder","floor":24.0,"key":"SMITH"},{"floor":29.0,"key":"REST"},{"floor":32.0,"key":"REST"},{"data":"Defragment","floor":40.0,"key":"SMITH"},{"data":"Hologram","floor":44.0,"key":"SMITH"},{"data":"Capacitor","floor":46.0,"key":"SMITH"},{"floor":49.0,"key":"REST"}],"circlet_count":0,"master_deck":["Strike_B+1","Strike_B","Defend_B","Defend_B","Defend_B","Dualcast+1","Defragment+1","Capacitor","Beam Cell+1","Self Repair","Hologram+1","Coolheaded+1","Sunder+1","Rebound","Beam Cell","Go for the Eyes","Machine Learning","Streamline","FTL+1","FTL","Stack","Barrage","Sunder+1","Coolheaded","Sweeping Beam","Steam","Darkness","Stack","Chill","Echo Form","Hologram+1","Consume+1","Defragment+1","Barrage","Madness","Madness","Stack","Glacier","Capacitor+1","Defragment","Force Field","Conserve Battery"],"relics":["FrozenCore","DataDisk","Whetstone","Sozu","Pear","Gremlin Horn","Bronze Scales","Bottled Flame"],"acts_visited":["Exordium","TheCity","TheBeyond"],"potions_floor_usage":[50,50],"damage_taken":[{"damage":5.0,"enemies":"Small Slimes","floor":1.0,"turns":2.0},{"damage":1.0,"enemies":"Cultist","floor":4.0,"turns":3.0},{"damage":0.0,"enemies":"2 Louse","floor":5.0,"turns":2.0},{"damage":10.0,"enemies":"Exordium Thugs","floor":7.0,"turns":4.0},{"damage":14.0,"enemies":"Gremlin Gang","floor":10.0,"turns":5.0},{"damage":0.0,"enemies":"Lots of Slimes","floor":12.0,"turns":4.0},{"damage":7.0,"enemies":"Blue Slaver","floor":13.0,"turns":2.0},{"damage":0.0,"enemies":"Looter","floor":14.0,"turns":2.0},{"damage":1.0,"enemies":"Slime Boss","floor":16.0,"turns":9.0},{"damage":8.0,"enemies":"Shell Parasite","floor":18.0,"turns":3.0},{"damage":22.0,"enemies":"2 Thieves","floor":20.0,"turns":4.0},{"damage":16.0,"enemies":"Snecko","floor":22.0,"turns":4.0},{"damage":10.0,"enemies":"Chosen and Byrds","floor":23.0,"turns":6.0},{"damage":20.0,"enemies":"3 Cultists","floor":25.0,"turns":5.0},{"damage":17.0,"enemies":"Centurion and Healer","floor":30.0,"turns":5.0},{"damage":17.0,"enemies":"Collector","floor":33.0,"turns":10.0},{"damage":0.0,"enemies":"Orb Walker","floor":35.0,"turns":4.0},{"damage":5.0,"enemies":"3 Darklings","floor":36.0,"turns":6.0},{"damage":0.0,"enemies":"Sphere and 2 Shapes","floor":41.0,"turns":4.0},{"damage":29.0,"enemies":"Nemesis","floor":42.0,"turns":9.0},{"damage":3.0,"enemies":"Spire Growth","floor":45.0,"turns":7.0},{"damage":13.0,"enemies":"Maw","floor":47.0,"turns":9.0},{"damage":58,"enemies":"Time Eater","floor":50,"turns":22}],"seed_played":"4157293187080346566","potions_obtained":[{"floor":4.0,"key":"SpeedPotion"},{"floor":5.0,"key":"DistilledChaos"},{"floor":10.0,"key":"Ancient Potion"},{"floor":13.0,"key":"Swift Potion"},{"floor":14.0,"key":"FairyPotion"}],"is_trial":false,"path_per_floor":["M","?","$","M","M","R","M","R","T","M","$","M","M","M","R","B",null,"M","T","M","$","M","M","R","M","T","$","?","R","M","$","R","B",null,"M","M","$","?","?","R","M","E","T","R","M","R","M","$","R","B",null],"character_chosen":"DEFECT","items_purchased":["Capacitor","Sunder","FTL","Stack","Sweeping Beam","Chill","Defragment","Barrage","Force Field","Conserve Battery"],"campfire_rested":3,"item_purchase_floors":[3,11,21,21,27,31,37,37,48,48],"current_hp_per_floor":[70,70,70,69,69,69,66,66,66,59,59,66,66,66,66,72,75,67,77,62,62,53,50,50,30,30,30,30,55,38,38,63,53,85,85,85,85,74,74,74,81,59,59,59,63,63,57,57,82,31],"gold":38,"neow_bonus":"RANDOM_COMMON_RELIC","is_daily":false,"chose_seed":false,"campfire_upgraded":7,"win_rate":0.0,"timestamp":1612352720,"path_taken":["M","?","$","M","M","R","M","R","T","M","$","M","M","M","R","BOSS","M","?","M","$","?","M","R","M","T","$","?","R","M","?","R","BOSS","M","?","?","?","?","R","M","E","T","R","M","R","M","$","R","BOSS"],"items_purchased_type":["Card","Card","Card","Card","Card","Card","Card","Card","Card","Card"],"build_version":"2020-12-22","purchased_purges":2,"victory":true,"max_hp_per_floor":[75,75,75,75,75,75,75,75,75,75,75,75,75,75,75,75,75,75,85,85,85,85,85,85,85,85,85,85,85,85,85,85,85,85,85,85,85,85,85,85,85,85,85,85,85,85,85,85,85,85],"card_choices":[{"not_picked":["Cold Snap","Chill"],"picked":"Defragment","floor":1.0},{"not_picked":["Chaos","Sweeping Beam"],"picked":"Beam Cell","floor":4.0},{"not_picked":["Streamline","Leap"],"picked":"Self Repair","floor":5.0},{"not_picked":["Fusion","Beam Cell"],"picked":"Hologram","floor":7.0},{"not_picked":["BootSequence","Go for the Eyes"],"picked":"Coolheaded","floor":10.0},{"not_picked":["Stack","Aggregate"],"picked":"Rebound","floor":12.0},{"not_picked":["Ball Lightning","Chill"],"picked":"Beam Cell","floor":13.0},{"not_picked":["Thunder Strike","Hologram"],"picked":"Go for the Eyes","floor":14.0},{"not_picked":["Reboot","All For One"],"picked":"Machine Learning","floor":16.0},{"not_picked":["Steam+1","Ball Lightning"],"picked":"Streamline","floor":18.0},{"not_picked":["Consume","Sweeping Beam"],"picked":"FTL+1","floor":20.0},{"not_picked":["Beam Cell","Compile Driver"],"picked":"Barrage","floor":22.0},{"not_picked":["Compile Driver","Steam+1"],"picked":"Sunder+1","floor":23.0},{"not_picked":["FTL","Rebound"],"picked":"Coolheaded","floor":25.0},{"not_picked":["Blizzard+1","Double Energy"],"picked":"Stack","floor":30.0},{"not_picked":["Seek","Reboot"],"picked":"Echo Form","floor":33.0},{"not_picked":["Self Repair","Sweeping Beam"],"picked":"Hologram","floor":35.0},{"not_picked":["Rebound","Core Surge"],"picked":"Consume+1","floor":36.0},{"not_picked":["Barrage","Self Repair+1"],"picked":"Stack","floor":41.0},{"not_picked":["Gash","Rebound+1"],"picked":"Glacier","floor":42.0},{"not_picked":["Beam Cell+1","Turbo+1"],"picked":"Capacitor","floor":45.0},{"not_picked":["Steam Power+1","Chaos+1"],"picked":"Defragment","floor":47.0}],"player_experience":357560,"relics_obtained":[{"floor":9.0,"key":"Whetstone"},{"floor":19.0,"key":"Pear"},{"floor":26.0,"key":"Gremlin Horn"},{"floor":42.0,"key":"Bronze Scales"},{"floor":43.0,"key":"Bottled Flame"}],"event_choices":[{"damage_healed":0.0,"max_hp_gain":0.0,"max_hp_loss":0.0,"gold_gain":0.0,"event_name":"Upgrade Shrine","player_choice":"Upgraded","floor":2.0,"gold_loss":0.0,"damage_taken":0.0,"cards_upgraded":["Defragment"]},{"damage_healed":0.0,"max_hp_gain":0.0,"max_hp_loss":0.0,"gold_gain":0.0,"cards_transformed":["Defend_B","Strike_B"],"event_name":"Drug Dealer","player_choice":"Became Test Subject","floor":28.0,"gold_loss":0.0,"damage_taken":0.0,"cards_obtained":["Steam","Darkness"]},{"damage_healed":0.0,"max_hp_gain":0.0,"max_hp_loss":0.0,"gold_gain":0.0,"event_name":"Winding Halls","player_choice":"Embrace Madness","floor":38.0,"gold_loss":0.0,"damage_taken":11.0,"cards_obtained":["Madness","Madness"]},{"damage_healed":0.0,"max_hp_gain":0.0,"max_hp_loss":0.0,"gold_gain":0.0,"event_name":"Lab","player_choice":"Got Potions","floor":39.0,"gold_loss":0.0,"damage_taken":0.0}],"is_beta":false,"boss_relics":[{"not_picked":["SacredBark","Coffee Dripper"],"picked":"Sozu"},{"not_picked":["Fusion Hammer","Black Star"],"picked":"FrozenCore"}],"items_purged_floors":[21,48],"is_endless":false,"potions_floor_spawned":[4,5,10,13,14,18,20,23,45,47],"ascension_level":0}}