{"host":"l84l8xigz5v5foa2","time":1612318744,"event":{"mods":["2.2 Compatiblity","AchievementEnabler","BaseMod","Better Note","Better Vampires","BetterRewards","Card Filter","Colored Map","DeckTracker","Downfall","Gremlin Skip","Highlight Path","Keyboard Shortcuts","Minty Spire (QoL Compilation)","Permanent Neow","Quick Restart","Relic Filter","Relic Stats","StSLib","SuperFastMode","Transform Curses","Unknown Chances"],"gold_per_floor":[115,115,40,40,40,40,67,67,67,100,100,114,114,114,114,207,207,225,240,240,165,8,40,59,59,109,109,109,122,136,161,161,237,237,252,268,268,268,268,268],"floor_reached":38,"language":"ENG","playtime":1324,"items_purged":["hexamod:Strike"],"score":1086,"play_id":"f3b6ab67-25f7-4668-93ee-64d8e79d0686","local_time":"20210203111904","is_ascension_mode":true,"campfire_choices":[{"data":"hexamod:Float","floor":6.0,"key":"SMITH"},{"data":"hexamod:CatchUp","floor":8.0,"key":"SMITH"},{"data":"Apotheosis","floor":11.0,"key":"SMITH"},{"data":"hexamod:Incineration","floor":13.0,"key":"SMITH"},{"data":"hexamod:ThermalTransfer","floor":15.0,"key":"SMITH"},{"data":"hexamod:GhostOfSpirePast","floor":25.0,"key":"SMITH"},{"data":"hexamod:GiftsFromTheDead","floor":27.0,"key":"SMITH"},{"data":"hexamod:WildfireWeapon","floor":32.0,"key":"SMITH"}],"circlet_count":0,"master_deck":["AscendersBane","hexamod:Strike+1","hexamod:Strike","hexamod:Strike","hexamod:Defend","hexamod:Defend","hexamod:Sear+1","hexamod:Float+1","Apotheosis+1","hexamod:Rewind+1","hexamod:ThermalTransfer+1","hexamod:CatchUp+1","hexamod:GhostflameBarrier+1","hexamod:Incineration+1","hexamod:WildfireWeapon+1","hexamod:SpectralSpark+1","hexamod:ShieldOfDarkness+1","hexamod:GhostOfSpirePast+1","hexamod:StepThrough","hexamod:GiftsFromTheDead+1","hexamod:HeatMetal+1","hexamod:Float+1","hexamod:InspiringFlames+1","hexamod:RainOfEmbers+1","hexamod:FifthSeal","hexamod:FourthSeal","hexamod:SixthSeal","hexamod:FirstSeal","hexamod:ShieldOfDarkness+1"],"relics":["hexamod:SpiritBrand","bronze:DecasWashers","Toxic Egg 2","Orichalcum","Bloody Idol","Coffee Dripper","Calipers","Vajra","Blood Vial","SlaversCollar"],"acts_visited":["Exordium","TheCity","TheBeyond"],"potions_floor_usage":[35,36],"damage_taken":[{"damage":0.0,"enemies":"Small Slimes","floor":1.0,"turns":3.0},{"damage":0.0,"enemies":"Lagavulin","floor":7.0,"turns":6.0},{"damage":1.0,"enemies":"3 Sentries","floor":10.0,"turns":6.0},{"damage":0.0,"enemies":"Jaw Worm","floor":12.0,"turns":2.0},{"damage":0.0,"enemies":"Slime Boss","floor":16.0,"turns":6.0},{"damage":0.0,"enemies":"3 Byrds","floor":18.0,"turns":4.0},{"damage":1.0,"enemies":"2 Thieves","floor":19.0,"turns":3.0},{"damage":31.0,"enemies":"Slavers","floor":23.0,"turns":5.0},{"damage":0.0,"enemies":"Snake Plant","floor":24.0,"turns":3.0},{"damage":0.0,"enemies":"Centurion and Healer","floor":29.0,"turns":4.0},{"damage":0.0,"enemies":"Snecko","floor":30.0,"turns":3.0},{"damage":0.0,"enemies":"Book of Stabbing","floor":31.0,"turns":3.0},{"damage":35.0,"enemies":"Collector","floor":33.0,"turns":7.0},{"damage":23,"enemies":"3 Shapes","floor":35,"turns":5},{"damage":29,"enemies":"3 Darklings","floor":36,"turns":5},{"damage":33,"enemies":"Transient","floor":38,"turns":6}],"seed_played":"-8712916582965427817","potions_obtained":[{"floor":1.0,"key":"GamblersBrew"},{"floor":12.0,"key":"SteroidPotion"},{"floor":16.0,"key":"Weak Potion"},{"floor":18.0,"key":"hexamod:InfernoChargePotion"},{"floor":29.0,"key":"SkillPotion"},{"floor":30.0,"key":"SkillPotion"},{"floor":33.0,"key":"DuplicationPotion"},{"floor":36,"key":"Fruit Juice"},{"floor":36,"key":"DuplicationPotion"}],"is_trial":false,"path_per_floor":["M","?","$","?","?","R","E","R","T","E","R","M","R","?","R","B",null,"M","M","?","?","$","E","M","R","T","R","?","M","M","E","R","B",null,"M","M","?","M"],"character_chosen":"THE_SPIRIT","items_purchased":["hexamod:GhostOfSpirePast","hexamod:StepThrough"],"campfire_rested":0,"item_purchase_floors":[22,22],"current_hp_per_floor":[57,40,40,40,40,40,40,40,40,39,39,39,39,20,20,20,48,48,47,47,47,47,21,26,26,31,31,31,36,41,46,46,18,47,31,14,14,0,0,0],"gold":268,"neow_bonus":"RANDOM_COLORLESS_2","is_daily":false,"chose_seed":false,"campfire_upgraded":8,"win_rate":0.0,"timestamp":1612318744,"path_taken":["M","?","$","?","?","R","E","R","T","E","R","M","R","?","R","BOSS","M","M","?","?","?","E","M","R","T","R","?","M","?","E","R","BOSS","M","M","?","M"],"items_purchased_type":["Card","Card"],"build_version":"2020-12-22","purchased_purges":1,"victory":false,"max_hp_per_floor":[57,57,57,57,57,57,57,57,57,57,57,57,57,57,57,57,57,57,57,57,57,57,57,57,57,57,57,57,57,57,57,57,57,57,57,62,62,62,62,62],"relic_stats":{"Blood Vial":8,"counters":[16,71],"Bloody Idol":45,"Orichalcum":[6],"obtain_stats":[{"Blood Vial":31,"SlaversCollar":34,"Calipers":23,"Golden Idol":14,"bronze:DecasWashers":7,"Bloody Idol":20,"Vajra":26,"Coffee Dripper":17,"Toxic Egg 2":9,"Orichalcum":10,"hexamod:SpiritBrand":0},{"Blood Vial":12,"SlaversCollar":13,"Calipers":8,"Golden Idol":4,"bronze:DecasWashers":2,"Bloody Idol":7,"Vajra":9,"Coffee Dripper":5,"Toxic Egg 2":2,"Orichalcum":3,"hexamod:SpiritBrand":0},{"Blood Vial":48,"SlaversCollar":55,"Calipers":35,"Golden Idol":17,"bronze:DecasWashers":9,"Bloody Idol":30,"Vajra":38,"Coffee Dripper":23,"Toxic Egg 2":9,"Orichalcum":15,"hexamod:SpiritBrand":0}]},"card_choices":[{"not_picked":["The Bomb","Magnetism"],"picked":"Apotheosis","floor":0.0},{"not_picked":["hexamod:BurningTouch","hexamod:FastForward"],"picked":"hexamod:Rewind","floor":1.0},{"not_picked":["hexamod:NightmareStrike","hexamod:ChargedBarrage"],"picked":"hexamod:CatchUp","floor":7.0},{"not_picked":["hexamod:HeatCrush","hexamod:HeatShield+1"],"picked":"hexamod:GhostflameBarrier+1","floor":10.0},{"not_picked":["hexamod:GhostShield+1","hexamod:Again+1"],"picked":"hexamod:Incineration","floor":12.0},{"not_picked":["hexamod:Toasty","hexamod:ParanormalForm"],"picked":"hexamod:WildfireWeapon","floor":16.0},{"not_picked":["hexamod:HeatShield+1","hexamod:BurningTouch+1"],"picked":"hexamod:SpectralSpark+1","floor":18.0},{"not_picked":["hexamod:CatchUp+1","hexamod:RadiantFlame"],"picked":"hexamod:ShieldOfDarkness+1","floor":19.0},{"not_picked":["hexamod:Incineration","hexamod:BacktrackSmack"],"picked":"hexamod:GiftsFromTheDead","floor":23.0},{"not_picked":["hexamod:ShieldOfDarkness+1","hexamod:FourthSeal"],"picked":"hexamod:HeatMetal+1","floor":24.0},{"not_picked":["hexamod:PowerFromBeyond+1","hexamod:FlamesFromBeyond+1","hexamod:HeatMetal"],"picked":"SKIP","floor":29.0},{"not_picked":["hexamod:PowerFromBeyond+1","hexamod:FlamesFromBeyond+1","hexamod:HeatMetal"],"picked":"SKIP","floor":29.0},{"not_picked":["hexamod:SwordOfDarkness","hexamod:NightmareStrike"],"picked":"hexamod:InspiringFlames+1","floor":30.0},{"not_picked":["hexamod:SpectersWail","hexamod:SuperheatedStrike"],"picked":"hexamod:RainOfEmbers+1","floor":31.0},{"not_picked":["hexamod:SearingWound+1","hexamod:GiftsFromTheDead"],"picked":"hexamod:FifthSeal","floor":33.0},{"not_picked":["hexamod:FirstSeal","hexamod:SixthSeal"],"picked":"hexamod:FourthSeal","floor":35},{"not_picked":["hexamod:SecondSeal","hexamod:FirstSeal"],"picked":"hexamod:SixthSeal","floor":35},{"not_picked":["hexamod:BacktrackSmack","hexamod:GhostLash","hexamod:FlamesFromBeyond+1"],"picked":"SKIP","floor":35},{"not_picked":["hexamod:FourthSeal","hexamod:SecondSeal"],"picked":"hexamod:FirstSeal","floor":36},{"not_picked":["hexamod:EtherealExpedition+1","hexamod:PhantomFireball"],"picked":"hexamod:ShieldOfDarkness+1","floor":36}],"player_experience":3525505,"relics_obtained":[{"floor":7.0,"key":"bronze:DecasWashers"},{"floor":9.0,"key":"Toxic Egg 2"},{"floor":10.0,"key":"Orichalcum"},{"floor":23.0,"key":"Calipers"},{"floor":26.0,"key":"Vajra"},{"floor":31.0,"key":"Blood Vial"}],"event_choices":[{"damage_healed":0.0,"max_hp_gain":0.0,"max_hp_loss":0.0,"gold_gain":0.0,"event_name":"Shining Light","player_choice":"Entered Light","floor":2.0,"gold_loss":0.0,"damage_taken":17.0,"cards_upgraded":["hexamod:Strike","hexamod:Rewind"]},{"damage_healed":0.0,"max_hp_gain":0.0,"max_hp_loss":0.0,"gold_gain":0.0,"cards_transformed":["hexamod:Defend"],"event_name":"Living Wall","player_choice":"Change","floor":4.0,"gold_loss":0.0,"damage_taken":0.0,"cards_obtained":["hexamod:ThermalTransfer"]},{"damage_healed":0.0,"max_hp_gain":0.0,"max_hp_loss":0.0,"gold_gain":0.0,"event_name":"Liars Game","player_choice":"Ignored","floor":5.0,"gold_loss":0.0,"damage_taken":0.0},{"damage_healed":0.0,"max_hp_gain":0.0,"max_hp_loss":0.0,"gold_gain":0.0,"event_name":"Golden Idol","player_choice":"Take Damage","floor":14.0,"gold_loss":0.0,"damage_taken":19.0,"relics_obtained":["Golden Idol"]},{"damage_healed":0.0,"max_hp_gain":0.0,"max_hp_loss":0.0,"gold_gain":0.0,"event_name":"Forgotten Altar","player_choice":"Gave Idol","floor":20.0,"relics_lost":["Golden Idol"],"gold_loss":0.0,"damage_taken":0.0,"relics_obtained":["Bloody Idol"]},{"cards_removed":["hexamod:Defend"],"damage_healed":0.0,"max_hp_gain":0.0,"max_hp_loss":0.0,"gold_gain":0.0,"event_name":"Beggar","player_choice":"Gave Gold","floor":21.0,"gold_loss":75.0,"damage_taken":0.0},{"damage_healed":0.0,"max_hp_gain":0.0,"max_hp_loss":0.0,"gold_gain":0.0,"event_name":"Duplicator","player_choice":"Copied","floor":28.0,"gold_loss":0.0,"damage_taken":0.0,"cards_obtained":["hexamod:Float"]},{"damage_healed":0,"gold_gain":0,"player_choice":"Ignored","damage_taken":0,"max_hp_gain":0,"max_hp_loss":0,"event_name":"The Moai Head","floor":37,"gold_loss":0}],"is_beta":false,"boss_relics":[{"not_picked":["Empty Cage","hexamod:IceCube"],"picked":"Coffee Dripper"},{"not_picked":["Calling Bell","SacredBark"],"picked":"SlaversCollar"}],"items_purged_floors":[3],"is_endless":false,"potions_floor_spawned":[1,12,16,18,19,29,30,33,36],"killed_by":"Transient","ascension_level":20}}