{"host":"p7cjtxxrilhp4dw7","time":1612331277,"event":{"mods":["BaseMod","Block Reminder","Colored Map","Curses Come First","Highlight Path","Minty Spire (QoL Compilation)","Replay The Spire","StSLib","The Hierophant"],"gold_per_floor":[114,130,130,144,124,158,158,178,178,178,197,561,587,598,598,702,702,717,729,654,664,682,682,708,708,733,733,206,206,240,240,240,240,240],"floor_reached":33,"language":"ENG","playtime":4984,"items_purged":["Defend_B"],"score":468,"play_id":"3eefb09b-ee78-409d-aee5-cb81c942083a","local_time":"20210202224757","is_ascension_mode":true,"campfire_choices":[{"data":"Zap","floor":7,"key":"SMITH"},{"floor":10,"key":"REST"},{"floor":15,"key":"REST"},{"floor":23,"key":"REST"},{"floor":25,"key":"REST"},{"data":"Hologram","floor":27,"key":"SMITH"},{"data":"ReplaySolidLightProjector","floor":29,"key":"SMITH"},{"floor":32,"key":"DIG"}],"circlet_count":0,"master_deck":["AscendersBane","Strike_B","Strike_B+1","Strike_B","Defend_B+1","Defend_B","Defend_B","Zap+1","Dualcast","Sweeping Beam","ReplaySolidLightProjector+1","Reinforced Body","Ball Lightning","Cold Snap","Go for the Eyes","ReplayTheSpireMod:Reroute Power","Coolheaded","Capacitor+1","Hologram+1","FTL+1","Panic Button","Electrodynamics","Core Surge","Redo"],"relics":["Cracked Core","Toy Ornithopter","Vajra","Meat on the Bone","Old Coin","Geode","Nuclear Battery","White Beast Statue","Bag of Preparation","Strawberry","Chemical X","Orichalcum","Simple Rune"],"acts_visited":["Exordium","TheCity"],"potions_floor_usage":[6,11,16,21,21,22,24,33],"damage_taken":[{"damage":2,"enemies":"Jaw Worm","floor":1,"turns":3},{"damage":1,"enemies":"Cultist","floor":2,"turns":3},{"damage":2,"enemies":"2 Louse","floor":4,"turns":4},{"damage":13,"enemies":"Gremlin Nob","floor":6,"turns":3},{"damage":6,"enemies":"Looter","floor":8,"turns":3},{"damage":3,"enemies":"Gremlin Gang","floor":11,"turns":2},{"damage":16,"enemies":"Gremlin Nob","floor":12,"turns":4},{"damage":29,"enemies":"3 Sentries","floor":13,"turns":5},{"damage":1,"enemies":"Blue Slaver","floor":14,"turns":2},{"damage":19,"enemies":"Fading Forest","floor":16,"turns":11},{"damage":22,"enemies":"Spheric Guardian","floor":18,"turns":4},{"damage":7,"enemies":"Chosen","floor":19,"turns":5},{"damage":3,"enemies":"Snecko","floor":21,"turns":4},{"damage":32,"enemies":"Centurion and Healer","floor":22,"turns":8},{"damage":38,"enemies":"Slavers","floor":24,"turns":8},{"damage":5,"enemies":"Gremlin Leader","floor":30,"turns":5},{"damage":121,"enemies":"Automaton","floor":33,"turns":12}],"seed_played":"7452558086388741868","potions_obtained":[{"floor":1,"key":"Explosive Potion"},{"floor":2,"key":"LiquidBronze"},{"floor":5,"key":"EssenceOfDarkness"},{"floor":6,"key":"Milkshake"},{"floor":13,"key":"Strength Potion"},{"floor":14,"key":"DuplicationPotion"},{"floor":19,"key":"FocusPotion"},{"floor":21,"key":"Fruit Juice"},{"floor":30,"key":"Toxic Potion"}],"is_trial":false,"path_per_floor":["M","M","?","M","?","E","R","M","T","R","M","?","E","M","R","B",null,"M","M","?","M","M","R","E","R","T","R","$","R","E","?","R_BF","B"],"character_chosen":"DEFECT","items_purchased":["Strawberry","Chemical X","Core Surge"],"campfire_rested":4,"item_purchase_floors":[28,28,28],"current_hp_per_floor":[66,65,65,63,63,55,55,49,49,71,72,56,39,38,60,46,68,46,39,39,51,36,60,39,63,63,63,70,70,65,97,97,0,0],"gold":240,"neow_bonus":"RANDOM_COMMON_RELIC","is_daily":false,"chose_seed":false,"campfire_upgraded":3,"win_rate":0.0,"timestamp":1612331277,"path_taken":["M","M","?","?","?","E","R","M","T","R","?","?","E","M","R","BOSS","M","M","?","M","M","R","E","R","T","R","$","R","E","?","R_BF","BOSS"],"items_purchased_type":["Relic","Relic","Card"],"build_version":"2020-12-22","purchased_purges":1,"victory":false,"max_hp_per_floor":[75,75,75,75,75,75,75,75,75,75,75,75,75,75,75,75,75,75,75,75,80,80,80,80,80,80,80,87,87,87,97,97,97,97],"card_choices":[{"not_picked":["BasicCrystalCard","Rebound"],"picked":"Sweeping Beam","floor":1},{"not_picked":["Reprogram","Loop"],"picked":"ReplaySolidLightProjector","floor":2},{"not_picked":["Heatsinks","Streamline","FIFO Queue"],"picked":"SKIP","floor":4},{"not_picked":["Barrage","Steam"],"picked":"Ball Lightning","floor":6},{"not_picked":["Compile Driver","Recycle"],"picked":"Cold Snap","floor":8},{"not_picked":["Consume","Redo","Leap"],"picked":"SKIP","floor":11},{"not_picked":["Reinforced Body","Reprogram"],"picked":"Go for the Eyes","floor":12},{"not_picked":["Leap","Hello World"],"picked":"ReplayTheSpireMod:Reroute Power","floor":13},{"not_picked":["Sweeping Beam","Crystallizer"],"picked":"Coolheaded","floor":14},{"not_picked":["Machine Learning","Meteor Strike"],"picked":"Thunder Strike","floor":16},{"not_picked":["Turbo","Skim"],"picked":"Capacitor+1","floor":18},{"not_picked":["Beam Cell","Compile Driver"],"picked":"Hologram","floor":19},{"not_picked":["Barrage+1","Steam"],"picked":"FTL+1","floor":21},{"not_picked":["Rebound","Sweeping Beam"],"picked":"Panic Button","floor":22},{"not_picked":["Ball Lightning","Redo"],"picked":"Electrodynamics","floor":24},{"not_picked":["Sweeping Beam","Darkness"],"picked":"Redo","floor":30}],"player_experience":622312,"relics_obtained":[{"floor":6,"key":"Vajra"},{"floor":9,"key":"Meat on the Bone"},{"floor":12,"key":"Old Coin"},{"floor":13,"key":"Geode"},{"floor":24,"key":"White Beast Statue"},{"floor":26,"key":"Bag of Preparation"},{"floor":30,"key":"Orichalcum"},{"floor":32,"key":"Simple Rune"}],"event_choices":[{"damage_healed":0,"gold_gain":0,"player_choice":"1 cards matched","damage_taken":0,"max_hp_gain":0,"max_hp_loss":0,"event_name":"Match and Keep!","floor":3,"gold_loss":0,"cards_obtained":["Reinforced Body"]},{"damage_healed":0,"gold_gain":0,"player_choice":"Bought 1 Potion","damage_taken":0,"max_hp_gain":0,"max_hp_loss":0,"event_name":"The Woman in Blue","floor":5,"gold_loss":0},{"damage_healed":0,"gold_gain":0,"player_choice":"Searched \u00272\u0027 times","damage_taken":0,"max_hp_gain":0,"max_hp_loss":0,"event_name":"Dead Adventurer","floor":12,"gold_loss":0},{"cards_removed":["Strike_B"],"damage_healed":0,"gold_gain":0,"player_choice":"Gave Gold","damage_taken":0,"max_hp_gain":0,"max_hp_loss":0,"event_name":"Beggar","floor":20,"gold_loss":75},{"cards_removed":["Thunder Strike"],"damage_healed":22,"gold_gain":0,"player_choice":"Offered Rare","damage_taken":0,"max_hp_gain":10,"max_hp_loss":0,"event_name":"Bonfire Elementals","floor":31,"gold_loss":0}],"is_beta":false,"boss_relics":[{"not_picked":["Ectoplasm","Honey Jar"],"picked":"Nuclear Battery"}],"items_purged_floors":[28],"is_endless":false,"potions_floor_spawned":[1,2,6,13,14,19,21,30],"killed_by":"Automaton","ascension_level":10}}