{"host":"Nexxot","time":1612343096,"event":{"mods":["AchievementEnabler","BaseMod","Bestiary","Colored Map","Curses Come First","Highlight Path","Minty Spire (QoL Compilation)","Relic Stats","StSLib"],"gold_per_floor":[113,129,141,160,160,160,160],"floor_reached":6,"language":"ENG","playtime":251,"items_purged":[],"score":57,"play_id":"a58e30e5-75f8-41bd-997e-5f31c033d11a","local_time":"20210203100456","is_ascension_mode":true,"campfire_choices":[],"circlet_count":0,"master_deck":["AscendersBane","Strike_B","Strike_B","Strike_B","Strike_B","Defend_B+1","Defend_B","Defend_B","Defend_B","Zap","Dualcast","CurseOfTheBell","Compile Driver","Sunder","Rip and Tear+1","Chill"],"relics":["Calling Bell","Dream Catcher","Cables","TungstenRod"],"acts_visited":["Exordium"],"potions_floor_usage":[6,6,6],"damage_taken":[{"damage":2,"enemies":"2 Louse","floor":1,"turns":4},{"damage":0,"enemies":"Cultist","floor":2,"turns":3},{"damage":11,"enemies":"Jaw Worm","floor":3,"turns":4},{"damage":23,"enemies":"Large Slime","floor":4,"turns":7},{"damage":20,"enemies":"Gremlin Nob","floor":6,"turns":4}],"seed_played":"2239545183483746644","potions_obtained":[{"floor":1,"key":"SteroidPotion"},{"floor":2,"key":"GamblersBrew"},{"floor":4,"key":"Weak Potion"}],"is_trial":false,"path_per_floor":["M","M","M","M","?","E"],"character_chosen":"DEFECT","items_purchased":[],"campfire_rested":0,"item_purchase_floors":[],"current_hp_per_floor":[66,66,55,32,18,0,0],"gold":160,"neow_bonus":"BOSS_RELIC","is_daily":false,"chose_seed":false,"campfire_upgraded":0,"win_rate":0.0,"timestamp":1612343096,"path_taken":["M","M","M","M","?","E"],"items_purchased_type":[],"build_version":"2020-12-18","purchased_purges":0,"victory":false,"max_hp_per_floor":[75,75,75,75,75,75,75],"relic_stats":{"Dream Catcher":0,"counters":[5,22],"obtain_stats":[{"Calling Bell":0,"Dream Catcher":0,"Cracked Core":0,"TungstenRod":0,"Cables":0},{"Calling Bell":0,"Dream Catcher":0,"Cracked Core":0,"TungstenRod":0,"Cables":0},{"Calling Bell":0,"Dream Catcher":0,"Cracked Core":0,"TungstenRod":0,"Cables":0}],"TungstenRod":13,"Cables":[9,8,1,0,0]},"card_choices":[{"not_picked":["Hello World","Scrape"],"picked":"Compile Driver","floor":1},{"not_picked":["Streamline","Turbo"],"picked":"Sunder","floor":2},{"not_picked":["Streamline","Aggregate"],"picked":"Rip and Tear","floor":3},{"not_picked":["Redo","Gash"],"picked":"Chill","floor":4}],"player_experience":348335,"relics_obtained":[{"floor":0,"key":"Dream Catcher"},{"floor":0,"key":"Cables"},{"floor":0,"key":"TungstenRod"}],"event_choices":[{"damage_healed":0,"gold_gain":0,"player_choice":"Entered Light","damage_taken":15,"max_hp_gain":0,"max_hp_loss":0,"event_name":"Shining Light","floor":5,"gold_loss":0,"cards_upgraded":["Rip and Tear","Defend_B"]}],"is_beta":true,"boss_relics":[],"items_purged_floors":[],"is_endless":false,"potions_floor_spawned":[1,2,4],"killed_by":"Gremlin Nob","ascension_level":10}}