{"host":"fj5i6t4nkss7815d","time":1612338294,"event":{"mods":["AchievementEnabler","BaseMod","Minty Spire (QoL Compilation)","Quick Restart","Relic Stats"],"gold_per_floor":[114,114,39,39,189,189,208,283,283,315,0,0,30,46,46,123,123,96,146,164,124,141,141,141,141],"floor_reached":24,"language":"ENG","playtime":1389,"items_purged":["Doubt"],"score":454,"play_id":"aee0eb74-4a9d-4fff-b636-565115653b68","local_time":"20210202234454","is_ascension_mode":true,"campfire_choices":[{"data":"Vigilance","floor":6.0,"key":"SMITH"},{"data":"Nirvana","floor":12.0,"key":"SMITH"},{"floor":15.0,"key":"REST"},{"floor":23,"key":"REST"}],"circlet_count":0,"master_deck":["AscendersBane","Strike_P","Strike_P","Strike_P","Defend_P","Defend_P","Defend_P","Defend_P","Eruption+1","Vigilance+1","Weave","Nirvana+1","JustLucky","ThirdEye","Devotion","FollowUp","DevaForm","CurseOfTheBell","CrushJoints","JustLucky","InnerPeace+1"],"relics":["PureWater","NeowsBlessing","Mercury Hourglass","Centennial Puzzle","Potion Belt","Meat on the Bone","Calling Bell","Smiling Mask","Yang","Incense Burner"],"acts_visited":["Exordium","TheCity"],"potions_floor_usage":[22,22],"damage_taken":[{"damage":0.0,"enemies":"Jaw Worm","floor":1.0,"turns":1.0},{"damage":0.0,"enemies":"2 Louse","floor":7.0,"turns":1.0},{"damage":0.0,"enemies":"Lagavulin","floor":10.0,"turns":1.0},{"damage":23.0,"enemies":"3 Sentries","floor":13.0,"turns":10.0},{"damage":1.0,"enemies":"Cultist","floor":14.0,"turns":3.0},{"damage":53.0,"enemies":"Slime Boss","floor":16.0,"turns":10.0},{"damage":26.0,"enemies":"2 Thieves","floor":18.0,"turns":4.0},{"damage":23.0,"enemies":"Shell Parasite","floor":20.0,"turns":7.0},{"damage":8,"enemies":"Snecko","floor":22,"turns":8},{"damage":39,"enemies":"Slavers","floor":24,"turns":4}],"seed_played":"-1462855103602582071","potions_obtained":[{"floor":10.0,"key":"Ancient Potion"},{"floor":18.0,"key":"BottledMiracle"},{"floor":21.0,"key":"Ancient Potion"},{"floor":21.0,"key":"Fruit Juice"},{"floor":21.0,"key":"Weak Potion"}],"is_trial":false,"path_per_floor":["M","?","?","$","?","R","M","?","T","E","$","R","E","M","R","B",null,"M","?","M","?","M","R","E"],"character_chosen":"WATCHER","items_purchased":["JustLucky","ThirdEye","Potion Belt"],"campfire_rested":2,"item_purchase_floors":[11,11,11],"current_hp_per_floor":[61,61,61,61,61,61,61,50,50,50,50,50,27,38,58,17,55,41,41,30,35,39,60,21,21],"gold":141,"neow_bonus":"THREE_ENEMY_KILL","is_daily":false,"chose_seed":false,"campfire_upgraded":2,"win_rate":0.0,"timestamp":1612338294,"path_taken":["M","?","?","?","?","R","?","?","T","E","$","R","E","M","R","BOSS","M","?","M","?","M","R","E"],"items_purchased_type":["Card","Card","Relic"],"build_version":"2020-12-22","purchased_purges":1,"victory":false,"max_hp_per_floor":[68,68,68,68,68,68,68,68,68,68,68,68,68,68,68,68,68,68,68,68,73,73,73,73,73],"relic_stats":{"Centennial Puzzle":[21],"counters":[10,47],"Yang":[58],"Smiling Mask":0,"obtain_stats":[{"Potion Belt":11,"Calling Bell":17,"Centennial Puzzle":10,"NeowsBlessing":0,"Yang":17,"Incense Burner":17,"PureWater":0,"Smiling Mask":17,"Mercury Hourglass":9,"Meat on the Bone":13},{"Potion Belt":3,"Calling Bell":6,"Centennial Puzzle":3,"NeowsBlessing":0,"Yang":6,"Incense Burner":6,"PureWater":0,"Smiling Mask":6,"Mercury Hourglass":2,"Meat on the Bone":4},{"Potion Belt":3,"Calling Bell":24,"Centennial Puzzle":3,"NeowsBlessing":0,"Yang":24,"Incense Burner":24,"PureWater":0,"Smiling Mask":24,"Mercury Hourglass":2,"Meat on the Bone":12}],"Mercury Hourglass":[207],"Meat on the Bone":60},"card_choices":[{"not_picked":["JustLucky","FlurryOfBlows"],"picked":"Weave","floor":1.0},{"not_picked":["Sanctity","EmptyFist"],"picked":"Nirvana","floor":7.0},{"not_picked":["Halt","Crescendo","EmptyBody"],"picked":"SKIP","floor":10.0},{"not_picked":["MentalFortress","Vengeance"],"picked":"Devotion","floor":13.0},{"not_picked":["ThirdEye","ClearTheMind"],"picked":"FollowUp","floor":14.0},{"not_picked":["Vault","Wish"],"picked":"DevaForm","floor":16.0},{"not_picked":["Consecrate","SashWhip"],"picked":"CrushJoints","floor":18.0},{"not_picked":["EmptyFist","SashWhip"],"picked":"JustLucky","floor":20.0},{"not_picked":["EmptyBody+1","Consecrate"],"picked":"InnerPeace+1","floor":22}],"player_experience":999137,"relics_obtained":[{"floor":9.0,"key":"Mercury Hourglass"},{"floor":10.0,"key":"Centennial Puzzle"},{"floor":13.0,"key":"Meat on the Bone"},{"floor":17.0,"key":"Smiling Mask"},{"floor":17.0,"key":"Yang"},{"floor":17.0,"key":"Incense Burner"}],"event_choices":[{"damage_healed":0.0,"max_hp_gain":0.0,"max_hp_loss":0.0,"gold_gain":0.0,"event_name":"Living Wall","player_choice":"Grow","floor":2.0,"gold_loss":0.0,"damage_taken":0.0,"cards_upgraded":["Eruption"]},{"cards_removed":["Strike_P"],"damage_healed":0.0,"max_hp_gain":0.0,"max_hp_loss":0.0,"gold_gain":0.0,"event_name":"The Cleric","player_choice":"Card Removal","floor":3.0,"gold_loss":75.0,"damage_taken":0.0},{"damage_healed":0.0,"max_hp_gain":0.0,"max_hp_loss":0.0,"gold_gain":150.0,"event_name":"Liars Game","player_choice":"AGREE","floor":5.0,"gold_loss":0.0,"damage_taken":0.0,"cards_obtained":["Doubt"]},{"damage_healed":0.0,"max_hp_gain":0.0,"max_hp_loss":0.0,"gold_gain":75.0,"event_name":"World of Goop","player_choice":"Gather Gold","floor":8.0,"gold_loss":0.0,"damage_taken":11.0},{"damage_healed":0.0,"max_hp_gain":0.0,"max_hp_loss":0.0,"gold_gain":50.0,"event_name":"Nest","player_choice":"Stole From Cult","floor":19.0,"gold_loss":0.0,"damage_taken":0.0},{"damage_healed":0.0,"max_hp_gain":0.0,"max_hp_loss":0.0,"gold_gain":0.0,"event_name":"The Woman in Blue","player_choice":"Bought 3 Potions","floor":21.0,"gold_loss":0.0,"damage_taken":0.0}],"is_beta":false,"boss_relics":[{"not_picked":["Velvet Choker","SlaversCollar"],"picked":"Calling Bell"}],"items_purged_floors":[11],"is_endless":false,"potions_floor_spawned":[10,18],"killed_by":"Slavers","ascension_level":20}}