{"host":"fwes8e3a36usabj9","time":1612314047,"event":{"mods":["BaseMod","Colored Map","Colored Powertips","Minty Spire (QoL Compilation)"],"gold_per_floor":[110,121,132,143,143,143,175,191,191,191,366,366,385,395,395,493,493,510,121,220,230,241,241,241],"floor_reached":23,"language":"ENG","playtime":4939,"items_purged":["Strike_G"],"score":254,"play_id":"f7c8a751-1f7f-4371-b8a3-703314e1a242","local_time":"20210202170047","is_ascension_mode":true,"campfire_choices":[{"data":"Leg Sweep","floor":6.0,"key":"SMITH"},{"floor":10.0,"key":"REST"},{"data":"Dagger Spray","floor":15.0,"key":"SMITH"}],"circlet_count":0,"master_deck":["Strike_G","Strike_G","Strike_G","Strike_G","Defend_G","Defend_G","Defend_G","Defend_G","Defend_G","Survivor","Neutralize","Bane","Leg Sweep+1","Well Laid Plans","Bane","Dagger Spray+1","Deadly Poison","Heel Hook","Corpse Explosion","Outmaneuver","Skewer+1"],"relics":["Ring of the Snake","Snake Skull","InkBottle","Frozen Egg 2","Philosopher\u0027s Stone","The Specimen"],"acts_visited":["Exordium","TheCity"],"potions_floor_usage":[],"damage_taken":[{"damage":0.0,"enemies":"2 Louse","floor":1.0,"turns":4.0},{"damage":0.0,"enemies":"Small Slimes","floor":2.0,"turns":3.0},{"damage":1.0,"enemies":"Jaw Worm","floor":3.0,"turns":7.0},{"damage":5.0,"enemies":"Red Slaver","floor":4.0,"turns":7.0},{"damage":27.0,"enemies":"3 Sentries","floor":7.0,"turns":15.0},{"damage":1.0,"enemies":"Blue Slaver","floor":8.0,"turns":6.0},{"damage":0.0,"enemies":"Looter","floor":13.0,"turns":4.0},{"damage":0.0,"enemies":"2 Fungi Beasts","floor":14.0,"turns":4.0},{"damage":22.0,"enemies":"Hexaghost","floor":16.0,"turns":11.0},{"damage":0.0,"enemies":"Chosen","floor":18.0,"turns":4.0},{"damage":25.0,"enemies":"2 Thieves","floor":21.0,"turns":3.0},{"damage":18,"enemies":"Snecko","floor":22,"turns":5},{"damage":25,"enemies":"Gremlin Leader","floor":23,"turns":2}],"seed_played":"-6381752233556095968","potions_obtained":[{"floor":2.0,"key":"EssenceOfSteel"},{"floor":8.0,"key":"FearPotion"},{"floor":14.0,"key":"GhostInAJar"},{"floor":18.0,"key":"Poison Potion"},{"floor":21.0,"key":"Fruit Juice"}],"is_trial":false,"path_per_floor":["M","M","M","M","?","R","E","M","T","R","?","?","M","M","R","B",null,"M","$","?","M","M","E"],"character_chosen":"THE_SILENT","items_purchased":["The Specimen"],"campfire_rested":1,"item_purchase_floors":[19],"current_hp_per_floor":[63,63,62,57,57,57,30,29,29,50,50,50,50,50,50,28,60,60,60,60,40,22,0,0],"gold":241,"neow_bonus":"RANDOM_COMMON_RELIC","is_daily":false,"chose_seed":false,"campfire_upgraded":2,"win_rate":0.0,"timestamp":1612314047,"path_taken":["M","M","M","M","?","R","E","M","T","R","?","?","M","?","R","BOSS","M","$","?","M","M","E"],"items_purchased_type":["Relic"],"build_version":"2020-12-22","purchased_purges":1,"victory":false,"max_hp_per_floor":[70,70,70,70,70,70,70,70,70,70,70,70,70,70,70,70,70,70,70,70,75,75,75,75],"card_choices":[{"not_picked":["Dagger Spray","Deflect"],"picked":"Bane","floor":1.0},{"not_picked":["Slice","Cloak And Dagger"],"picked":"Leg Sweep","floor":2.0},{"not_picked":["Dagger Spray","Acrobatics"],"picked":"Well Laid Plans","floor":3.0},{"not_picked":["Acrobatics","Reflex"],"picked":"Bane","floor":4.0},{"not_picked":["Acrobatics","Quick Slash"],"picked":"Dagger Spray","floor":7.0},{"not_picked":["Deflect","Well Laid Plans","Bane"],"picked":"SKIP","floor":8.0},{"not_picked":["Dagger Throw","Caltrops+1"],"picked":"Deadly Poison","floor":13.0},{"not_picked":["Blade Dance","Phantasmal Killer"],"picked":"Heel Hook","floor":14.0},{"not_picked":["After Image+1","Venomology"],"picked":"Corpse Explosion","floor":16.0},{"not_picked":["Dagger Throw","Dagger Spray"],"picked":"Outmaneuver","floor":18.0},{"not_picked":["Reflex","Dodge and Roll"],"picked":"Skewer+1","floor":21.0},{"not_picked":["Underhanded Strike","Dodge and Roll","Phantasmal Killer"],"picked":"SKIP","floor":22}],"player_experience":705000,"relics_obtained":[{"floor":7.0,"key":"InkBottle"},{"floor":9.0,"key":"Frozen Egg 2"}],"event_choices":[{"damage_healed":0.0,"max_hp_gain":0.0,"max_hp_loss":0.0,"gold_gain":0.0,"event_name":"The Cleric","player_choice":"Leave","floor":5.0,"gold_loss":0.0,"damage_taken":0.0},{"damage_healed":0.0,"max_hp_gain":0.0,"max_hp_loss":0.0,"gold_gain":175.0,"event_name":"Liars Game","player_choice":"AGREE","floor":11.0,"gold_loss":0.0,"damage_taken":0.0,"cards_obtained":["Doubt"]},{"cards_removed":["Doubt"],"damage_healed":0.0,"max_hp_gain":0.0,"max_hp_loss":0.0,"gold_gain":0.0,"event_name":"Purifier","player_choice":"Purged","floor":12.0,"gold_loss":0.0,"damage_taken":0.0},{"damage_healed":0.0,"max_hp_gain":0.0,"max_hp_loss":0.0,"gold_gain":99.0,"event_name":"Nest","player_choice":"Stole From Cult","floor":20.0,"gold_loss":0.0,"damage_taken":0.0}],"is_beta":false,"boss_relics":[{"not_picked":["Snecko Eye","Pandora\u0027s Box"],"picked":"Philosopher\u0027s Stone"}],"items_purged_floors":[19],"is_endless":false,"potions_floor_spawned":[2,8,14,18,21],"killed_by":"Gremlin Leader","ascension_level":6}}