{"host":"rf8f5793azs0jd9i","time":1612338808,"event":{"mods":["AchievementEnabler","Aspiration","BaseMod","Colored Powertips","Hubris","Infinite Spire","Minty Spire (QoL Compilation)","Replay The Spire","StSLib"],"gold_per_floor":[110,123,123,4402,4412,4412,4442,4442,4442,4392,4392,4392],"floor_reached":11,"language":"ENG","playtime":267,"items_purged":["Strike_R"],"score":78,"play_id":"1f5bbaba-6e52-4474-b784-aed64986a8be","local_time":"20210203015328","is_ascension_mode":true,"campfire_choices":[{"data":"Bash","floor":6,"key":"SMITH"},{"data":"hubris:ReadiedAction","floor":8,"key":"SMITH"}],"circlet_count":0,"master_deck":["Strike_R","Strike_R","Strike_R","Defend_R","Defend_R","Defend_R","Defend_R","Bash+1","hubris:ReadiedAction+1"],"relics":["Burning Blood","NeowsBlessing","aspiration:HiddenCompartment","Counterbalance","hubris:FunFungus","Prayer Wheel","Garlic"],"acts_visited":["Exordium"],"potions_floor_usage":[7],"damage_taken":[{"damage":0,"enemies":"Jaw Worm","floor":1,"turns":1},{"damage":0,"enemies":"Small Slimes","floor":2,"turns":1},{"damage":0,"enemies":"Cultist","floor":5,"turns":1},{"damage":45,"enemies":"Gremlin Nob","floor":7,"turns":6},{"damage":47,"enemies":"Lagavulin","floor":11,"turns":6}],"seed_played":"-9103922177931838262","potions_obtained":[{"floor":1,"key":"SkillPotion"}],"is_trial":false,"path_per_floor":["M","M","?","$","M","R","E","R","T","?","E"],"character_chosen":"IRONCLAD","items_purchased":["Counterbalance","hubris:FunFungus"],"campfire_rested":0,"item_purchase_floors":[4,4],"current_hp_per_floor":[80,80,80,80,80,80,43,43,43,43,0,0],"gold":4392,"neow_bonus":"THREE_ENEMY_KILL","is_daily":false,"chose_seed":false,"campfire_upgraded":2,"win_rate":0.0,"timestamp":1612338808,"path_taken":["M","M","?","$","M","R","E","R","T","?","E"],"items_purchased_type":["Relic","Relic"],"build_version":"2020-12-22","purchased_purges":1,"victory":false,"max_hp_per_floor":[80,80,80,80,80,80,80,80,80,80,80,80],"card_choices":[{"not_picked":["Second Wind","True Grit","Sword Boomerang"],"picked":"SKIP","floor":1},{"not_picked":["Run Through","Thunderclap"],"picked":"hubris:ReadiedAction","floor":2},{"not_picked":["hubris:CleavingFinish","Flex","ReplayReversal"],"picked":"SKIP","floor":5},{"not_picked":["Flame Barrier","Headbutt","Burning Pact"],"picked":"SKIP","floor":7},{"not_picked":["Flame Barrier","Headbutt","Burning Pact"],"picked":"SKIP","floor":7}],"player_experience":10829,"relics_obtained":[{"floor":3,"key":"aspiration:HiddenCompartment"},{"floor":7,"key":"Prayer Wheel"},{"floor":9,"key":"Garlic"}],"event_choices":[{"cards_removed":["Strike_R"],"damage_healed":0,"gold_gain":0,"player_choice":"Card Removal","damage_taken":0,"max_hp_gain":0,"max_hp_loss":0,"event_name":"The Cleric","floor":10,"gold_loss":50}],"is_beta":false,"boss_relics":[],"items_purged_floors":[4],"is_endless":false,"potions_floor_spawned":[1],"killed_by":"Lagavulin","ascension_level":2}}