{"host":"p7cjtxxrilhp4dw7","time":1612322423,"event":{"mods":["BaseMod","Block Reminder","Colored Map","Curses Come First","Highlight Path","Minty Spire (QoL Compilation)","Replay The Spire","StSLib","The Hierophant"],"gold_per_floor":[17,17,17,34,52,86,86,103,103,103,118,152,152,164,164,264,264,280,280,190,204,222,222,253,253,253,263,263,295,295,295,295,394,394,413,431,283,296,296,296,322,322,345,374,374,388,414,430,430,430],"floor_reached":51,"language":"ENG","playtime":4826,"items_purged":["Bullet Time"],"score":1021,"play_id":"b714106b-68b0-4a4a-8028-c1f5a20f2a82","local_time":"20210202202023","is_ascension_mode":true,"campfire_choices":[{"floor":7,"key":"REST"},{"floor":13,"key":"REST"},{"floor":15,"key":"REST"},{"data":"Chrysalis","floor":23,"key":"SMITH"},{"data":"Eviscerate","floor":25,"key":"SMITH"},{"data":"Underhanded Strike","floor":28,"key":"SMITH"},{"data":"Cloak And Dagger","floor":32,"key":"SMITH"},{"data":"Dash","floor":40,"key":"SMITH"},{"data":"Hidden Blade","floor":42,"key":"SMITH"},{"data":"Finisher","floor":49,"key":"SMITH"}],"circlet_count":0,"master_deck":["AscendersBane","Strike_G","Strike_G","Strike_G","Strike_G","Defend_G","Defend_G","Defend_G+1","Defend_G+1","Defend_G","Survivor","Neutralize","Chrysalis+1","Prepared","Sucker Punch","Quick Slash","Dash+1","Slice","Cloak And Dagger+1","ReplayTheSpireMod:From All Sides","Underhanded Strike+1","Finisher+1","Underhanded Strike+1","Slice","Heel Hook+1","Eviscerate+1","Backflip","Slice","RitualDagger","Burst","Hidden Blade+1","Underhanded Strike+1","Infinite Blades","Prepared+1","Dash+1","Reflex","Accuracy+1","Acrobatics+1"],"relics":["Ring of the Snake","Replay:Ringing Soul","Shuriken","Replay:Bottled Snecko","Snecko Scales","Sundial","Orichalcum","Replay:PocketPolymizer","Onion Ring","Blood Vial","Toy Ornithopter","Garlic"],"acts_visited":["Exordium","TheCity","TheBeyond"],"potions_floor_usage":[6,6,12,16,16,17,29,35,41,47,50],"damage_taken":[{"damage":7,"enemies":"Small Slimes","floor":1,"turns":5},{"damage":1,"enemies":"2 Louse","floor":4,"turns":4},{"damage":6,"enemies":"Cultist","floor":5,"turns":7},{"damage":10,"enemies":"Lagavulin","floor":6,"turns":18},{"damage":3,"enemies":"Looter","floor":8,"turns":4},{"damage":14,"enemies":"3 Louse","floor":11,"turns":5},{"damage":3,"enemies":"3 Sentries","floor":12,"turns":5},{"damage":3,"enemies":"Red Slaver","floor":14,"turns":3},{"damage":17,"enemies":"Slime Boss","floor":16,"turns":9},{"damage":0,"enemies":"Spheric Guardian","floor":18,"turns":3},{"damage":2,"enemies":"Shell Parasite","floor":21,"turns":2},{"damage":2,"enemies":"3 Cultists","floor":22,"turns":4},{"damage":3,"enemies":"Replay:Snechameleon","floor":24,"turns":4},{"damage":5,"enemies":"Shelled Parasite and Fungi","floor":27,"turns":3},{"damage":0,"enemies":"Gremlin Leader","floor":29,"turns":4},{"damage":1,"enemies":"Collector","floor":33,"turns":6},{"damage":7,"enemies":"Orb Walker","floor":35,"turns":3},{"damage":7,"enemies":"3 Shapes","floor":36,"turns":3},{"damage":6,"enemies":"Sphere and 2 Shapes","floor":38,"turns":3},{"damage":12,"enemies":"Giant Head","floor":41,"turns":6},{"damage":42,"enemies":"Reptomancer","floor":44,"turns":5},{"damage":8,"enemies":"3 Darklings","floor":46,"turns":3},{"damage":3,"enemies":"Giant Head","floor":47,"turns":4},{"damage":3,"enemies":"Spire Growth","floor":48,"turns":3},{"damage":30,"enemies":"Replay:Hell Engine","floor":50,"turns":7}],"seed_played":"-236612895575913477","potions_obtained":[{"floor":1,"key":"LifebloodPotion"},{"floor":3,"key":"LiquidMemories"},{"floor":8,"key":"Dexterity Potion"},{"floor":11,"key":"Poison Potion"},{"floor":12,"key":"Poison Potion"},{"floor":16,"key":"Fruit Juice"},{"floor":21,"key":"SteroidPotion"},{"floor":29,"key":"Energy Potion"},{"floor":33,"key":"ColorlessPotion"},{"floor":36,"key":"SpeedPotion"},{"floor":46,"key":"BlessingOfTheForge"},{"floor":48,"key":"GhostInAJar"}],"is_trial":false,"path_per_floor":["M","?","?","M","M","E","R","M","T","?","M","E","R","M","R","B",null,"M","?","$","M","M","R","E","R","T","M","R","E","?","?","R","B",null,"M","M","$","M","?","R","E","R","T","E","?","M","E","M","R","B",null],"character_chosen":"THE_SILENT","items_purchased":["Finisher","Underhanded Strike","Infinite Blades"],"campfire_rested":3,"item_purchase_floors":[20,20,37],"current_hp_per_floor":[56,42,42,41,35,28,49,49,49,49,38,38,62,62,85,71,89,92,92,95,96,97,97,97,97,97,95,95,98,98,95,95,97,114,110,106,109,106,106,106,97,97,97,57,112,107,114,116,116,93],"gold":430,"neow_bonus":"RANDOM_COLORLESS_2","is_daily":false,"chose_seed":false,"campfire_upgraded":7,"win_rate":0.0,"timestamp":1612322423,"path_taken":["M","?","?","M","M","E","R","?","T","?","M","E","R","M","R","BOSS","M","?","$","M","?","R","E","R","T","M","R","E","?","?","R","BOSS","M","M","$","M","?","R","E","R","T","E","?","M","E","M","R","BOSS"],"items_purchased_type":["Card","Card","Card"],"build_version":"2020-12-22","purchased_purges":1,"victory":true,"max_hp_per_floor":[70,70,70,70,70,73,73,76,76,76,79,82,82,85,85,88,93,96,96,99,102,105,105,108,108,108,111,111,114,114,117,117,120,120,123,126,129,132,125,125,128,128,128,128,112,115,118,121,121,121],"card_choices":[{"not_picked":["Midas Touch","ReplayUltimateDefense"],"picked":"Chrysalis","floor":0},{"not_picked":["Riddle With Holes","Backflip","Outmaneuver"],"picked":"SKIP","floor":1},{"not_picked":["Flying Knee","Calculated Gamble"],"picked":"Prepared","floor":4},{"not_picked":["Prepared","Cloak And Dagger"],"picked":"Sucker Punch","floor":5},{"not_picked":["Deadly Poison","Cloak And Dagger"],"picked":"Quick Slash","floor":6},{"not_picked":["Poisoned Stab","Sucker Punch"],"picked":"Dash","floor":8},{"not_picked":["Hidden Blade","Terror"],"picked":"Slice","floor":11},{"not_picked":["Poisoned Stab","Underhanded Strike"],"picked":"Cloak And Dagger","floor":12},{"not_picked":["Crippling Poison","Replay:Poison Smokescreen"],"picked":"Bullet Time","floor":14},{"not_picked":["Malaise","Venomology"],"picked":"ReplayTheSpireMod:From All Sides","floor":16},{"not_picked":["Dodge and Roll+1","Toxin Wave"],"picked":"Underhanded Strike+1","floor":18},{"not_picked":["Footwork+1","Concentrate"],"picked":"Slice","floor":21},{"not_picked":["Deflect","Bouncing Flask+1"],"picked":"Heel Hook+1","floor":22},{"not_picked":["Escape Plan","Skewer+1"],"picked":"Eviscerate","floor":24},{"not_picked":["Acrobatics","Sneak Up+1"],"picked":"Backflip","floor":27},{"not_picked":["Outmaneuver","ReplayTheSpireMod:Shiv Toss"],"picked":"Slice","floor":29},{"not_picked":["Bullet Time","Tools of the Trade"],"picked":"Burst","floor":33},{"not_picked":["All Out Attack","Poisoned Stab+1"],"picked":"Hidden Blade","floor":35},{"not_picked":["Cloak And Dagger+1","Dagger Spray"],"picked":"Underhanded Strike+1","floor":36},{"not_picked":["Replay:Poison Smokescreen","Dagger Throw+1"],"picked":"Prepared+1","floor":38},{"not_picked":["Underhanded Strike+1","Flying Knee"],"picked":"Dash+1","floor":41},{"not_picked":["Flying Knee","Quick Slash","Endless Agony"],"picked":"SKIP","floor":44},{"not_picked":["Hidden Blade+1","Deadly Poison+1"],"picked":"Reflex","floor":46},{"not_picked":["Choke+1","Slice+1"],"picked":"Accuracy+1","floor":47},{"not_picked":["Night Terror","PiercingWail+1"],"picked":"Acrobatics+1","floor":48}],"player_experience":617486,"relics_obtained":[{"floor":6,"key":"Replay:Ringing Soul"},{"floor":9,"key":"Shuriken"},{"floor":12,"key":"Replay:Bottled Snecko"},{"floor":24,"key":"Sundial"},{"floor":26,"key":"Orichalcum"},{"floor":29,"key":"Replay:PocketPolymizer"},{"floor":41,"key":"Onion Ring"},{"floor":43,"key":"Blood Vial"},{"floor":44,"key":"Toy Ornithopter"},{"floor":47,"key":"Garlic"}],"event_choices":[{"damage_healed":0,"gold_gain":0,"player_choice":"Entered Light","damage_taken":14,"max_hp_gain":0,"max_hp_loss":0,"event_name":"Shining Light","floor":2,"gold_loss":0,"cards_upgraded":["Defend_G","Defend_G"]},{"damage_healed":0,"gold_gain":0,"player_choice":"Got Potions","damage_taken":0,"max_hp_gain":0,"max_hp_loss":0,"event_name":"Lab","floor":3,"gold_loss":0},{"cards_removed":["Strike_G"],"damage_healed":0,"gold_gain":0,"player_choice":"Purged","damage_taken":0,"max_hp_gain":0,"max_hp_loss":0,"event_name":"Purifier","floor":19,"gold_loss":0},{"damage_healed":0,"gold_gain":0,"player_choice":"Ignored","damage_taken":0,"max_hp_gain":0,"max_hp_loss":0,"event_name":"Ghosts","floor":30,"gold_loss":0},{"damage_healed":0,"gold_gain":0,"player_choice":"Joined the Cult","damage_taken":6,"max_hp_gain":0,"max_hp_loss":0,"event_name":"Nest","floor":31,"gold_loss":0,"cards_obtained":["RitualDagger"]},{"damage_healed":0,"gold_gain":0,"player_choice":"Max HP","damage_taken":0,"max_hp_gain":0,"max_hp_loss":7,"event_name":"Winding Halls","floor":39,"gold_loss":0},{"damage_healed":112,"gold_gain":0,"player_choice":"Heal","damage_taken":0,"max_hp_gain":0,"max_hp_loss":16,"event_name":"The Moai Head","floor":45,"gold_loss":0}],"is_beta":false,"boss_relics":[{"not_picked":["Empty Cage","Painkiller Herb"],"picked":"Snecko Scales"},{"not_picked":["Runic Pyramid","Philosopher\u0027s Stone","Snecko Eye"]}],"items_purged_floors":[37],"is_endless":false,"potions_floor_spawned":[1,8,11,12,16,21,29,33,36,46,48],"ascension_level":11}}