{"host":"9mz6x6ekz95y53i5","time":1612361026,"event":{"mods":["AchievementEnabler","BaseMod","Downfall","Energized Spire","Minty Spire (QoL Compilation)","Reliquary","Replay The Spire","Spicy Shops","StSLib","The Bug Knight","UnlockEverythingMod","¡¾ÒÅÎï¿¨ÅÆ¡¿REMEMod"],"gold_per_floor":[17,35,35,35,35,35,61,80,128,53,94,128,128,165,165,261,261,299,333,333,1,1,1,23,23],"floor_reached":24,"language":"ZHS","playtime":1120,"items_purged":["Defend_G","Delirium"],"score":392,"play_id":"4dff081c-068f-4676-9574-80a90afc1422","local_time":"20210203220346","is_ascension_mode":true,"campfire_choices":[{"data":"REME_BattleFury","floor":6.0,"key":"SMITH"},{"floor":15,"key":"REST"}],"circlet_count":0,"master_deck":["AscendersBane","Strike_G","Strike_G","Strike_G","Strike_G","Strike_G","Defend_G","Survivor","Neutralize","REME_BattleFury+1","Noxious Fumes","Underhanded Strike","Poisoned Stab","Backstab","Parasite","Prepared","After Image","PiercingWail","Backstab","ReplayTheSpireMod:Splinters","Finisher","Outmaneuver+1"],"relics":["Ring of the Snake","REME_ComplimentaryCards","Blue Candle","reliquary:PorcupineQuills","Replay:Bandana","HoveringKite","reliquary:TridentHead","ReplayTheSpireMod:CursedCoin","Eternal Feather"],"acts_visited":["Exordium","TheCity"],"potions_floor_usage":[16,16,18],"damage_taken":[{"damage":5.0,"enemies":"Small Slimes","floor":1.0,"turns":4.0},{"damage":2.0,"enemies":"2 Louse","floor":2.0,"turns":3.0},{"damage":24.0,"enemies":"3 Sentries","floor":7.0,"turns":7.0},{"damage":0.0,"enemies":"Jaw Worm","floor":8.0,"turns":4.0},{"damage":5,"enemies":"Large Slime","floor":11,"turns":3},{"damage":0,"enemies":"Looter","floor":12,"turns":2},{"damage":16,"enemies":"Blue Slaver","floor":14,"turns":3},{"damage":12,"enemies":"Hexaghost","floor":16,"turns":7},{"damage":15,"enemies":"Spheric Guardian","floor":18,"turns":4},{"damage":18,"enemies":"Shell Parasite","floor":19,"turns":5},{"damage":22,"enemies":"Centurion and Healer","floor":24,"turns":5}],"seed_played":"8552473601343498254","potions_obtained":[{"floor":2.0,"key":"ColorlessPotion"},{"floor":12,"key":"CultistPotion"},{"floor":16,"key":"PowerPotion"},{"floor":19,"key":"SteroidPotion"}],"is_trial":false,"path_per_floor":["M","M","?","?","T","R","E","M","T","$","M","M","?","M","R","B",null,"M","M","?","$","?","$","M"],"character_chosen":"THE_SILENT","items_purchased":["ReplayTheSpireMod:CursedCoin","Eternal Feather","Finisher","Outmaneuver+1"],"campfire_rested":1,"item_purchase_floors":[21,21,21,21],"current_hp_per_floor":[54,52,45,45,45,45,21,21,21,21,16,16,32,16,35,23,55,40,22,22,22,22,22,0,0],"gold":23,"neow_bonus":"REMOVE_TWO","is_daily":false,"chose_seed":false,"campfire_upgraded":1,"win_rate":0.0,"timestamp":1612361026,"path_taken":["M","M","?","?","?","R","E","M","T","$","M","M","?","M","R","BOSS","M","M","?","$","?","?","?"],"items_purchased_type":["Relic","Relic","Card","Card"],"build_version":"2020-12-22","purchased_purges":2,"victory":false,"max_hp_per_floor":[66,66,66,66,66,66,66,66,66,66,66,66,66,66,66,66,66,66,66,66,66,66,66,66,66],"card_choices":[{"not_picked":["Leg Sweep","Sucker Punch","Deflect"],"picked":"SKIP","floor":1.0},{"not_picked":["Dodge and Roll","Outmaneuver","Slice"],"picked":"SKIP","floor":2.0},{"not_picked":["ReplayTheSpireMod:The Works","Blade Dance"],"picked":"Noxious Fumes","floor":7.0},{"not_picked":["Doppelganger","Cloak And Dagger"],"picked":"Underhanded Strike","floor":8.0},{"not_picked":["ReplayTheSpireMod:The Works","Outmaneuver"],"picked":"Poisoned Stab","floor":11},{"not_picked":["Slice","Quick Slash"],"picked":"Backstab","floor":12},{"not_picked":["ReplayTheSpireMod:Scrap Shanks","All Out Attack"],"picked":"Prepared","floor":14},{"not_picked":["Glass Knife","Atom Bomb"],"picked":"After Image","floor":16},{"not_picked":["Underhanded Strike","Cloak And Dagger"],"picked":"PiercingWail","floor":18},{"not_picked":["Dodge and Roll","Setup"],"picked":"Backstab","floor":19}],"player_experience":229179,"relics_obtained":[{"floor":5.0,"key":"Blue Candle"},{"floor":7.0,"key":"reliquary:PorcupineQuills"},{"floor":9.0,"key":"Replay:Bandana"}],"event_choices":[{"cards_removed":["Defend_G"],"damage_healed":0.0,"max_hp_gain":0.0,"max_hp_loss":0.0,"gold_gain":0.0,"event_name":"Golden Wing","player_choice":"Card Removal","floor":3.0,"gold_loss":0.0,"damage_taken":7.0},{"damage_healed":0.0,"max_hp_gain":0.0,"max_hp_loss":0.0,"gold_gain":0.0,"event_name":"Shining Light","player_choice":"Ignored","floor":4.0,"gold_loss":0.0,"damage_taken":0.0},{"damage_healed":16,"gold_gain":0,"player_choice":"Healed and dodged fight","damage_taken":0,"max_hp_gain":0,"max_hp_loss":0,"event_name":"Mushrooms","floor":13,"gold_loss":0,"cards_obtained":["Parasite"]},{"damage_healed":0,"gold_gain":0,"player_choice":"Ignored","damage_taken":0,"max_hp_gain":0,"max_hp_loss":0,"event_name":"Vampires","floor":22,"gold_loss":0}],"is_beta":false,"boss_relics":[{"not_picked":["Astrolabe","Black Star"],"picked":"HoveringKite"}],"items_purged_floors":[10,21],"is_endless":false,"potions_floor_spawned":[2,8,12,16,19],"killed_by":"Centurion and Healer","ascension_level":20}}