{"host":"1c17lcvl7acx821p","time":1612310724,"event":{"mods":["AchievementEnabler","BaseMod","Bestiary","Colored Map","Minty Spire (QoL Compilation)","Quick Restart","Relic Sorter","StSLib","ojb\u0027s Better Paths Mod","ojb\u0027s Info Mod"],"gold_per_floor":[110,35,35,45,45,76,76,105,128,128,155,180,206,225,225,301,301,289,305,305,305,325,325,325,325,325,350,366,366,383,9,9,86,86,102,116,141,156,156,183,183,183,183,218,218,228,246,280,280,280,280,280,34,66,66],"floor_reached":56,"language":"ENG","playtime":2704,"items_purged":["Zap"],"score":2368,"play_id":"21656ee5-b9ae-4744-89ed-f0953addfd0c","local_time":"20210203020524","is_ascension_mode":true,"campfire_choices":[{"data":"Sunder","floor":7,"key":"SMITH"},{"data":"Chill","floor":10,"key":"SMITH"},{"data":"Coolheaded","floor":15,"key":"SMITH"},{"data":"Fission","floor":23,"key":"SMITH"},{"floor":25,"key":"REST"},{"data":"Defragment","floor":32,"key":"SMITH"},{"data":"Seek","floor":42,"key":"SMITH"},{"floor":49,"key":"RECALL"},{"floor":52,"key":"DIG"}],"circlet_count":0,"master_deck":["AscendersBane","Strike_B+1","Strike_B+1","Defend_B+1","Defend_B+1","Defend_B+1","Defend_B+1","Dualcast","Gash","Sunder+1","Beam Cell+1","Sweeping Beam","Chill+1","Coolheaded+1","Cold Snap","Fission+1","Steam","Cold Snap","FTL+1","Glacier+1","Defragment+1","Glacier+1","Echo Form","Reboot","Seek+1","Sweeping Beam+1","Master of Strategy","Flash of Steel","Panacea","Gash","Gash"],"relics":["Cracked Core","NeowsBlessing","Vajra","Calipers","PreservedInsect","Whetstone","Tiny Chest","Odd Mushroom","SlaversCollar","TungstenRod","Bronze Scales","Oddly Smooth Stone","DollysMirror","Coffee Dripper","Shovel","Shuriken","Bag of Marbles","Bottled Lightning","Bag of Preparation","Juzu Bracelet","Blue Candle","Anchor","Unceasing Top"],"acts_visited":["Exordium","TheCity","TheBeyond","TheEnding"],"potions_floor_usage":[16,22,22,27,33,55,55],"damage_taken":[{"damage":0,"enemies":"Cultist","floor":1,"turns":1},{"damage":0,"enemies":"2 Louse","floor":4,"turns":1},{"damage":0,"enemies":"Lagavulin","floor":6,"turns":1},{"damage":15,"enemies":"3 Sentries","floor":8,"turns":5},{"damage":0,"enemies":"Gremlin Nob","floor":12,"turns":2},{"damage":1,"enemies":"The Mushroom Lair","floor":13,"turns":3},{"damage":10,"enemies":"Jaw Worm","floor":14,"turns":2},{"damage":7,"enemies":"Hexaghost","floor":16,"turns":9},{"damage":17,"enemies":"2 Thieves","floor":18,"turns":4},{"damage":11,"enemies":"Spheric Guardian","floor":19,"turns":4},{"damage":6,"enemies":"3 Cultists","floor":22,"turns":6},{"damage":0,"enemies":"Book of Stabbing","floor":27,"turns":3},{"damage":1,"enemies":"Cultist and Chosen","floor":28,"turns":4},{"damage":2,"enemies":"Sentry and Sphere","floor":30,"turns":6},{"damage":0,"enemies":"Automaton","floor":33,"turns":15},{"damage":4,"enemies":"Orb Walker","floor":35,"turns":4},{"damage":0,"enemies":"3 Shapes","floor":36,"turns":5},{"damage":0,"enemies":"Mind Bloom Boss Battle","floor":37,"turns":6},{"damage":0,"enemies":"Maw","floor":38,"turns":9},{"damage":0,"enemies":"Giant Head","floor":40,"turns":9},{"damage":0,"enemies":"Nemesis","floor":44,"turns":5},{"damage":0,"enemies":"Transient","floor":46,"turns":5},{"damage":0,"enemies":"Jaw Worm Horde","floor":47,"turns":4},{"damage":0,"enemies":"Giant Head","floor":48,"turns":5},{"damage":6,"enemies":"Donu and Deca","floor":50,"turns":10},{"damage":5,"enemies":"Shield and Spear","floor":54,"turns":6},{"damage":0,"enemies":"The Heart","floor":55,"turns":11}],"seed_played":"5097238216688471677","potions_obtained":[{"floor":4,"key":"Strength Potion"},{"floor":12,"key":"PowerPotion"},{"floor":18,"key":"EntropicBrew"},{"floor":22,"key":"DistilledChaos"},{"floor":30,"key":"Energy Potion"},{"floor":36,"key":"Dexterity Potion"},{"floor":40,"key":"SpeedPotion"},{"floor":46,"key":"Dexterity Potion"},{"floor":54,"key":"FocusPotion"}],"is_trial":false,"path_per_floor":["M","$","?","M","$","E","R","E","T","R","T","E","?","M","R","B",null,"M","M","?","?","M","R","T","R","T","E","M","?","M","$","R","B",null,"M","M","?","M","?","E","T","R","T","E","?","M","M","E","R","B",null,"R","$","E","B",null],"character_chosen":"DEFECT","items_purchased":["Sunder","Defragment","Oddly Smooth Stone","DollysMirror","Anchor","Gash"],"campfire_rested":1,"item_purchase_floors":[2,31,31,31,53,53],"current_hp_per_floor":[64,64,57,57,57,57,57,42,42,42,42,42,41,31,31,24,59,42,31,31,31,25,25,25,46,46,46,45,45,43,43,43,43,64,60,60,60,60,60,60,60,60,60,60,51,51,51,51,51,45,65,65,65,60,60],"gold":66,"neow_bonus":"THREE_ENEMY_KILL","is_daily":false,"chose_seed":false,"campfire_upgraded":6,"win_rate":0.0,"timestamp":1612310724,"path_taken":["M","?","?","M","$","E","R","E","T","R","?","E","?","M","R","BOSS","M","M","?","?","M","R","?","R","T","E","M","?","M","$","R","BOSS","M","M","?","M","?","E","?","R","T","E","?","M","M","E","R","BOSS","R","$","E","BOSS"],"items_purchased_type":["Card","Card","Relic","Relic","Relic","Card"],"build_version":"2020-12-22","purchased_purges":1,"victory":true,"max_hp_per_floor":[71,71,71,71,71,71,71,71,71,71,71,71,71,71,71,71,71,71,71,71,71,71,71,71,71,71,71,71,71,71,71,71,71,71,71,71,71,71,71,71,71,71,71,71,71,71,71,71,71,71,71,71,71,71,71],"card_choices":[{"not_picked":["Redo","Skim"],"picked":"Gash","floor":1},{"not_picked":["Storm","Barrage"],"picked":"Beam Cell","floor":4},{"not_picked":["Beam Cell","Go for the Eyes"],"picked":"Sweeping Beam","floor":6},{"not_picked":["Rainbow","Rebound"],"picked":"Chill","floor":8},{"not_picked":["Blizzard","Beam Cell","Sweeping Beam"],"picked":"SKIP","floor":12},{"not_picked":["Loop","Darkness"],"picked":"Coolheaded","floor":13},{"not_picked":["Redo","Gash"],"picked":"Cold Snap","floor":14},{"not_picked":["Multi-Cast","Meteor Strike"],"picked":"Fission","floor":16},{"not_picked":["Skim","Hello World","Lockon"],"picked":"SKIP","floor":18},{"not_picked":["Cold Snap","Steam Power+1"],"picked":"Steam","floor":19},{"not_picked":["Static Discharge","Fusion"],"picked":"Cold Snap","floor":22},{"not_picked":["Lockon","Scrape"],"picked":"FTL+1","floor":27},{"not_picked":["Sweeping Beam","Capacitor"],"picked":"Glacier+1","floor":28},{"not_picked":["Rip and Tear+1","Melter","Barrage"],"picked":"SKIP","floor":30},{"not_picked":["Buffer","Rainbow"],"picked":"Echo Form","floor":33},{"not_picked":["Hologram","Ball Lightning","Redo"],"picked":"SKIP","floor":35},{"not_picked":["Hologram","Redo"],"picked":"Reboot","floor":36},{"not_picked":["Rebound+1","Steam","Reinforced Body"],"picked":"SKIP","floor":38},{"not_picked":["Coolheaded","Sunder"],"picked":"Seek","floor":40},{"not_picked":["Steam","Hello World"],"picked":"Sweeping Beam+1","floor":44},{"not_picked":["Sadistic Nature","Jack Of All Trades"],"picked":"Master of Strategy","floor":45},{"not_picked":["Dark Shackles","Panacea"],"picked":"Flash of Steel","floor":45},{"not_picked":["Purity","Apotheosis"],"picked":"Panacea","floor":45},{"not_picked":["Redo","Cold Snap","Rip and Tear"],"picked":"SKIP","floor":46},{"not_picked":["Leap","Rebound+1","Reprogram"],"picked":"SKIP","floor":47},{"not_picked":["Redo","Conserve Battery","Sunder+1"],"picked":"SKIP","floor":48},{"not_picked":["Beam Cell","Steam+1"],"picked":"Gash","floor":54}],"player_experience":271157,"relics_obtained":[{"floor":6,"key":"Vajra"},{"floor":8,"key":"Calipers"},{"floor":9,"key":"PreservedInsect"},{"floor":11,"key":"Whetstone"},{"floor":12,"key":"Tiny Chest"},{"floor":13,"key":"Odd Mushroom"},{"floor":24,"key":"TungstenRod"},{"floor":27,"key":"Bronze Scales"},{"floor":37,"key":"Shovel"},{"floor":40,"key":"Shuriken"},{"floor":41,"key":"Bag of Marbles"},{"floor":43,"key":"Bottled Lightning"},{"floor":44,"key":"Bag of Preparation"},{"floor":48,"key":"Juzu Bracelet"},{"floor":52,"key":"Blue Candle"},{"floor":54,"key":"Unceasing Top"}],"event_choices":[{"cards_removed":["Strike_B"],"damage_healed":0,"gold_gain":0,"player_choice":"Card Removal","damage_taken":7,"max_hp_gain":0,"max_hp_loss":0,"event_name":"Golden Wing","floor":3,"gold_loss":0},{"damage_healed":0,"gold_gain":0,"player_choice":"Fought Mushrooms","damage_taken":0,"max_hp_gain":0,"max_hp_loss":0,"event_name":"Mushrooms","floor":13,"gold_loss":0},{"damage_healed":0,"gold_gain":0,"player_choice":"Simplicity","damage_taken":0,"max_hp_gain":0,"max_hp_loss":0,"event_name":"Back to Basics","floor":20,"gold_loss":0,"cards_upgraded":["Strike_B","Strike_B","Defend_B","Defend_B","Defend_B","Defend_B"]},{"cards_removed":["Strike_B"],"damage_healed":0,"gold_gain":0,"player_choice":"Offered Basic","damage_taken":0,"max_hp_gain":0,"max_hp_loss":0,"event_name":"Bonfire Elementals","floor":21,"gold_loss":0},{"damage_healed":0,"gold_gain":0,"player_choice":"Ignored","damage_taken":0,"max_hp_gain":0,"max_hp_loss":0,"event_name":"Vampires","floor":29,"gold_loss":0},{"damage_healed":0,"gold_gain":0,"player_choice":"Fight","damage_taken":0,"max_hp_gain":0,"max_hp_loss":0,"event_name":"MindBloom","floor":37,"gold_loss":0},{"damage_healed":0,"gold_gain":0,"player_choice":"Ignored","damage_taken":0,"max_hp_gain":0,"max_hp_loss":0,"event_name":"SecretPortal","floor":39,"gold_loss":0},{"damage_healed":0,"gold_gain":0,"player_choice":"Memory 3","damage_taken":10,"max_hp_gain":0,"max_hp_loss":0,"event_name":"SensoryStone","floor":45,"gold_loss":0}],"is_beta":false,"boss_relics":[{"not_picked":["Tiny House","Snecko Eye"],"picked":"SlaversCollar"},{"not_picked":["Cursed Key","Pandora\u0027s Box"],"picked":"Coffee Dripper"}],"items_purged_floors":[53],"is_endless":false,"potions_floor_spawned":[4,12,18,22,30,36,40,46,54],"ascension_level":15}}