{"host":"q9sqrn60n8lvmavn","time":1612333851,"event":{"mods":["AchievementEnabler","AlwaysNeverKeys","BaseMod","Better Third Choice","Better Vampires","Block Reminder","Colored Powertips","Curses Come First","DNKmod","Friendly Minions","Minty Spire (QoL Compilation)","Permanent Neow","Relic Filter Mod","StSLib","Weighted Paths"],"gold_per_floor":[1113,1126,1076,1093,1093,1123,1123,827,827,502,520,545,545,576,576,679,679,698,698,698,698,714,741,758,774,852,880,880,907,386,396,396,494,494,514,58,58,71,71,71,103,115,115,133,158,168,185,218,218,218,218,218,69,95,95],"floor_reached":56,"language":"ENG","playtime":1879,"items_purged":["Strike_P","Strike_P+1","Eruption","Sanctity"],"score":2416,"play_id":"685854d5-62d4-4cef-a521-9a2ef467f3a5","local_time":"20210202223051","is_ascension_mode":true,"campfire_choices":[{"data":"TalkToTheHand","floor":7,"key":"SMITH"},{"data":"Vault","floor":13,"key":"SMITH"},{"data":"Vigilance","floor":15,"key":"SMITH"},{"data":"Scrawl","floor":28,"key":"SMITH"},{"data":"Prostrate","floor":32,"key":"SMITH"},{"data":"Prostrate","floor":40,"key":"SMITH"},{"data":"Devotion","floor":49,"key":"SMITH"},{"data":"Panacea","floor":52,"key":"SMITH"}],"circlet_count":0,"master_deck":["Vigilance+1","Prostrate+1","TalkToTheHand+1","Brilliance","Vault+1","WheelKick","Prostrate+1","Scrawl+1","Prostrate+1","Master of Strategy","Panacea+1","Dark Shackles","Devotion+1","Fasting2"],"relics":["PureWater","Singing Bowl","Pantograph","Darkstone Periapt","Whetstone","Akabeko","Lizard Tail","Ancient Tea Set","Bag of Preparation","Orichalcum","Sozu","Nilry\u0027s Codex","Happy Flower","Question Card","HornCleat","Nunchaku","Pen Nib","SlaversCollar","Bag of Marbles","ClockworkSouvenir","Turnip","Blue Candle","Lantern","Oddly Smooth Stone","Sling","Vajra"],"acts_visited":["Exordium","TheCity","TheBeyond","TheEnding"],"potions_floor_usage":[55],"damage_taken":[{"damage":0,"enemies":"Jaw Worm","floor":1,"turns":3},{"damage":0,"enemies":"Small Slimes","floor":2,"turns":2},{"damage":0,"enemies":"Cultist","floor":4,"turns":2},{"damage":35,"enemies":"Lagavulin","floor":6,"turns":6},{"damage":0,"enemies":"Looter","floor":11,"turns":2},{"damage":24,"enemies":"Gremlin Nob","floor":12,"turns":3},{"damage":0,"enemies":"3 Sentries","floor":14,"turns":3},{"damage":0,"enemies":"The Guardian","floor":16,"turns":5},{"damage":8,"enemies":"Chosen","floor":18,"turns":2},{"damage":0,"enemies":"Shell Parasite","floor":22,"turns":1},{"damage":0,"enemies":"Gremlin Leader","floor":23,"turns":2},{"damage":0,"enemies":"Centurion and Healer","floor":24,"turns":2},{"damage":0,"enemies":"3 Cultists","floor":25,"turns":2},{"damage":0,"enemies":"Book of Stabbing","floor":27,"turns":2},{"damage":0,"enemies":"Slavers","floor":29,"turns":2},{"damage":0,"enemies":"Snecko","floor":31,"turns":1},{"damage":0,"enemies":"Champ","floor":33,"turns":2},{"damage":0,"enemies":"3 Shapes","floor":35,"turns":1},{"damage":0,"enemies":"Orb Walker","floor":38,"turns":2},{"damage":0,"enemies":"Reptomancer","floor":41,"turns":1},{"damage":0,"enemies":"Transient","floor":42,"turns":4},{"damage":0,"enemies":"4 Shapes","floor":44,"turns":1},{"damage":0,"enemies":"Nemesis","floor":45,"turns":1},{"damage":0,"enemies":"Writhing Mass","floor":46,"turns":1},{"damage":0,"enemies":"Transient","floor":47,"turns":4},{"damage":0,"enemies":"Reptomancer","floor":48,"turns":1},{"damage":0,"enemies":"Donu and Deca","floor":50,"turns":2},{"damage":0,"enemies":"Shield and Spear","floor":54,"turns":3},{"damage":36,"enemies":"The Heart","floor":55,"turns":5}],"seed_played":"859528376318712133","potions_obtained":[{"floor":2,"key":"Explosive Potion"},{"floor":16,"key":"Block Potion"}],"is_trial":false,"path_per_floor":["M","M","?","M","?","E","R","$","T","$","M","E","R","E","R","B",null,"M","?","?","?","M","E","M","M","T","E","R","E","$","M","R","B",null,"M","$","?","M","?","R","E","M","T","M","E","M","M","E","R","B",null,"R","$","E","B",null],"character_chosen":"WATCHER","items_purchased":["Akabeko","Brilliance","Vault","Ancient Tea Set","Pen Nib","Master of Strategy","Panacea","Bag of Marbles","ClockworkSouvenir","Sling"],"campfire_rested":0,"item_purchase_floors":[8,8,10,10,30,30,30,36,36,53],"current_hp_per_floor":[102,104,104,104,104,69,69,69,69,69,71,47,47,49,49,76,102,96,80,80,80,82,82,84,84,84,86,86,86,86,88,88,115,120,122,122,122,124,124,124,124,126,126,128,130,132,134,136,136,138,138,138,138,138,102],"gold":95,"neow_bonus":"HUNDRED_GOLD","is_daily":false,"chose_seed":false,"campfire_upgraded":8,"win_rate":0.0,"timestamp":1612333851,"path_taken":["M","M","?","M","?","E","R","$","T","$","?","E","R","E","R","BOSS","M","?","?","?","M","E","M","?","T","E","R","E","$","M","R","BOSS","M","$","?","M","?","R","E","M","T","?","E","M","M","E","R","BOSS","R","$","E","BOSS"],"items_purchased_type":["Relic","Card","Card","Relic","Relic","Card","Card","Relic","Relic","Relic"],"build_version":"2020-12-22","purchased_purges":4,"victory":true,"max_hp_per_floor":[102,104,104,104,104,104,104,104,104,104,106,106,106,108,108,110,110,112,112,112,112,114,114,116,116,116,118,118,118,118,120,120,122,122,124,124,124,126,126,126,126,128,128,130,132,134,136,138,138,138,138,138,138,138,138],"card_choices":[{"not_picked":["FlyingSleeves","EmptyFist","Consecrate"],"picked":"Singing Bowl","floor":1},{"not_picked":["FearNoEvil","Crescendo","WreathOfFlame"],"picked":"Singing Bowl","floor":2},{"not_picked":["Consecrate","Evaluate"],"picked":"Prostrate","floor":4},{"not_picked":["Meditate","Protect"],"picked":"TalkToTheHand","floor":6},{"not_picked":["SashWhip","WreathOfFlame","FlyingSleeves"],"picked":"Singing Bowl","floor":11},{"not_picked":["FlyingSleeves","SignatureMove"],"picked":"WheelKick","floor":12},{"not_picked":["EmptyFist","FollowUp","ThirdEye"],"picked":"Singing Bowl","floor":14},{"not_picked":["Brilliance","Vault","Omniscience"],"picked":"Singing Bowl","floor":16},{"not_picked":["CrushJoints","CutThroughFate","SashWhip+1"],"picked":"Singing Bowl","floor":18},{"not_picked":["SignatureMove","ClearTheMind+1","CrushJoints"],"picked":"Singing Bowl","floor":22},{"not_picked":["ThirdEye","Nirvana"],"picked":"Sanctity","floor":23},{"not_picked":["EmptyFist+1","BattleHymn","Protect"],"picked":"Singing Bowl","floor":24},{"not_picked":["BattleHymn","Weave+1"],"picked":"Scrawl","floor":25},{"not_picked":["Crescendo","Evaluate","EmptyBody","FlyingSleeves"],"picked":"Singing Bowl","floor":27},{"not_picked":["SashWhip","ThirdEye+1","Worship"],"picked":"Prostrate","floor":29},{"not_picked":["FlyingSleeves+1","BowlingBash","EmptyFist","JustLucky+1"],"picked":"Singing Bowl","floor":31},{"not_picked":["Scrawl","Wish","Brilliance","Blasphemy"],"picked":"Singing Bowl","floor":33},{"not_picked":["PathToVictory","LikeWater+1","EmptyBody+1","FlyingSleeves+1"],"picked":"Singing Bowl","floor":35},{"not_picked":["Apotheosis","Thinking Ahead","Transmutation"],"picked":"Dark Shackles","floor":37},{"not_picked":["Fasting2+1","SashWhip","Indignation+1","Weave"],"picked":"Singing Bowl","floor":38},{"not_picked":["Conclude","Meditate+1","WindmillStrike"],"picked":"Devotion","floor":41},{"not_picked":["ReachHeaven","CutThroughFate","Consecrate+1","ThirdEye"],"picked":"Singing Bowl","floor":42},{"not_picked":["EmptyFist","Meditate+1","FearNoEvil","BowlingBash"],"picked":"Singing Bowl","floor":44},{"not_picked":["FlyingSleeves","BowlingBash","Consecrate+1","Adaptation"],"picked":"Singing Bowl","floor":45},{"not_picked":["EmptyBody+1","ThirdEye+1","Blasphemy","Adaptation+1"],"picked":"Singing Bowl","floor":46},{"not_picked":["Prostrate+1","WreathOfFlame+1","Protect","ThirdEye+1"],"picked":"Singing Bowl","floor":47},{"not_picked":["SandsOfTime","LikeWater+1","Prostrate","ClearTheMind"],"picked":"Singing Bowl","floor":48},{"not_picked":["EmptyFist","Consecrate+1","FollowUp"],"picked":"Fasting2","floor":54}],"player_experience":210982,"relics_obtained":[{"floor":6,"key":"Whetstone"},{"floor":9,"key":"Lizard Tail"},{"floor":12,"key":"Bag of Preparation"},{"floor":14,"key":"Orichalcum"},{"floor":19,"key":"Nilry\u0027s Codex"},{"floor":23,"key":"Happy Flower"},{"floor":26,"key":"Question Card"},{"floor":27,"key":"HornCleat"},{"floor":29,"key":"Nunchaku"},{"floor":41,"key":"Turnip"},{"floor":43,"key":"Blue Candle"},{"floor":45,"key":"Lantern"},{"floor":48,"key":"Oddly Smooth Stone"},{"floor":54,"key":"Vajra"}],"event_choices":[{"cards_removed":["Defend_P"],"damage_healed":0,"gold_gain":0,"player_choice":"Card Removal","damage_taken":0,"max_hp_gain":0,"max_hp_loss":0,"event_name":"The Cleric","floor":3,"gold_loss":50},{"damage_healed":0,"gold_gain":0,"player_choice":"Forge","damage_taken":0,"max_hp_gain":0,"max_hp_loss":0,"event_name":"Accursed Blacksmith","floor":5,"gold_loss":0,"cards_upgraded":["Prostrate"]},{"damage_healed":0,"gold_gain":0,"player_choice":"Obtained Book","damage_taken":16,"max_hp_gain":0,"max_hp_loss":0,"event_name":"Cursed Tome","floor":19,"gold_loss":0},{"damage_healed":0,"gold_gain":0,"player_choice":"Read","damage_taken":0,"max_hp_gain":0,"max_hp_loss":0,"event_name":"The Library","floor":20,"gold_loss":0,"cards_obtained":["Prostrate"]},{"damage_healed":0,"gold_gain":0,"player_choice":"Materialism","damage_taken":0,"max_hp_gain":0,"max_hp_loss":5,"event_name":"betterThird:BetterWriting","floor":21,"gold_loss":0},{"damage_healed":0,"gold_gain":0,"player_choice":"Memory 1","damage_taken":0,"max_hp_gain":0,"max_hp_loss":0,"event_name":"SensoryStone","floor":37,"gold_loss":0},{"damage_healed":0,"gold_gain":0,"player_choice":"Ignored","damage_taken":0,"max_hp_gain":0,"max_hp_loss":0,"event_name":"betterThird:BetterPortal","floor":39,"gold_loss":0}],"is_beta":false,"boss_relics":[{"not_picked":["Cursed Key","Philosopher\u0027s Stone"],"picked":"Sozu"},{"not_picked":["Runic Pyramid","HolyWater"],"picked":"SlaversCollar"}],"items_purged_floors":[8,10,30,36],"is_endless":false,"potions_floor_spawned":[2,16,18,22,23,25,33,38,42,46,48,54],"ascension_level":8}}