{"host":"8is2j71l4wmybkoi","time":1612352599,"event":{"mods":["AchievementEnabler","BaseMod","Colored Map","Minty Spire (QoL Compilation)","Rare Cards Sparkle","StSLib","SuperFastMode"],"gold_per_floor":[20,36,47,63,63,96,96,126,173,173,223,237,237,251,251,251,251],"floor_reached":16,"language":"KOR","playtime":486,"items_purged":[],"score":196,"play_id":"317c2a53-2862-4e17-852c-1cb9e8a48123","local_time":"20210203204319","is_ascension_mode":true,"campfire_choices":[{"data":"Bludgeon","floor":7,"key":"SMITH"},{"data":"Bash","floor":15,"key":"SMITH"}],"circlet_count":0,"master_deck":["AscendersBane","Strike_R","Strike_R","Strike_R","Strike_R","Defend_R","Defend_R","Defend_R","Defend_R","Bash+1","Bludgeon+1","Ghostly Armor","Bloodletting","Hemokinesis","Shrug It Off","Sentinel","Sword Boomerang","Wild Strike","Dark Embrace+1"],"relics":["Burning Blood","Shuriken","Frozen Egg 2","Smiling Mask"],"acts_visited":["Exordium"],"potions_floor_usage":[6,12,16],"damage_taken":[{"damage":1,"enemies":"Cultist","floor":1,"turns":3},{"damage":2,"enemies":"Jaw Worm","floor":2,"turns":2},{"damage":2,"enemies":"2 Louse","floor":3,"turns":3},{"damage":9,"enemies":"2 Fungi Beasts","floor":4,"turns":4},{"damage":20,"enemies":"Lagavulin","floor":6,"turns":4},{"damage":24,"enemies":"3 Sentries","floor":8,"turns":9},{"damage":17,"enemies":"Exordium Thugs","floor":12,"turns":4},{"damage":17,"enemies":"Large Slime","floor":14,"turns":4},{"damage":26,"enemies":"The Guardian","floor":16,"turns":8}],"seed_played":"2381599766017678754","potions_obtained":[{"floor":2,"key":"Explosive Potion"},{"floor":3,"key":"SkillPotion"},{"floor":8,"key":"ColorlessPotion"}],"is_trial":false,"path_per_floor":["M","M","M","M","?","E","R","E","T","?","?","M","?","M","R","B"],"character_chosen":"IRONCLAD","items_purchased":[],"campfire_rested":0,"item_purchase_floors":[],"current_hp_per_floor":[73,75,75,72,72,58,58,40,40,45,45,34,34,23,23,0,0],"gold":251,"neow_bonus":"THREE_RARE_CARDS","is_daily":false,"chose_seed":false,"campfire_upgraded":2,"win_rate":0.0,"timestamp":1612352599,"path_taken":["M","M","?","M","?","E","R","E","T","?","?","?","?","?","R","BOSS"],"items_purchased_type":[],"build_version":"2020-12-22","purchased_purges":0,"victory":false,"max_hp_per_floor":[75,75,75,75,75,75,75,75,75,80,80,80,80,80,80,80,80],"card_choices":[{"not_picked":["Limit Break","Impervious"],"picked":"Bludgeon","floor":0},{"not_picked":["Armaments","Inflame"],"picked":"Ghostly Armor","floor":1},{"not_picked":["Rage","Iron Wave"],"picked":"Bloodletting","floor":2},{"not_picked":["Rage","Spot Weakness","Searing Blow"],"picked":"SKIP","floor":3},{"not_picked":["Rage","Clothesline"],"picked":"Hemokinesis","floor":4},{"not_picked":["Perfected Strike","Cleave"],"picked":"Shrug It Off","floor":6},{"not_picked":["Cleave","Armaments"],"picked":"Sentinel","floor":8},{"not_picked":["Shrug It Off","Flex"],"picked":"Sword Boomerang","floor":12},{"not_picked":["Sever Soul","Havoc"],"picked":"Dark Embrace+1","floor":14}],"player_experience":946795,"relics_obtained":[{"floor":6,"key":"Shuriken"},{"floor":8,"key":"Frozen Egg 2"},{"floor":9,"key":"Smiling Mask"}],"event_choices":[{"cards_removed":["Strike_R"],"damage_healed":0,"gold_gain":0,"player_choice":"Forget","damage_taken":0,"max_hp_gain":0,"max_hp_loss":0,"event_name":"Living Wall","floor":5,"gold_loss":0},{"damage_healed":0,"gold_gain":0,"player_choice":"Donut","damage_taken":0,"max_hp_gain":5,"max_hp_loss":0,"event_name":"Big Fish","floor":10,"gold_loss":0},{"damage_healed":0,"gold_gain":50,"player_choice":"Pray","damage_taken":0,"max_hp_gain":0,"max_hp_loss":0,"event_name":"Golden Shrine","floor":11,"gold_loss":0},{"damage_healed":0,"gold_gain":0,"player_choice":"1 cards matched","damage_taken":0,"max_hp_gain":0,"max_hp_loss":0,"event_name":"Match and Keep!","floor":13,"gold_loss":0,"cards_obtained":["Wild Strike"]}],"is_beta":false,"boss_relics":[],"items_purged_floors":[],"is_endless":false,"potions_floor_spawned":[2,3,4,8],"killed_by":"The Guardian","ascension_level":15}}