{"host":"lip44byzewa3adv8","time":1612360385,"event":{"mods":["BaseMod","Curses Come First","Minty Spire (QoL Compilation)","Relic Sorter","Relic Stats","StSLib","Synergy Search"],"gold_per_floor":[116,116,132,148,148,191,203,299,386,573,585,631,643,730,742,754,754],"floor_reached":16,"language":"ENG","playtime":543,"items_purged":[],"score":138,"play_id":"32e873ce-da17-4e4c-9ea2-e98c2d6d1430","local_time":"20210203085305","is_ascension_mode":true,"campfire_choices":[{"floor":7,"key":"REST"},{"data":"Blade Dance","floor":11,"key":"SMITH"},{"floor":13,"key":"REST"},{"data":"Blade Dance","floor":15,"key":"SMITH"}],"circlet_count":0,"master_deck":["Strike_G","Strike_G","Strike_G","Strike_G","Strike_G","Defend_G","Defend_G","Defend_G","Defend_G","Defend_G","Survivor","Neutralize","Dagger Spray","Blade Dance+1","Sucker Punch","Caltrops","Infinite Blades","Doubt","Blade Dance+1"],"relics":["Ring of the Snake","Golden Idol","Du-Vu Doll","MawBank","Matryoshka","Vajra","Question Card","Odd Mushroom"],"acts_visited":["Exordium"],"potions_floor_usage":[6,8,8,16],"damage_taken":[{"damage":0,"enemies":"2 Louse","floor":1,"turns":3},{"damage":0,"enemies":"Jaw Worm","floor":3,"turns":5},{"damage":0,"enemies":"Small Slimes","floor":4,"turns":3},{"damage":35,"enemies":"Lagavulin","floor":6,"turns":8},{"damage":15,"enemies":"3 Sentries","floor":8,"turns":5},{"damage":18,"enemies":"The Mushroom Lair","floor":12,"turns":4},{"damage":16,"enemies":"The Guardian","floor":16,"turns":5}],"seed_played":"6208367507918678182","potions_obtained":[{"floor":3,"key":"Strength Potion"},{"floor":4,"key":"Energy Potion"},{"floor":6,"key":"ColorlessPotion"},{"floor":12,"key":"PowerPotion"}],"is_trial":false,"path_per_floor":["M","?","M","M","?","E","R","E","T","?","R","?","R","?","R","B"],"character_chosen":"THE_SILENT","items_purchased":[],"campfire_rested":2,"item_purchase_floors":[],"current_hp_per_floor":[70,51,51,51,48,13,36,21,21,21,21,3,26,15,15,0,0],"gold":754,"neow_bonus":"TEN_PERCENT_HP_BONUS","is_daily":false,"chose_seed":false,"campfire_upgraded":2,"win_rate":0.0,"timestamp":1612360385,"path_taken":["M","?","M","M","?","E","R","E","T","?","R","?","R","?","R","BOSS"],"items_purchased_type":[],"build_version":"2020-12-22","purchased_purges":0,"victory":false,"max_hp_per_floor":[77,77,77,77,77,77,77,77,77,77,77,77,77,77,77,77,77],"relic_stats":{"counters":[7,33],"Golden Idol":31,"MawBank":120,"Question Card":1,"obtain_stats":[{"Du-Vu Doll":5,"Matryoshka":8,"Golden Idol":2,"Vajra":9,"Odd Mushroom":12,"MawBank":6,"Question Card":9,"Ring of the Snake":0},{"Du-Vu Doll":3,"Matryoshka":5,"Golden Idol":1,"Vajra":5,"Odd Mushroom":6,"MawBank":4,"Question Card":5,"Ring of the Snake":0},{"Du-Vu Doll":11,"Matryoshka":24,"Golden Idol":3,"Vajra":24,"Odd Mushroom":28,"MawBank":19,"Question Card":24,"Ring of the Snake":0}],"Ring of the Snake":[14]},"card_choices":[{"not_picked":["Deflect","Reflex"],"picked":"Dagger Spray","floor":1},{"not_picked":["Bane","Predator"],"picked":"Blade Dance","floor":3},{"not_picked":["Outmaneuver","Skewer"],"picked":"Sucker Punch","floor":4},{"not_picked":["Calculated Gamble","Terror"],"picked":"Caltrops","floor":6},{"not_picked":["Skewer","Dagger Throw"],"picked":"Infinite Blades","floor":8},{"not_picked":["Infinite Blades","Quick Slash","Endless Agony"],"picked":"Blade Dance","floor":12}],"player_experience":796311,"relics_obtained":[{"floor":6,"key":"MawBank"},{"floor":8,"key":"Matryoshka"},{"floor":9,"key":"Vajra"},{"floor":9,"key":"Question Card"},{"floor":12,"key":"Odd Mushroom"}],"event_choices":[{"damage_healed":0,"gold_gain":0,"player_choice":"Take Damage","damage_taken":19,"relics_obtained":["Golden Idol"],"max_hp_gain":0,"max_hp_loss":0,"event_name":"Golden Idol","floor":2,"gold_loss":0},{"damage_healed":0,"gold_gain":0,"player_choice":"Success","damage_taken":3,"relics_obtained":["Du-Vu Doll"],"max_hp_gain":0,"max_hp_loss":0,"event_name":"Scrap Ooze","floor":5,"gold_loss":0},{"damage_healed":0,"gold_gain":175,"player_choice":"AGREE","damage_taken":0,"max_hp_gain":0,"max_hp_loss":0,"event_name":"Liars Game","floor":10,"gold_loss":0,"cards_obtained":["Doubt"]},{"damage_healed":0,"gold_gain":0,"player_choice":"Fought Mushrooms","damage_taken":0,"max_hp_gain":0,"max_hp_loss":0,"event_name":"Mushrooms","floor":12,"gold_loss":0},{"damage_healed":0,"gold_gain":75,"player_choice":"Gather Gold","damage_taken":11,"max_hp_gain":0,"max_hp_loss":0,"event_name":"World of Goop","floor":14,"gold_loss":0}],"is_beta":false,"boss_relics":[],"items_purged_floors":[],"is_endless":false,"potions_floor_spawned":[3,4,6,12],"killed_by":"The Guardian","ascension_level":6}}