{"host":"takgv9cv6xf64vhq","time":1612374847,"event":{"mods":["BaseMod","Colored Powertips","Conspire","Decade(王小明)","Downfall","Energized Spire","Hermit","Hubris","LagranYue(拉格朗・月)","Marisa（F雨　魔理沙）","Minty Spire (QoL Compilation)","Replay The Spire","StSLib","The Cursed","The Hierophant","The Jungle","The Servant 0.9.4","TheHeartMod"],"gold_per_floor":[111,122,122,122,222,222,240,240,293,328,346,346,346,346,346,424,424,434,445,445,48,48,48,59,159,231,231,231],"floor_reached":27,"language":"ZHS","playtime":1102,"items_purged":[],"score":477,"play_id":"df2e308d-7e60-4adc-b657-8a5ea72cd2d9","local_time":"20210204015407","is_ascension_mode":true,"campfire_choices":[{"data":"Neutralize","floor":6.0,"key":"SMITH"},{"data":"Noxious Fumes","floor":8.0,"key":"SMITH"},{"data":"Survivor","floor":12.0,"key":"SMITH"},{"data":"Deadly Poison","floor":15.0,"key":"SMITH"},{"data":"Dodge and Roll","floor":23,"key":"SMITH"}],"circlet_count":0,"master_deck":["AscendersBane","conspire:GhostlyDefend","conspire:GhostlyDefend","conspire:GhostlyDefend","conspire:GhostlyDefend","conspire:GhostlyDefend","Survivor+1","Neutralize+1","Predator","Noxious Fumes+1","Bane","ReplayTheSpireMod:Speed Training","Deadly Poison+1","Die Die Die","Deadly Poison+1","Dodge and Roll+1","Bite","Bite","Bite","Bite","Bite","Prepared"],"relics":["expansioncontent:StudyCardRelic","hubris:Towel","hubris:TenFootPole","FossilizedHelix","energizedSpire:RedRose","Golden Egg","Iron Hammer","OrangePellets","ReplayTheSpireMod:Ninjato"],"acts_visited":["Exordium","TheCity"],"potions_floor_usage":[27],"damage_taken":[{"damage":0.0,"enemies":"conspire:RoseBush","floor":1.0,"turns":5.0},{"damage":0.0,"enemies":"Cultist","floor":2.0,"turns":3.0},{"damage":6.0,"enemies":"2 Louse","floor":7.0,"turns":3.0},{"damage":32.0,"enemies":"3 Sentries","floor":10.0,"turns":5.0},{"damage":7.0,"enemies":"Red Slaver","floor":11.0,"turns":5.0},{"damage":0.0,"enemies":"Slime Boss","floor":16.0,"turns":7.0},{"damage":7.0,"enemies":"2 Thieves","floor":18.0,"turns":4.0},{"damage":18,"enemies":"Spheric Guardian","floor":19,"turns":5},{"damage":22,"enemies":"Snecko","floor":24,"turns":5},{"damage":16,"enemies":"Gremlin Leader","floor":27,"turns":3}],"seed_played":"4282684851284235214","potions_obtained":[{"floor":1.0,"key":"Explosive Potion"},{"floor":14.0,"key":"SpeedPotion"},{"floor":14.0,"key":"ColorlessPotion"},{"floor":14.0,"key":"GhostInAJar"},{"floor":18.0,"key":"PowerPotion"}],"is_trial":false,"path_per_floor":["M","M","?","?","?","R","M","R","T","E","M","R","?","?","R","B",null,"M","M","T","$","?","R","M","?","T","E"],"character_chosen":"THE_SILENT","items_purchased":["Iron Hammer","OrangePellets"],"campfire_rested":0,"item_purchase_floors":[21,21],"current_hp_per_floor":[63,63,63,63,63,63,57,57,57,25,18,18,18,18,18,18,57,50,32,32,32,32,32,22,22,22,14,14],"gold":231,"neow_bonus":"BOSS_RELIC","is_daily":false,"chose_seed":false,"campfire_upgraded":5,"win_rate":0.0,"timestamp":1612374847,"path_taken":["M","M","?","?","?","R","?","R","T","E","M","R","?","?","R","BOSS","M","M","?","$","?","R","M","?","T","E"],"items_purchased_type":["Relic","Relic"],"build_version":"2020-12-22","purchased_purges":0,"victory":false,"max_hp_per_floor":[70,70,70,70,70,70,70,70,70,70,70,70,70,70,70,70,70,70,70,70,70,49,49,49,49,49,49,49],"card_choices":[{"not_picked":["Flying Knee","Deflect"],"picked":"Predator","floor":1.0},{"not_picked":["Hidden Blade","Setup"],"picked":"Noxious Fumes","floor":2.0},{"not_picked":["Eviscerate","Flying Knee"],"picked":"Bane","floor":7.0},{"not_picked":["ReplayTheSpireMod:Exploit Weakness","Acrobatics"],"picked":"ReplayTheSpireMod:Speed Training","floor":10.0},{"not_picked":["Backflip","Expertise"],"picked":"Deadly Poison","floor":11.0},{"not_picked":["Bullet Time","Storm of Steel"],"picked":"Die Die Die","floor":16.0},{"not_picked":["Distraction","Sucker Punch"],"picked":"Deadly Poison+1","floor":18.0},{"not_picked":["Quick Slash","hubris:Counter"],"picked":"Dodge and Roll","floor":19},{"not_picked":["Flying Knee","Sucker Punch"],"picked":"Prepared","floor":24}],"player_experience":363094,"relics_obtained":[{"floor":9.0,"key":"hubris:TenFootPole"},{"floor":10.0,"key":"FossilizedHelix"},{"floor":20,"key":"Golden Egg"},{"floor":26,"key":"ReplayTheSpireMod:Ninjato"}],"event_choices":[{"damage_healed":0.0,"max_hp_gain":0.0,"max_hp_loss":0.0,"gold_gain":0.0,"event_name":"conspire:LoneGhost","player_choice":"Agree","floor":4.0,"gold_loss":0.0,"damage_taken":0.0},{"damage_healed":0.0,"max_hp_gain":0.0,"max_hp_loss":0.0,"gold_gain":100.0,"event_name":"Wheel of Change","player_choice":"Gold","floor":5.0,"gold_loss":0.0,"damage_taken":0.0},{"cards_removed":["conspire:GhostlyStrike"],"damage_healed":0.0,"max_hp_gain":0.0,"max_hp_loss":0.0,"gold_gain":0.0,"event_name":"Living Wall","player_choice":"Forget","floor":13.0,"gold_loss":0.0,"damage_taken":0.0},{"damage_healed":0.0,"max_hp_gain":0.0,"max_hp_loss":0.0,"gold_gain":0.0,"event_name":"Lab","player_choice":"Got Potions","floor":14.0,"gold_loss":0.0,"damage_taken":0.0},{"damage_healed":0,"gold_gain":0,"player_choice":"Became a vampire","damage_taken":0,"max_hp_gain":0,"max_hp_loss":21,"event_name":"Vampires","floor":22,"gold_loss":0,"cards_obtained":["Bite","Bite","Bite","Bite","Bite"]},{"damage_healed":0,"gold_gain":100,"player_choice":"Pray","damage_taken":0,"max_hp_gain":0,"max_hp_loss":0,"event_name":"Golden Shrine","floor":25,"gold_loss":0}],"is_beta":false,"boss_relics":[{"not_picked":["Painkiller Herb","conspire:RoyalGoblet"],"picked":"energizedSpire:RedRose"}],"items_purged_floors":[],"is_endless":false,"potions_floor_spawned":[1,18],"killed_by":"Gremlin Leader","ascension_level":13}}