{"host":"xc18ixkpjvqrt8st","time":1612394062,"event":{"mods":["Act Like it!","BaseMod","Better Match","Better Third Choice","Conspire","Downfall","Hallownest","Hermit","Hubris","Infinite Spire","Minty Spire (QoL Compilation)","Reliquary","Replay The Spire","Robot Space Explorer","Shop Mod","Spicy Shops","Spire Arcade","StSLib","The Animator","The Edgeheg","The Jungle","The Marked","The Sage","TheWitcher"],"gold_per_floor":[128,138,138,151,151,151,151,177,177,190,190,203,84,116,116,221,221,232,232,275,365,380,397,409,409,409,428,428,452,0,19,19,116,116,134,134,134,134,0,0,15,15,97,137,137,137],"floor_reached":45,"language":"ENG","playtime":2773,"items_purged":[],"score":707,"play_id":"69da2f86-93af-4986-893a-73171edc3a6e","local_time":"20210203171422","is_ascension_mode":true,"campfire_choices":[{"floor":6,"key":"RECALL"},{"data":"animator:Lu","floor":11,"key":"SMITH"},{"floor":15,"key":"REST"},{"floor":25,"key":"REST"},{"floor":28,"key":"REST"},{"floor":32,"key":"REST"},{"floor":40,"key":"REST"},{"floor":42,"key":"REST"}],"circlet_count":0,"master_deck":["animator:Strike_GATE","animator:Defend_GATE","animator:Strike","animator:Strike","animator:Strike","animator:Defend","animator:Defend","animator:Defend","animator:TukaLunaMarceau","animator:Kuribayashi","animator:IrohaTamaki","animator:Lu+1","animator:GazelDwargon","animator:KyokoSakura","animator:Mitsurugi","animator:Konayuki","animator:YaoHaDucy","animator:SayakaMiki","animator:Elesis","animator:MadokaKaname","ReplayTheSpireMod:Chaos Vortex","animator:OrikoMikuni","animator:Urushihara","animator:Shichika+1","animator:Konayuki","animator:Raven","animator:YuiTsuruno+1","animator:Geryuganshoop+1","animator:Benimaru","animator:MamizouFutatsuiwa","animator:Konayuki","animator:Hans","animator:Benimaru","animator:LimeBell","animator:Hibiki","animator:HigakiRinne","animator:SuzuneAmano+1","animator:Aqua+1"],"relics":["PureWater","animator:TheMissingPiece","NeowsBlessing","animator:HallowedScabbard","infinitespire:Cubic Diamond","Replay:Bottled Steam","Bag of Marbles","ChewingGum","Sling","PreservedInsect","SlaversCollar","infinitespire:EvilPickle","Red Mask","hubris:CrystalStatue","reliquary:Aerogel"],"acts_visited":["Exordium","TheCity","TheBeyond"],"potions_floor_usage":[10,22,23,24,24,27,35,41],"damage_taken":[{"damage":0,"enemies":"Small Slimes","floor":1,"turns":1},{"damage":0,"enemies":"Cultist","floor":2,"turns":1},{"damage":0,"enemies":"Jaw Worm","floor":4,"turns":1},{"damage":9,"enemies":"Replay:BlueRogue","floor":8,"turns":7},{"damage":4,"enemies":"Exordium Thugs","floor":10,"turns":4},{"damage":7,"enemies":"Blue Slaver","floor":12,"turns":3},{"damage":0,"enemies":"Lots of Slimes","floor":14,"turns":2},{"damage":15,"enemies":"The Guardian","floor":16,"turns":13},{"damage":6,"enemies":"Spheric Guardian","floor":18,"turns":4},{"damage":27,"enemies":"3 Byrds","floor":20,"turns":5},{"damage":1,"enemies":"Cultist and Chosen","floor":22,"turns":6},{"damage":13,"enemies":"Centurion and Healer","floor":23,"turns":4},{"damage":5,"enemies":"Snake Plant","floor":24,"turns":4},{"damage":12,"enemies":"3 Cultists","floor":27,"turns":4},{"damage":5,"enemies":"conspire:HollyBat","floor":29,"turns":6},{"damage":15,"enemies":"Snecko","floor":31,"turns":5},{"damage":21,"enemies":"Pondfish","floor":33,"turns":11},{"damage":56,"enemies":"3 Darklings","floor":35,"turns":6},{"damage":20,"enemies":"Orb Walker","floor":41,"turns":4},{"damage":28,"enemies":"Nemesis","floor":44,"turns":5}],"seed_played":"-1765152969993071997","potions_obtained":[{"floor":1,"key":"Dexterity Potion"},{"floor":8,"key":"SkillPotion"},{"floor":10,"key":"Strength Potion"},{"floor":12,"key":"Explosive Potion"},{"floor":23,"key":"Cursed Concoction"},{"floor":24,"key":"SkillPotion"},{"floor":31,"key":"Elixir"},{"floor":33,"key":"champ:CounterPotion"}],"is_trial":false,"path_per_floor":["M","M","?","M","T","R","?","E","T","M","R","M","$","M","R","B",null,"M","AVR","M","?","M","M","M","R","T","M","R","M","$","M","R","B",null,"M","?","?","?","?","R","M","R","T","E","?"],"character_chosen":"THE_ANIMATOR","items_purchased":["animator:Konayuki","animator:YaoHaDucy","Sling","PreservedInsect","animator:Benimaru","animator:MamizouFutatsuiwa"],"campfire_rested":6,"item_purchase_floors":[13,13,30,30,30,30],"current_hp_per_floor":[66,66,66,66,66,66,66,57,57,54,54,47,47,47,67,62,67,62,62,42,24,23,14,15,35,35,29,50,45,45,30,51,40,70,23,23,18,9,9,30,10,31,31,3,0,0],"gold":137,"neow_bonus":"THREE_ENEMY_KILL","is_daily":false,"chose_seed":false,"campfire_upgraded":1,"win_rate":0.0,"timestamp":1612394062,"path_taken":["M","M","?","?","?","R","?","E","T","M","R","M","$","?","R","BOSS","M","AVR","M","?","?","M","?","R","T","M","R","M","?","?","R","BOSS","M","?","?","?","?","R","M","R","T","E","?"],"items_purchased_type":["Card","Card","Relic","Relic","Card","Card"],"build_version":"2020-12-22","purchased_purges":0,"victory":false,"max_hp_per_floor":[66,66,66,66,66,66,66,66,66,67,67,67,67,67,67,67,67,68,68,68,68,68,68,68,68,68,70,70,70,70,70,70,70,70,70,70,70,70,70,70,70,70,70,70,70,70],"card_choices":[{"not_picked":["animator:Ara","animator:Ciel"],"picked":"animator:IrohaTamaki","floor":1},{"not_picked":["animator:Shion","animator:SayakaMiki"],"picked":"animator:Emonzaemon","floor":2},{"not_picked":["animator:Kazuma","animator:Hakurou"],"picked":"animator:Lu","floor":4},{"not_picked":["animator:Millim","animator:Vesta"],"picked":"animator:GazelDwargon","floor":8},{"not_picked":["animator:Megumin","animator:YuiTsuruno"],"picked":"animator:KyokoSakura","floor":10},{"not_picked":["animator:Shion","animator:Wiz"],"picked":"animator:Mitsurugi","floor":12},{"not_picked":["animator:Mitsurugi","animator:Aisha"],"picked":"animator:SayakaMiki","floor":14},{"not_picked":["animator:PinaCoLada","animator:Wiz"],"picked":"animator:Elesis","floor":16},{"not_picked":["animator:SuzuneAmano","animator:MamiTomoe"],"picked":"animator:MadokaKaname","floor":18},{"not_picked":["animator:SilverFang+1","animator:Azekura+1"],"picked":"animator:OrikoMikuni","floor":20},{"not_picked":["animator:MamiTomoe","animator:Benimaru"],"picked":"animator:Shichika+1","floor":22},{"not_picked":["animator:Bozes","animator:Sonic+1"],"picked":"animator:Konayuki","floor":23},{"not_picked":["animator:Ciel","animator:Elsword"],"picked":"animator:Raven","floor":24},{"not_picked":["animator:Elsword","animator:Shion"],"picked":"animator:YuiTsuruno+1","floor":27},{"not_picked":["animator:Melzalgald","animator:Tatsumaki+1"],"picked":"animator:Geryuganshoop+1","floor":29},{"not_picked":["animator:Azekura","animator:Laby"],"picked":"animator:Konayuki","floor":31},{"not_picked":["animator:Eve","animator:Kyubey"],"picked":"animator:Hans","floor":33},{"not_picked":["animator:Millim","animator:GazelDwargon"],"picked":"animator:Benimaru","floor":35},{"not_picked":["animator:Urushihara","animator:TakanashiRikka"],"picked":"animator:LimeBell","floor":37},{"not_picked":["animator:Zero","animator:Cirno"],"picked":"animator:Hibiki","floor":37},{"not_picked":["animator:Kaijin+1","animator:Vanir"],"picked":"animator:SuzuneAmano+1","floor":41},{"not_picked":["animator:Kaijin","animator:Verdia"],"picked":"animator:Aqua+1","floor":44}],"player_experience":694134,"relics_obtained":[{"floor":5,"key":"animator:HallowedScabbard"},{"floor":8,"key":"Replay:Bottled Steam"},{"floor":9,"key":"Bag of Marbles"},{"floor":43,"key":"hubris:CrystalStatue"},{"floor":44,"key":"reliquary:Aerogel"}],"event_choices":[{"cards_removed":["animator:Emonzaemon"],"damage_healed":5,"gold_gain":0,"player_choice":"Offered Common","damage_taken":0,"max_hp_gain":0,"max_hp_loss":0,"event_name":"Bonfire Elementals","floor":3,"gold_loss":0},{"cards_removed":["animator:Emonzaemon"],"damage_healed":5,"gold_gain":0,"player_choice":"Offered Special","damage_taken":0,"max_hp_gain":0,"max_hp_loss":0,"event_name":"Bonfire Elementals","floor":3,"gold_loss":0},{"damage_healed":0,"gold_gain":90,"player_choice":"CARD GOLD ","damage_taken":18,"max_hp_gain":0,"max_hp_loss":0,"event_name":"Knowing Skull","floor":21,"potions_obtained":[],"gold_loss":0,"cards_obtained":["animator:Urushihara"]},{"damage_healed":0,"gold_gain":0,"player_choice":"Memory 2","damage_taken":5,"max_hp_gain":0,"max_hp_loss":0,"event_name":"SensoryStone","floor":37,"gold_loss":0},{"damage_healed":0,"gold_gain":0,"player_choice":"Embrace Madness","damage_taken":9,"max_hp_gain":0,"max_hp_loss":0,"event_name":"Winding Halls","floor":38,"gold_loss":0,"cards_obtained":["animator:HigakiRinne"]},{"damage_healed":0,"gold_gain":0,"player_choice":"Paid","damage_taken":0,"relics_obtained":["Red Mask"],"max_hp_gain":0,"max_hp_loss":0,"event_name":"Tomb of Lord Red Mask","floor":39,"gold_loss":134}],"is_beta":false,"boss_relics":[{"not_picked":["ReplayTheSpireMod:SealedPack","Runic Dome"],"picked":"ChewingGum"},{"not_picked":["conspire:RoyalGoblet","conspire:RunicOctahedron"],"picked":"SlaversCollar"}],"items_purged_floors":[],"is_endless":false,"potions_floor_spawned":[1,8,10,12,16,23,24,31,33],"ascension_level":2}}