{"host":"jrjhmnau3l6mlp7r","time":1612383140,"event":{"mods":["Aspiration","BaseMod","Colored Map","Colored Powertips","DeckTracker","Highlight Path","Hubris","Infinite Spire","Minty Spire (QoL Compilation)","Quick Restart","Random Character Button","Relic Sorter","Replay The Spire","StSLib","SuperFastMode","Synergy Search","The Cursed","The Disciple","The Jungle","The Runesmith"],"gold_per_floor":[114,114,129,204,221,221,235,235,235,98,123,34,34,34,34,138,138,148,148,148,148,148,148],"floor_reached":22,"language":"ENG","playtime":976,"items_purged":[],"score":205,"play_id":"4dc82073-9a0d-459c-a351-9b6621d42336","local_time":"20210203151220","is_ascension_mode":false,"campfire_choices":[{"floor":6,"key":"REST"},{"floor":8,"key":"REST"},{"data":"infinitespire:Execution","floor":15,"key":"SMITH"}],"circlet_count":0,"master_deck":["Strike_G","Strike_G","Strike_G","Strike_G","Strike_G","Defend_G","Defend_G","Defend_G","Defend_G","Defend_G","Survivor","Neutralize","Blade Dance","infinitespire:Execution+1","Prepared","Outmaneuver","Infinite Blades","Setup+1","ReplayTheSpireMod:Scrap Shanks","Outmaneuver","Slice","Infinite Blades","After Image","Dodge and Roll+1","Flying Knee+1"],"relics":["Ring of the Snake","NeowsBlessing","StrikeDummy","Dream Catcher","hubris:Spice","Kunai"],"acts_visited":["Exordium","Exordium"],"potions_floor_usage":[7,11,22],"damage_taken":[{"damage":0,"enemies":"2 Louse","floor":1,"turns":1},{"damage":0,"enemies":"Small Slimes","floor":3,"turns":1},{"damage":0,"enemies":"Cultist","floor":5,"turns":1},{"damage":14,"enemies":"Exordium Thugs","floor":7,"turns":5},{"damage":10,"enemies":"Lagavulin","floor":11,"turns":4},{"damage":12,"enemies":"Fading Forest","floor":16,"turns":11},{"damage":2,"enemies":"theJungle:GiantWrat","floor":18,"turns":5},{"damage":51,"enemies":"JungleHuntersEvent","floor":20,"turns":10},{"damage":26,"enemies":"theJungle:Flameango_and_Byrd","floor":22,"turns":3}],"seed_played":"-6477759540392266090","potions_obtained":[{"floor":3,"key":"FearPotion"},{"floor":7,"key":"CunningPotion"},{"floor":11,"key":"Elixir"}],"is_trial":false,"path_per_floor":["M","?","M","?","M","R","M","R","T","$","E","$","?","T","R","B",null,"M","?","?","$","M"],"character_chosen":"THE_SILENT","items_purchased":["Setup+1","ReplayTheSpireMod:Scrap Shanks","Slice","Infinite Blades"],"campfire_rested":2,"item_purchase_floors":[10,10,12,12],"current_hp_per_floor":[70,52,52,45,45,66,52,70,70,70,60,60,70,78,78,76,86,84,66,15,15,0,0],"gold":148,"neow_bonus":"THREE_ENEMY_KILL","is_daily":false,"chose_seed":false,"campfire_upgraded":1,"win_rate":0.0,"timestamp":1612383140,"path_taken":["M","?","M","?","M","R","?","R","T","$","E","?","?","?","R","BOSS","M","?","?","?","?"],"items_purchased_type":["Card","Card","Card","Card"],"build_version":"2020-12-22","purchased_purges":0,"victory":false,"max_hp_per_floor":[70,70,70,70,70,70,70,70,70,70,70,70,70,78,78,78,86,86,86,86,86,86,86],"card_choices":[{"not_picked":["Deadly Poison","PiercingWail"],"picked":"Blade Dance","floor":1},{"not_picked":["infinitespire:UltimateForm","hubris:Rewind"],"picked":"infinitespire:Execution","floor":2},{"not_picked":["PiercingWail","Deflect"],"picked":"Prepared","floor":3},{"not_picked":["Backflip","Sneak Up"],"picked":"Outmaneuver","floor":5},{"not_picked":["Hidden Blade","hubris:Sniper"],"picked":"Infinite Blades","floor":7},{"not_picked":["ReplayTheSpireMod:Exploit Weakness","hubris:TrickCloak"],"picked":"Outmaneuver","floor":11},{"not_picked":["Die Die Die","Poison Darts"],"picked":"After Image","floor":16},{"not_picked":["Acrobatics+1","Poisoned Stab"],"picked":"Dodge and Roll+1","floor":18},{"not_picked":["Calculated Gamble","Poisoned Stab"],"picked":"Flying Knee+1","floor":20}],"player_experience":49188,"relics_obtained":[{"floor":9,"key":"StrikeDummy"},{"floor":11,"key":"Dream Catcher"},{"floor":14,"key":"hubris:Spice"},{"floor":20,"key":"Kunai"}],"event_choices":[{"damage_healed":0,"gold_gain":75,"player_choice":"Touch","damage_taken":7,"max_hp_gain":0,"max_hp_loss":0,"event_name":"FaceTrader","floor":4,"gold_loss":0},{"damage_healed":23,"gold_gain":0,"player_choice":"Banana","damage_taken":0,"max_hp_gain":0,"max_hp_loss":0,"event_name":"Big Fish","floor":13,"gold_loss":0}],"is_beta":false,"boss_relics":[{"not_picked":["Calling Bell","Replay:Fungal Core"],"picked":"hubris:Spice"}],"items_purged_floors":[],"is_endless":false,"potions_floor_spawned":[3,7,11],"killed_by":"theJungle:Flameango_and_Byrd","ascension_level":0}}