{"host":"d6gsnuetzz7j8con","time":1612312911,"event":{"mods":["AchievementEnabler","BaseMod","Better Altar","Better Match","Better Note","Better Sensory Stone","Better Skull","Better Third Choice","BetterRewards","Evolution","Minty Spire (QoL Compilation)","Remove Card Discount Mod","StSLib"],"gold_per_floor":[118,118,150,172,184,224,236,281,319,331,362,391,428,470,482,591,603,632,644,670,682,694,736,748,777,789,821,863,885,911,954,966,1078,1090,1113,1175,1187,1199,1211,1252,1264,1276,1288,1331,1343,1355,715,0,0,0,0,0,0,29,29],"floor_reached":56,"language":"ENG","playtime":11889,"items_purged":["Strike_G","Strike_G","Strike_G","Strike_G","Strike_G","Defend_G","Defend_G","Defend_G","Defend_G","Defend_G","Sucker Punch","Dodge and Roll+1","Flying Knee+1","Catalyst","Bouncing Flask+1","Calculated Gamble","Dagger Spray","Flying Knee","Backstab","Sucker Punch+1","Deflect","Survivor","Crippling Poison+1","Noxious Fumes"],"score":1799,"play_id":"263989ef-cc6c-41a7-95f1-d989dcae139b","local_time":"20210202194151","is_ascension_mode":true,"campfire_choices":[{"floor":7.0,"key":"REST"},{"floor":10.0,"key":"RECALL"},{"floor":15.0,"key":"REST"},{"floor":24.0,"key":"REST"},{"data":"After Image","floor":32.0,"key":"SMITH"},{"data":"Night Terror","floor":42.0,"key":"SMITH"},{"data":"Adrenaline","floor":45.0,"key":"SMITH"},{"data":"Acrobatics","floor":49.0,"key":"SMITH"},{"data":"Neutralize","floor":52.0,"key":"SMITH"}],"circlet_count":0,"master_deck":["Neutralize+1","Impatience","Chrysalis","Night Terror+1","Outmaneuver","Heel Hook","Backflip","Escape Plan","Prepared","Adrenaline+1","Noxious Fumes","A Thousand Cuts","After Image+1","Backstab+1","Quick Slash+1","Quick Slash+1","Escape Plan","Blur","Backflip","Footwork","Footwork","Deflect+1","Noxious Fumes+1","Prepared","Masterful Stab+1","Expertise","Prepared+1","After Image+1","Acrobatics+1"],"relics":["Ring of the Snake","EVO:Axolotl","Oddly Smooth Stone","Prayer Wheel","Regal Pillow","Peace Pipe","Medical Kit","MealTicket","Turnip","Snake Skull","Ice Cream","Frozen Eye","MawBank","Omamori","Juzu Bracelet","Nunchaku","Molten Egg 2","Sozu","Ornamental Fan","Blood Vial","Bloody Idol","Ginger","Mummified Hand","StoneCalendar","Toy Ornithopter","Busted Crown","Thread and Needle","Shuriken","Eternal Feather","Bottled Flame","PreservedInsect","Torii","Cauldron","Red Mask","Gremlin Horn"],"acts_visited":["Exordium","TheCity","TheBeyond","TheEnding"],"potions_floor_usage":[55],"damage_taken":[{"damage":7.0,"enemies":"Cultist","floor":1.0,"turns":5.0},{"damage":0.0,"enemies":"Jaw Worm","floor":3.0,"turns":4.0},{"damage":5.0,"enemies":"Small Slimes","floor":4.0,"turns":3.0},{"damage":8.0,"enemies":"3 Sentries","floor":6.0,"turns":4.0},{"damage":12.0,"enemies":"Lagavulin","floor":8.0,"turns":5.0},{"damage":0.0,"enemies":"2 Fungi Beasts","floor":11.0,"turns":3.0},{"damage":11.0,"enemies":"3 Louse","floor":12.0,"turns":3.0},{"damage":13.0,"enemies":"3 Sentries","floor":13.0,"turns":4.0},{"damage":9.0,"enemies":"Slime Boss","floor":16.0,"turns":7.0},{"damage":12.0,"enemies":"2 Thieves","floor":18.0,"turns":3.0},{"damage":4.0,"enemies":"Shell Parasite","floor":20.0,"turns":6.0},{"damage":8.0,"enemies":"Gremlin Leader","floor":23.0,"turns":5.0},{"damage":0.0,"enemies":"Cultist and Chosen","floor":25.0,"turns":5.0},{"damage":0.0,"enemies":"3 Cultists","floor":27.0,"turns":3.0},{"damage":0.0,"enemies":"Book of Stabbing","floor":28.0,"turns":6.0},{"damage":0.0,"enemies":"Snake Plant","floor":29.0,"turns":5.0},{"damage":0.0,"enemies":"Centurion and Healer","floor":30.0,"turns":5.0},{"damage":14.0,"enemies":"Slavers","floor":31.0,"turns":4.0},{"damage":10.0,"enemies":"Automaton","floor":33.0,"turns":7.0},{"damage":0.0,"enemies":"3 Darklings","floor":35.0,"turns":2.0},{"damage":0.0,"enemies":"Mind Bloom Boss Battle","floor":36.0,"turns":5.0},{"damage":0.0,"enemies":"Nemesis","floor":40.0,"turns":5.0},{"damage":0.0,"enemies":"Giant Head","floor":44.0,"turns":8.0},{"damage":0.0,"enemies":"Donu and Deca","floor":50.0,"turns":4.0},{"damage":0,"enemies":"Shield and Spear","floor":54,"turns":4},{"damage":1,"enemies":"The Heart","floor":55,"turns":6}],"seed_played":"-2409114899263818870","potions_obtained":[{"floor":4.0,"key":"LiquidBronze"},{"floor":11.0,"key":"BlessingOfTheForge"},{"floor":12.0,"key":"Regen Potion"},{"floor":13.0,"key":"GamblersBrew"}],"is_trial":false,"path_per_floor":["M","T","M","M","?","E","R","E","T","R","M","M","E","?","R","B",null,"M","?","M","?","?","E","R","M","T","M","E","M","M","E","R","B",null,"M","?","?","?","?","E","?","R","T","E","R","?","$","?","R","B",null,"R","$","E","B",null],"character_chosen":"THE_SILENT","items_purchased":["FairyPotion","Oddly Smooth Stone","Medical Kit","MealTicket","Night Terror","Turnip","Outmaneuver","Frozen Eye","PreservedInsect","Torii","Acrobatics","Cauldron"],"campfire_rested":3,"item_purchase_floors":[0,0,0,0,0,0,0,0,47,47,47,47],"current_hp_per_floor":[21,21,21,16,16,8,44,32,32,32,32,21,17,17,53,44,70,58,58,54,1,6,10,51,63,68,70,70,70,70,61,66,65,70,70,70,70,70,70,70,70,70,70,70,70,80,80,80,80,80,80,80,80,80,80],"gold":29,"neow_bonus":"","is_daily":false,"chose_seed":false,"campfire_upgraded":5,"win_rate":0.0,"timestamp":1612312911,"path_taken":["M","?","M","M","?","E","R","E","T","R","M","M","E","?","R","BOSS","M","?","M","?","?","E","R","M","T","M","E","M","M","E","R","BOSS","M","?","?","?","?","E","?","R","T","E","R","?","$","?","R","BOSS","R","$","E","BOSS"],"items_purchased_type":["Potion","Relic","Relic","Relic","Card","Relic","Card","Relic","Relic","Relic","Card","Relic"],"build_version":"2020-12-22","purchased_purges":24,"victory":true,"max_hp_per_floor":[70,70,70,70,70,70,70,70,70,70,70,70,70,70,70,70,70,70,70,70,70,70,70,70,70,70,70,70,70,70,70,70,70,70,70,70,70,70,70,70,70,70,70,70,70,80,80,80,80,80,80,80,80,80,80],"card_choices":[{"not_picked":["Bane","Skewer"],"picked":"Heel Hook","floor":1.0},{"not_picked":["Slice","Underhanded Strike"],"picked":"Backflip","floor":1.0},{"not_picked":["Dagger Throw","Riddle With Holes"],"picked":"Escape Plan","floor":3.0},{"not_picked":["PiercingWail","Sucker Punch"],"picked":"Noxious Fumes","floor":3.0},{"not_picked":["Bane","Dagger Throw"],"picked":"Endless Agony","floor":4.0},{"not_picked":["Crippling Poison","PiercingWail"],"picked":"Prepared","floor":4.0},{"not_picked":["Dagger Throw","Envenom"],"picked":"Backstab","floor":6.0},{"not_picked":["Caltrops","Deadly Poison"],"picked":"Sucker Punch","floor":8.0},{"not_picked":["Dagger Throw","Quick Slash"],"picked":"Calculated Gamble","floor":11.0},{"not_picked":["Bane","Slice"],"picked":"Sucker Punch","floor":11.0},{"not_picked":["Backflip","Eviscerate"],"picked":"Noxious Fumes","floor":12.0},{"not_picked":["Choke","Bane"],"picked":"A Thousand Cuts","floor":12.0},{"not_picked":["All Out Attack","Skewer"],"picked":"Flechettes","floor":13.0},{"not_picked":["Bullet Time","Night Terror"],"picked":"After Image","floor":16.0},{"not_picked":["Outmaneuver","Skewer+1"],"picked":"Backstab+1","floor":18.0},{"not_picked":["Backflip","Flechettes+1"],"picked":"Quick Slash+1","floor":18.0},{"not_picked":["Deadly Poison","Underhanded Strike+1"],"picked":"Quick Slash+1","floor":20.0},{"not_picked":["Skewer+1","Bane+1"],"picked":"Escape Plan","floor":20.0},{"not_picked":["Quick Slash+1","Finisher+1"],"picked":"Blur","floor":23.0},{"not_picked":["Deflect","PiercingWail"],"picked":"Dodge and Roll+1","floor":25.0},{"not_picked":["Bullet Time","Slice+1"],"picked":"Backflip","floor":25.0},{"not_picked":["Acrobatics","Underhanded Strike+1"],"picked":"Footwork","floor":27.0},{"not_picked":["Acrobatics","Caltrops+1"],"picked":"Footwork","floor":27.0},{"not_picked":["Bouncing Flask","Acrobatics"],"picked":"Deflect+1","floor":28.0},{"not_picked":["PiercingWail","Predator+1"],"picked":"Noxious Fumes+1","floor":29.0},{"not_picked":["Endless Agony+1","PiercingWail"],"picked":"Flying Knee+1","floor":29.0},{"not_picked":["Slice+1","Dash+1"],"picked":"Prepared","floor":30.0},{"not_picked":["Backflip","Well Laid Plans+1"],"picked":"Masterful Stab+1","floor":30.0},{"not_picked":["Well Laid Plans","Dodge and Roll"],"picked":"Expertise","floor":31.0},{"not_picked":["Doppelganger","Bullet Time"],"picked":"Malaise","floor":33.0},{"not_picked":[],"picked":"Sucker Punch+1","floor":35.0},{"not_picked":[],"picked":"Crippling Poison+1","floor":35.0},{"not_picked":[],"picked":"Prepared+1","floor":36.0},{"not_picked":[],"picked":"Catalyst","floor":40.0},{"not_picked":[],"picked":"Bouncing Flask+1","floor":44.0},{"not_picked":["Slice+1"],"picked":"SKIP","floor":54}],"player_experience":98192,"relics_obtained":[{"floor":2.0,"key":"MawBank"},{"floor":6.0,"key":"Omamori"},{"floor":8.0,"key":"Juzu Bracelet"},{"floor":13.0,"key":"Nunchaku"},{"floor":23.0,"key":"Ginger"},{"floor":26.0,"key":"Mummified Hand"},{"floor":28.0,"key":"StoneCalendar"},{"floor":31.0,"key":"Toy Ornithopter"},{"floor":36.0,"key":"Thread and Needle"},{"floor":40.0,"key":"Shuriken"},{"floor":43.0,"key":"Eternal Feather"},{"floor":44.0,"key":"Bottled Flame"},{"floor":54,"key":"Gremlin Horn"}],"event_choices":[{"damage_healed":0.0,"max_hp_gain":0.0,"max_hp_loss":0.0,"gold_gain":0.0,"cards_transformed":["Endless Agony"],"event_name":"Transmorgrifier","player_choice":"Transformed","floor":5.0,"gold_loss":0.0,"damage_taken":0.0,"cards_obtained":["Adrenaline"]},{"damage_healed":0.0,"max_hp_gain":0.0,"max_hp_loss":0.0,"gold_gain":30.0,"event_name":"Dead Adventurer","player_choice":"Searched \u00273\u0027 times","floor":14.0,"gold_loss":0.0,"damage_taken":0.0,"relics_obtained":["Molten Egg 2"]},{"damage_healed":0.0,"max_hp_gain":0.0,"max_hp_loss":0.0,"gold_gain":0.0,"event_name":"Addict","player_choice":"Stole Relic","floor":19.0,"gold_loss":0.0,"damage_taken":0.0,"relics_obtained":["Ornamental Fan"],"cards_obtained":["Shame"]},{"damage_healed":0.0,"max_hp_gain":54.0,"max_hp_loss":1.0,"gold_gain":0.0,"event_name":"betterAltar:BetterAltar","player_choice":" Vial Idol ","floor":21.0,"potions_obtained":[],"relics_lost":[],"gold_loss":0.0,"damage_taken":53.0,"relics_obtained":["Blood Vial","Bloody Idol"]},{"cards_removed":["Flechettes"],"damage_healed":0.0,"max_hp_gain":0.0,"max_hp_loss":0.0,"gold_gain":0.0,"event_name":"Purifier","player_choice":"Purged","floor":22.0,"gold_loss":0.0,"damage_taken":0.0},{"damage_healed":0.0,"max_hp_gain":0.0,"max_hp_loss":0.0,"gold_gain":0.0,"event_name":"MindBloom","player_choice":"Fight","floor":36.0,"gold_loss":0.0,"damage_taken":0.0},{"damage_healed":0.0,"max_hp_gain":0.0,"max_hp_loss":0.0,"gold_gain":3.0,"event_name":"betterStone:BetterStone","player_choice":"3","floor":37.0,"gold_loss":0.0,"damage_taken":0.0,"cards_obtained":["After Image"]},{"cards_removed":["Sucker Punch"],"damage_healed":0.0,"max_hp_gain":0.0,"max_hp_loss":0.0,"gold_gain":0.0,"event_name":"Falling","player_choice":"Removed Attack","floor":38.0,"gold_loss":0.0,"damage_taken":0.0},{"damage_healed":0.0,"max_hp_gain":0.0,"max_hp_loss":0.0,"gold_gain":0.0,"event_name":"Lab","player_choice":"Got Potions","floor":39.0,"gold_loss":0.0,"damage_taken":0.0},{"damage_healed":0.0,"max_hp_gain":0.0,"max_hp_loss":0.0,"gold_gain":0.0,"event_name":"The Woman in Blue","player_choice":"Bought 0 Potions","floor":41.0,"gold_loss":0.0,"damage_taken":0.0},{"cards_removed":["Malaise"],"damage_healed":0.0,"max_hp_gain":10.0,"max_hp_loss":0.0,"gold_gain":0.0,"event_name":"Bonfire Elementals","player_choice":"Offered Rare","floor":46.0,"gold_loss":0.0,"damage_taken":0.0},{"damage_healed":0.0,"max_hp_gain":0.0,"max_hp_loss":0.0,"gold_gain":0.0,"event_name":"Tomb of Lord Red Mask","player_choice":"Paid","floor":48.0,"gold_loss":715.0,"damage_taken":0.0,"relics_obtained":["Red Mask"]}],"is_beta":false,"boss_relics":[{"not_picked":["Calling Bell","HoveringKite"],"picked":"Sozu"},{"not_picked":["Black Star","Runic Dome"],"picked":"Busted Crown"}],"items_purged_floors":[0,0,0,0,0,0,0,0,0,47,47,47,47,47,47,47,47,47,47,47,47,47,47,47],"is_endless":false,"potions_floor_spawned":[4,11,12,13,16,18,27,29,31,44],"ascension_level":1}}