{"host":"7qoz5gmva6til3yp","time":1612362054,"event":{"mods":["AchievementEnabler","BaseMod","Minty Spire (QoL Compilation)","StSLib","SuperFastMode"],"gold_per_floor":[110,110,130,31,45,73,73,105,182,182,210,227,227,151,151,151,151],"floor_reached":16,"language":"KOR","playtime":346,"items_purged":["Strike_R"],"score":236,"play_id":"93e2c37f-d000-47dd-bf7e-1a6703607391","local_time":"20210203232054","is_ascension_mode":true,"campfire_choices":[{"data":"Armaments","floor":7.0,"key":"SMITH"},{"floor":10.0,"key":"REST"},{"data":"Uppercut","floor":15.0,"key":"SMITH"}],"circlet_count":0,"master_deck":["AscendersBane","Strike_R","Strike_R","Strike_R","Strike_R","Defend_R","Defend_R","Defend_R","Bash","Carnage","Finesse","Uppercut+1","Armaments+1","Battle Trance","Burning Pact","Shrug It Off"],"relics":["Burning Blood","NeowsBlessing","Ice Cream","Smiling Mask","Bottled Lightning","Bag of Marbles"],"acts_visited":["Exordium"],"potions_floor_usage":[16,16],"damage_taken":[{"damage":0.0,"enemies":"Jaw Worm","floor":1.0,"turns":1.0},{"damage":0.0,"enemies":"Cultist","floor":3.0,"turns":1.0},{"damage":0.0,"enemies":"Small Slimes","floor":5.0,"turns":1.0},{"damage":43.0,"enemies":"Lagavulin","floor":6.0,"turns":6.0},{"damage":31.0,"enemies":"3 Sentries","floor":8.0,"turns":7.0},{"damage":18.0,"enemies":"Lagavulin","floor":11.0,"turns":5.0},{"damage":8.0,"enemies":"Blue Slaver","floor":12.0,"turns":2.0},{"damage":21,"enemies":"Hexaghost","floor":16,"turns":9}],"seed_played":"4389057651691440524","potions_obtained":[{"floor":5.0,"key":"SpeedPotion"},{"floor":8.0,"key":"DuplicationPotion"},{"floor":11.0,"key":"DuplicationPotion"}],"is_trial":false,"path_per_floor":["M","?","M","$","M","E","R","E","T","R","E","M","?","$","R","B"],"character_chosen":"IRONCLAD","items_purchased":["Finesse","Shrug It Off"],"campfire_rested":1,"item_purchase_floors":[4,14],"current_hp_per_floor":[74,74,75,75,75,38,38,13,13,35,23,21,21,21,21,0,0],"gold":151,"neow_bonus":"THREE_ENEMY_KILL","is_daily":false,"chose_seed":false,"campfire_upgraded":2,"win_rate":0.0,"timestamp":1612362054,"path_taken":["M","?","?","$","M","E","R","E","T","R","E","M","?","$","R","BOSS"],"items_purchased_type":["Card","Card"],"build_version":"2020-12-22","purchased_purges":1,"victory":false,"max_hp_per_floor":[75,75,75,75,75,75,75,75,75,75,75,75,75,75,75,75,75],"card_choices":[{"not_picked":["Iron Wave","Thunderclap"],"picked":"Perfected Strike","floor":1.0},{"not_picked":["Evolve","Headbutt"],"picked":"Carnage","floor":3.0},{"not_picked":["Body Slam","Clash"],"picked":"Uppercut","floor":5.0},{"not_picked":["Bloodletting","Heavy Blade"],"picked":"Armaments","floor":6.0},{"not_picked":["Dark Embrace","Sever Soul"],"picked":"Battle Trance","floor":8.0},{"not_picked":["True Grit","Dropkick"],"picked":"Burning Pact","floor":11.0},{"not_picked":["Metallicize","Flex","Heavy Blade"],"picked":"SKIP","floor":12.0}],"player_experience":467909,"relics_obtained":[{"floor":6.0,"key":"Ice Cream"},{"floor":8.0,"key":"Smiling Mask"},{"floor":9.0,"key":"Bottled Lightning"},{"floor":11.0,"key":"Bag of Marbles"}],"event_choices":[{"cards_removed":["Defend_R"],"damage_healed":0.0,"max_hp_gain":0.0,"max_hp_loss":0.0,"gold_gain":0.0,"event_name":"Purifier","player_choice":"Purged","floor":2.0,"gold_loss":0.0,"damage_taken":0.0},{"cards_removed":["Perfected Strike"],"damage_healed":0.0,"max_hp_gain":0.0,"max_hp_loss":0.0,"gold_gain":0.0,"event_name":"Living Wall","player_choice":"Forget","floor":13.0,"gold_loss":0.0,"damage_taken":0.0}],"is_beta":false,"boss_relics":[],"items_purged_floors":[14],"is_endless":false,"potions_floor_spawned":[5,8,11],"killed_by":"Hexaghost","ascension_level":20}}