{"host":"eebsr5bfap1y39p2","time":1612324812,"event":{"mods":["AchievementEnabler","BaseMod","Colored Map","Minty Spire (QoL Compilation)","StSLib","SuperFastMode"],"gold_per_floor":[110,110,110,126,142,142,162,176,176,5,22,22,48,58,58,58,58],"floor_reached":16,"language":"KOR","playtime":351,"items_purged":["Defend_P"],"score":146,"play_id":"7072b4bd-6b29-4728-ad0e-8d8404bd12ff","local_time":"20210202230012","is_ascension_mode":true,"campfire_choices":[{"data":"Eruption","floor":6,"key":"SMITH"},{"data":"Adaptation","floor":12,"key":"SMITH"},{"floor":15,"key":"REST"}],"circlet_count":0,"master_deck":["Strike_P","Strike_P","Strike_P","Strike_P","Defend_P","Defend_P","Defend_P","Eruption+1","Vigilance","ClearTheMind","Adaptation+1","Consecrate","Purity","FearNoEvil"],"relics":["PureWater","NeowsBlessing","Eternal Feather","Lantern"],"acts_visited":["Exordium"],"potions_floor_usage":[3,11,11,16],"damage_taken":[{"damage":0.0,"enemies":"Jaw Worm","floor":1.0,"turns":1.0},{"damage":0,"enemies":"Small Slimes","floor":4,"turns":1},{"damage":0,"enemies":"Cultist","floor":5,"turns":1},{"damage":5,"enemies":"Exordium Wildlife","floor":7,"turns":5},{"damage":8,"enemies":"Blue Slaver","floor":8,"turns":5},{"damage":15,"enemies":"3 Louse","floor":11,"turns":3},{"damage":23,"enemies":"Gremlin Nob","floor":13,"turns":4},{"damage":27,"enemies":"Lots of Slimes","floor":14,"turns":4},{"damage":37,"enemies":"Hexaghost","floor":16,"turns":9}],"seed_played":"-5617596476264553306","potions_obtained":[{"floor":1.0,"key":"LiquidBronze"},{"floor":3,"key":"Fruit Juice"},{"floor":3,"key":"ColorlessPotion"},{"floor":3,"key":"LiquidBronze"},{"floor":13,"key":"Fire Potion"}],"is_trial":false,"path_per_floor":["M","?","?","M","M","R","M","M","T","$","M","R","E","M","R","B"],"character_chosen":"WATCHER","items_purchased":["Purity"],"campfire_rested":1,"item_purchase_floors":[10],"current_hp_per_floor":[65,70,75,75,75,75,70,62,62,62,47,53,30,3,33,0,0],"gold":58,"neow_bonus":"THREE_ENEMY_KILL","is_daily":false,"chose_seed":false,"campfire_upgraded":2,"win_rate":0.0,"timestamp":1612324812,"path_taken":["M","?","?","M","?","R","M","M","T","$","M","R","E","M","R","BOSS"],"items_purchased_type":["Card"],"build_version":"2020-12-22","purchased_purges":1,"victory":false,"max_hp_per_floor":[72,77,82,82,82,82,82,82,82,82,82,82,82,82,82,82,82],"card_choices":[{"not_picked":["InnerPeace","Conclude","FollowUp"],"picked":"SKIP","floor":1.0},{"not_picked":["ForeignInfluence","Sanctity"],"picked":"ClearTheMind","floor":4},{"not_picked":["EmptyFist","Evaluate","Halt"],"picked":"SKIP","floor":5},{"not_picked":["Fasting2","Halt"],"picked":"Adaptation","floor":7},{"not_picked":["LikeWater","Consecrate","Brilliance"],"picked":"SKIP","floor":8},{"not_picked":["LikeWater","Brilliance"],"picked":"Consecrate","floor":8},{"not_picked":["FlurryOfBlows","Evaluate"],"picked":"FearNoEvil","floor":11},{"not_picked":["Prostrate","WreathOfFlame","Perseverance"],"picked":"SKIP","floor":13},{"not_picked":["Halt","InnerPeace","Collect"],"picked":"SKIP","floor":14}],"player_experience":395973,"relics_obtained":[{"floor":9,"key":"Eternal Feather"},{"floor":13,"key":"Lantern"}],"event_choices":[{"damage_healed":0,"gold_gain":0,"player_choice":"Donut","damage_taken":0,"max_hp_gain":5,"max_hp_loss":0,"event_name":"Big Fish","floor":2,"gold_loss":0},{"damage_healed":0,"gold_gain":0,"player_choice":"Got Potions","damage_taken":0,"max_hp_gain":0,"max_hp_loss":0,"event_name":"Lab","floor":3,"gold_loss":0}],"is_beta":false,"boss_relics":[],"items_purged_floors":[10],"is_endless":false,"potions_floor_spawned":[1,13],"killed_by":"Hexaghost","ascension_level":8}}