{"host":"Bilverbakes","time":1612316686,"event":{"mods":["2.2 Compatiblity","AchievementEnabler","BaseMod","Bestiary","Colored Map","Minty Spire (QoL Compilation)","Relic Stats","StSLib","ojb\u0027s Info Mod"],"gold_per_floor":[119,119,119,133,149,179,454,454,454,454,467,129,129,143,143,220,220,230,230,244,264,294,294,319,337,337,347,380,380,380,136,136,136,136],"floor_reached":33,"language":"ENG","playtime":1331,"items_purged":["Regret","Strike_G"],"score":570,"play_id":"9567ccce-1ec5-473a-84fa-046aa2709b9a","local_time":"20210202194446","is_ascension_mode":true,"campfire_choices":[{"floor":8,"key":"REST"},{"data":"Calculated Gamble","floor":10,"key":"SMITH"},{"data":"Skewer","floor":13,"key":"SMITH"},{"data":"Caltrops","floor":15,"key":"SMITH"},{"data":"Tools of the Trade","floor":23,"key":"SMITH"},{"data":"Prepared","floor":29,"key":"SMITH"},{"data":"Chrysalis","floor":32,"key":"SMITH"}],"circlet_count":0,"master_deck":["AscendersBane","Strike_G","Strike_G","Strike_G","Strike_G","Defend_G","Defend_G","Defend_G","Defend_G","Defend_G","Survivor","Neutralize","Chrysalis+1","Terror","Skewer+1","Underhanded Strike","Calculated Gamble+1","Caltrops+1","Masterful Stab","Corpse Explosion","Tactician","Prepared+1","Tools of the Trade+1","Acrobatics","Reflex","Blade Dance","Leg Sweep","Deflect","All Out Attack","Backflip"],"relics":["Ring of the Snake","Oddly Smooth Stone","Tough Bandages","Vajra","Eternal Feather","Question Card","Sozu","Red Mask","Du-Vu Doll","Mercury Hourglass","Tiny Chest"],"acts_visited":["Exordium","TheCity"],"potions_floor_usage":[6,18,33],"damage_taken":[{"damage":4,"enemies":"Small Slimes","floor":1,"turns":4},{"damage":0,"enemies":"Jaw Worm","floor":4,"turns":4},{"damage":0,"enemies":"Cultist","floor":5,"turns":4},{"damage":32,"enemies":"Gremlin Nob","floor":6,"turns":4},{"damage":0,"enemies":"Looter","floor":11,"turns":2},{"damage":2,"enemies":"3 Louse","floor":14,"turns":4},{"damage":16,"enemies":"Hexaghost","floor":16,"turns":9},{"damage":1,"enemies":"2 Thieves","floor":18,"turns":2},{"damage":0,"enemies":"Chosen","floor":20,"turns":4},{"damage":0,"enemies":"Snake Plant","floor":21,"turns":3},{"damage":0,"enemies":"Masked Bandits","floor":22,"turns":2},{"damage":18,"enemies":"Slavers","floor":24,"turns":4},{"damage":8,"enemies":"Snecko","floor":25,"turns":5},{"damage":0,"enemies":"Sentry and Sphere","floor":27,"turns":3},{"damage":19,"enemies":"Gremlin Leader","floor":28,"turns":4},{"damage":59,"enemies":"Collector","floor":33,"turns":7}],"seed_played":"-8472622034299079827","potions_obtained":[{"floor":1,"key":"Regen Potion"},{"floor":5,"key":"SteroidPotion"},{"floor":11,"key":"Poison Potion"},{"floor":16,"key":"Block Potion"}],"is_trial":false,"path_per_floor":["M","?","T","M","M","E","?","R","T","R","M","$","R","M","R","B",null,"M","T","M","M","?","R","E","M","T","M","E","R","?","$","R","B"],"character_chosen":"THE_SILENT","items_purchased":["Question Card","All Out Attack","Backflip"],"campfire_rested":1,"item_purchase_floors":[12,31,31],"current_hp_per_floor":[55,50,50,50,50,18,18,36,36,45,45,45,54,52,60,44,56,55,55,55,55,55,60,42,34,34,34,15,30,30,30,48,0,0],"gold":136,"neow_bonus":"RANDOM_COLORLESS_2","is_daily":false,"chose_seed":false,"campfire_upgraded":6,"win_rate":0.0,"timestamp":1612316686,"path_taken":["M","?","?","M","M","E","?","R","T","R","M","$","R","M","R","BOSS","M","?","M","M","?","R","E","M","T","M","E","R","?","$","R","BOSS"],"items_purchased_type":["Relic","Card","Card"],"build_version":"2020-12-18","purchased_purges":2,"victory":false,"max_hp_per_floor":[60,60,60,60,60,60,60,60,60,60,60,60,60,60,60,60,60,60,60,60,60,60,60,60,60,60,60,60,60,60,60,60,60,60],"relic_stats":{"Sozu":4,"Tough Bandages":[252],"counters":[16,65],"Eternal Feather":64,"Tiny Chest":0,"Question Card":10,"obtain_stats":[{"Sozu":17,"Du-Vu Doll":24,"Tough Bandages":3,"Oddly Smooth Stone":2,"Vajra":6,"Eternal Feather":9,"Tiny Chest":28,"Red Mask":22,"Question Card":12,"Ring of the Snake":0,"Mercury Hourglass":26},{"Sozu":7,"Du-Vu Doll":12,"Tough Bandages":1,"Oddly Smooth Stone":1,"Vajra":4,"Eternal Feather":4,"Tiny Chest":15,"Red Mask":11,"Question Card":5,"Ring of the Snake":0,"Mercury Hourglass":13},{"Sozu":31,"Du-Vu Doll":46,"Tough Bandages":4,"Oddly Smooth Stone":4,"Vajra":16,"Eternal Feather":16,"Tiny Chest":58,"Red Mask":42,"Question Card":18,"Ring of the Snake":0,"Mercury Hourglass":51}],"Ring of the Snake":[32],"Mercury Hourglass":[75]},"card_choices":[{"not_picked":["Magnetism","Mayhem"],"picked":"Chrysalis","floor":0},{"not_picked":["Quick Slash","Prepared"],"picked":"Terror","floor":1},{"not_picked":["Cloak And Dagger","PiercingWail"],"picked":"Skewer","floor":4},{"not_picked":["Infinite Blades","Accuracy"],"picked":"Underhanded Strike","floor":5},{"not_picked":["Venomology","Terror"],"picked":"Calculated Gamble","floor":6},{"not_picked":["Dodge and Roll","Slice"],"picked":"Caltrops","floor":11},{"not_picked":["Predator","Dagger Spray","Accuracy"],"picked":"Masterful Stab","floor":14},{"not_picked":["Phantasmal Killer","Adrenaline","Burst"],"picked":"Corpse Explosion","floor":16},{"not_picked":["Escape Plan","Catalyst","Cloak And Dagger"],"picked":"Tactician","floor":18},{"not_picked":["Cloak And Dagger","Dash","Deadly Poison"],"picked":"Prepared","floor":20},{"not_picked":["Slice","Choke","Backflip"],"picked":"Tools of the Trade","floor":21},{"not_picked":["Distraction+1","Quick Slash","Prepared"],"picked":"Acrobatics","floor":22},{"not_picked":["Deadly Poison","Distraction","Accuracy"],"picked":"Reflex","floor":24},{"not_picked":["Sucker Punch","Noxious Fumes","PiercingWail"],"picked":"Blade Dance","floor":25},{"not_picked":["Accuracy","Slice","Bane"],"picked":"Leg Sweep","floor":27},{"not_picked":["Deadly Poison","Choke","Escape Plan"],"picked":"Deflect","floor":28}],"player_experience":882816,"relics_obtained":[{"floor":3,"key":"Tough Bandages"},{"floor":6,"key":"Vajra"},{"floor":9,"key":"Eternal Feather"},{"floor":22,"key":"Red Mask"},{"floor":24,"key":"Du-Vu Doll"},{"floor":26,"key":"Mercury Hourglass"},{"floor":28,"key":"Tiny Chest"}],"event_choices":[{"damage_healed":0,"gold_gain":0,"player_choice":"Success","damage_taken":5,"relics_obtained":["Oddly Smooth Stone"],"max_hp_gain":0,"max_hp_loss":0,"event_name":"Scrap Ooze","floor":2,"gold_loss":0},{"damage_healed":0,"gold_gain":275,"player_choice":"Desecrate","damage_taken":0,"max_hp_gain":0,"max_hp_loss":0,"event_name":"Golden Shrine","floor":7,"gold_loss":0,"cards_obtained":["Regret"]},{"damage_healed":0,"gold_gain":0,"player_choice":"Fought Bandits","damage_taken":0,"max_hp_gain":0,"max_hp_loss":0,"event_name":"Masked Bandits","floor":22,"gold_loss":0},{"damage_healed":0,"gold_gain":0,"player_choice":"Ignored","damage_taken":0,"max_hp_gain":0,"max_hp_loss":0,"event_name":"Ghosts","floor":30,"gold_loss":0}],"is_beta":true,"boss_relics":[{"not_picked":["Tiny House","Snecko Eye"],"picked":"Sozu"}],"items_purged_floors":[12,31],"is_endless":false,"potions_floor_spawned":[1,5,11,16,21,24,25,28],"killed_by":"Collector","ascension_level":20}}