{"host":"hka8b3f4pkvnp4ei","time":1612358377,"event":{"mods":["BaseMod","Minty Spire (QoL Compilation)","Quick Restart","Replay The Spire","StSLib"],"gold_per_floor":[111,124,124,124,124,124,124,150,150,165,9,34,45,56,56,152,152,169,208,307,247,247,305,305,163,216,247,247,300,300,300,336,336,336,465,465,513,613,656,385,435,435,475,533,533,533,533,592,170,245,245,295,295,325,325,325,162,247,247],"floor_reached":60,"language":"ZHS","playtime":2633,"items_purged":["Defend_P","Strike_P","Defend_P"],"score":2152,"play_id":"1a464f47-60d3-406d-ad1d-1449d143c710","local_time":"20210203211937","is_ascension_mode":true,"campfire_choices":[{"data":"Eruption","floor":6.0,"key":"SMITH"},{"data":"TalkToTheHand","floor":15.0,"key":"SMITH"},{"data":"Tantrum","floor":24.0,"key":"SMITH"},{"data":"Wish","floor":34.0,"key":"SMITH"},{"data":"Prostrate","floor":34.0,"key":"SMITH"},{"data":"EmptyMind","floor":42.0,"key":"SMITH"},{"data":"Scrawl","floor":42.0,"key":"SMITH"},{"floor":53.0,"key":"RECALL"},{"data":"DevaForm","floor":56.0,"key":"SMITH"},{"data":"Nirvana","floor":56.0,"key":"SMITH"}],"circlet_count":0,"master_deck":["AscendersBane","Defend_P+1","Eruption+1","Vigilance","WheelKick","Alpha+1","TalkToTheHand+1","Tantrum+1","FlurryOfBlows","Wish+1","AbeCurse","FearNoEvil","DevaForm+1","TalkToTheHand+1","Prostrate+1","EmptyMind+1","Scrawl+1","Omniscience+1","Nirvana+1","ClearTheMind+1","Master of Strategy"],"relics":["PureWater","NeowsBlessing","Shuriken","Nunchaku","Snack Pack","Kunai","Abe\u0027s Treasure","Blue Doll","Anchor","Replay:Arrowhead","Enchiridion","Strawberry","Replay:Grab Bag","SlaversCollar","Philosopher\u0027s Stone","SacredBark","Melange","Gremlin Food","Replay:Baseball","OrangePellets","War Paint","ReplayTheSpireMod:ShopPack","Counterbalance"],"acts_visited":["Exordium","TheCity","TheBeyond","TheEnding"],"potions_floor_usage":[59,59,59],"damage_taken":[{"damage":0.0,"enemies":"Small Slimes","floor":1.0,"turns":1.0},{"damage":0.0,"enemies":"Jaw Worm","floor":2.0,"turns":1.0},{"damage":0.0,"enemies":"Lagavulin","floor":8.0,"turns":1.0},{"damage":3.0,"enemies":"2 Louse","floor":10.0,"turns":3.0},{"damage":17.0,"enemies":"3 Sentries","floor":12.0,"turns":4.0},{"damage":1.0,"enemies":"Looter","floor":13.0,"turns":2.0},{"damage":0.0,"enemies":"Exordium Thugs","floor":14.0,"turns":2.0},{"damage":0.0,"enemies":"The Guardian","floor":16.0,"turns":7.0},{"damage":11.0,"enemies":"Shell Parasite","floor":18.0,"turns":3.0},{"damage":5.0,"enemies":"Spheric Guardian","floor":19.0,"turns":3.0},{"damage":4.0,"enemies":"Gremlin Leader","floor":23.0,"turns":4.0},{"damage":22.0,"enemies":"Book of Stabbing","floor":27.0,"turns":3.0},{"damage":19.0,"enemies":"Slavers","floor":29.0,"turns":3.0},{"damage":0.0,"enemies":"Cultist and Chosen","floor":32.0,"turns":5.0},{"damage":38.0,"enemies":"Pondfish","floor":35.0,"turns":6.0},{"damage":0.0,"enemies":"Orb Walker","floor":37.0,"turns":3.0},{"damage":8.0,"enemies":"3 Darklings","floor":39.0,"turns":3.0},{"damage":0.0,"enemies":"Maw","floor":41.0,"turns":4.0},{"damage":25.0,"enemies":"Transient","floor":43.0,"turns":5.0},{"damage":0.0,"enemies":"Giant Head","floor":44.0,"turns":2.0},{"damage":0.0,"enemies":"R_Hoarder","floor":48.0,"turns":6.0},{"damage":10.0,"enemies":"4 Shapes","floor":50.0,"turns":4.0},{"damage":18.0,"enemies":"3 Darklings","floor":52.0,"turns":4.0},{"damage":42.0,"enemies":"Replay:Hell Engine","floor":54.0,"turns":5.0},{"damage":0.0,"enemies":"Shield and Spear","floor":58.0,"turns":3.0},{"damage":0,"enemies":"The Heart","floor":59,"turns":5}],"seed_played":"-8762710241727250394","potions_obtained":[{"floor":1.0,"key":"Weak Potion"},{"floor":8.0,"key":"Strength Potion"},{"floor":12.0,"key":"SkillPotion"},{"floor":18.0,"key":"Reflective Coating"},{"floor":19.0,"key":"Languid Potion"},{"floor":23.0,"key":"Regen Potion"},{"floor":32.0,"key":"Regen Potion"},{"floor":37.0,"key":"Toxic Potion"},{"floor":39.0,"key":"Dexterity Potion"}],"is_trial":false,"path_per_floor":["M","M","?","T","?","R","?","E","T","M","$","E","M","M","R","B",null,"M","M","?","?","?","E","R","$","T","E","?","E","PTL","PTL","M","$","R","B",null,"M","?","M","$","M","R","M","E","T","PTL","PTL","E","$","M","$","M","R","B",null,"R","$","E","B",null],"character_chosen":"WATCHER","items_purchased":["Tantrum","TalkToTheHand+1","Melange","OrangePellets","War Paint","Swift Potion","Nirvana","Elixir","ReplayTheSpireMod:ShopPack"],"campfire_rested":0,"item_purchase_floors":[11,25,40,49,49,49,49,57,57],"current_hp_per_floor":[65,65,58,58,58,58,58,58,58,57,57,42,43,47,47,53,67,60,59,59,59,59,63,63,63,63,47,31,32,32,32,36,36,36,12,62,66,66,68,68,79,79,66,79,79,79,79,79,79,71,71,63,63,37,69,69,69,79,79],"gold":247,"neow_bonus":"THREE_ENEMY_KILL","is_daily":false,"chose_seed":false,"campfire_upgraded":9,"win_rate":0.0,"timestamp":1612358377,"path_taken":["M","M","?","?","?","R","?","E","T","?","$","E","M","M","R","BOSS","M","M","?","?","?","E","R","$","T","E","?","E","PTL","PTL","?","$","R","BOSS","M","?","M","$","M","R","?","E","T","PTL","PTL","E","?","M","$","M","R","BOSS","R","$","E","BOSS"],"items_purchased_type":["Card","Card","Relic","Relic","Relic","Potion","Card","Potion","Relic"],"build_version":"2020-12-22","purchased_purges":3,"victory":true,"max_hp_per_floor":[72,72,72,72,72,72,72,72,72,72,72,72,72,72,72,72,72,72,72,72,72,72,72,72,72,72,72,72,79,79,79,79,79,79,79,79,79,79,79,79,79,79,79,79,79,79,79,79,79,79,79,79,79,79,79,79,79,79,79],"card_choices":[{"not_picked":["WreathOfFlame","Sanctity"],"picked":"WheelKick","floor":1.0},{"not_picked":["Replay:Hum","WaveOfTheHand","FlurryOfBlows"],"picked":"SKIP","floor":2.0},{"not_picked":["Vengeance","JustLucky"],"picked":"TalkToTheHand","floor":8.0},{"not_picked":["CutThroughFate","Sanctity","EmptyFist"],"picked":"SKIP","floor":10.0},{"not_picked":["Replay:BluntJabs","ThirdEye","Judgement"],"picked":"SKIP","floor":12.0},{"not_picked":["Replay:ManipulateFuture","FollowUp","EmptyMind"],"picked":"SKIP","floor":13.0},{"not_picked":["Replay:DivineShield","BowlingBash"],"picked":"FlurryOfBlows","floor":14.0},{"not_picked":["Alpha","Replay:AllIn"],"picked":"Wish","floor":16.0},{"not_picked":["Study","Meditate"],"picked":"FearNoEvil","floor":18.0},{"not_picked":["Tantrum+1","Replay:AtTheReady","Nirvana"],"picked":"SKIP","floor":19.0},{"not_picked":["EmptyFist","PathToVictory+1"],"picked":"DevaForm","floor":23.0},{"not_picked":["PathToVictory+1","Replay:Anticipation"],"picked":"Prostrate","floor":27.0},{"not_picked":["Replay:Hum+1","JustLucky","ReachHeaven"],"picked":"SKIP","floor":29.0},{"not_picked":["LikeWater+1","Meditate"],"picked":"EmptyMind","floor":32.0},{"not_picked":["Wish","ConjureBlade"],"picked":"Scrawl","floor":35.0},{"not_picked":["SashWhip","BowlingBash","EmptyFist"],"picked":"SKIP","floor":37.0},{"not_picked":["ClearTheMind","Evaluate","Halt"],"picked":"SKIP","floor":39.0},{"not_picked":["Crescendo","JustLucky","EmptyMind"],"picked":"SKIP","floor":41.0},{"not_picked":["SandsOfTime","WaveOfTheHand+1","Conclude+1"],"picked":"SKIP","floor":43.0},{"not_picked":["Replay:AtTheReady","Establishment","ThirdEye+1"],"picked":"SKIP","floor":44.0},{"not_picked":["Replay:AtTheReady+1","FollowUp+1"],"picked":"Omniscience","floor":48.0},{"not_picked":["Replay:BluntJabs","WaveOfTheHand+1"],"picked":"ClearTheMind+1","floor":50.0},{"not_picked":["EmptyBody","PathToVictory","Pray"],"picked":"SKIP","floor":52.0},{"not_picked":["Replay:BasicMightCard","Replay:Sssssssssstrike"],"picked":"Master of Strategy","floor":57.0},{"not_picked":["FlurryOfBlows+1","JustLucky+1","Weave"],"picked":"SKIP","floor":58.0}],"player_experience":1091798,"relics_obtained":[{"floor":4.0,"key":"Shuriken"},{"floor":8.0,"key":"Nunchaku"},{"floor":9.0,"key":"Snack Pack"},{"floor":12.0,"key":"Kunai"},{"floor":23.0,"key":"Blue Doll"},{"floor":26.0,"key":"Anchor"},{"floor":27.0,"key":"Replay:Arrowhead"},{"floor":28.0,"key":"Enchiridion"},{"floor":29.0,"key":"Strawberry"},{"floor":44.0,"key":"Gremlin Food"},{"floor":48.0,"key":"Replay:Baseball"},{"floor":58.0,"key":"Counterbalance"}],"event_choices":[{"cards_removed":["Defend_P"],"damage_healed":0.0,"max_hp_gain":0.0,"max_hp_loss":0.0,"gold_gain":0.0,"event_name":"Golden Wing","player_choice":"Card Removal","floor":3.0,"gold_loss":0.0,"damage_taken":7.0},{"cards_removed":["Strike_P"],"damage_healed":0.0,"max_hp_gain":0.0,"max_hp_loss":0.0,"gold_gain":0.0,"event_name":"Living Wall","player_choice":"Forget","floor":5.0,"gold_loss":0.0,"damage_taken":0.0},{"damage_healed":0.0,"max_hp_gain":0.0,"max_hp_loss":0.0,"gold_gain":99.0,"event_name":"Nest","player_choice":"Stole From Cult","floor":20.0,"gold_loss":0.0,"damage_taken":0.0},{"cards_removed":["Strike_P"],"damage_healed":0.0,"max_hp_gain":0.0,"max_hp_loss":0.0,"gold_gain":0.0,"event_name":"Back to Basics","player_choice":"Elegance","floor":22.0,"gold_loss":0.0,"damage_taken":0.0},{"damage_healed":0.0,"max_hp_gain":0.0,"max_hp_loss":0.0,"gold_gain":0.0,"event_name":"Cursed Tome","player_choice":"Obtained Book","floor":28.0,"gold_loss":0.0,"damage_taken":16.0},{"damage_healed":0.0,"max_hp_gain":0.0,"max_hp_loss":0.0,"gold_gain":100.0,"event_name":"Golden Shrine","player_choice":"Pray","floor":38.0,"gold_loss":0.0,"damage_taken":0.0}],"is_beta":false,"boss_relics":[{"not_picked":["Fusion Hammer","ChewingGum"],"picked":"Abe\u0027s Treasure"},{"not_picked":["Tiny House","Runic Pyramid"],"picked":"Replay:Grab Bag"},{"not_picked":["Cursed Key","Coffee Dripper"],"picked":"SlaversCollar"},{"not_picked":["Velvet Choker","Sozu"],"picked":"Philosopher\u0027s Stone"},{"not_picked":["Calling Bell","Ring of Chaos"],"picked":"SacredBark"}],"items_purged_floors":[11,25,40],"is_endless":false,"potions_floor_spawned":[1,8,12,18,19,23,32,37,39,50],"ascension_level":10}}