{"host":"k73jsiy5lznhl6mk","time":1612332994,"event":{"mods":["BaseMod","Colored Map","Colored Powertips","Hermit","Highlight Path","Infinite Spire","Ironclad Rager","JesterMod","Minty Spire (QoL Compilation)","Retaliation","Spicy Shops","StSLib","The Blue Laboratory","The Jungle","Uncapped"],"gold_per_floor":[115,115,130,130,54,54,54],"floor_reached":6,"language":"ENG","playtime":672,"items_purged":[],"score":34,"play_id":"d38d0242-6b7b-4781-b86c-d7a29410809e","local_time":"20210202221634","is_ascension_mode":false,"campfire_choices":[],"circlet_count":0,"master_deck":["hermit:Strike_Hermit","hermit:Strike_Hermit","hermit:Strike_Hermit","hermit:Strike_Hermit","hermit:Defend_Hermit","hermit:Defend_Hermit","hermit:Defend_Hermit","hermit:Defend_Hermit","hermit:Snapshot","hermit:Covet","hermit:Determination","hermit:HighCaliber","Regret","hermit:Scavenge"],"relics":["hermit:Momento","infinitespire:Lucky Rock","Letter Opener","Eternal Feather"],"acts_visited":["Exordium"],"potions_floor_usage":[],"damage_taken":[{"damage":2,"enemies":"Small Slimes","floor":1,"turns":4},{"damage":1,"enemies":"Jaw Worm","floor":3,"turns":5},{"damage":29,"enemies":"Lagavulin","floor":6,"turns":5}],"seed_played":"3993165652913515642","potions_obtained":[{"floor":3,"key":"CultistPotion"}],"is_trial":false,"path_per_floor":["M","?","M","?","$","E"],"character_chosen":"HERMIT","items_purchased":["hermit:Scavenge"],"campfire_rested":0,"item_purchase_floors":[5],"current_hp_per_floor":[73,61,60,60,60,31,31],"gold":54,"neow_bonus":"RANDOM_COMMON_RELIC","is_daily":false,"chose_seed":false,"campfire_upgraded":0,"win_rate":0.0,"timestamp":1612332994,"path_taken":["M","?","M","?","$","E"],"items_purchased_type":["Card"],"build_version":"2020-12-22","purchased_purges":0,"victory":false,"max_hp_per_floor":[75,75,75,75,75,75,75],"card_choices":[{"not_picked":["hermit:Scavenge","hermit:WideOpen"],"picked":"hermit:Determination","floor":1},{"not_picked":["hermit:BodyArmor","hermit:FlashPowder"],"picked":"hermit:HighCaliber","floor":3}],"player_experience":439770,"relics_obtained":[],"event_choices":[{"damage_healed":0,"gold_gain":0,"player_choice":"Success","damage_taken":12,"relics_obtained":["Letter Opener"],"max_hp_gain":0,"max_hp_loss":0,"event_name":"Scrap Ooze","floor":2,"gold_loss":0},{"damage_healed":0,"gold_gain":0,"player_choice":"Box","damage_taken":0,"relics_obtained":["Eternal Feather"],"max_hp_gain":0,"max_hp_loss":0,"event_name":"Big Fish","floor":4,"gold_loss":0,"cards_obtained":["Regret"]}],"is_beta":false,"boss_relics":[],"items_purged_floors":[],"is_endless":false,"potions_floor_spawned":[3],"killed_by":"Lagavulin","ascension_level":0}}