{"host":"mw3dmj42qtkbha4b","time":1612341713,"event":{"mods":["BaseMod","Colored Map","Colored Powertips","DeckTracker","Minty Spire (QoL Compilation)","StSLib","SuperFastMode"],"gold_per_floor":[111,111,125,140,65,95,112,140,140,140,167,92,102,2,2,76,76,94,94,104,104,121,121,121],"floor_reached":23,"language":"KOR","playtime":575,"items_purged":["Strike_P","Defend_P"],"score":522,"play_id":"8cba7fcf-569c-4693-866a-5db1c570526a","local_time":"20210203174153","is_ascension_mode":true,"campfire_choices":[{"floor":10.0,"key":"REST"},{"data":"Eruption","floor":15.0,"key":"SMITH"}],"circlet_count":0,"master_deck":["AscendersBane","Strike_P+1","Strike_P+1","Strike_P+1","Defend_P+1","Defend_P+1","Eruption+1","Vigilance","ReachHeaven","MasterReality+1"],"relics":["PureWater","NeowsBlessing","Bag of Preparation","MealTicket","Frozen Egg 2","Busted Crown"],"acts_visited":["Exordium","TheCity"],"potions_floor_usage":[23],"damage_taken":[{"damage":0.0,"enemies":"2 Louse","floor":1.0,"turns":1.0},{"damage":0.0,"enemies":"Cultist","floor":3.0,"turns":1.0},{"damage":0.0,"enemies":"Jaw Worm","floor":4.0,"turns":1.0},{"damage":12.0,"enemies":"3 Sentries","floor":6.0,"turns":3.0},{"damage":14.0,"enemies":"Exordium Thugs","floor":7.0,"turns":3.0},{"damage":17.0,"enemies":"Lagavulin","floor":8.0,"turns":5.0},{"damage":18.0,"enemies":"3 Sentries","floor":11.0,"turns":5.0},{"damage":22.0,"enemies":"3 Louse","floor":13.0,"turns":2.0},{"damage":0.0,"enemies":"Slime Boss","floor":16.0,"turns":4.0},{"damage":27.0,"enemies":"Shell Parasite","floor":18.0,"turns":4.0},{"damage":0.0,"enemies":"Spheric Guardian","floor":20.0,"turns":2.0},{"damage":14.0,"enemies":"Cultist and Chosen","floor":22.0,"turns":4.0},{"damage":26,"enemies":"Slavers","floor":23,"turns":1}],"seed_played":"-4580543354945157869","potions_obtained":[{"floor":2.0,"key":"Dexterity Potion"},{"floor":2.0,"key":"CultistPotion"},{"floor":4.0,"key":"Strength Potion"},{"floor":8.0,"key":"EssenceOfSteel"},{"floor":13.0,"key":"FearPotion"},{"floor":18.0,"key":"BlessingOfTheForge"},{"floor":20.0,"key":"LiquidMemories"}],"is_trial":false,"path_per_floor":["M","?","M","M","?","E","M","E","T","R","E","$","M","$","R","B",null,"M","?","M","?","M","E"],"character_chosen":"WATCHER","items_purchased":[],"campfire_rested":1,"item_purchase_floors":[],"current_hp_per_floor":[61,61,61,61,61,49,35,18,18,38,20,35,13,28,28,28,58,31,31,31,31,17,0,0],"gold":121,"neow_bonus":"THREE_ENEMY_KILL","is_daily":false,"chose_seed":false,"campfire_upgraded":1,"win_rate":0.0,"timestamp":1612341713,"path_taken":["M","?","?","M","?","E","M","E","T","R","E","$","M","?","R","BOSS","M","?","?","?","M","E"],"items_purchased_type":[],"build_version":"2020-12-22","purchased_purges":2,"victory":false,"max_hp_per_floor":[68,68,68,68,68,68,68,68,68,68,68,68,68,68,68,68,68,68,68,68,68,68,68,68],"card_choices":[{"not_picked":["Evaluate","ForeignInfluence","WreathOfFlame"],"picked":"SKIP","floor":1.0},{"not_picked":["Wallop","Halt","WindmillStrike"],"picked":"SKIP","floor":3.0},{"not_picked":["Evaluate","BowlingBash"],"picked":"ReachHeaven","floor":4.0},{"not_picked":["EmptyFist","SandsOfTime","ThirdEye"],"picked":"SKIP","floor":6.0},{"not_picked":["FollowUp","Sanctity","JustLucky"],"picked":"SKIP","floor":7.0},{"not_picked":["Blasphemy","FollowUp","ClearTheMind"],"picked":"SKIP","floor":8.0},{"not_picked":["Consecrate","FollowUp","Crescendo"],"picked":"SKIP","floor":11.0},{"not_picked":["CutThroughFate","Halt","DeceiveReality"],"picked":"SKIP","floor":13.0},{"not_picked":["Brilliance","Judgement"],"picked":"MasterReality+1","floor":16.0},{"not_picked":["EmptyBody"],"picked":"SKIP","floor":18.0},{"not_picked":["Evaluate"],"picked":"SKIP","floor":20.0},{"not_picked":["FlurryOfBlows"],"picked":"SKIP","floor":22.0}],"player_experience":1793081,"relics_obtained":[{"floor":6.0,"key":"Bag of Preparation"},{"floor":8.0,"key":"MealTicket"},{"floor":11.0,"key":"Frozen Egg 2"}],"event_choices":[{"damage_healed":0.0,"max_hp_gain":0.0,"max_hp_loss":0.0,"gold_gain":0.0,"event_name":"Lab","player_choice":"Got Potions","floor":2.0,"gold_loss":0.0,"damage_taken":0.0},{"cards_removed":["Defend_P"],"damage_healed":0.0,"max_hp_gain":0.0,"max_hp_loss":0.0,"gold_gain":0.0,"event_name":"The Cleric","player_choice":"Card Removal","floor":5.0,"gold_loss":75.0,"damage_taken":0.0},{"damage_healed":0.0,"max_hp_gain":0.0,"max_hp_loss":0.0,"gold_gain":0.0,"event_name":"N\u0027loth","player_choice":"Ignored","floor":19.0,"gold_loss":0.0,"damage_taken":0.0},{"damage_healed":0.0,"max_hp_gain":0.0,"max_hp_loss":0.0,"gold_gain":0.0,"event_name":"Back to Basics","player_choice":"Simplicity","floor":21.0,"gold_loss":0.0,"damage_taken":0.0,"cards_upgraded":["Strike_P","Strike_P","Strike_P","Defend_P","Defend_P"]}],"is_beta":false,"boss_relics":[{"not_picked":["Philosopher\u0027s Stone","Fusion Hammer"],"picked":"Busted Crown"}],"items_purged_floors":[12,14],"is_endless":false,"potions_floor_spawned":[3,4,8,13,18,20],"killed_by":"Slavers","ascension_level":20}}