{"host":"takgv9cv6xf64vhq","time":1612385581,"event":{"mods":["BaseMod","Colored Powertips","Conspire","Decade(王小明)","Downfall","Energized Spire","Hermit","Hubris","LagranYue(拉格朗・月)","Marisa（F雨　魔理沙）","Minty Spire (QoL Compilation)","Replay The Spire","StSLib","The Cursed","The Hierophant","The Jungle","The Servant 0.9.4","TheHeartMod"],"gold_per_floor":[113,57,71,86,86,115,115,133,133,147,20,51,51,62,62,62,62],"floor_reached":16,"language":"ZHS","playtime":728,"items_purged":[],"score":190,"play_id":"4c97365e-844b-4946-a301-f9f7350278be","local_time":"20210204045301","is_ascension_mode":true,"campfire_choices":[{"data":"Neutralize","floor":7,"key":"SMITH"},{"data":"Cloak And Dagger","floor":13,"key":"SMITH"},{"floor":15,"key":"DIG"}],"circlet_count":0,"master_deck":["AscendersBane","Strike_G","Strike_G","Strike_G","Strike_G","Defend_G","Defend_G","Defend_G","Defend_G","Defend_G","Survivor","Neutralize+1","Cloak And Dagger+1","All Out Attack","Flying Knee","Slice","Corpse Explosion","Footwork","Bandage Up","Underhanded Strike+1","Leg Sweep","ReplayTheSpireMod:Speed Training"],"relics":["Ring of the Snake","NeowsBlessing","hubris:SlimyHat","conspire:GlowingRock","Shuriken","conspire:TopHat","HornCleat"],"acts_visited":["Exordium"],"potions_floor_usage":[6,16],"damage_taken":[{"damage":0,"enemies":"2 Louse","floor":1,"turns":1},{"damage":0,"enemies":"Cultist","floor":3,"turns":1},{"damage":0,"enemies":"Jaw Worm","floor":4,"turns":1},{"damage":19,"enemies":"3 Sentries","floor":6,"turns":6},{"damage":12,"enemies":"Large Slime","floor":8,"turns":8},{"damage":3,"enemies":"Looter","floor":10,"turns":3},{"damage":18,"enemies":"Lagavulin","floor":12,"turns":9},{"damage":3,"enemies":"Blue Slaver","floor":14,"turns":3},{"damage":16,"enemies":"Fading Forest","floor":16,"turns":7}],"seed_played":"-862673064882673941","potions_obtained":[{"floor":3,"key":"Strength Potion"},{"floor":12,"key":"Fire Potion"}],"is_trial":false,"path_per_floor":["M","?","M","M","?","E","R","M","T","M","$","E","R","M","R","B"],"character_chosen":"THE_SILENT","items_purchased":["Bandage Up","Underhanded Strike+1"],"campfire_rested":0,"item_purchase_floors":[11,11],"current_hp_per_floor":[59,59,59,59,52,33,33,21,21,18,18,4,4,1,1,0,0],"gold":62,"neow_bonus":"THREE_ENEMY_KILL","is_daily":false,"chose_seed":false,"campfire_upgraded":2,"win_rate":0.0,"timestamp":1612385581,"path_taken":["M","?","?","M","?","E","R","M","T","M","$","E","R","M","R","BOSS"],"items_purchased_type":["Card","Card"],"build_version":"2020-12-22","purchased_purges":0,"victory":false,"max_hp_per_floor":[66,66,66,66,66,66,66,66,66,66,66,66,66,66,66,66,66],"card_choices":[{"not_picked":["Underhanded Strike","Quick Slash"],"picked":"Cloak And Dagger","floor":1},{"not_picked":["Underhanded Strike","Hidden Blade"],"picked":"All Out Attack","floor":3},{"not_picked":["Sucker Punch","Acrobatics"],"picked":"Flying Knee","floor":4},{"not_picked":["hubris:Sniper","Quick Slash"],"picked":"Slice","floor":6},{"not_picked":["hubris:TrickCloak","Outmaneuver"],"picked":"Corpse Explosion","floor":8},{"not_picked":["Underhanded Strike","conspire:PoisonWeapons"],"picked":"Footwork","floor":10},{"not_picked":["hubris:SlightOfHand","Finisher"],"picked":"Leg Sweep","floor":12},{"not_picked":["Outmaneuver","Setup"],"picked":"ReplayTheSpireMod:Speed Training","floor":14}],"player_experience":372564,"relics_obtained":[{"floor":6,"key":"conspire:GlowingRock"},{"floor":9,"key":"Shuriken"},{"floor":12,"key":"conspire:TopHat"},{"floor":15,"key":"HornCleat"}],"event_choices":[{"damage_healed":0,"gold_gain":0,"player_choice":"Paid Gold","damage_taken":0,"relics_obtained":["hubris:SlimyHat"],"max_hp_gain":0,"max_hp_loss":0,"event_name":"WeMeetAgain","floor":2,"gold_loss":56},{"cards_removed":["Strike_G"],"damage_healed":0,"gold_gain":0,"player_choice":"Card Removal","damage_taken":7,"max_hp_gain":0,"max_hp_loss":0,"event_name":"Golden Wing","floor":5,"gold_loss":0}],"is_beta":false,"boss_relics":[],"items_purged_floors":[],"is_endless":false,"potions_floor_spawned":[3,12],"killed_by":"Fading Forest","ascension_level":14}}