{"host":"7sni158j623xchr2","time":1612323185,"event":{"mods":["BaseMod","Colored Map","Highlight Path","Minty Spire (QoL Compilation)","Permanent Neow","Potion Indicator Mod","Rare Cards Sparkle","Relic Sorter","Relic Stats","StSLib","everything is the same but u backflip on backflip"],"gold_per_floor":[113,7,19,37,37,37,76,146,146,146,190,160,193,207,207,326,326,344,365,23,38,56,89,89,89,89,133,152,152,186,186,186,186,186],"floor_reached":33,"language":"ENG","playtime":952,"items_purged":["Strike_P"],"score":483,"play_id":"42df00a1-6a94-4a72-b98c-e36791a0db2c","local_time":"20210202213305","is_ascension_mode":true,"campfire_choices":[{"data":"Tantrum","floor":6,"key":"SMITH"},{"floor":10,"key":"REST"},{"data":"Wallop","floor":15,"key":"SMITH"},{"data":"CrushJoints","floor":24,"key":"SMITH"},{"data":"Ghostly","floor":29,"key":"SMITH"},{"data":"Omniscience","floor":32,"key":"SMITH"}],"circlet_count":0,"master_deck":["Strike_P+1","Strike_P+1","Strike_P","Defend_P","Defend_P+1","Defend_P","Defend_P","Eruption+1","Vigilance","Tantrum+1","FearNoEvil","Wallop+1","FlurryOfBlows","EmptyFist","FollowUp","MentalFortress","Omniscience+1","Halt+1","CrushJoints+1","Master of Strategy","LessonLearned","Halt","ThirdEye","Wireheading","Ghostly+1","Ghostly","Ghostly","Ghostly","Ghostly+1"],"relics":["PureWater","Golden Idol","Sundial","Bag of Preparation","Centennial Puzzle","Meat on the Bone","Oddly Smooth Stone","SacredBark","Tiny Chest","Matryoshka","StrikeDummy","Orichalcum","WingedGreaves"],"acts_visited":["Exordium","TheCity"],"potions_floor_usage":[7,8,18,19,22,22,23,23,28,30],"damage_taken":[{"damage":0,"enemies":"Cultist","floor":1,"turns":2},{"damage":0,"enemies":"Small Slimes","floor":3,"turns":2},{"damage":0,"enemies":"2 Louse","floor":4,"turns":2},{"damage":7,"enemies":"3 Sentries","floor":7,"turns":4},{"damage":26,"enemies":"Lagavulin Event","floor":8,"turns":4},{"damage":0,"enemies":"Gremlin Nob","floor":11,"turns":3},{"damage":1,"enemies":"3 Sentries","floor":13,"turns":4},{"damage":0,"enemies":"Exordium Thugs","floor":14,"turns":4},{"damage":0,"enemies":"Slime Boss","floor":16,"turns":4},{"damage":0,"enemies":"Spheric Guardian","floor":18,"turns":2},{"damage":0,"enemies":"Shell Parasite","floor":19,"turns":2},{"damage":6,"enemies":"Centurion and Healer","floor":21,"turns":4},{"damage":11,"enemies":"Cultist and Chosen","floor":22,"turns":4},{"damage":8,"enemies":"Gremlin Leader","floor":23,"turns":4},{"damage":8,"enemies":"Slavers","floor":27,"turns":8},{"damage":0,"enemies":"Snake Plant","floor":28,"turns":6},{"damage":6,"enemies":"Book of Stabbing","floor":30,"turns":5},{"damage":22,"enemies":"Automaton","floor":33,"turns":10}],"seed_played":"-1297888164120682381","potions_obtained":[{"floor":1,"key":"SpeedPotion"},{"floor":7,"key":"SpeedPotion"},{"floor":11,"key":"Fire Potion"},{"floor":12,"key":"SkillPotion"},{"floor":12,"key":"SkillPotion"},{"floor":14,"key":"DistilledChaos"},{"floor":19,"key":"Block Potion"},{"floor":21,"key":"BlessingOfTheForge"},{"floor":22,"key":"Strength Potion"},{"floor":27,"key":"Swift Potion"},{"floor":28,"key":"Swift Potion"}],"is_trial":false,"path_per_floor":["M","$","M","M","?","R","E","?","T","R","E","?","E","M","R","B",null,"M","M","$","M","M","E","R","?","T","E","M","R","E","?","R","B"],"character_chosen":"WATCHER","items_purchased":["FearNoEvil","Wallop","Master of Strategy","LessonLearned"],"campfire_rested":1,"item_purchase_floors":[2,2,20,20],"current_hp_per_floor":[72,72,72,72,54,54,47,21,21,42,42,42,41,41,41,41,72,72,72,72,66,55,47,47,36,36,28,28,28,22,22,22,0,0],"gold":186,"neow_bonus":"UPGRADE_CARD","is_daily":false,"chose_seed":false,"campfire_upgraded":5,"win_rate":0.0,"timestamp":1612323185,"path_taken":["M","$","?","M","?","R","E","?","T","R","E","?","E","?","R","BOSS","M","M","$","M","?","E","R","?","T","E","M","R","E","?","R","BOSS"],"items_purchased_type":["Card","Card","Card","Card"],"build_version":"2020-12-22","purchased_purges":1,"victory":false,"max_hp_per_floor":[72,72,72,72,72,72,72,72,72,72,72,72,72,72,72,72,72,72,72,72,72,72,72,72,36,36,36,36,36,36,36,36,36,36],"relic_stats":{"Centennial Puzzle":[21],"counters":[18,74],"Golden Idol":101,"Sundial":[8],"Tiny Chest":0,"Bag of Preparation":[26],"Orichalcum":[12],"obtain_stats":[{"Golden Idol":5,"SacredBark":17,"Oddly Smooth Stone":13,"Bag of Preparation":8,"Orichalcum":30,"Centennial Puzzle":9,"Matryoshka":26,"Sundial":7,"Tiny Chest":23,"WingedGreaves":31,"PureWater":0,"StrikeDummy":27,"Meat on the Bone":11},{"Golden Idol":3,"SacredBark":9,"Oddly Smooth Stone":7,"Bag of Preparation":5,"Orichalcum":17,"Centennial Puzzle":5,"Matryoshka":14,"Sundial":4,"Tiny Chest":14,"WingedGreaves":17,"PureWater":0,"StrikeDummy":15,"Meat on the Bone":6},{"Golden Idol":6,"SacredBark":29,"Oddly Smooth Stone":21,"Bag of Preparation":14,"Orichalcum":64,"Centennial Puzzle":14,"Matryoshka":45,"Sundial":10,"Tiny Chest":45,"WingedGreaves":64,"PureWater":0,"StrikeDummy":53,"Meat on the Bone":17}],"Meat on the Bone":0},"card_choices":[{"not_picked":["CrushJoints","WindmillStrike"],"picked":"Tantrum","floor":1},{"not_picked":["SashWhip","WheelKick"],"picked":"FlurryOfBlows","floor":3},{"not_picked":["WheelKick","Swivel","BowlingBash"],"picked":"SKIP","floor":4},{"not_picked":["FollowUp","Wallop"],"picked":"EmptyFist","floor":7},{"not_picked":["FlyingSleeves","Prostrate"],"picked":"FollowUp","floor":8},{"not_picked":["Vengeance","WheelKick"],"picked":"MentalFortress","floor":11},{"not_picked":["WheelKick","InnerPeace"],"picked":"Omniscience","floor":13},{"not_picked":["ClearTheMind","Perseverance","ReachHeaven"],"picked":"SKIP","floor":14},{"not_picked":["SashWhip","Crescendo"],"picked":"Halt","floor":18},{"not_picked":["Crescendo+1","Collect"],"picked":"CrushJoints","floor":19},{"not_picked":["Worship","FlyingSleeves+1"],"picked":"Halt","floor":21},{"not_picked":["ClearTheMind","PathToVictory"],"picked":"ThirdEye","floor":22},{"not_picked":["BowlingBash","Wallop"],"picked":"Wireheading","floor":23},{"not_picked":["Prostrate","FlyingSleeves","Evaluate"],"picked":"SKIP","floor":27},{"not_picked":["BowlingBash","Crescendo+1","Establishment"],"picked":"SKIP","floor":28},{"not_picked":["Weave","PathToVictory","Collect"],"picked":"SKIP","floor":30}],"player_experience":1746899,"relics_obtained":[{"floor":7,"key":"Sundial"},{"floor":8,"key":"Bag of Preparation"},{"floor":9,"key":"Centennial Puzzle"},{"floor":11,"key":"Meat on the Bone"},{"floor":13,"key":"Oddly Smooth Stone"},{"floor":23,"key":"Tiny Chest"},{"floor":26,"key":"Matryoshka"},{"floor":27,"key":"StrikeDummy"},{"floor":30,"key":"Orichalcum"}],"event_choices":[{"damage_healed":0,"gold_gain":0,"player_choice":"Take Damage","damage_taken":18,"relics_obtained":["Golden Idol"],"max_hp_gain":0,"max_hp_loss":0,"event_name":"Golden Idol","floor":5,"gold_loss":0},{"damage_healed":0,"gold_gain":30,"player_choice":"Searched \u00273\u0027 times","damage_taken":0,"max_hp_gain":0,"max_hp_loss":0,"event_name":"Dead Adventurer","floor":8,"gold_loss":0},{"damage_healed":0,"gold_gain":0,"player_choice":"Bought 2 Potions","damage_taken":0,"max_hp_gain":0,"max_hp_loss":0,"event_name":"The Woman in Blue","floor":12,"gold_loss":0},{"damage_healed":0,"gold_gain":0,"player_choice":"Became a Ghost","damage_taken":0,"max_hp_gain":0,"max_hp_loss":36,"event_name":"Ghosts","floor":25,"gold_loss":0,"cards_obtained":["Ghostly","Ghostly","Ghostly","Ghostly","Ghostly"]},{"damage_healed":0,"gold_gain":0,"player_choice":"Opened","damage_taken":0,"relics_obtained":["WingedGreaves"],"max_hp_gain":0,"max_hp_loss":0,"event_name":"The Mausoleum","floor":31,"gold_loss":0}],"is_beta":false,"boss_relics":[{"not_picked":["Runic Dome","Velvet Choker"],"picked":"SacredBark"}],"items_purged_floors":[20],"is_endless":false,"potions_floor_spawned":[1,7,11,14,19,21,22,27,28],"killed_by":"Automaton","ascension_level":3}}