{"host":"njb27ds59h4j3ikk","time":1612327596,"event":{"mods":["AchievementEnabler","BaseMod","Better Altar","Better Match","Better Note","Better Sensory Stone","Better Skull","Better Third Choice","BetterRewards","Downfall","Hermit","Hubris","Minty Spire (QoL Compilation)","Permanent Neow","Quarter Circle Forward PUNCH!","Quick Restart","Rare Cards Sparkle","Replay The Spire","Shop Mod","StSLib","Trackpad","Transform Curses"],"gold_per_floor":[116,135,151,170,170,170,205,205,205,236,111,128,146,163,163,237,237,248,248,248,248,265,297,297,322,322,322,322],"floor_reached":27,"language":"ENG","playtime":1053,"items_purged":[],"score":751,"play_id":"39f7ae82-c097-460a-82f9-02fdab42a325","local_time":"20210202234636","is_ascension_mode":true,"campfire_choices":[{"floor":6.0,"key":"DIG"},{"floor":8.0,"key":"REST"},{"data":"Berserk","floor":15.0,"key":"SMITH"},{"floor":24,"key":"REST"}],"circlet_count":0,"master_deck":["AscendersBane","Strike_R","Strike_R","Strike_R","Strike_R","Strike_R","Defend_R","Defend_R","Defend_R","Defend_R","Bash","Fire Breathing","Rampage+1","Mayhem+1","Immolate","ReplayTheSpireMod:Private Reserves","Panache","Enlightenment","Slimebound:Nibble","Slimebound:SplitLeeching","Seeing Red","Slimebound:SplitBruiser","Thunderclap","Slimebound:FirmFortitude","Seeing Red","Berserk+1","hubris:CleavingFinish","Wild Strike","Shrug It Off","Slimebound:GoopSpray","Slimebound:RallyTheTroops","Slimebound:GoopTackle","Berserk+1","Slimebound:SlimeSpikes","Slimebound:ComboTackle","Body Slam"],"relics":["Burning Blood","Replay:WaspNest","hubris:Zylophone","hubris:DisguiseKit","Shovel","MerchantsRug","Nunchaku","Dead Branch","qcfpunch:Chain_With_Nametags","trackpad:PetRock","Pocketwatch","Sundial","Chameleon Ring","Ornamental Fan","Question Card","ChewingGum","hubris:MysteriousPyramids","Replay:Ringing Soul","StoneCalendar"],"acts_visited":["Exordium","TheCity"],"potions_floor_usage":[16,16,23,25],"damage_taken":[{"damage":12.0,"enemies":"Small Slimes","floor":1.0,"turns":2.0},{"damage":7.0,"enemies":"2 Louse","floor":2.0,"turns":2.0},{"damage":3.0,"enemies":"Cultist","floor":3.0,"turns":3.0},{"damage":10.0,"enemies":"Red Slaver","floor":4.0,"turns":3.0},{"damage":33.0,"enemies":"Lagavulin","floor":7.0,"turns":4.0},{"damage":7.0,"enemies":"Gremlin Nob","floor":10.0,"turns":3.0},{"damage":0.0,"enemies":"Large Slime","floor":12.0,"turns":2.0},{"damage":11.0,"enemies":"Looter","floor":13.0,"turns":2.0},{"damage":7.0,"enemies":"Exordium Wildlife","floor":14.0,"turns":2.0},{"damage":28,"enemies":"Hexaghost","floor":16,"turns":5},{"damage":13,"enemies":"2 Thieves","floor":18,"turns":2},{"damage":8,"enemies":"Chosen","floor":22,"turns":3},{"damage":28,"enemies":"Gremlin Leader","floor":23,"turns":6},{"damage":39,"enemies":"Book of Stabbing","floor":25,"turns":4},{"damage":26,"enemies":"Gremlin Leader","floor":27,"turns":2}],"seed_played":"4970239689611653060","potions_obtained":[{"floor":4.0,"key":"Milkshake"},{"floor":7.0,"key":"champ:CounterPotion"},{"floor":10.0,"key":"AttackPotion"},{"floor":16,"key":"Weak Potion"},{"floor":18,"key":"LifebloodPotion"},{"floor":25,"key":"Strength Potion"}],"is_trial":false,"path_per_floor":["M","M","M","M","?","R","E","R","T","E","?","M","M","M","R","B",null,"M","?","?","T","M","E","R","E","T","E"],"character_chosen":"IRONCLAD","items_purchased":["Replay:WaspNest","Fire Breathing","hubris:DisguiseKit","Rampage+1","Mayhem","MerchantsRug","Nunchaku","Immolate","ReplayTheSpireMod:Private Reserves","qcfpunch:Chain_With_Nametags","trackpad:PetRock","Panache","Enlightenment"],"campfire_rested":2,"item_purchase_floors":[0,0,0,0,0,0,0,0,0,0,0,0,0],"current_hp_per_floor":[62,61,64,60,60,60,33,55,55,54,54,60,55,54,54,32,64,57,57,57,57,55,33,55,25,25,0,0],"gold":322,"neow_bonus":"","is_daily":false,"chose_seed":false,"campfire_upgraded":1,"win_rate":0.0,"timestamp":1612327596,"path_taken":["M","M","M","M","?","R","E","R","T","E","?","M","?","M","R","BOSS","M","?","?","?","?","E","R","E","T","E"],"items_purchased_type":["Relic","Card","Relic","Card","Card","Relic","Relic","Card","Card","Relic","Relic","Card","Card"],"build_version":"2020-12-22","purchased_purges":0,"victory":false,"max_hp_per_floor":[75,75,75,75,75,75,75,75,75,75,75,75,75,75,75,75,75,75,75,75,75,75,75,75,78,78,78,78],"card_choices":[{"not_picked":["ReplayReversal","Pummel","Bloodletting"],"picked":"Slimebound:Nibble","floor":1.0},{"not_picked":["Pommel Strike","Cleave","Reckless Charge"],"picked":"Slimebound:SplitLeeching","floor":2.0},{"not_picked":["Dual Wield","Twin Strike","Slimebound:Gluttony"],"picked":"Seeing Red","floor":3.0},{"not_picked":["Warcry","Headbutt","Battle Trance"],"picked":"Slimebound:SplitBruiser","floor":4.0},{"not_picked":["Uppercut","Headbutt","Slimebound:Schlurp"],"picked":"Thunderclap","floor":7.0},{"not_picked":["Carnage","Thunderclap","Clothesline"],"picked":"Slimebound:FirmFortitude","floor":10.0},{"not_picked":["Life Link","Ghostly Armor","Abandon","ReplayTheSpireMod:Corrosion Curse"],"picked":"Seeing Red","floor":11.0},{"not_picked":["Impervious","Reaper","Replay:Many Hands","Demon Form"],"picked":"Berserk","floor":11.0},{"not_picked":["Seeing Red","Pummel","Hemokinesis","Spot Weakness"],"picked":"hubris:CleavingFinish","floor":11.0},{"not_picked":["hubris:ReadiedAction","Havoc","Shrug It Off","Slimebound:SlimeSlap"],"picked":"Wild Strike","floor":12.0},{"not_picked":["ReplayTheSpireMod:Muscle Training","Feel No Pain","Havoc","Slimebound:SplitBruiser"],"picked":"Shrug It Off","floor":13.0},{"not_picked":["Shrug It Off","Thunderclap","Run Through","ReplayTheSpireMod:LeadingStrike"],"picked":"Slimebound:GoopSpray","floor":14.0},{"not_picked":["Double Tap","Reaper","Juggernaut","Bludgeon"],"picked":"Slimebound:RallyTheTroops","floor":16},{"not_picked":["hubris:CleavingFinish","Headbutt","Rampage","Armaments"],"picked":"Slimebound:GoopTackle","floor":18},{"not_picked":["Ghostly Armor","Burning Pact","hubris:SharpeningStone","Wild Strike"],"picked":"Slimebound:SlimeSpikes","floor":22},{"not_picked":["Warcry","Anger","Clash","True Grit"],"picked":"Slimebound:ComboTackle","floor":23},{"not_picked":["Defy Death","ReplayTheSpireMod:Strike From Hell","Armaments","Slimebound:GrowthPunch"],"picked":"Body Slam","floor":25}],"player_experience":1335252,"relics_obtained":[{"floor":6.0,"key":"Sundial"},{"floor":7.0,"key":"Chameleon Ring"},{"floor":9.0,"key":"Ornamental Fan"},{"floor":10.0,"key":"Question Card"},{"floor":23,"key":"hubris:MysteriousPyramids"},{"floor":25,"key":"Replay:Ringing Soul"},{"floor":26,"key":"StoneCalendar"}],"event_choices":[{"damage_healed":0.0,"max_hp_gain":0.0,"max_hp_loss":0.0,"gold_gain":0.0,"event_name":"Living Wall","player_choice":"Grow","floor":5.0,"gold_loss":0.0,"damage_taken":0.0,"cards_upgraded":["Mayhem"]},{"damage_healed":0.0,"max_hp_gain":0.0,"max_hp_loss":0.0,"gold_gain":0.0,"event_name":"betterMatch:BetterMatch","player_choice":"1","floor":11.0,"gold_loss":0.0,"damage_taken":0.0,"cards_obtained":["betterMatch:UncommonCard","betterMatch:RareCard","betterMatch:UncommonCard"]},{"damage_healed":0,"gold_gain":0,"player_choice":"Copied","damage_taken":0,"max_hp_gain":0,"max_hp_loss":0,"event_name":"Duplicator","floor":19,"gold_loss":0,"cards_obtained":["Berserk"]},{"damage_healed":0,"gold_gain":0,"player_choice":"Got Potions","damage_taken":0,"max_hp_gain":0,"max_hp_loss":0,"event_name":"Lab","floor":20,"gold_loss":0}],"is_beta":false,"boss_relics":[{"not_picked":["Velvet Choker","Replay:Bronze Core"],"picked":"ChewingGum"}],"items_purged_floors":[],"is_endless":false,"potions_floor_spawned":[4,7,10,13,16,18,25],"killed_by":"Gremlin Leader","ascension_level":20}}