{"host":"9rexl4trwadr43zo","time":1612316445,"event":{"mods":["BaseMod","Colored Map","Minty Spire (QoL Compilation)"],"gold_per_floor":[216,235,248,323,273,273,293,323,323,323,335,351,351,367,367,367,367],"floor_reached":16,"language":"ENG","playtime":687,"items_purged":[],"score":120,"play_id":"7b26cec4-369d-4ec7-9e13-0a1105d63ae8","local_time":"20210203014045","is_ascension_mode":true,"campfire_choices":[{"data":"Body Slam","floor":6,"key":"SMITH"},{"floor":10,"key":"REST"},{"floor":13,"key":"REST"},{"floor":15,"key":"REST"}],"circlet_count":0,"master_deck":["Strike_R","Strike_R","Strike_R","Strike_R","Defend_R","Defend_R","Defend_R","Defend_R","Bash","Body Slam+1","Heavy Blade","Shrug It Off","Body Slam+1"],"relics":["Burning Blood","Molten Egg 2","Frozen Egg 2"],"acts_visited":["Exordium"],"potions_floor_usage":[7,16,16],"damage_taken":[{"damage":7,"enemies":"Small Slimes","floor":1,"turns":4},{"damage":1,"enemies":"2 Louse","floor":2,"turns":3},{"damage":9,"enemies":"Jaw Worm","floor":3,"turns":4},{"damage":14,"enemies":"3 Louse","floor":7,"turns":5},{"damage":61,"enemies":"Lagavulin","floor":8,"turns":11},{"damage":6,"enemies":"Red Slaver","floor":11,"turns":4},{"damage":5,"enemies":"2 Fungi Beasts","floor":12,"turns":4},{"damage":20,"enemies":"Looter","floor":14,"turns":4},{"damage":72,"enemies":"Hexaghost","floor":16,"turns":10}],"seed_played":"8105255341746947206","potions_obtained":[{"floor":7,"key":"Fruit Juice"},{"floor":8,"key":"AttackPotion"},{"floor":11,"key":"EssenceOfSteel"},{"floor":14,"key":"DuplicationPotion"}],"is_trial":false,"path_per_floor":["M","M","M","?","?","R","M","E","T","R","M","M","R","M","R","B"],"character_chosen":"IRONCLAD","items_purchased":[],"campfire_rested":3,"item_purchase_floors":[],"current_hp_per_floor":[79,80,77,66,66,66,63,8,8,33,33,34,59,45,70,0,0],"gold":367,"neow_bonus":"HUNDRED_GOLD","is_daily":false,"chose_seed":false,"campfire_upgraded":1,"win_rate":0.0,"timestamp":1612316445,"path_taken":["M","M","M","?","?","R","M","E","T","R","M","M","R","M","R","BOSS"],"items_purchased_type":[],"build_version":"2020-12-22","purchased_purges":0,"victory":false,"max_hp_per_floor":[80,80,80,80,80,80,85,85,85,85,85,85,85,85,85,85,85],"card_choices":[{"not_picked":["Thunderclap","Clash"],"picked":"Body Slam","floor":1},{"not_picked":["Carnage","Perfected Strike"],"picked":"Heavy Blade","floor":2},{"not_picked":["Metallicize","Battle Trance"],"picked":"Shrug It Off","floor":3},{"not_picked":["Rampage","Twin Strike","Carnage"],"picked":"SKIP","floor":7},{"not_picked":["Shockwave","Infernal Blade","Dark Embrace"],"picked":"SKIP","floor":8},{"not_picked":["True Grit","Burning Pact","Dropkick+1"],"picked":"SKIP","floor":11},{"not_picked":["Clash+1","Reckless Charge+1","Wild Strike+1"],"picked":"SKIP","floor":12},{"not_picked":["Flame Barrier","Burning Pact"],"picked":"Body Slam+1","floor":14}],"player_experience":285487,"relics_obtained":[{"floor":8,"key":"Molten Egg 2"},{"floor":9,"key":"Frozen Egg 2"}],"event_choices":[{"damage_healed":0,"gold_gain":75,"player_choice":"Gather Gold","damage_taken":11,"max_hp_gain":0,"max_hp_loss":0,"event_name":"World of Goop","floor":4,"gold_loss":0},{"cards_removed":["Strike_R"],"damage_healed":0,"gold_gain":0,"player_choice":"Card Removal","damage_taken":0,"max_hp_gain":0,"max_hp_loss":0,"event_name":"The Cleric","floor":5,"gold_loss":50}],"is_beta":false,"boss_relics":[],"items_purged_floors":[],"is_endless":false,"potions_floor_spawned":[7,8,11,14],"killed_by":"Hexaghost","ascension_level":3}}