{"host":"jwvz9sqego1wo43x","time":1612384684,"event":{"mods":["AchievementEnabler","BaseMod","Colored Map","Downfall","GifTheSpireLib","Minty Spire (QoL Compilation)","StSLib"],"gold_per_floor":[99,99,169,444,444,444,489,177,194,23,55,75,75,175,195,292,292,192,87,101,115,132,132,132,17,33,33,33,53,53,153,164,267,267,267,281,243,243,256,256,256,156,173,206,206,225,225,241,256,256,256,256],"floor_reached":50,"language":"ENG","playtime":2386,"items_purged":["Regret","bronze:Strike"],"score":567,"play_id":"7f936ac6-c8b6-4f44-9b4a-9f4517de1a42","local_time":"20210203203804","is_ascension_mode":true,"campfire_choices":[{"data":"bronze:Goto","floor":1,"key":"SMITH"},{"floor":13,"key":"REST"},{"data":"bronze:Virus","floor":18,"key":"SMITH"},{"floor":23,"key":"REST"},{"floor":30,"key":"REST"},{"floor":35,"key":"RECALL"},{"data":"expansioncontent:PolyBeam","floor":42,"key":"SMITH"},{"floor":45,"key":"REST"},{"floor":47,"key":"REST"}],"circlet_count":0,"master_deck":["bronze:Strike","bronze:Strike","bronze:Defend","bronze:Defend","bronze:Defend","bronze:Defend","bronze:Replicate+1","bronze:Goto+1","bronze:Repulsor","bronze:MaxOutput","bronze:ClassDefault","bronze:Virus+1","bronze:FindAndReplace","bronze:Assembly","bronze:DelayedGuard","bronze:CloningBeam","bronze:Frontload+1","bronze:SpaghettiCode","bronze:OilSpill+1","expansioncontent:PolyBeam+1","bronze:ForceShield","bronze:Allocate+1","bronze:Repulsor+1","bronze:InfiniteBeams","bronze:Fortify","bronze:FineTuning+1","bronze:DarkDash+1","CurseOfTheBell","bronze:FunctionCard","bronze:AlphaBuild","bronze:Fortify","Decay","Shame","bronze:ForceShield+1","bronze:Refactor+1","Parasite"],"relics":["bronze:BronzeCore","downfall:HeartsMalice","White Beast Statue","Dream Catcher","bronze:ProtectiveGoggles","MealTicket","bronze:SilverBullet","Toy Ornithopter","Philosopher\u0027s Stone","downfall:HeartBlessingGreen","Gremlin Horn","downfall:ExtraCursedKey","Calling Bell","Potion Belt","Singing Bowl","Incense Burner","bronze:CableSpool","Blue Candle","downfall:HeartBlessingRed","Meat on the Bone"],"acts_visited":["Exordium","TheCity","TheBeyond"],"potions_floor_usage":[8,9,14,16,16,33,33,37,44,50,50,50,50,50],"damage_taken":[{"damage":0,"enemies":"Cultist","floor":2,"turns":1},{"damage":0,"enemies":"Jaw Worm","floor":5,"turns":1},{"damage":0,"enemies":"Small Slimes","floor":6,"turns":1},{"damage":6,"enemies":"downfall:FleeingMerchant","floor":8,"turns":4},{"damage":16,"enemies":"Gremlin Gang","floor":9,"turns":4},{"damage":5,"enemies":"downfall:FleeingMerchant","floor":10,"turns":4},{"damage":14,"enemies":"3 Sentries","floor":11,"turns":4},{"damage":12,"enemies":"Blue Slaver","floor":12,"turns":3},{"damage":8,"enemies":"downfall:LadyInBlue","floor":14,"turns":8},{"damage":0,"enemies":"Large Slime","floor":15,"turns":4},{"damage":3,"enemies":"SI_SHIV_ARCHETYPE","floor":16,"turns":6},{"damage":12,"enemies":"downfall:FleeingMerchant","floor":19,"turns":4},{"damage":6,"enemies":"Shell Parasite","floor":20,"turns":2},{"damage":11,"enemies":"Spheric Guardian","floor":21,"turns":4},{"damage":21,"enemies":"Snake Plant","floor":22,"turns":6},{"damage":1,"enemies":"downfall:FleeingMerchant","floor":25,"turns":4},{"damage":24,"enemies":"Shelled Parasite and Fungi","floor":26,"turns":4},{"damage":0,"enemies":"Centurion and Healer","floor":29,"turns":3},{"damage":0,"enemies":"Chosen and Byrds","floor":32,"turns":4},{"damage":28,"enemies":"IC_MUSHROOM_ARCHETYPE","floor":33,"turns":5},{"damage":14,"enemies":"3 Shapes","floor":36,"turns":5},{"damage":0,"enemies":"downfall:FleeingMerchant","floor":37,"turns":4},{"damage":26,"enemies":"Orb Walker","floor":39,"turns":4},{"damage":5,"enemies":"Maw","floor":43,"turns":9},{"damage":40,"enemies":"Nemesis","floor":44,"turns":9},{"damage":15,"enemies":"Spire Growth","floor":46,"turns":6},{"damage":13,"enemies":"Writhing Mass","floor":48,"turns":11},{"damage":16,"enemies":"Sphere and 2 Shapes","floor":49,"turns":5},{"damage":83,"enemies":"WA_ARCHETYPE_DIVINITY","floor":50,"turns":11}],"seed_played":"-4071193267773262257","potions_obtained":[{"floor":5,"key":"Strength Potion"},{"floor":6,"key":"Weak Potion"},{"floor":8,"key":"SpeedPotion"},{"floor":9,"key":"Energy Potion"},{"floor":10,"key":"Swift Potion"},{"floor":14,"key":"CultistPotion"},{"floor":14,"key":"Regen Potion"},{"floor":16,"key":"AttackPotion"},{"floor":19,"key":"Dexterity Potion"},{"floor":21,"key":"CultistPotion"},{"floor":29,"key":"Strength Potion"},{"floor":33,"key":"FearPotion"},{"floor":36,"key":"Strength Potion"},{"floor":37,"key":"champ:CounterPotion"},{"floor":38,"key":"Energy Potion"},{"floor":38,"key":"PowerPotion"},{"floor":44,"key":"FearPotion"},{"floor":48,"key":"Dexterity Potion"}],"is_trial":false,"path_per_floor":["R","M","T","?","M","M","T","$","M","$","E","M","R","?","M","B",null,"R","$","M","M","M","R","T","$","M","?","?","M","R","?","M","B",null,"R","M","$","?","M","?","T","R","M","E","R","M","R","M","M","B"],"character_chosen":"THE_AUTOMATON","items_purchased":["bronze:ProtectiveGoggles","bronze:Virus","MealTicket","expansioncontent:PolyBeam","bronze:CableSpool","bronze:AlphaBuild"],"campfire_rested":5,"item_purchase_floors":[8,8,10,19,37,37],"current_hp_per_floor":[70,70,70,70,70,70,70,64,48,43,29,17,38,30,30,49,70,70,58,52,41,20,41,41,55,31,31,31,31,52,52,52,34,70,70,58,74,74,48,48,48,48,43,10,34,33,57,46,44,0,0,0],"gold":256,"neow_bonus":"THREE_ENEMY_KILL","is_daily":false,"chose_seed":false,"campfire_upgraded":3,"win_rate":0.0,"timestamp":1612384684,"path_taken":["R","M","?","?","M","M","T","$","?","?","E","M","R","?","M","BOSS","R","$","M","?","M","R","T","$","M","?","?","?","R","?","M","BOSS","R","M","?","?","?","?","T","R","M","E","R","M","R","M","M","BOSS"],"items_purchased_type":["Relic","Card","Relic","Card","Relic","Card"],"build_version":"2020-12-22","purchased_purges":2,"victory":false,"max_hp_per_floor":[70,70,70,70,70,70,70,70,70,70,70,70,70,70,70,70,70,70,70,70,70,70,70,70,70,70,70,70,70,70,70,70,70,70,70,72,74,74,74,74,74,74,74,76,78,80,80,82,84,84,84,84],"card_choices":[{"not_picked":["bronze:DelayedSlice","bronze:MaxOutput"],"picked":"bronze:WhirlingStrike","floor":2},{"not_picked":["bronze:Frontload","bronze:CutThrough"],"picked":"bronze:Repulsor","floor":5},{"not_picked":["bronze:Backtrace","bronze:DelayedSlice"],"picked":"bronze:MaxOutput","floor":6},{"not_picked":["bronze:ForceShield","bronze:ChildClass"],"picked":"bronze:ClassDefault","floor":8},{"not_picked":["bronze:Branch","bronze:ClassDefault"],"picked":"bronze:Terminator","floor":9},{"not_picked":["bronze:WhirlingStrike","bronze:Iterate"],"picked":"bronze:FindAndReplace","floor":10},{"not_picked":["bronze:Return","bronze:DarkDash"],"picked":"bronze:Assembly","floor":11},{"not_picked":["bronze:Separator","bronze:Overheat","bronze:OilSpill"],"picked":"SKIP","floor":12},{"not_picked":["bronze:Iterate","bronze:NullPointer"],"picked":"bronze:DelayedGuard","floor":13},{"not_picked":["bronze:Shield","bronze:Repair"],"picked":"bronze:CloningBeam","floor":14},{"not_picked":["bronze:Optimize","bronze:OilSpill"],"picked":"bronze:Frontload","floor":15},{"not_picked":["bronze:Mutator","bronze:CleanCode"],"picked":"bronze:SpaghettiCode","floor":16},{"not_picked":["bronze:Invalidate","bronze:Library"],"picked":"bronze:OilSpill+1","floor":19},{"not_picked":["bronze:Separator","bronze:OilSpill"],"picked":"bronze:ForceShield","floor":20},{"not_picked":["bronze:Constructor","bronze:BugBarrage"],"picked":"bronze:Allocate+1","floor":21},{"not_picked":["bronze:InfiniteBeams","bronze:Branch"],"picked":"bronze:Repulsor+1","floor":22},{"not_picked":["bronze:DelayedGuard","bronze:BuggyMess"],"picked":"bronze:InfiniteBeams","floor":23},{"not_picked":["bronze:SpaghettiCode","bronze:Turbo"],"picked":"bronze:Fortify","floor":25},{"not_picked":["bronze:Invalidate","bronze:BugBarrage"],"picked":"bronze:FineTuning+1","floor":26},{"not_picked":["bronze:BuggyMess","bronze:Safeguard"],"picked":"bronze:DarkDash+1","floor":29},{"not_picked":["bronze:Constructor+1","bronze:DelayedGuard"],"picked":"bronze:Shell","floor":30},{"not_picked":["bronze:DelayedSlice","bronze:DarkDash","bronze:DelayedGuard"],"picked":"SKIP","floor":32},{"not_picked":["bronze:Break","bronze:Format"],"picked":"bronze:Hardcode","floor":33},{"not_picked":["bronze:DigitalCarnage","bronze:CutThrough+1","bronze:Constructor"],"picked":"Singing Bowl","floor":36},{"not_picked":["bronze:Separator","bronze:WhirlingStrike","bronze:BugBarrage"],"picked":"Singing Bowl","floor":37},{"not_picked":["bronze:Return","bronze:FineTuning"],"picked":"bronze:Fortify","floor":39},{"not_picked":["bronze:DelayedGuard","bronze:BitShift+1"],"picked":"bronze:ForceShield+1","floor":43},{"not_picked":["bronze:Deprecate","bronze:ChosenStrike+1","bronze:BugBarrage+1"],"picked":"Singing Bowl","floor":44},{"not_picked":["bronze:Turbo+1","bronze:Library","bronze:Branch"],"picked":"Singing Bowl","floor":45},{"not_picked":["bronze:BugBarrage","bronze:ChosenStrike","bronze:Return"],"picked":"Singing Bowl","floor":46},{"not_picked":["bronze:Overheat+1","bronze:DigitalCarnage"],"picked":"bronze:Refactor+1","floor":47},{"not_picked":["bronze:ChosenStrike+1","bronze:OilSpill","bronze:CloningBeam+1"],"picked":"Singing Bowl","floor":48},{"not_picked":["bronze:Branch+1","bronze:DelayedSlice+1","bronze:Iterate"],"picked":"Singing Bowl","floor":49}],"player_experience":514230,"relics_obtained":[{"floor":3,"key":"White Beast Statue"},{"floor":7,"key":"Dream Catcher"},{"floor":11,"key":"bronze:SilverBullet"},{"floor":14,"key":"Toy Ornithopter"},{"floor":24,"key":"Gremlin Horn"},{"floor":34,"key":"Potion Belt"},{"floor":34,"key":"Singing Bowl"},{"floor":34,"key":"Incense Burner"},{"floor":41,"key":"Blue Candle"},{"floor":44,"key":"Meat on the Bone"}],"event_choices":[{"damage_healed":0,"gold_gain":0,"player_choice":"Got Potions","damage_taken":0,"max_hp_gain":0,"max_hp_loss":0,"event_name":"Lab","floor":38,"gold_loss":0},{"cards_removed":["bronze:Strike"],"damage_healed":0,"gold_gain":0,"player_choice":"Offered Basic","damage_taken":0,"max_hp_gain":0,"max_hp_loss":0,"event_name":"Bonfire Elementals","floor":40,"gold_loss":0}],"is_beta":false,"boss_relics":[{"not_picked":["Busted Crown","Pandora\u0027s Box"],"picked":"Philosopher\u0027s Stone"},{"not_picked":["SlaversCollar","Sozu"],"picked":"Calling Bell"}],"items_purged_floors":[8,25],"is_endless":false,"potions_floor_spawned":[5,6,8,9,10,11,12,14,15,16,19,20,21,22,25,26,29,32,33,36,37,39,43,44,46,48,49],"killed_by":"WA_ARCHETYPE_DIVINITY","ascension_level":2}}