{"host":"5k8z1fa9dl1t3vzb","time":1612332410,"event":{"mods":["Act Like it!","BaseMod","Better Match","Better Note","Better Third Choice","Custom Start","Downfall","Highlight Path","Marisa????????","Minty Spire (QoL Compilation)","Quick Restart","StSLib","The Servant 0.9.4"],"gold_per_floor":[99,119,133,233,251,176,176,26,26,26,45,45,61,79,91,195,195,45,61,61,74,74,8,8,18,18,18,18],"floor_reached":26,"language":"ENG","playtime":2015,"items_purged":[],"score":225,"play_id":"b7875cd5-71ad-4210-b08e-213a63d8955b","local_time":"20210202220650","is_ascension_mode":false,"campfire_choices":[{"floor":1,"key":"RECALL"},{"data":"Slimebound:Split","floor":8,"key":"SMITH"},{"data":"Slimebound:SplitBruiser","floor":9,"key":"SMITH"},{"data":"Slimebound:CorrosiveSpit","floor":12,"key":"SMITH"},{"data":"Slimebound:FirmFortitude","floor":18,"key":"SMITH"}],"circlet_count":0,"master_deck":["Slimebound:Strike_Slimebound","Slimebound:Strike_Slimebound","Slimebound:Strike_Slimebound","Slimebound:Tackle","Slimebound:Defend_Slimebound","Slimebound:Defend_Slimebound","Slimebound:Defend_Slimebound","Slimebound:Defend_Slimebound","Slimebound:Split+1","Slimebound:CorrosiveSpit+1","Slimebound:GoopSpray","CurseOfTheBell","CurseOfTheBell","Slimebound:PrepareCrush+1","Slimebound:SplitBruiser+1","Slimebound:FirmFortitude+1","Slimebound:Split+1","Slimebound:Repurpose+1"],"relics":["Slimebound:AbsorbEndCombatUpgraded","downfall:ExtraCursedBell","Omamori","Darkstone Periapt","WingedGreaves","Slimebound:GreedOozeRelic","downfall:HeartBlessingBlue","downfall:HeartBlessingRed","Frozen Egg 2"],"acts_visited":["Exordium","TheCity"],"potions_floor_usage":[13,16,16,16,16,16,16,26],"damage_taken":[{"damage":8,"enemies":"2 Louse","floor":2,"turns":4},{"damage":1,"enemies":"Jaw Worm","floor":3,"turns":4},{"damage":0,"enemies":"Small Slimes","floor":5,"turns":3},{"damage":7,"enemies":"3 Louse","floor":11,"turns":3},{"damage":13,"enemies":"Lots of Slimes","floor":13,"turns":4},{"damage":2,"enemies":"Exordium Wildlife","floor":14,"turns":3},{"damage":8,"enemies":"2 Fungi Beasts","floor":15,"turns":3},{"damage":16,"enemies":"IC_STATUS_ARCHETYPE","floor":16,"turns":6},{"damage":3,"enemies":"Chosen","floor":19,"turns":4},{"damage":25,"enemies":"3 Cultists","floor":21,"turns":5},{"damage":5,"enemies":"downfall:FleeingMerchant","floor":23,"turns":4},{"damage":13,"enemies":"Cultist and Chosen","floor":25,"turns":4},{"damage":57,"enemies":"Book of Stabbing","floor":26,"turns":5}],"seed_played":"1439395141870638036","potions_obtained":[{"floor":0,"key":"SkillPotion"},{"floor":0,"key":"EntropicBrew"},{"floor":0,"key":"BlessingOfTheForge"},{"floor":11,"key":"SpeedPotion"},{"floor":13,"key":"Ancient Potion"},{"floor":16,"key":"Slimebound:SpawnSlimePotion"}],"is_trial":false,"path_per_floor":["R","M","M","?","M","?","T","R","R","?","M","R","M","M","M","B",null,"R","M","?","M","?","$","T","M","E"],"character_chosen":"SLIMEBOUND","items_purchased":["Strength Potion"],"campfire_rested":0,"item_purchase_floors":[23],"current_hp_per_floor":[65,63,65,65,65,65,65,75,75,80,75,75,64,64,60,52,80,80,77,77,61,61,59,59,49,0,0,0],"gold":18,"neow_bonus":"THREE_SMALL_POTIONS","is_daily":false,"chose_seed":false,"campfire_upgraded":4,"win_rate":0.0,"timestamp":1612332410,"path_taken":["R","M","M","?","M","?","T","R","R","?","M","R","M","?","M","BOSS","R","M","?","?","?","$","T","M","E"],"items_purchased_type":["Potion"],"build_version":"2020-12-22","purchased_purges":0,"victory":false,"max_hp_per_floor":[65,65,65,65,65,65,65,75,75,80,80,80,80,80,80,80,80,80,80,80,80,80,80,80,80,80,80,80],"card_choices":[{"not_picked":["Slimebound:LivingWall","Slimebound:SlimeBrawl"],"picked":"Slimebound:GoopSpray","floor":2},{"not_picked":["Slimebound:TongueLash","Slimebound:GoopSpray","Slimebound:Replication"],"picked":"SKIP","floor":3},{"not_picked":["Slimebound:MassRepurpose","Slimebound:Chomp"],"picked":"Slimebound:SplitBruiser","floor":5},{"not_picked":["Slimebound:SplitMire","Slimebound:GoopSpray","Slimebound:BestDefense"],"picked":"SKIP","floor":11},{"not_picked":["Slimebound:LivingWall","Slimebound:HauntingLick","Slimebound:Replication"],"picked":"SKIP","floor":13},{"not_picked":["Slimebound:RollThrough","Slimebound:SplitAcid","Slimebound:GoopTackle"],"picked":"SKIP","floor":14},{"not_picked":["Slimebound:GoopTackle","Slimebound:OneTwoCombo","Slimebound:ItLooksTasty"],"picked":"SKIP","floor":15},{"not_picked":["Slimebound:SlimeSlap","Slimebound:WasteNot"],"picked":"Slimebound:FirmFortitude","floor":16},{"not_picked":["Slimebound:HauntingLick","Slimebound:MegaLick+1","Slimebound:GoopTackle"],"picked":"SKIP","floor":19},{"not_picked":["Slimebound:SplitAcid","Slimebound:LeechingTouch","Slimebound:Schlurp"],"picked":"SKIP","floor":21},{"not_picked":["Slimebound:SlimeTap","Slimebound:SplitAcid","Slimebound:ItLooksTasty"],"picked":"SKIP","floor":23},{"not_picked":["Slimebound:RejuvenatingLick","Slimebound:SplitAcid"],"picked":"Slimebound:Repurpose+1","floor":25}],"player_experience":137912,"relics_obtained":[{"floor":4,"key":"Omamori"},{"floor":4,"key":"Darkstone Periapt"},{"floor":4,"key":"WingedGreaves"},{"floor":24,"key":"Frozen Egg 2"}],"event_choices":[{"damage_healed":0,"gold_gain":0,"player_choice":"Donut","damage_taken":0,"max_hp_gain":5,"max_hp_loss":0,"event_name":"Big Fish","floor":10,"gold_loss":0}],"is_beta":false,"boss_relics":[{"not_picked":["Pandora\u0027s Box","Black Star"],"picked":"Slimebound:AbsorbEndCombatUpgraded"}],"items_purged_floors":[],"is_endless":false,"potions_floor_spawned":[11,13,15,16],"killed_by":"Book of Stabbing","ascension_level":0}}