{"host":"27tk4xseidcli2mr","time":1612352012,"event":{"mods":["2.2 Compatiblity","AchievementEnabler","Aspiration","BaseMod","Better Third Choice","Conspire","Custom Start","Downfall","Hubris","Infinite Spire","Jorbs\u0027s Wanderer Trilogy","Minty Spire (QoL Compilation)","Replay The Spire","StSLib","SuperFastMode","[IsaacMod]????"],"gold_per_floor":[115,115,115,126,6,41,41,69,69,69,80,105,118,118,118,143,143,238,238,253,253,253,5,16,45,65,65,65,65,65,96,96,96,96,196,196,212,14,14,14,42,42,70,97,97,97,15,15,15,15],"floor_reached":53,"language":"ENG","playtime":2222,"items_purged":["Strike_P","Pain"],"score":770,"play_id":"00a751aa-8f49-4db7-b74a-427f07f5fc8c","local_time":"20210203123332","is_ascension_mode":true,"campfire_choices":[{"data":"SpiritShield","floor":7.0,"key":"SMITH"},{"floor":17.0,"key":"REST"},{"data":"ReplayTheSpireMod:Dual Polarity","floor":27.0,"key":"SMITH"},{"data":"Ghostly","floor":31.0,"key":"SMITH"},{"data":"Ghostly","floor":35.0,"key":"SMITH"},{"data":"DevaForm","floor":48.0,"key":"SMITH"},{"data":"Ghostly","floor":50.0,"key":"SMITH"},{"data":"Double Energy","floor":52.0,"key":"SMITH"}],"circlet_count":0,"master_deck":["Eruption","Vigilance","Scrawl+1","EmptyBody","FlyingSleeves","SpiritShield+1","Consecrate","EmptyFist","DevaForm+1","Gash","Melter","Multi-Cast","ReplayTheSpireMod:Dual Polarity+1","Ghostly+1","Ghostly","Ghostly+1","Ghostly","Ghostly+1","Mirror Shield","Capacitor","Consecrate","Double Energy+1","Reprogram","FTL"],"relics":["PureWater","HushsDoor","TheBible","D6","Replay:Baseball","Bag of Marbles","conspire:Flyswatter","WarpedTongs","aspiration:AnachronicSnailShell","DeadEye","aspiration:DefectSkillbook","Strange Spoon","hubris:Teleporter","Strawberry","MealTicket","Black Star","TheBattery","Snack Pack","aspiration:SeaSaltIceCream","aspiration:Nostalgia","m_GuardianBlood","PokeGo","ReplayTheSpireMod:Lightbulb","infinitespire:Lucky Rock"],"acts_visited":["Exordium","TheCity","TheBeyond"],"potions_floor_usage":[53],"damage_taken":[{"damage":0.0,"enemies":"2 Louse","floor":1.0,"turns":2.0},{"damage":0.0,"enemies":"Jaw Worm","floor":4.0,"turns":4.0},{"damage":8.0,"enemies":"Replay:BlueRogue","floor":6.0,"turns":3.0},{"damage":34.0,"enemies":"3 Sentries","floor":8.0,"turns":13.0},{"damage":3.0,"enemies":"Cultist","floor":11.0,"turns":2.0},{"damage":5.0,"enemies":"Replay:BlueRogue","floor":12.0,"turns":9.0},{"damage":4.0,"enemies":"Gremlin Gang","floor":13.0,"turns":4.0},{"damage":12.0,"enemies":"3 Sentries","floor":16.0,"turns":6.0},{"damage":9.0,"enemies":"Hexaghost","floor":18.0,"turns":10.0},{"damage":9.0,"enemies":"Shell Parasite","floor":20.0,"turns":6.0},{"damage":0.0,"enemies":"Spheric Guardian","floor":24.0,"turns":1.0},{"damage":0.0,"enemies":"Nightmare","floor":25.0,"turns":3.0},{"damage":8.0,"enemies":"Snecko","floor":26.0,"turns":3.0},{"damage":2.0,"enemies":"conspire:Head Lice","floor":32.0,"turns":7.0},{"damage":2.0,"enemies":"Automaton","floor":36.0,"turns":8.0},{"damage":0.0,"enemies":"Orb Walker","floor":38.0,"turns":3.0},{"damage":6.0,"enemies":"Reptomancer","floor":43.0,"turns":5.0},{"damage":10.0,"enemies":"Nightmare","floor":45.0,"turns":10.0},{"damage":48,"enemies":"Delirium","floor":53,"turns":15}],"seed_played":"3107897603925985605","potions_obtained":[{"floor":6.0,"key":"Fire Potion"},{"floor":8.0,"key":"ColorlessPotion"},{"floor":12.0,"key":"SkillPotion"},{"floor":24.0,"key":"Block Potion"},{"floor":36.0,"key":"ColorlessPotion"},{"floor":43.0,"key":"Explosive Potion"}],"is_trial":false,"path_per_floor":["M","?","T","M","$","E","R","E","T","?","M","E","M","PTL","PTL","E","R","B",null,"M","?","?","$","M","NM","M","R","T","?","R","E","PTL","PTL","R","B",null,"M","$","?","$","E","?","NM","T","R","R","$","R","B"],"character_chosen":"WATCHER","items_purchased":["FlyingSleeves","Strange Spoon","TheBattery","Consecrate","FTL"],"campfire_rested":1,"item_purchase_floors":[5,23,39,39,51],"current_hp_per_floor":[79,79,79,79,79,71,71,37,37,37,34,29,25,25,25,13,36,27,79,70,70,70,70,70,70,62,62,69,43,43,41,41,41,41,39,43,43,43,43,43,37,37,41,41,41,41,43,43,0,0],"gold":15,"neow_bonus":"TEN_PERCENT_HP_BONUS","is_daily":false,"chose_seed":false,"campfire_upgraded":7,"win_rate":0.0,"timestamp":1612352012,"path_taken":["M","?","?","M","$","E","R","E","T","?","?","E","M","PTL","PTL","E","R","BOSS","M","?","?","$","M","NM","M","R","T","?","R","E","PTL","PTL","R","BOSS","M","$","?","$","E","?","NM","T","R","R","?","R","BOSS"],"items_purchased_type":["Card","Relic","Relic","Card","Card"],"build_version":"2020-12-22","purchased_purges":2,"victory":false,"max_hp_per_floor":[79,79,79,79,79,79,79,79,79,79,79,79,79,79,79,79,79,79,79,79,79,79,79,79,79,79,79,86,43,43,43,43,43,43,43,43,43,43,43,43,43,43,43,43,43,43,43,43,43,43],"card_choices":[{"not_picked":["CarveReality","DeceiveReality"],"picked":"Scrawl","floor":1.0},{"not_picked":["Pray","Crescendo"],"picked":"EmptyBody","floor":4.0},{"not_picked":["Evaluate","Crescendo"],"picked":"SpiritShield","floor":6.0},{"not_picked":["Replay:ManipulateFuture","ClearTheMind"],"picked":"Consecrate","floor":8.0},{"not_picked":["FlyingSleeves","ThirdEye"],"picked":"JustLucky","floor":11.0},{"not_picked":["Sanctity","CrushJoints"],"picked":"EmptyFist","floor":12.0},{"not_picked":["PathToVictory","Evaluate","Weave"],"picked":"SKIP","floor":13.0},{"not_picked":["Halt","Replay:Hum","EmptyBody"],"picked":"SKIP","floor":16.0},{"not_picked":["Scrawl","Blasphemy"],"picked":"DevaForm","floor":18.0},{"not_picked":["Darkness","hubris:PowerSurge","Study"],"picked":"Gash","floor":20.0},{"not_picked":["Hologram","Steam+1","Turbo"],"picked":"Melter","floor":24.0},{"not_picked":["Indignation","CrushJoints+1","Protect"],"picked":"Multi-Cast","floor":25.0},{"not_picked":["Meditate+1","Streamline+1","Replay:ManipulateFuture"],"picked":"ReplayTheSpireMod:Dual Polarity","floor":26.0},{"not_picked":["Darkness+1","Stack","Compile Driver+1","CutThroughFate"],"picked":"SKIP","floor":32.0},{"not_picked":["Brilliance","hubris:Prefetch","Reboot"],"picked":"Mirror Shield","floor":36.0},{"not_picked":["EmptyBody","Evaluate","BowlingBash"],"picked":"Capacitor","floor":38.0},{"not_picked":["Conserve Battery","Establishment","PathToVictory"],"picked":"Double Energy","floor":43.0},{"not_picked":["SignatureMove","FlyingSleeves+1","ClearTheMind","Replay:BluntJabs"],"picked":"SKIP","floor":45.0}],"player_experience":1310511,"relics_obtained":[{"floor":3.0,"key":"TheBible"},{"floor":6.0,"key":"Replay:Baseball"},{"floor":8.0,"key":"Bag of Marbles"},{"floor":9.0,"key":"conspire:Flyswatter"},{"floor":12.0,"key":"aspiration:AnachronicSnailShell"},{"floor":16.0,"key":"DeadEye"},{"floor":25.0,"key":"hubris:Teleporter"},{"floor":28.0,"key":"Strawberry"},{"floor":32.0,"key":"MealTicket"},{"floor":43.0,"key":"Snack Pack"},{"floor":43.0,"key":"aspiration:SeaSaltIceCream"},{"floor":45.0,"key":"PokeGo"},{"floor":45.0,"key":"ReplayTheSpireMod:Lightbulb"},{"floor":46.0,"key":"infinitespire:Lucky Rock"}],"event_choices":[{"damage_healed":0.0,"max_hp_gain":0.0,"max_hp_loss":0.0,"gold_gain":0.0,"event_name":"Accursed Blacksmith","player_choice":"Rummage","floor":10.0,"gold_loss":0.0,"damage_taken":0.0,"relics_obtained":["WarpedTongs"],"cards_obtained":["Pain"]},{"damage_healed":0.0,"max_hp_gain":0.0,"max_hp_loss":7.0,"gold_gain":0.0,"event_name":"betterThird:BetterWriting","player_choice":"Materialism","floor":21.0,"gold_loss":0.0,"damage_taken":0.0},{"damage_healed":0.0,"max_hp_gain":0.0,"max_hp_loss":43.0,"gold_gain":0.0,"event_name":"Ghosts","player_choice":"Became a Ghost","floor":29.0,"gold_loss":0.0,"damage_taken":0.0,"cards_obtained":["Ghostly","Ghostly","Ghostly","Ghostly","Ghostly"]},{"damage_healed":0.0,"max_hp_gain":0.0,"max_hp_loss":0.0,"gold_gain":0.0,"cards_transformed":["JustLucky"],"event_name":"Transmorgrifier","player_choice":"Transformed","floor":44.0,"gold_loss":0.0,"damage_taken":0.0,"cards_obtained":["Reprogram"]}],"is_beta":false,"boss_relics":[{"not_picked":["Pandora\u0027s Box","Empty Cage"],"picked":"aspiration:DefectSkillbook"},{"not_picked":[]},{"not_picked":["Runic Dome","hubris:ScarierMask"],"picked":"Black Star"},{"not_picked":[]}],"items_purged_floors":[5,23],"is_endless":true,"potions_floor_spawned":[6,8,12,24,36,43],"killed_by":"Delirium","ascension_level":4}}