{"host":"yf7adnp48nk06owi","time":1612379216,"event":{"mods":["AchievementEnabler","BaseMod","Bestiary","Minty Spire (QoL Compilation)","Quick Restart","Reliquary","StSLib","Swap Starting Deck Mod"],"gold_per_floor":[111,130,130,148,148,183,183,209,209,209,209,209,249,271,271,271,271,356,356,380,38,38,38],"floor_reached":22,"language":"ENG","playtime":907,"items_purged":[],"score":450,"play_id":"817a2666-06a6-4e7b-956e-ec75e3623aee","local_time":"20210203200656","is_ascension_mode":true,"campfire_choices":[{"floor":7.0,"key":"REST"},{"floor":11,"key":"REST"},{"floor":16,"key":"REST"},{"floor":17,"key":"REST"}],"circlet_count":0,"master_deck":["AscendersBane","SashWhip","JustLucky","Prostrate","Crescendo","ClearTheMind","CutThroughFate","PathToVictory","CutThroughFate","Crescendo","MentalFortress+1","EmptyFist+1","Prostrate","Wish","DeusExMachina","PathToVictory"],"relics":["PureWater","Molten Egg 2","Oddly Smooth Stone","InkBottle","reliquary:JackalopeAntler","CeramicFish","reliquary:FeatherDuster","reliquary:WritOfMandamus","Prayer Wheel"],"acts_visited":["Exordium","TheCity"],"potions_floor_usage":[8,20,20],"damage_taken":[{"damage":0.0,"enemies":"Cultist","floor":1.0,"turns":2.0},{"damage":8.0,"enemies":"Jaw Worm","floor":2.0,"turns":3.0},{"damage":10.0,"enemies":"2 Louse","floor":4.0,"turns":2.0},{"damage":4.0,"enemies":"Gremlin Nob","floor":6.0,"turns":3.0},{"damage":18,"enemies":"3 Sentries","floor":8,"turns":4},{"damage":0,"enemies":"Gremlin Nob","floor":13,"turns":2},{"damage":0,"enemies":"2 Fungi Beasts","floor":14,"turns":2},{"damage":6,"enemies":"Hexaghost","floor":18,"turns":6},{"damage":27,"enemies":"3 Byrds","floor":20,"turns":4},{"damage":19,"enemies":"Chosen","floor":22,"turns":4}],"seed_played":"-1853282979174721842","potions_obtained":[{"floor":1.0,"key":"EntropicBrew"},{"floor":13,"key":"Dexterity Potion"}],"is_trial":false,"path_per_floor":["M","M","?","M","?","E","R","E","T","T","R","?","E","M","?","R","R","B",null,"M","$","M"],"character_chosen":"WATCHER","items_purchased":["Prayer Wheel"],"campfire_rested":4,"item_purchase_floors":[21],"current_hp_per_floor":[31,23,23,13,13,9,29,11,11,11,31,31,31,31,13,13,33,27,58,31,31,12,12],"gold":38,"neow_bonus":"","is_daily":false,"chose_seed":false,"campfire_upgraded":0,"win_rate":0.0,"timestamp":1612379216,"path_taken":["M","?","?","M","?","E","R","E","T","T","R","?","E","?","?","R","R","BOSS","M","$","M"],"items_purchased_type":["Relic"],"build_version":"2020-12-22","purchased_purges":0,"victory":false,"max_hp_per_floor":[68,68,68,68,68,68,68,68,68,68,68,68,68,68,68,68,68,68,68,68,68,68,68],"card_choices":[{"not_picked":["Crescendo","Fasting2","SashWhip"],"picked":"SKIP","floor":1.0},{"not_picked":["Indignation","ThirdEye","Crescendo"],"picked":"SKIP","floor":2.0},{"not_picked":["CutThroughFate","SashWhip"],"picked":"MentalFortress","floor":4.0},{"not_picked":["Tantrum+1","Sanctity"],"picked":"SandsOfTime+1","floor":6.0},{"not_picked":["LikeWater","SashWhip+1"],"picked":"EmptyFist+1","floor":8},{"not_picked":["CrushJoints+1","ReachHeaven+1"],"picked":"Prostrate","floor":13},{"not_picked":["EmptyFist+1","Consecrate+1"],"picked":"Wish","floor":14},{"not_picked":["Ragnarok+1","Judgement"],"picked":"DeusExMachina","floor":18},{"not_picked":["Crescendo","ForeignInfluence"],"picked":"PathToVictory","floor":20}],"player_experience":313052,"relics_obtained":[{"floor":6.0,"key":"Molten Egg 2"},{"floor":8,"key":"Oddly Smooth Stone"},{"floor":9,"key":"InkBottle"},{"floor":10,"key":"reliquary:JackalopeAntler"},{"floor":13,"key":"CeramicFish"}],"event_choices":[{"damage_healed":0.0,"max_hp_gain":0.0,"max_hp_loss":0.0,"gold_gain":0.0,"event_name":"Liars Game","player_choice":"Ignored","floor":3.0,"gold_loss":0.0,"damage_taken":0.0},{"damage_healed":0.0,"max_hp_gain":0.0,"max_hp_loss":0.0,"gold_gain":0.0,"event_name":"Golden Idol","player_choice":"Ignored","floor":5.0,"gold_loss":0.0,"damage_taken":0.0},{"damage_healed":0,"gold_gain":0,"player_choice":"Upgraded","damage_taken":0,"max_hp_gain":0,"max_hp_loss":0,"event_name":"Upgrade Shrine","floor":12,"gold_loss":0,"cards_upgraded":["MentalFortress"]},{"damage_healed":0,"gold_gain":0,"player_choice":"Success","damage_taken":18,"relics_obtained":["reliquary:FeatherDuster"],"max_hp_gain":0,"max_hp_loss":0,"event_name":"Scrap Ooze","floor":15,"gold_loss":0}],"is_beta":false,"boss_relics":[{"not_picked":["Black Star","reliquary:KinkedSpring"],"picked":"reliquary:WritOfMandamus"}],"items_purged_floors":[],"is_endless":false,"potions_floor_spawned":[1,13,18],"killed_by":"Chosen","ascension_level":20}}