{"host":"e1pm3b7xpcm97e5w","time":1612381268,"event":{"mods":["BaseMod","Better Skull","Googly Eyes","Minty Spire (QoL Compilation)","Relic Stats","Shop Mod","Spicy Shops","StSLib"],"gold_per_floor":[112,112,37,50,50,50,62,99,178,178,178],"floor_reached":10,"language":"ENG","playtime":301,"items_purged":["Strike_G"],"score":129,"play_id":"18eb5d34-25e4-4caa-b02d-5abec14445cc","local_time":"20210203144108","is_ascension_mode":true,"campfire_choices":[{"data":"Leg Sweep","floor":6,"key":"SMITH"}],"circlet_count":0,"master_deck":["AscendersBane","Strike_G","Strike_G+1","Strike_G","Defend_G","Defend_G+1","Defend_G","Defend_G","Defend_G","Survivor","Neutralize","Cloak And Dagger","Leg Sweep+1","Adrenaline","After Image"],"relics":["Ring of the Snake","NeowsBlessing","CeramicFish","Gremlin Horn"],"acts_visited":["Exordium"],"potions_floor_usage":[8,10],"damage_taken":[{"damage":0,"enemies":"Jaw Worm","floor":1,"turns":1},{"damage":0,"enemies":"Cultist","floor":4,"turns":1},{"damage":0,"enemies":"2 Louse","floor":7,"turns":2},{"damage":27,"enemies":"3 Sentries","floor":8,"turns":18},{"damage":16,"enemies":"Lagavulin","floor":10,"turns":9}],"seed_played":"1963339598696682644","potions_obtained":[{"floor":4,"key":"BlessingOfTheForge"},{"floor":8,"key":"Poison Potion"}],"is_trial":false,"path_per_floor":["M","?","$","M","?","R","M","E","T","E"],"character_chosen":"THE_SILENT","items_purchased":[],"campfire_rested":0,"item_purchase_floors":[],"current_hp_per_floor":[59,59,59,59,39,39,39,12,12,0,0],"gold":178,"neow_bonus":"THREE_ENEMY_KILL","is_daily":false,"chose_seed":false,"campfire_upgraded":1,"win_rate":0.0,"timestamp":1612381268,"path_taken":["M","?","$","?","?","R","M","E","T","E"],"items_purchased_type":[],"build_version":"2020-12-22","purchased_purges":1,"victory":false,"max_hp_per_floor":[66,66,66,66,66,66,66,66,66,66,66],"relic_stats":{"Gremlin Horn":[0,0],"counters":[5,31],"CeramicFish":9,"obtain_stats":[{"NeowsBlessing":0,"Gremlin Horn":9,"CeramicFish":8,"Ring of the Snake":0},{"NeowsBlessing":0,"Gremlin Horn":4,"CeramicFish":4,"Ring of the Snake":0},{"NeowsBlessing":0,"Gremlin Horn":22,"CeramicFish":22,"Ring of the Snake":0}],"Ring of the Snake":[10]},"card_choices":[{"not_picked":["Slice","Dagger Spray"],"picked":"Cloak And Dagger","floor":1},{"not_picked":["Quick Slash","Cloak And Dagger"],"picked":"Leg Sweep","floor":4},{"not_picked":["Leg Sweep","Sucker Punch"],"picked":"Adrenaline","floor":7},{"not_picked":["Bane","Deflect"],"picked":"After Image","floor":8}],"player_experience":696173,"relics_obtained":[{"floor":8,"key":"CeramicFish"},{"floor":9,"key":"Gremlin Horn"}],"event_choices":[{"cards_removed":["Strike_G"],"damage_healed":0,"gold_gain":0,"player_choice":"Purged","damage_taken":0,"max_hp_gain":0,"max_hp_loss":0,"event_name":"Purifier","floor":2,"gold_loss":0},{"damage_healed":0,"gold_gain":0,"player_choice":"Entered Light","damage_taken":20,"max_hp_gain":0,"max_hp_loss":0,"event_name":"Shining Light","floor":5,"gold_loss":0,"cards_upgraded":["Defend_G","Strike_G"]}],"is_beta":false,"boss_relics":[],"items_purged_floors":[3],"is_endless":false,"potions_floor_spawned":[4,8],"killed_by":"Lagavulin","ascension_level":19}}