{"host":"Kdaddybrian","time":1612392075,"event":{"mods":["AchievementEnabler","BaseMod","Bestiary","Colored Powertips","Minty Spire (QoL Compilation)","Potion Indicator Mod","Quick Restart","Rare Cards Sparkle","Relic Stats","StSLib","Uncapped"],"gold_per_floor":[219,235,43,61,75,75,86,86,86,138,173,173,199,274,274,373,373,389,401,5,5,5,5,5,5],"floor_reached":24,"language":"ENG","playtime":3922,"items_purged":["Strike_P","Strike_P"],"score":275,"play_id":"a9bbaa9a-0ddc-429e-aa77-a227fac75777","local_time":"20210203174115","is_ascension_mode":true,"campfire_choices":[{"data":"Adaptation","floor":6,"key":"SMITH"},{"floor":8,"key":"REST"},{"data":"Eruption","floor":12,"key":"SMITH"},{"floor":15,"key":"REST"},{"floor":23,"key":"REST"}],"circlet_count":0,"master_deck":["Strike_P","Strike_P","Defend_P","Defend_P","Defend_P","Defend_P","Eruption+1","Vigilance","ReachHeaven","FollowUp","Adaptation+1","EmptyFist","ThirdEye","SandsOfTime","EmptyFist","SashWhip","ThirdEye","DeusExMachina","Meditate+1","Decay"],"relics":["PureWater","Damaru","Letter Opener","VioletLotus","Calipers","Nloth\u0027s Gift"],"acts_visited":["Exordium","TheCity"],"potions_floor_usage":[24],"damage_taken":[{"damage":0,"enemies":"Cultist","floor":1,"turns":3},{"damage":0,"enemies":"2 Louse","floor":2,"turns":2},{"damage":0,"enemies":"Small Slimes","floor":4,"turns":3},{"damage":1,"enemies":"Exordium Wildlife","floor":5,"turns":3},{"damage":26,"enemies":"Gremlin Gang","floor":7,"turns":5},{"damage":10,"enemies":"Gremlin Nob","floor":11,"turns":3},{"damage":10,"enemies":"3 Sentries","floor":13,"turns":5},{"damage":23,"enemies":"Slime Boss","floor":16,"turns":8},{"damage":17,"enemies":"2 Thieves","floor":18,"turns":3},{"damage":18,"enemies":"Chosen","floor":19,"turns":5},{"damage":62,"enemies":"Gremlin Leader","floor":24,"turns":7}],"seed_played":"-483845766716644626","potions_obtained":[{"floor":1,"key":"Dexterity Potion"},{"floor":13,"key":"Fruit Juice"},{"floor":16,"key":"Regen Potion"}],"is_trial":false,"path_per_floor":["M","M","$","M","M","R","M","R","T","?","E","R","E","?","R","B",null,"M","M","$","?","?","R","E"],"character_chosen":"WATCHER","items_purchased":["Adaptation","EmptyFist","Calipers"],"campfire_rested":3,"item_purchase_floors":[3,3,20],"current_hp_per_floor":[65,65,65,65,64,64,38,59,59,59,49,49,39,28,49,26,61,44,26,26,26,26,47,0,0],"gold":5,"neow_bonus":"HUNDRED_GOLD","is_daily":false,"chose_seed":false,"campfire_upgraded":2,"win_rate":0.0,"timestamp":1612392075,"path_taken":["M","M","$","?","M","R","M","R","T","?","E","R","E","?","R","BOSS","M","M","$","?","?","R","E"],"items_purchased_type":["Card","Card","Relic"],"build_version":"2020-12-18","purchased_purges":2,"victory":false,"max_hp_per_floor":[72,72,72,72,72,72,72,72,72,72,72,72,72,72,72,72,72,72,72,72,72,72,72,72,72],"relic_stats":{"counters":[11,47],"VioletLotus":[4],"Nloth\u0027s Gift":0,"Letter Opener":[40],"obtain_stats":[{"Nunchaku":9,"Calipers":20,"Damaru":11,"VioletLotus":17,"Nloth\u0027s Gift":22,"Letter Opener":13,"PureWater":0},{"Nunchaku":5,"Calipers":10,"Damaru":6,"VioletLotus":8,"Nloth\u0027s Gift":10,"Letter Opener":7,"PureWater":0},{"Nunchaku":16,"Calipers":40,"Damaru":19,"VioletLotus":32,"Nloth\u0027s Gift":40,"Letter Opener":24,"PureWater":0}]},"card_choices":[{"not_picked":["Indignation","BowlingBash"],"picked":"ReachHeaven","floor":1},{"not_picked":["Perseverance","CrushJoints"],"picked":"FollowUp","floor":2},{"not_picked":["CrushJoints","EmptyFist"],"picked":"ThirdEye","floor":4},{"not_picked":["PathToVictory","Worship"],"picked":"SandsOfTime","floor":5},{"not_picked":["EmptyBody","FlyingSleeves"],"picked":"EmptyFist","floor":7},{"not_picked":["ClearTheMind","Crescendo"],"picked":"SashWhip","floor":11},{"not_picked":["SignatureMove","Collect"],"picked":"ThirdEye","floor":13},{"not_picked":["Alpha","Blasphemy"],"picked":"DeusExMachina","floor":16},{"not_picked":["FlyingSleeves","JustLucky"],"picked":"Meditate+1","floor":18},{"not_picked":["PathToVictory","Protect","FollowUp"],"picked":"SKIP","floor":19}],"player_experience":3002815,"relics_obtained":[{"floor":9,"key":"Nunchaku"},{"floor":11,"key":"Damaru"},{"floor":13,"key":"Letter Opener"}],"event_choices":[{"damage_healed":0,"gold_gain":52,"player_choice":"Gained Gold","damage_taken":0,"max_hp_gain":0,"max_hp_loss":0,"event_name":"Golden Wing","floor":10,"gold_loss":0},{"damage_healed":0,"gold_gain":75,"player_choice":"Gather Gold","damage_taken":11,"max_hp_gain":0,"max_hp_loss":0,"event_name":"World of Goop","floor":14,"gold_loss":0},{"damage_healed":0,"gold_gain":0,"player_choice":"Smashed Altar","damage_taken":0,"max_hp_gain":0,"max_hp_loss":0,"event_name":"Forgotten Altar","floor":21,"gold_loss":0,"cards_obtained":["Decay"]},{"damage_healed":0,"gold_gain":0,"player_choice":"Traded Relic","damage_taken":0,"relics_obtained":["Nloth\u0027s Gift"],"max_hp_gain":0,"max_hp_loss":0,"event_name":"N\u0027loth","floor":22,"relics_lost":["Nunchaku"],"gold_loss":0}],"is_beta":true,"boss_relics":[{"not_picked":["Tiny House","SlaversCollar"],"picked":"VioletLotus"}],"items_purged_floors":[3,20],"is_endless":false,"potions_floor_spawned":[1,13,16],"killed_by":"Gremlin Leader","ascension_level":7}}