{"host":"kj566mc1j9861y4f","time":1612315306,"event":{"mods":["AchievementEnabler","Act Like it!","BaseMod","Better Altar","Better Note","Better Vampires","BetterRewards","Colored Powertips","Downfall","Hermit","Infinite Spire","Lobotomy","Luminous","Minty Spire (QoL Compilation)","Relic Stats","Replay The Spire","Shade Mod","Shop Mod","Spicy Shops","StSLib","The Blue Laboratory","Uncapped"],"gold_per_floor":[118,136,153,153,66,66,84,119,119,152,152,152,181,199,199,294,294,304,54,69,83,83,83,83,83],"floor_reached":24,"language":"ENG","playtime":1177,"items_purged":[],"score":270,"play_id":"4800efe4-3bce-421a-9a95-aba00c0fcada","local_time":"20210202192146","is_ascension_mode":true,"campfire_choices":[{"data":"Neutralize","floor":6.0,"key":"SMITH"},{"floor":11.0,"key":"REST"},{"floor":15.0,"key":"REST"},{"floor":23,"key":"REST"}],"circlet_count":0,"master_deck":["Strike_G","Strike_G+1","Strike_G","Strike_G","Strike_G","Defend_G","Defend_G","Defend_G","Defend_G","Defend_G+1","Survivor","Neutralize+1","CherryBlossoms","PiercingWail","CrumblingArmor","Sucker Punch","FairyFestival","Scorched","Predator","ShyLook","Infinite Blades","UniverseFragment","Heel Hook","FieryBird","Noxious Fumes","QueenOfHatred","Venomology","BlackSwan","Backstab","Flying Knee+1","RitualDagger"],"relics":["Ring of the Snake","CogitoBucket","Durian","Replay:Bottled Flurry","Replay:WaspNest","infinitespire:CheckeredPen","White Beast Statue","FleshIdol","Velvet Choker","Mummified Hand"],"acts_visited":["Exordium","TheCity"],"potions_floor_usage":[20,24],"damage_taken":[{"damage":2.0,"enemies":"Jaw Worm","floor":1.0,"turns":5.0},{"damage":0.0,"enemies":"2 Louse","floor":2.0,"turns":3.0},{"damage":0.0,"enemies":"Cultist","floor":3.0,"turns":5.0},{"damage":25.0,"enemies":"3 Louse","floor":7.0,"turns":6.0},{"damage":2.0,"enemies":"Replay:BlueRogue","floor":8.0,"turns":7.0},{"damage":27.0,"enemies":"Gremlin Nob","floor":10.0,"turns":4.0},{"damage":2.0,"enemies":"3 Sentries","floor":13.0,"turns":4.0},{"damage":26.0,"enemies":"Large Slime","floor":14.0,"turns":2.0},{"damage":32.0,"enemies":"The Guardian","floor":16.0,"turns":8.0},{"damage":6,"enemies":"3 Byrds","floor":18,"turns":3},{"damage":20,"enemies":"2 Thieves","floor":20,"turns":3},{"damage":42,"enemies":"Cultist and Chosen","floor":21,"turns":4},{"damage":33,"enemies":"Shelled Parasite and Fungi","floor":24,"turns":1}],"seed_played":"-6564349477589389772","potions_obtained":[{"floor":3.0,"key":"EntropicBrew"},{"floor":10.0,"key":"champ:CounterPotion"},{"floor":16.0,"key":"PowerPotion"}],"is_trial":false,"path_per_floor":["M","M","M","?","$","R","M","E","T","E","R","?","E","M","R","B",null,"M","$","M","M","?","R","M"],"character_chosen":"THE_SILENT","items_purchased":["Durian","Mummified Hand"],"campfire_rested":3,"item_purchase_floors":[5,19],"current_hp_per_floor":[68,68,68,54,59,59,37,35,35,8,30,55,53,29,51,25,63,63,63,49,8,2,24,0,0],"gold":83,"neow_bonus":"","is_daily":false,"chose_seed":false,"campfire_upgraded":1,"win_rate":0.0,"timestamp":1612315306,"path_taken":["M","M","M","?","$","R","M","E","T","E","R","?","E","M","R","BOSS","M","$","M","?","?","R","M"],"items_purchased_type":["Relic","Relic"],"build_version":"2020-12-22","purchased_purges":0,"victory":false,"max_hp_per_floor":[70,70,70,70,75,75,75,75,75,75,75,75,75,75,75,75,75,75,75,75,75,75,75,75,75],"relic_stats":{"counters":[15,57],"Mummified Hand":[4],"obtain_stats":[{"CogitoBucket":0,"Mummified Hand":19,"Velvet Choker":17,"FleshIdol":14,"Replay:WaspNest":9,"Durian":5,"Replay:Bottled Flurry":8,"infinitespire:CheckeredPen":10,"White Beast Statue":13,"Ring of the Snake":0},{"CogitoBucket":0,"Mummified Hand":11,"Velvet Choker":10,"FleshIdol":9,"Replay:WaspNest":5,"Durian":3,"Replay:Bottled Flurry":5,"infinitespire:CheckeredPen":6,"White Beast Statue":7,"Ring of the Snake":0},{"CogitoBucket":0,"Mummified Hand":48,"Velvet Choker":45,"FleshIdol":37,"Replay:WaspNest":26,"Durian":13,"Replay:Bottled Flurry":26,"infinitespire:CheckeredPen":30,"White Beast Statue":34,"Ring of the Snake":0}],"Ring of the Snake":[30]},"card_choices":[{"not_picked":["Wellcheers","MHz"],"picked":"CherryBlossoms","floor":1.0},{"not_picked":["Sucker Punch","Underhanded Strike"],"picked":"PiercingWail","floor":1.0},{"not_picked":["SpiderBud","PunishingBird"],"picked":"CrumblingArmor","floor":2.0},{"not_picked":["Dodge and Roll","Bullet Time"],"picked":"Sucker Punch","floor":2.0},{"not_picked":["BeautyBeast","WallGazer"],"picked":"FairyFestival","floor":3.0},{"not_picked":["ReplayTheSpireMod:The Works","Catalyst","Prepared"],"picked":"SKIP","floor":3.0},{"not_picked":["GreedKing","UniverseFragment"],"picked":"Scorched","floor":7.0},{"not_picked":["Prepared","Finisher"],"picked":"Predator","floor":7.0},{"not_picked":["MeatLantern","WallGazer"],"picked":"ShyLook","floor":8.0},{"not_picked":["Backstab","Bane"],"picked":"Infinite Blades","floor":8.0},{"not_picked":["Wellcheers","SpiderBud"],"picked":"UniverseFragment","floor":10.0},{"not_picked":["Sucker Punch","ReplayTheSpireMod:Tripwire"],"picked":"Heel Hook","floor":10.0},{"not_picked":["BigBird","OldLady"],"picked":"FieryBird","floor":13.0},{"not_picked":["Draining Mist","Expertise","ReplayTheSpireMod:Speed Training"],"picked":"SKIP","floor":13.0},{"not_picked":["SpiderBud","Murderer","WallGazer"],"picked":"Singing Bowl","floor":14.0},{"not_picked":["Bane","Deflect"],"picked":"Noxious Fumes","floor":14.0},{"not_picked":["OSAHOGD","SpiderBud"],"picked":"QueenOfHatred","floor":16.0},{"not_picked":["ReplayTheSpireMod:From All Sides","Storm of Steel"],"picked":"Venomology","floor":16.0},{"not_picked":["GreedKing","MeatLantern"],"picked":"BlackSwan","floor":18},{"not_picked":["Flechettes","Crippling Poison"],"picked":"Backstab","floor":18},{"not_picked":["Backflip","ReplayTheSpireMod:The Works+1"],"picked":"Flying Knee+1","floor":20},{"not_picked":["Replay:Poison Smokescreen","Predator","Noxious Fumes"],"picked":"SKIP","floor":21}],"player_experience":179232,"relics_obtained":[{"floor":8.0,"key":"Replay:Bottled Flurry"},{"floor":9.0,"key":"Replay:WaspNest"},{"floor":10.0,"key":"infinitespire:CheckeredPen"},{"floor":13.0,"key":"White Beast Statue"}],"event_choices":[{"damage_healed":0.0,"max_hp_gain":0.0,"max_hp_loss":0.0,"gold_gain":0.0,"event_name":"Shining Light","player_choice":"Entered Light","floor":4.0,"gold_loss":0.0,"damage_taken":14.0,"cards_upgraded":["Defend_G","Strike_G"]},{"damage_healed":25.0,"max_hp_gain":0.0,"max_hp_loss":0.0,"gold_gain":0.0,"event_name":"Big Fish","player_choice":"Banana","floor":12.0,"gold_loss":0.0,"damage_taken":0.0},{"damage_healed":0,"gold_gain":0,"player_choice":"Joined the Cult","damage_taken":6,"max_hp_gain":0,"max_hp_loss":0,"event_name":"Nest","floor":22,"gold_loss":0,"cards_obtained":["RitualDagger"]}],"is_beta":false,"boss_relics":[{"not_picked":["Runic Dome","ChewingGum"],"picked":"Velvet Choker"}],"items_purged_floors":[],"is_endless":false,"potions_floor_spawned":[3,10,14,16,18,20,21],"killed_by":"Shelled Parasite and Fungi","ascension_level":5}}