{"host":"og2dufvjgkards7m","time":1612392966,"event":{"mods":["AchievementEnabler","BaseMod","Better Match","Better Note","Better Sensory Stone","Block Reminder","Colored Map","Colored Powertips","DeckTracker","Highlight Path","Minty Spire (QoL Compilation)","Rare Cards Sparkle","Relic Sorter","StSLib","SuperFastMode"],"gold_per_floor":[113,113,133,58,77,105,105,138,165,165,178,209,209,209,209,311,311,324,127,139,154,182,182,182],"floor_reached":23,"language":"SPA","playtime":1331,"items_purged":["Defend_B","Strike_B"],"score":240,"play_id":"9854b364-7c3a-468c-bade-248416560d1c","local_time":"20210203145606","is_ascension_mode":true,"campfire_choices":[{"data":"Go for the Eyes","floor":7,"key":"SMITH"},{"floor":10,"key":"REST"},{"data":"Zap","floor":13,"key":"SMITH"},{"data":"Streamline","floor":15,"key":"SMITH"}],"circlet_count":0,"master_deck":["Strike_B","Defend_B","Defend_B","Defend_B","Zap+1","Dualcast","All For One","Auto Shields","Double Energy","Go for the Eyes+1","BootSequence","Beam Cell","Streamline+1","Core Surge","Streamline+1","Madness","Chill"],"relics":["Cracked Core","Regal Pillow","Centennial Puzzle","PreservedInsect","Nuclear Battery","Red Mask"],"acts_visited":["Exordium","TheCity"],"potions_floor_usage":[8,8,12,22,23],"damage_taken":[{"damage":7,"enemies":"Jaw Worm","floor":1,"turns":4},{"damage":0,"enemies":"Cultist","floor":3,"turns":4},{"damage":0,"enemies":"2 Louse","floor":5,"turns":3},{"damage":20,"enemies":"Gremlin Nob","floor":6,"turns":4},{"damage":22,"enemies":"3 Sentries","floor":8,"turns":6},{"damage":4,"enemies":"Exordium Wildlife","floor":11,"turns":4},{"damage":13,"enemies":"Gremlin Nob","floor":12,"turns":3},{"damage":2,"enemies":"The Guardian","floor":16,"turns":9},{"damage":10,"enemies":"3 Byrds","floor":18,"turns":5},{"damage":0,"enemies":"Chosen","floor":20,"turns":3},{"damage":10,"enemies":"Snake Plant","floor":21,"turns":4},{"damage":8,"enemies":"Masked Bandits","floor":22,"turns":4},{"damage":47,"enemies":"Gremlin Leader","floor":23,"turns":4}],"seed_played":"-5328146596206653470","potions_obtained":[{"floor":1,"key":"PowerPotion"},{"floor":6,"key":"BlessingOfTheForge"},{"floor":11,"key":"Swift Potion"},{"floor":18,"key":"LiquidMemories"},{"floor":20,"key":"Explosive Potion"}],"is_trial":false,"path_per_floor":["M","?","M","$","M","E","R","E","T","R","M","E","R","?","R","B",null,"M","$","M","M","?","E"],"character_chosen":"DEFECT","items_purchased":["Madness"],"campfire_rested":1,"item_purchase_floors":[19],"current_hp_per_floor":[68,68,68,68,68,48,48,26,26,63,59,46,46,46,46,44,75,65,65,65,55,47,0,0],"gold":182,"neow_bonus":"ONE_RANDOM_RARE_CARD","is_daily":false,"chose_seed":false,"campfire_upgraded":3,"win_rate":0.0,"timestamp":1612392966,"path_taken":["M","?","M","$","M","E","R","E","T","R","?","E","R","?","R","BOSS","M","$","M","M","?","E"],"items_purchased_type":["Card"],"build_version":"2020-12-22","purchased_purges":2,"victory":false,"max_hp_per_floor":[75,75,75,75,75,75,75,75,75,75,75,75,75,75,75,75,75,75,75,75,75,75,75,75],"card_choices":[{"not_picked":["Reinforced Body","Aggregate"],"picked":"Auto Shields","floor":1},{"not_picked":["Genetic Algorithm","Redo","Blizzard"],"picked":"SKIP","floor":3},{"not_picked":["Compile Driver","Coolheaded"],"picked":"Go for the Eyes","floor":5},{"not_picked":["Blizzard","Hologram"],"picked":"BootSequence","floor":6},{"not_picked":["Stack","Hologram"],"picked":"Beam Cell","floor":8},{"not_picked":["Melter","Redo","Capacitor"],"picked":"SKIP","floor":11},{"not_picked":["Hologram","Darkness"],"picked":"Streamline","floor":12},{"not_picked":["Multi-Cast","Machine Learning"],"picked":"Core Surge","floor":16},{"not_picked":["Sweeping Beam","Redo"],"picked":"Streamline+1","floor":18},{"not_picked":["Aggregate","Leap"],"picked":"Chill","floor":20},{"not_picked":["Stack+1","Chill","White Noise"],"picked":"SKIP","floor":21}],"player_experience":161976,"relics_obtained":[{"floor":6,"key":"Regal Pillow"},{"floor":8,"key":"Centennial Puzzle"},{"floor":12,"key":"PreservedInsect"},{"floor":22,"key":"Red Mask"}],"event_choices":[{"damage_healed":0,"gold_gain":0,"cards_transformed":["Strike_B"],"player_choice":"Transformed","damage_taken":0,"max_hp_gain":0,"max_hp_loss":0,"event_name":"Transmorgrifier","floor":2,"gold_loss":0,"cards_obtained":["Double Energy"]},{"cards_removed":["Strike_B"],"damage_healed":0,"gold_gain":0,"player_choice":"Forget","damage_taken":0,"max_hp_gain":0,"max_hp_loss":0,"event_name":"Living Wall","floor":14,"gold_loss":0},{"damage_healed":0,"gold_gain":0,"player_choice":"Fought Bandits","damage_taken":0,"max_hp_gain":0,"max_hp_loss":0,"event_name":"Masked Bandits","floor":22,"gold_loss":0}],"is_beta":false,"boss_relics":[{"not_picked":["Astrolabe","Inserter"],"picked":"Nuclear Battery"}],"items_purged_floors":[4,19],"is_endless":false,"potions_floor_spawned":[1,6,11,18,20],"killed_by":"Gremlin Leader","ascension_level":3}}