{"host":"w8jq41i5zn1fudf9","time":1612332942,"event":{"mods":["AchievementEnabler","BaseMod","Colored Map","Colored Powertips","Curses Come First","GifTheSpireLib","Googly Eyes","Minty Spire (QoL Compilation)","Quick Restart","Rare Cards Sparkle","Relic Stats","StSLib","The Awakened One except there are too many feathers","egg","everything is the same but u backflip on backflip","slay the spire mod where everything is the same but ironclad has a cowboy hat"],"gold_per_floor":[110,110,110,127,127,127,153,179,218,230,242,254,279,303,315,432,444,466,495,39,39,39,39],"floor_reached":22,"language":"ENG","playtime":686,"items_purged":["Strike_B"],"score":221,"play_id":"40b12c64-d5e5-46a7-98d8-4ca967432a4b","local_time":"20210202231542","is_ascension_mode":true,"campfire_choices":[{"floor":6,"key":"REST"},{"floor":10,"key":"REST"},{"data":"Zap","floor":12,"key":"SMITH"},{"floor":15,"key":"REST"}],"circlet_count":0,"master_deck":["Strike_B+1","Strike_B","Defend_B","Defend_B","Defend_B","Defend_B","Zap+1","Dualcast","Cold Snap","Echo Form","Ball Lightning+1","Melter","Capacitor","Fission","Glacier"],"relics":["Cracked Core","StoneCalendar","MawBank","PreservedInsect","Philosopher\u0027s Stone","Whetstone","Eternal Feather"],"acts_visited":["Exordium","TheCity"],"potions_floor_usage":[16,16,19,22],"damage_taken":[{"damage":9,"enemies":"Jaw Worm","floor":1,"turns":3},{"damage":6,"enemies":"Cultist","floor":4,"turns":3},{"damage":35,"enemies":"Gremlin Nob","floor":7,"turns":4},{"damage":3,"enemies":"Small Slimes","floor":8,"turns":2},{"damage":22,"enemies":"Exordium Thugs","floor":13,"turns":4},{"damage":9,"enemies":"Looter","floor":14,"turns":2},{"damage":22,"enemies":"Slime Boss","floor":16,"turns":6},{"damage":43,"enemies":"Chosen","floor":18,"turns":5},{"damage":26,"enemies":"3 Byrds","floor":19,"turns":5},{"damage":13,"enemies":"Cultist and Chosen","floor":22,"turns":4}],"seed_played":"-2732421160492967546","potions_obtained":[{"floor":7,"key":"SneckoOil"},{"floor":8,"key":"PowerPotion"},{"floor":13,"key":"SpeedPotion"},{"floor":19,"key":"Fire Potion"}],"is_trial":false,"path_per_floor":["M","?","$","M","?","R","E","M","T","R","$","R","M","M","R","B",null,"M","M","$","?","M"],"character_chosen":"DEFECT","items_purchased":["Whetstone","Eternal Feather"],"campfire_rested":3,"item_purchase_floors":[20,20],"current_hp_per_floor":[45,50,50,44,44,66,31,28,28,50,50,50,28,19,41,19,75,32,6,6,6,0,0],"gold":39,"neow_bonus":"ONE_RARE_RELIC","is_daily":false,"chose_seed":false,"campfire_upgraded":1,"win_rate":0.0,"timestamp":1612332942,"path_taken":["M","?","$","?","?","R","E","M","T","R","?","R","M","M","R","BOSS","M","M","$","?","M"],"items_purchased_type":["Relic","Relic"],"build_version":"2020-12-22","purchased_purges":1,"victory":false,"max_hp_per_floor":[75,75,75,75,75,75,75,75,75,75,75,75,75,75,75,75,75,75,75,75,75,75,75],"relic_stats":{"counters":[10,38],"StoneCalendar":[0],"Eternal Feather":0,"PreservedInsect":0,"Whetstone":["Ball Lightning","Strike_B"],"MawBank":156,"obtain_stats":[{"StoneCalendar":0,"Philosopher\u0027s Stone":17,"Eternal Feather":20,"PreservedInsect":9,"Whetstone":20,"Cracked Core":0,"MawBank":7},{"StoneCalendar":0,"Philosopher\u0027s Stone":7,"Eternal Feather":9,"PreservedInsect":4,"Whetstone":9,"Cracked Core":0,"MawBank":3},{"StoneCalendar":0,"Philosopher\u0027s Stone":24,"Eternal Feather":34,"PreservedInsect":12,"Whetstone":34,"Cracked Core":0,"MawBank":10}]},"card_choices":[{"not_picked":["Compile Driver","Hologram"],"picked":"Coolheaded","floor":1},{"not_picked":["Compile Driver","Steam Power"],"picked":"Cold Snap","floor":4},{"not_picked":["Leap","Echo Form"],"picked":"Ball Lightning","floor":7},{"not_picked":["Gash","Ball Lightning"],"picked":"Melter","floor":8},{"not_picked":["Go for the Eyes","Leap","Rebound"],"picked":"SKIP","floor":13},{"not_picked":["Meteor Strike","Hello World"],"picked":"Capacitor","floor":14},{"not_picked":["Core Surge","Multi-Cast"],"picked":"Fission","floor":16},{"not_picked":["Steam Power","Turbo","Leap"],"picked":"SKIP","floor":18},{"not_picked":["Ball Lightning","Heatsinks"],"picked":"Glacier","floor":19}],"player_experience":84163,"relics_obtained":[{"floor":7,"key":"MawBank"},{"floor":9,"key":"PreservedInsect"}],"event_choices":[{"cards_removed":["Coolheaded"],"damage_healed":5,"gold_gain":0,"player_choice":"Offered Common","damage_taken":0,"max_hp_gain":0,"max_hp_loss":0,"event_name":"Bonfire Elementals","floor":2,"gold_loss":0},{"cards_removed":["Coolheaded"],"damage_healed":5,"gold_gain":0,"player_choice":"Offered Special","damage_taken":0,"max_hp_gain":0,"max_hp_loss":0,"event_name":"Bonfire Elementals","floor":2,"gold_loss":0},{"damage_healed":0,"gold_gain":0,"player_choice":"1 cards matched","damage_taken":0,"max_hp_gain":0,"max_hp_loss":0,"event_name":"Match and Keep!","floor":5,"gold_loss":0,"cards_obtained":["Echo Form"]},{"cards_removed":["Strike_B"],"damage_healed":0,"gold_gain":0,"player_choice":"Elegance","damage_taken":0,"max_hp_gain":0,"max_hp_loss":0,"event_name":"Back to Basics","floor":21,"gold_loss":0}],"is_beta":false,"boss_relics":[{"not_picked":["SacredBark","Fusion Hammer"],"picked":"Philosopher\u0027s Stone"}],"items_purged_floors":[20],"is_endless":false,"potions_floor_spawned":[7,8,13,19],"killed_by":"Cultist and Chosen","ascension_level":4}}