{"host":"soyfmymeou4emntr","time":1612377350,"event":{"mods":["BaseMod","BetterRewards","Minty Spire (QoL Compilation)","Relic Sorter","Relic Stats","StSLib"],"gold_per_floor":[118,129,129,13,26,26,56,71,94,94,129,129,204,223,223,300,300,311,311,48,65,65,65,99,119,142,154,169,203,203,215,215,215,215],"floor_reached":33,"language":"ENG","playtime":2813,"items_purged":[],"score":594,"play_id":"e4bc88f8-bce0-4845-8747-b58c93a8e919","local_time":"20210203113550","is_ascension_mode":true,"campfire_choices":[{"data":"Blade Dance","floor":6.0,"key":"SMITH"},{"data":"Accuracy","floor":10.0,"key":"SMITH"},{"data":"Cloak And Dagger","floor":12.0,"key":"SMITH"},{"data":"Blade Dance","floor":15.0,"key":"SMITH"},{"floor":23.0,"key":"REST"},{"floor":30.0,"key":"REST"},{"floor":32.0,"key":"REST"}],"circlet_count":0,"master_deck":["AscendersBane","Strike_G","Strike_G","Strike_G","Defend_G+1","Defend_G","Defend_G","Defend_G","Defend_G","Survivor","Neutralize","Blade Dance+1","Dagger Spray","Accuracy+1","PiercingWail+1","Blade Dance+1","Cloak And Dagger+1","Backflip","Storm of Steel","Calculated Gamble","Calculated Gamble","Envenom","Blade Dance","Finisher","Dodge and Roll"],"relics":["Ring of the Snake","War Paint","Nunchaku","Happy Flower","Empty Cage","Enchiridion","HornCleat","Unceasing Top","Blood Vial","Boot"],"acts_visited":["Exordium","TheCity"],"potions_floor_usage":[33],"damage_taken":[{"damage":4.0,"enemies":"Cultist","floor":1.0,"turns":4.0},{"damage":0.0,"enemies":"Small Slimes","floor":2.0,"turns":4.0},{"damage":2.0,"enemies":"Jaw Worm","floor":5.0,"turns":5.0},{"damage":3.0,"enemies":"Gremlin Nob","floor":7.0,"turns":3.0},{"damage":8.0,"enemies":"Large Slime","floor":8.0,"turns":6.0},{"damage":1.0,"enemies":"3 Sentries","floor":11.0,"turns":5.0},{"damage":1.0,"enemies":"Red Slaver","floor":14.0,"turns":3.0},{"damage":9.0,"enemies":"The Guardian","floor":16.0,"turns":13.0},{"damage":0.0,"enemies":"3 Byrds","floor":18.0,"turns":4.0},{"damage":18.0,"enemies":"Chosen","floor":21.0,"turns":5.0},{"damage":11.0,"enemies":"Book of Stabbing","floor":24.0,"turns":4.0},{"damage":0.0,"enemies":"Centurion and Healer","floor":25.0,"turns":5.0},{"damage":16.0,"enemies":"Shelled Parasite and Fungi","floor":27.0,"turns":3.0},{"damage":0.0,"enemies":"3 Cultists","floor":28.0,"turns":3.0},{"damage":5.0,"enemies":"Gremlin Leader","floor":29.0,"turns":5.0},{"damage":0.0,"enemies":"Snecko","floor":31.0,"turns":3.0},{"damage":86,"enemies":"Champ","floor":33,"turns":11}],"seed_played":"-4517555317376638269","potions_obtained":[{"floor":2.0,"key":"SteroidPotion"},{"floor":5.0,"key":"EntropicBrew"},{"floor":8.0,"key":"Swift Potion"},{"floor":18.0,"key":"ColorlessPotion"},{"floor":21.0,"key":"DistilledChaos"},{"floor":31.0,"key":"AttackPotion"}],"is_trial":false,"path_per_floor":["M","M","?","$","M","R","E","M","T","R","E","R","?","M","R","B",null,"M","?","$","M","?","R","E","M","T","M","M","E","R","M","R","B"],"character_chosen":"THE_SILENT","items_purchased":["Accuracy","PiercingWail","HornCleat"],"campfire_rested":3,"item_purchase_floors":[4,4,20],"current_hp_per_floor":[61,61,61,61,59,59,56,48,48,48,47,47,36,35,35,26,61,61,40,40,22,16,37,26,26,26,12,14,11,32,34,55,0,0],"gold":215,"neow_bonus":"TEN_PERCENT_HP_BONUS","is_daily":false,"chose_seed":false,"campfire_upgraded":4,"win_rate":0.0,"timestamp":1612377350,"path_taken":["M","M","?","$","M","R","E","?","T","R","E","R","?","M","R","BOSS","M","?","$","M","?","R","E","?","T","M","M","E","R","M","R","BOSS"],"items_purchased_type":["Card","Card","Relic"],"build_version":"2020-12-22","purchased_purges":0,"victory":false,"max_hp_per_floor":[72,72,72,72,72,72,72,72,72,72,72,72,72,72,72,72,72,72,72,72,72,72,72,72,72,72,72,72,72,72,72,72,72,72],"relic_stats":{"Blood Vial":10,"Nunchaku":[25],"Happy Flower":[19],"counters":[17,86],"War Paint":["PiercingWail","Defend_G"],"Boot":[24],"obtain_stats":[{"Blood Vial":26,"Nunchaku":9,"HornCleat":20,"Happy Flower":11,"Enchiridion":19,"War Paint":7,"Empty Cage":17,"Boot":29,"Unceasing Top":24,"Ring of the Snake":0},{"Blood Vial":12,"Nunchaku":5,"HornCleat":9,"Happy Flower":6,"Enchiridion":9,"War Paint":4,"Empty Cage":8,"Boot":15,"Unceasing Top":11,"Ring of the Snake":0},{"Blood Vial":61,"Nunchaku":22,"HornCleat":47,"Happy Flower":27,"Enchiridion":47,"War Paint":16,"Empty Cage":43,"Boot":72,"Unceasing Top":56,"Ring of the Snake":0}],"Unceasing Top":[15],"Ring of the Snake":[34]},"card_choices":[{"not_picked":["Terror","Dagger Throw"],"picked":"Blade Dance","floor":1.0},{"not_picked":["Dodge and Roll","Endless Agony"],"picked":"Dagger Spray","floor":2.0},{"not_picked":["Eviscerate","Dagger Spray","Bane"],"picked":"SKIP","floor":5.0},{"not_picked":["Tools of the Trade","Dagger Throw"],"picked":"Blade Dance","floor":7.0},{"not_picked":["Underhanded Strike","Prepared","Deadly Poison"],"picked":"SKIP","floor":8.0},{"not_picked":["Dodge and Roll","A Thousand Cuts"],"picked":"Cloak And Dagger","floor":11.0},{"not_picked":["Prepared","Deadly Poison"],"picked":"Backflip","floor":14.0},{"not_picked":["Phantasmal Killer","Grand Finale"],"picked":"Storm of Steel","floor":16.0},{"not_picked":["Flying Knee","Catalyst+1"],"picked":"Calculated Gamble","floor":18.0},{"not_picked":["Sucker Punch","Bane"],"picked":"Calculated Gamble","floor":21.0},{"not_picked":["Dash+1","Prepared"],"picked":"Envenom","floor":24.0},{"not_picked":["Flying Knee","Riddle With Holes","Sucker Punch"],"picked":"SKIP","floor":25.0},{"not_picked":["Setup","Bane","Slice"],"picked":"SKIP","floor":27.0},{"not_picked":["Dodge and Roll","Prepared+1"],"picked":"Blade Dance","floor":28.0},{"not_picked":["Calculated Gamble","Reflex"],"picked":"Finisher","floor":29.0},{"not_picked":["Reflex","Deadly Poison"],"picked":"Dodge and Roll","floor":31.0}],"player_experience":3016105,"relics_obtained":[{"floor":7.0,"key":"War Paint"},{"floor":9.0,"key":"Nunchaku"},{"floor":11.0,"key":"Happy Flower"},{"floor":19.0,"key":"Enchiridion"},{"floor":24.0,"key":"Unceasing Top"},{"floor":26.0,"key":"Blood Vial"},{"floor":29.0,"key":"Boot"}],"event_choices":[{"damage_healed":0.0,"max_hp_gain":0.0,"max_hp_loss":0.0,"gold_gain":0.0,"event_name":"Match and Keep!","player_choice":"0 cards matched","floor":3.0,"gold_loss":0.0,"damage_taken":0.0,"cards_obtained":[]},{"damage_healed":0.0,"max_hp_gain":0.0,"max_hp_loss":0.0,"gold_gain":75.0,"event_name":"World of Goop","player_choice":"Gather Gold","floor":13.0,"gold_loss":0.0,"damage_taken":11.0},{"damage_healed":0.0,"max_hp_gain":0.0,"max_hp_loss":0.0,"gold_gain":0.0,"event_name":"Cursed Tome","player_choice":"Obtained Book","floor":19.0,"gold_loss":0.0,"damage_taken":21.0},{"damage_healed":0.0,"max_hp_gain":0.0,"max_hp_loss":0.0,"gold_gain":0.0,"event_name":"Knowing Skull","player_choice":"","floor":22.0,"potions_obtained":[],"gold_loss":0.0,"damage_taken":6.0,"cards_obtained":[]}],"is_beta":false,"boss_relics":[{"not_picked":["Coffee Dripper","Busted Crown"],"picked":"Empty Cage"}],"items_purged_floors":[],"is_endless":false,"potions_floor_spawned":[2,5,8,18,21,31],"killed_by":"Champ","ascension_level":20}}