{"host":"kn32u0f2pym5bozc","time":1612394136,"event":{"mods":["2.2 Compatiblity","BaseMod","Better Third Choice","Minty Spire (QoL Compilation)","Permanent Neow","Relic Stats","StSLib","The Animator"],"gold_per_floor":[118,118,148,163,178,203,203,231,258,272,272,252,265,275,275,349,349,349,299,299,299,299,299,299,299,299],"floor_reached":25,"language":"ENG","playtime":2557,"items_purged":[],"score":454,"play_id":"0f951d7f-eee4-458d-91d8-9c2450a310ba","local_time":"20210203181536","is_ascension_mode":true,"campfire_choices":[{"floor":7.0,"key":"REST"},{"floor":11.0,"key":"REST"},{"floor":15.0,"key":"REST"}],"circlet_count":0,"master_deck":["AscendersBane","animator:Strike_Elsword","animator:Defend_Elsword","animator:Strike","animator:Strike","animator:Defend","animator:Defend","animator:Chung+1","animator:Raven","animator:Hakurou","animator:LeleiLaLalena","animator:PandorasActor","animator:Melzalgald","animator:Emonzaemon","animator:SilverFang","animator:Rimuru","animator:Arpeggio","animator:ElricAlphonse+1","animator:Benimaru","animator:Shichika+1","animator:Sora+1","animator:Shuna+1","animator:Gillette","animator:Fredrika+1","animator:PandorasActor+1","animator:Elsword","animator:Pride+1"],"relics":["animator:LivingPicture","animator:TheMissingPiece","animator:PurgingStone","animator:ShionDessert","Toxic Egg 2","Vajra","Ectoplasm","White Beast Statue"],"acts_visited":["Exordium","TheCity"],"potions_floor_usage":[22,25,25],"damage_taken":[{"damage":1.0,"enemies":"Cultist","floor":1.0,"turns":5.0},{"damage":0.0,"enemies":"Jaw Worm","floor":3.0,"turns":9.0},{"damage":3.0,"enemies":"Small Slimes","floor":4.0,"turns":4.0},{"damage":9.0,"enemies":"2 Fungi Beasts","floor":5.0,"turns":3.0},{"damage":36.0,"enemies":"Gremlin Nob","floor":6.0,"turns":5.0},{"damage":13.0,"enemies":"Lagavulin","floor":8.0,"turns":11.0},{"damage":3.0,"enemies":"3 Louse","floor":10.0,"turns":5.0},{"damage":6.0,"enemies":"Exordium Wildlife","floor":13.0,"turns":4.0},{"damage":0.0,"enemies":"2 Fungi Beasts","floor":14.0,"turns":4.0},{"damage":13.0,"enemies":"The Guardian","floor":16.0,"turns":9.0},{"damage":0,"enemies":"Chosen","floor":18,"turns":3},{"damage":6,"enemies":"3 Byrds","floor":20,"turns":4},{"damage":3,"enemies":"Sentry and Sphere","floor":21,"turns":3},{"damage":0,"enemies":"Cultist and Chosen","floor":22,"turns":5},{"damage":21,"enemies":"Gremlin Leader","floor":23,"turns":7},{"damage":0,"enemies":"Snecko","floor":24,"turns":6},{"damage":21,"enemies":"Slavers","floor":25,"turns":4}],"seed_played":"-2598368464331969505","potions_obtained":[{"floor":3.0,"key":"Weak Potion"},{"floor":6.0,"key":"Fire Potion"},{"floor":12.0,"key":"FearPotion"},{"floor":13.0,"key":"animator:FalseLifePotion"},{"floor":18,"key":"PowerPotion"},{"floor":24,"key":"PowerPotion"}],"is_trial":false,"path_per_floor":["M","?","M","M","M","E","R","E","T","M","R","?","M","M","R","B",null,"M","?","M","M","M","E","M","E"],"character_chosen":"THE_ANIMATOR","items_purchased":[],"campfire_rested":3,"item_purchase_floors":[],"current_hp_per_floor":[53,53,53,50,42,6,22,9,9,6,22,22,16,16,32,19,46,46,46,40,38,38,17,17,0,0],"gold":299,"neow_bonus":"TRANSFORM_TWO_CARDS","is_daily":false,"chose_seed":false,"campfire_upgraded":0,"win_rate":0.0,"timestamp":1612394136,"path_taken":["M","?","M","M","M","E","R","E","T","M","R","?","?","M","R","BOSS","M","?","M","M","M","E","M","E"],"items_purchased_type":[],"build_version":"2020-12-22","purchased_purges":0,"victory":false,"max_hp_per_floor":[54,54,54,54,55,55,55,55,55,55,55,55,55,55,55,55,55,55,55,55,56,56,56,56,56,56],"relic_stats":{"counters":[17,91],"Ectoplasm":114,"obtain_stats":[{"animator:ShionDessert":6,"animator:PurgingStone":0,"animator:TheMissingPiece":0,"Vajra":9,"animator:LivingPicture":0,"Ectoplasm":17,"Toxic Egg 2":8,"White Beast Statue":23},{"animator:ShionDessert":5,"animator:PurgingStone":0,"animator:TheMissingPiece":0,"Vajra":6,"animator:LivingPicture":0,"Ectoplasm":10,"Toxic Egg 2":6,"White Beast Statue":15},{"animator:ShionDessert":26,"animator:PurgingStone":0,"animator:TheMissingPiece":0,"Vajra":37,"animator:LivingPicture":0,"Ectoplasm":59,"Toxic Egg 2":37,"White Beast Statue":81}]},"card_choices":[{"not_picked":["animator:Evileye","animator:Vanir"],"picked":"animator:PandorasActor","floor":1.0},{"not_picked":["animator:Yoichi","animator:Benimaru"],"picked":"animator:Melzalgald","floor":3.0},{"not_picked":["animator:TsurugaMeisai","animator:Togame"],"picked":"animator:Emonzaemon","floor":4.0},{"not_picked":["animator:Geryuganshoop","animator:Melzalgald"],"picked":"animator:SilverFang","floor":5.0},{"not_picked":["animator:Sebas","animator:Pride"],"picked":"animator:Rimuru","floor":6.0},{"not_picked":["animator:Sebas+1","animator:Mitsurugi"],"picked":"animator:Arpeggio","floor":8.0},{"not_picked":["animator:Ain","animator:Souei+1"],"picked":"animator:ElricAlphonse+1","floor":10.0},{"not_picked":["animator:Shion","animator:Shuna+1"],"picked":"animator:Benimaru","floor":13.0},{"not_picked":["animator:Archer","animator:Elsword"],"picked":"animator:Shichika+1","floor":14.0},{"not_picked":["animator:PinaCoLada","animator:Greed"],"picked":"animator:Sora+1","floor":16.0},{"not_picked":["animator:Guy+1","animator:Jibril"],"picked":"animator:Shuna+1","floor":18},{"not_picked":["animator:ElricEdward","animator:CrowleyEusford"],"picked":"animator:Gillette","floor":20},{"not_picked":["animator:AcuraAkari+1","animator:NivaLada"],"picked":"animator:Fredrika+1","floor":21},{"not_picked":["animator:Rena+1","animator:RoyMustang"],"picked":"animator:PandorasActor+1","floor":22},{"not_picked":["animator:Geryuganshoop+1","animator:Yuuichirou"],"picked":"animator:Elsword","floor":23},{"not_picked":["animator:Bozes","animator:ElricEdward"],"picked":"animator:Pride+1","floor":24}],"player_experience":898105,"relics_obtained":[{"floor":6.0,"key":"animator:ShionDessert"},{"floor":8.0,"key":"Toxic Egg 2"},{"floor":9.0,"key":"Vajra"},{"floor":23,"key":"White Beast Statue"}],"event_choices":[{"damage_healed":0.0,"max_hp_gain":0.0,"max_hp_loss":0.0,"gold_gain":0.0,"event_name":"Living Wall","player_choice":"Grow","floor":2.0,"gold_loss":0.0,"damage_taken":0.0,"cards_upgraded":["animator:Chung"]},{"damage_healed":0.0,"max_hp_gain":0.0,"max_hp_loss":0.0,"gold_gain":0.0,"event_name":"The Woman in Blue","player_choice":"Bought 1 Potion","floor":12.0,"gold_loss":0.0,"damage_taken":0.0},{"damage_healed":0,"gold_gain":0,"player_choice":"Bet on Murderer","damage_taken":0,"max_hp_gain":0,"max_hp_loss":0,"event_name":"The Joust","floor":19,"gold_loss":50}],"is_beta":false,"boss_relics":[{"not_picked":["Pandora\u0027s Box","Sozu"],"picked":"Ectoplasm"}],"items_purged_floors":[],"is_endless":false,"potions_floor_spawned":[3,6,13,14,18,20,24],"killed_by":"Slavers","ascension_level":18}}