{"host":"nug5xkek4sujf8as","time":1612372909,"event":{"mods":["Act Like it!","Aspiration","BaseMod","Booster Modes","CapriCore","Colored Powertips","Conspire","Energized Spire","Gensokyo","Minty Spire (QoL Compilation)","Permanent Neow","Quick Restart","Replay The Spire","Shop Mod","Spicy Shops","StSLib","¡¾¹¦ÄÜMod¡¿»ìãçÖ®»·ÐÞ¸´²¹¶¡","¡¾ÒÅÎï¿¨ÅÆ¡¿REMEMod","óô»ðÖ¸ÄÏ"],"gold_per_floor":[118,130,205,255,73,102,120,148,148,148,161,191,17,28,28,104,104,122,132,132,37,37,71,71,84,84,110,207,21,147,147,206,295,295,416,341,365,58,83,113,113,236,288,288,326,346,475,508,508,508,508,508,508,52,32,76,76],"floor_reached":58,"language":"ZHS","playtime":3070,"items_purged":["Delirium","Strike_B","Looming Evil","Delirium","Replay:Hysterical Blindness","Strike_B","Strike_B+1"],"score":3264,"play_id":"51c7daa5-2144-41ac-bddb-d38308031260","local_time":"20210204012149","is_ascension_mode":true,"campfire_choices":[{"floor":10.0,"key":"RECALL"},{"data":"Pain","floor":15.0,"key":"PURGE"},{"data":"Apotheosis","floor":41.0,"key":"SMITH"},{"data":"Seek","floor":44.0,"key":"SMITH"},{"floor":51.0,"key":"DIG"}],"circlet_count":0,"master_deck":["AscendersBane","Strike_B+1","Defend_B","Defend_B","Defend_B","Defend_B","Zap","Dualcast","Apotheosis+1","Consume","Compile Driver","REME_FirmDetermination","REME_WheelOfFate","Core Surge","Seek+1","Skim","Defragment","Coolheaded","Electrodynamics","ReplayTheSpireMod:Faulty Equipment","Panic Button+1","Meteor Strike","Doubt","Languid","Languid","Heatsinks+1","Hallucinations","ReplayRNGCard","Parasite","ReplayTheSpireMod:Faulty Equipment","Hologram+1","Panic Button","Clumsy","Amnesia","aspiration:Polymerization","Aggregate","Regret","aspiration:Polymerization","Storm","ReplayTheSpireMod:GoodbyeWorld","ReplayUltimateDefense","ReplayTheSpireMod:IOU","Parasite","Pride","ReplayTheSpireMod:IOU","Overencumbered","REME_Compress+1"],"relics":["Cracked Core","REME_ComplimentaryCards","Ring of the Snake","ReplayTheSpireMod:Ring of Collecting","Ring of Greed","Membership Card","Tiny Chest","REME_CardOfGreed","FossilizedHelix","Replay:Wax Seal","Ring of Hypnosis","OrangePellets","Quantum Egg","Toolbox","Prayer Wheel","energizedSpire:OldTV","Ring of Peace","Meat on the Bone","MerchantsRug","ReplayTheSpireMod:Lightbulb","Replay:Frozen Program","Medical Kit","Happy Flower","Enchiridion","aspiration:EnhancedActuators","Ring of Shattering","Anchor","Replay:Bottled Flurry","CeramicFish","Ring of Misfortune","Ice Cream","Runic Capacitor","conspire:SpecialSausage","aspiration:SeaSaltIceCream","aspiration:Nostalgia","Burning Blood","DataDisk","aspiration:ChemicalBlood","Replay:Towering Pillar of Hats","StoneCalendar","Du-Vu Doll","REME_HandOfSuture","ReplayTheSpireMod:Ring of Addiction","SacredBark","Chameleon Ring","Replay:Baseball","Replay:Rubber Ducky","Prayer Wheel","ReplayFunnel","Divine Protection","Turnip","conspire:BottledYoYo","Lantern","Symbiotic Virus"],"acts_visited":["Exordium","TheCity","TheBeyond","TheEnding"],"potions_floor_usage":[57,57],"damage_taken":[{"damage":0.0,"enemies":"2 Louse","floor":1.0,"turns":2.0},{"damage":0.0,"enemies":"Jaw Worm","floor":2.0,"turns":4.0},{"damage":0.0,"enemies":"Gremlin Nob","floor":6.0,"turns":3.0},{"damage":0.0,"enemies":"Cultist","floor":7.0,"turns":2.0},{"damage":0.0,"enemies":"Lagavulin","floor":8.0,"turns":5.0},{"damage":10.0,"enemies":"Gremlin Gang","floor":11.0,"turns":3.0},{"damage":0.0,"enemies":"Gremlin Nob","floor":12.0,"turns":3.0},{"damage":9.0,"enemies":"2 Fungi Beasts","floor":14.0,"turns":3.0},{"damage":0.0,"enemies":"The Guardian","floor":16.0,"turns":8.0},{"damage":0.0,"enemies":"Chosen","floor":18.0,"turns":3.0},{"damage":12.0,"enemies":"3 Byrds","floor":19.0,"turns":3.0},{"damage":11.0,"enemies":"Book of Stabbing","floor":23.0,"turns":4.0},{"damage":0.0,"enemies":"Snake Plant","floor":25.0,"turns":3.0},{"damage":0.0,"enemies":"Gremlin Leader","floor":27.0,"turns":3.0},{"damage":0.0,"enemies":"Sentry and Sphere","floor":28.0,"turns":2.0},{"damage":0.0,"enemies":"3 Cultists","floor":29.0,"turns":3.0},{"damage":5.0,"enemies":"Book of Stabbing","floor":30.0,"turns":6.0},{"damage":0.0,"enemies":"Pondfish","floor":33.0,"turns":6.0},{"damage":0.0,"enemies":"Orb Walker","floor":35.0,"turns":2.0},{"damage":0.0,"enemies":"3 Darklings","floor":37.0,"turns":1.0},{"damage":0.0,"enemies":"conspire:MimicChest","floor":39.0,"turns":3.0},{"damage":0.0,"enemies":"R_Hoarder","floor":40.0,"turns":4.0},{"damage":0.0,"enemies":"Nemesis","floor":42.0,"turns":3.0},{"damage":0.0,"enemies":"Spire Growth","floor":45.0,"turns":2.0},{"damage":0.0,"enemies":"Maw","floor":46.0,"turns":3.0},{"damage":0.0,"enemies":"Reptomancer","floor":47.0,"turns":2.0},{"damage":0.0,"enemies":"3 Darklings","floor":48.0,"turns":1.0},{"damage":0.0,"enemies":"Donu and Deca","floor":52.0,"turns":3.0},{"damage":0.0,"enemies":"Shield and Spear","floor":56.0,"turns":1.0},{"damage":0,"enemies":"The Heart","floor":57,"turns":4}],"seed_played":"7784591699336070183","potions_obtained":[{"floor":7.0,"key":"Block Potion"},{"floor":12.0,"key":"Adrenaline Potion"},{"floor":19.0,"key":"Venom Potion"},{"floor":29.0,"key":"Milkshake"},{"floor":30.0,"key":"Reflective Coating"},{"floor":33.0,"key":"EntropicBrew"},{"floor":43.0,"key":"PowerPotion"},{"floor":43.0,"key":"DistilledChaos"},{"floor":46.0,"key":"Reflective Coating"},{"floor":47.0,"key":"ColorlessPotion"}],"is_trial":false,"path_per_floor":["M","M","?","?","$","E","M","E","T","R","M","E","$","M","R","B",null,"M","M","T","$","?","E","?","M","T","E","M","M","E","T","R","B",null,"M","$","M","$","?","E","R","E","T","R","M","M","E","M","PTL","PTL","R","B",null,"R","$","E","B",null],"character_chosen":"DEFECT","items_purchased":["BargainBundle","REME_FirmDetermination","REME_WheelOfFate","Core Surge","REME_CardOfGreed","LifebloodPotion","Milkshake","OrangePellets","Quantum Egg","Coolheaded","Toolbox","MerchantsRug","ReplayTheSpireMod:Lightbulb","Replay:Frozen Program","Medical Kit","Happy Flower","Runic Capacitor","aspiration:SeaSaltIceCream","Panic Button","DataDisk","ReplayFunnel","Divine Protection","ReplayUltimateDefense","Turnip","conspire:BottledYoYo","Lantern"],"campfire_rested":0,"item_purchase_floors":[5,5,5,5,5,5,5,13,13,13,13,21,21,21,21,21,32,38,38,38,54,54,54,55,55,55],"current_hp_per_floor":[68,68,57,57,57,57,57,75,75,75,65,65,65,56,56,56,70,70,58,58,58,42,43,85,85,85,85,85,85,80,80,80,85,85,85,85,85,85,85,85,85,85,85,85,85,85,85,85,85,83,83,83,81,81,81,79,79],"gold":76,"neow_bonus":"NOSTALGIA","is_daily":false,"chose_seed":false,"campfire_upgraded":2,"win_rate":0.0,"timestamp":1612372909,"path_taken":["M","M","?","?","?","E","M","E","T","R","?","E","$","?","R","BOSS","M","M","?","$","?","E","?","M","T","E","M","?","E","?","R","BOSS","M","$","M","$","?","E","R","E","T","R","M","M","E","M","PTL","PTL","R","BOSS","R","$","E","BOSS"],"items_purchased_type":["Relic","Card","Card","Card","Relic","Potion","Potion","Relic","Relic","Card","Relic","Relic","Relic","Relic","Relic","Relic","Relic","Relic","Card","Relic","Relic","Relic","Card","Relic","Relic","Relic"],"build_version":"2020-12-22","purchased_purges":7,"victory":true,"max_hp_per_floor":[75,75,75,75,75,75,75,75,75,75,75,75,75,75,75,75,75,75,75,75,75,75,75,85,85,85,85,85,85,85,85,85,85,85,85,85,85,85,85,85,85,85,85,85,85,85,85,85,85,83,83,83,81,81,81,79,79],"card_choices":[{"not_picked":["Cold Snap","BasicCrystalCard"],"picked":"Consume","floor":1.0},{"not_picked":["Static Discharge","Steam"],"picked":"Compile Driver","floor":2.0},{"not_picked":["Panic Button","Force Field"],"picked":"Seek","floor":6.0},{"not_picked":["Streamline","Conserve Battery","Beam Cell"],"picked":"SKIP","floor":7.0},{"not_picked":["REME_DataAnalysis","Stack"],"picked":"Skim","floor":8.0},{"not_picked":["Blizzard","Self Repair","Conserve Battery"],"picked":"SKIP","floor":11.0},{"not_picked":["Barrage","Coolheaded"],"picked":"Defragment","floor":12.0},{"not_picked":["conspire:Rain","Rebound","Auto Shields"],"picked":"SKIP","floor":14.0},{"not_picked":["Biased Cognition","ReplayTheSpireMod:Fabricate Wheel"],"picked":"Electrodynamics","floor":16.0},{"not_picked":["Sweeping Beam+1","Beam Cell+1"],"picked":"Panic Button+1","floor":18.0},{"not_picked":["Coolheaded","Consume","Cold Snap"],"picked":"SKIP","floor":18.0},{"not_picked":["Streamline","REME_Compress"],"picked":"Meteor Strike","floor":19.0},{"not_picked":["Rebound+1","Stack+1","Redo"],"picked":"SKIP","floor":19.0},{"not_picked":["Go for the Eyes","Compile Driver"],"picked":"Multi-Cast","floor":23.0},{"not_picked":["Double Energy","Redo","Coolheaded"],"picked":"SKIP","floor":25.0},{"not_picked":["Hello World","Ball Lightning","Stack"],"picked":"SKIP","floor":25.0},{"not_picked":["Redo","conspire:SharedLibrary","Turbo"],"picked":"SKIP","floor":27.0},{"not_picked":["ReplayTheSpireMod:Reroute Power","FTL","Reinforced Body"],"picked":"SKIP","floor":28.0},{"not_picked":["ReplaySort","Time Bomb","Gash"],"picked":"SKIP","floor":28.0},{"not_picked":["Streamline","Panic Button","FTL"],"picked":"SKIP","floor":29.0},{"not_picked":["Steam+1","Cold Snap","Sweeping Beam"],"picked":"SKIP","floor":29.0},{"not_picked":["Conserve Battery","Coolheaded"],"picked":"Heatsinks+1","floor":30.0},{"not_picked":["Electrodynamics","Meteor Strike"],"picked":"ReplayRNGCard","floor":33.0},{"not_picked":["Barrage","Heatsinks","Panic Button"],"picked":"SKIP","floor":35.0},{"not_picked":["Scrape","BasicCrystalCard","ReplayTheSpireMod:Calculation Training+1"],"picked":"SKIP","floor":35.0},{"not_picked":["BasicCrystalCard","Panic Button"],"picked":"Hologram+1","floor":37.0},{"not_picked":["Hello World+1","Compile Driver","Ball Lightning"],"picked":"SKIP","floor":37.0},{"not_picked":["Cold Snap","All For One","Go for the Eyes"],"picked":"SKIP","floor":40.0},{"not_picked":["Hello World","Panic Button","Core Surge"],"picked":"SKIP","floor":42.0},{"not_picked":["Consume","Hello World"],"picked":"aspiration:Polymerization","floor":45.0},{"not_picked":["Go for the Eyes","Barrage","Darkness"],"picked":"SKIP","floor":45.0},{"not_picked":["Cold Snap","Go for the Eyes"],"picked":"Aggregate","floor":46.0},{"not_picked":["Cold Snap","Static Discharge+1","Rebound+1"],"picked":"SKIP","floor":46.0},{"not_picked":["ReplayGash","ReplayTheSpireMod:Omega Cannon"],"picked":"aspiration:Polymerization","floor":47.0},{"not_picked":["Defragment","Stack"],"picked":"Storm","floor":48.0},{"not_picked":["Glacier","Redo+1"],"picked":"ReplayTheSpireMod:GoodbyeWorld","floor":48.0},{"not_picked":["ReplaySort","Cold Snap"],"picked":"REME_Compress+1","floor":56.0}],"player_experience":766820,"relics_obtained":[{"floor":4.0,"key":"ReplayTheSpireMod:Ring of Collecting"},{"floor":4.0,"key":"Ring of Greed"},{"floor":4.0,"key":"Membership Card"},{"floor":4.0,"key":"Tiny Chest"},{"floor":6.0,"key":"FossilizedHelix"},{"floor":8.0,"key":"Replay:Wax Seal"},{"floor":9.0,"key":"Ring of Hypnosis"},{"floor":12.0,"key":"StrikeDummy"},{"floor":20.0,"key":"Ring of Peace"},{"floor":20.0,"key":"Meat on the Bone"},{"floor":22.0,"key":"Enchiridion"},{"floor":23.0,"key":"aspiration:EnhancedActuators"},{"floor":26.0,"key":"Ring of Shattering"},{"floor":26.0,"key":"Anchor"},{"floor":27.0,"key":"Replay:Bottled Flurry"},{"floor":30.0,"key":"CeramicFish"},{"floor":31.0,"key":"Ring of Misfortune"},{"floor":31.0,"key":"Ice Cream"},{"floor":39.0,"key":"Replay:Towering Pillar of Hats"},{"floor":40.0,"key":"StoneCalendar"},{"floor":42.0,"key":"Du-Vu Doll"},{"floor":43.0,"key":"REME_HandOfSuture"},{"floor":43.0,"key":"ReplayTheSpireMod:Ring of Addiction"},{"floor":43.0,"key":"SacredBark"},{"floor":43.0,"key":"Chameleon Ring"},{"floor":47.0,"key":"Replay:Baseball"},{"floor":51.0,"key":"Replay:Rubber Ducky"},{"floor":56.0,"key":"Symbiotic Virus"}],"event_choices":[{"damage_healed":0.0,"max_hp_gain":0.0,"max_hp_loss":0.0,"gold_gain":75.0,"event_name":"World of Goop","player_choice":"Gather Gold","floor":3.0,"gold_loss":0.0,"damage_taken":11.0},{"damage_healed":0.0,"max_hp_gain":0.0,"max_hp_loss":0.0,"gold_gain":0.0,"event_name":"Cursed Tome","player_choice":"Obtained Book","floor":22.0,"gold_loss":0.0,"damage_taken":16.0},{"cards_removed":["Multi-Cast"],"damage_healed":32.0,"max_hp_gain":10.0,"max_hp_loss":0.0,"gold_gain":0.0,"event_name":"Bonfire Elementals","player_choice":"Offered Rare","floor":24.0,"gold_loss":0.0,"damage_taken":0.0}],"is_beta":false,"boss_relics":[{"not_picked":["SacredBark","Runic Dome"],"picked":"energizedSpire:OldTV"},{"not_picked":["REME_DuelDisc","Replay:Wanted Poster"],"picked":"conspire:SpecialSausage"}],"items_purged_floors":[5,5,32,36,38,54,54],"is_endless":false,"potions_floor_spawned":[7,12,14,19,29,30,33,37,42,45,46,47,48],"ascension_level":13}}