{"host":"9d9dhukr2jywmy0f","time":1612371842,"event":{"mods":["2.2 Compatiblity","Alarm Clock","BaseMod","Bestiary","Block Reminder","Colored Map","Colored Powertips","Curses Come First","DeckTracker","Energized Spire","Highlight Path","Key Reminder","Minty Spire (QoL Compilation)","Quick Restart","Rare Cards Sparkle","Relic Sorter","Relic Stats","Reliquary","Spire Birthday Party","StSLib","SuperFastMode","Synergy Search","Unceasing Turn Reminder","Unknown Chances"],"gold_per_floor":[114,114,114,126,126,126,159,5,29,29,61,71,101,117,117,195,195,212,231,231,47,61,61,81,1,28,28,43,43,143,143,143,215,215,225,13,13,13,30,30,61,72,72,105,456,489,153,173,173,173,173,173,173,2,31,31],"floor_reached":57,"language":"ZHS","playtime":3725,"items_purged":["Defend_P","Defend_P","Defend_P","Defend_P+1"],"score":2987,"play_id":"acffa6c6-3a6a-4ddd-b060-e74df7d0a3a9","local_time":"20210204010402","is_ascension_mode":true,"campfire_choices":[{"data":"FlurryOfBlows","floor":6.0,"key":"SMITH"},{"data":"Wallop","floor":10.0,"key":"SMITH"},{"data":"BowlingBash","floor":15.0,"key":"SMITH"},{"floor":23.0,"key":"REST"},{"data":"1","floor":27.0,"key":"LIFT"},{"data":"2","floor":29.0,"key":"LIFT"},{"data":"3","floor":32.0,"key":"LIFT"},{"floor":40.0,"key":"RECALL"},{"floor":49.0,"key":"REST"},{"floor":53.0,"key":"REST"}],"circlet_count":0,"master_deck":["AscendersBane","Strike_P+1","Strike_P+1","Strike_P+1","Eruption+1","EmptyMind+1","FlurryOfBlows+1","FearNoEvil+1","Wallop+1","Indignation+1","BowlingBash+1","LessonLearned+1","FearNoEvil+1","Wallop+1","InnerPeace+1","MentalFortress+1","Halt+1","MentalFortress+1","Omniscience+1","InnerPeace+1","Crescendo+1","Omniscience+1","ClearTheMind+1","DeusExMachina+1","Thinking Ahead+1"],"relics":["PureWater","NeowsBlessing","Girya","Letter Opener","Fusion Hammer","reliquary:TatteredRug","Bird Faced Urn","Toxic Egg 2","reliquary:RedPaperclip","reliquary:ExpiredCoupon","Dead Branch","Damaru","Old Coin","Sundial","ClockworkSouvenir","Mercury Hourglass"],"acts_visited":["Exordium","TheCity","TheBeyond","TheEnding"],"potions_floor_usage":[56,56],"damage_taken":[{"damage":0.0,"enemies":"Jaw Worm","floor":1.0,"turns":1.0},{"damage":0.0,"enemies":"2 Louse","floor":4.0,"turns":1.0},{"damage":0.0,"enemies":"3 Sentries","floor":7.0,"turns":1.0},{"damage":3.0,"enemies":"Lagavulin","floor":11.0,"turns":4.0},{"damage":0.0,"enemies":"Cultist","floor":12.0,"turns":2.0},{"damage":15.0,"enemies":"3 Sentries","floor":13.0,"turns":4.0},{"damage":1.0,"enemies":"2 Fungi Beasts","floor":14.0,"turns":3.0},{"damage":20.0,"enemies":"The Guardian","floor":16.0,"turns":5.0},{"damage":6.0,"enemies":"Spheric Guardian","floor":18.0,"turns":3.0},{"damage":3.0,"enemies":"Shell Parasite","floor":19.0,"turns":2.0},{"damage":27.0,"enemies":"Snecko","floor":22.0,"turns":4.0},{"damage":0.0,"enemies":"Sentry and Sphere","floor":24.0,"turns":2.0},{"damage":0.0,"enemies":"Chosen and Byrds","floor":28.0,"turns":3.0},{"damage":8.0,"enemies":"Colosseum Slavers","floor":30.0,"turns":4.0},{"damage":6.0,"enemies":"Colosseum Nobs","floor":30.0,"turns":6.0},{"damage":0.0,"enemies":"Champ","floor":33.0,"turns":6.0},{"damage":0.0,"enemies":"Orb Walker","floor":35.0,"turns":1.0},{"damage":0.0,"enemies":"3 Shapes","floor":39.0,"turns":7.0},{"damage":0.0,"enemies":"Nemesis","floor":41.0,"turns":5.0},{"damage":0.0,"enemies":"Sphere and 2 Shapes","floor":42.0,"turns":2.0},{"damage":0.0,"enemies":"Reptomancer","floor":44.0,"turns":6.0},{"damage":0.0,"enemies":"2 Orb Walkers","floor":45.0,"turns":2.0},{"damage":0.0,"enemies":"Nemesis","floor":46.0,"turns":5.0},{"damage":0.0,"enemies":"3 Darklings","floor":48.0,"turns":1.0},{"damage":28.0,"enemies":"Time Eater","floor":50.0,"turns":8.0},{"damage":10.0,"enemies":"Awakened One","floor":51.0,"turns":8.0},{"damage":0,"enemies":"Shield and Spear","floor":55,"turns":2},{"damage":20,"enemies":"The Heart","floor":56,"turns":7}],"seed_played":"-7257003619772852525","potions_obtained":[{"floor":1.0,"key":"Strength Potion"},{"floor":4.0,"key":"Energy Potion"},{"floor":22.0,"key":"Swift Potion"},{"floor":28.0,"key":"Swift Potion"},{"floor":33.0,"key":"SkillPotion"},{"floor":41.0,"key":"Fire Potion"},{"floor":42.0,"key":"GamblersBrew"},{"floor":44.0,"key":"StancePotion"}],"is_trial":false,"path_per_floor":["M","?","?","M","?","R","E","$","T","R","E","M","E","M","R","B",null,"M","M","?","$","M","R","M","$","T","R","M","R","?","?","R","B",null,"M","$","?","?","M","R","E","M","T","E","?","E","$","M","R","B","B",null,"R","$","E","B",null],"character_chosen":"WATCHER","items_purchased":["Wallop","Wallop","MentalFortress","InnerPeace+1","Thinking Ahead+1","ClockworkSouvenir"],"campfire_rested":3,"item_purchase_floors":[8,21,25,36,47,54],"current_hp_per_floor":[61,41,41,41,41,41,41,41,41,41,38,38,23,22,22,2,52,46,43,43,43,16,36,36,36,36,36,36,36,22,22,22,26,58,58,58,58,58,64,64,68,68,68,68,68,68,68,68,68,44,50,64,68,68,68,64],"gold":31,"neow_bonus":"THREE_ENEMY_KILL","is_daily":false,"chose_seed":false,"campfire_upgraded":3,"win_rate":0.0,"timestamp":1612371842,"path_taken":["M","?","?","M","?","R","E","$","T","R","E","?","E","M","R","BOSS","M","M","?","?","M","R","?","$","T","R","M","R","?","?","R","BOSS","M","$","?","?","?","R","E","M","T","E","?","E","$","M","R","BOSS","BOSS","R","$","E","BOSS"],"items_purchased_type":["Card","Card","Card","Card","Card","Relic"],"build_version":"2020-12-22","purchased_purges":4,"victory":true,"max_hp_per_floor":[68,68,68,68,68,68,68,68,68,68,68,68,68,68,68,68,68,68,68,68,68,68,68,68,68,68,68,68,68,68,68,68,68,68,68,68,68,68,68,68,68,68,68,68,68,68,68,68,68,68,68,68,68,68,68,68],"relic_stats":{"counters":[28,105],"Sundial":[4],"Bird Faced Urn":[50],"Dead Branch":[82],"Letter Opener":[262],"obtain_stats":[{"Girya":11,"NeowsBlessing":0,"Dead Branch":43,"Damaru":44,"reliquary:TatteredRug":20,"Letter Opener":13,"reliquary:RosewoodLute":7,"Orichalcum":26,"Old Coin":45,"ClockworkSouvenir":54,"Mercury Hourglass":55,"keyreminder:keyreminder":7,"reliquary:ExpiredCoupon":41,"reliquary:RedPaperclip":34,"Sundial":46,"Bird Faced Urn":30,"Fusion Hammer":17,"PureWater":0,"Toxic Egg 2":30},{"Girya":4,"NeowsBlessing":0,"Dead Branch":20,"Damaru":21,"reliquary:TatteredRug":10,"Letter Opener":6,"reliquary:RosewoodLute":3,"Orichalcum":12,"Old Coin":22,"ClockworkSouvenir":26,"Mercury Hourglass":27,"keyreminder:keyreminder":3,"reliquary:ExpiredCoupon":19,"reliquary:RedPaperclip":16,"Sundial":23,"Bird Faced Urn":15,"Fusion Hammer":8,"PureWater":0,"Toxic Egg 2":15},{"Girya":7,"NeowsBlessing":0,"Dead Branch":66,"Damaru":72,"reliquary:TatteredRug":26,"Letter Opener":13,"reliquary:RosewoodLute":3,"Orichalcum":32,"Old Coin":74,"ClockworkSouvenir":96,"Mercury Hourglass":98,"keyreminder:keyreminder":3,"reliquary:ExpiredCoupon":64,"reliquary:RedPaperclip":51,"Sundial":79,"Bird Faced Urn":45,"Fusion Hammer":21,"PureWater":0,"Toxic Egg 2":45}],"Mercury Hourglass":[21]},"card_choices":[{"not_picked":["FlyingSleeves","WindmillStrike"],"picked":"EmptyMind","floor":1.0},{"not_picked":["Evaluate","ThirdEye"],"picked":"FlurryOfBlows","floor":4.0},{"not_picked":["Meditate","FlyingSleeves"],"picked":"FearNoEvil","floor":7.0},{"not_picked":["Halt","ConjureBlade"],"picked":"Indignation","floor":11.0},{"not_picked":["CrushJoints","Consecrate"],"picked":"FlurryOfBlows","floor":12.0},{"not_picked":["Nirvana","Indignation"],"picked":"BowlingBash","floor":13.0},{"not_picked":["Protect","DeceiveReality","JustLucky"],"picked":"SKIP","floor":14.0},{"not_picked":["DevaForm","Vault"],"picked":"LessonLearned","floor":16.0},{"not_picked":["Nirvana","EmptyFist","Indignation"],"picked":"SKIP","floor":18.0},{"not_picked":["Meditate","Evaluate"],"picked":"FearNoEvil+1","floor":19.0},{"not_picked":["CrushJoints","BowlingBash","SashWhip"],"picked":"SKIP","floor":22.0},{"not_picked":["Perseverance","LikeWater"],"picked":"InnerPeace","floor":24.0},{"not_picked":["EmptyFist","JustLucky","Halt"],"picked":"SKIP","floor":28.0},{"not_picked":["WheelKick","Wallop"],"picked":"Halt+1","floor":30.0},{"not_picked":["Brilliance","Alpha+1"],"picked":"Omniscience+1","floor":33.0},{"not_picked":["EmptyBody+1","Protect+1","FollowUp+1"],"picked":"SKIP","floor":35.0},{"not_picked":["ReachHeaven","BowlingBash"],"picked":"Crescendo+1","floor":39.0},{"not_picked":["Protect+1","FlyingSleeves"],"picked":"Omniscience+1","floor":41.0},{"not_picked":["Halt+1","Meditate+1","Collect+1"],"picked":"SKIP","floor":42.0},{"not_picked":["Study","FlurryOfBlows+1"],"picked":"ClearTheMind+1","floor":44.0},{"not_picked":["Nirvana+1","Protect+1"],"picked":"DeusExMachina+1","floor":46.0},{"not_picked":["Consecrate","FollowUp+1","Crescendo+1"],"picked":"SKIP","floor":48.0},{"not_picked":["ForeignInfluence+1","BowlingBash","ReachHeaven"],"picked":"SKIP","floor":55}],"player_experience":878420,"relics_obtained":[{"floor":7.0,"key":"reliquary:RosewoodLute"},{"floor":11.0,"key":"Girya"},{"floor":13.0,"key":"Letter Opener"},{"floor":26.0,"key":"Orichalcum"},{"floor":30.0,"key":"Bird Faced Urn"},{"floor":30.0,"key":"Toxic Egg 2"},{"floor":41.0,"key":"reliquary:ExpiredCoupon"},{"floor":43.0,"key":"Dead Branch"},{"floor":44.0,"key":"Damaru"},{"floor":45.0,"key":"Old Coin"},{"floor":46.0,"key":"Sundial"},{"floor":55,"key":"Mercury Hourglass"}],"event_choices":[{"damage_healed":0.0,"max_hp_gain":0.0,"max_hp_loss":0.0,"gold_gain":0.0,"event_name":"Shining Light","player_choice":"Entered Light","floor":2.0,"gold_loss":0.0,"damage_taken":20.0,"cards_upgraded":["EmptyMind","Strike_P"]},{"damage_healed":0.0,"max_hp_gain":0.0,"max_hp_loss":0.0,"gold_gain":0.0,"event_name":"Liars Game","player_choice":"Ignored","floor":3.0,"gold_loss":0.0,"damage_taken":0.0},{"damage_healed":0.0,"max_hp_gain":0.0,"max_hp_loss":0.0,"gold_gain":0.0,"event_name":"Upgrade Shrine","player_choice":"Upgraded","floor":5.0,"gold_loss":0.0,"damage_taken":0.0,"cards_upgraded":["Eruption"]},{"cards_removed":["FlurryOfBlows"],"damage_healed":0.0,"max_hp_gain":0.0,"max_hp_loss":0.0,"gold_gain":0.0,"event_name":"WeMeetAgain","player_choice":"Gave Card","floor":20.0,"gold_loss":0.0,"damage_taken":0.0,"relics_obtained":["reliquary:TatteredRug"]},{"damage_healed":0.0,"max_hp_gain":0.0,"max_hp_loss":0.0,"gold_gain":0.0,"event_name":"Colosseum","player_choice":"Fight","floor":30.0,"gold_loss":0.0,"damage_taken":0.0},{"damage_healed":0.0,"max_hp_gain":0.0,"max_hp_loss":0.0,"gold_gain":0.0,"event_name":"Colosseum","player_choice":"Fought Nobs","floor":30.0,"gold_loss":0.0,"damage_taken":0.0},{"damage_healed":0.0,"max_hp_gain":0.0,"max_hp_loss":0.0,"gold_gain":0.0,"event_name":"The Library","player_choice":"Read","floor":31.0,"gold_loss":0.0,"damage_taken":0.0,"cards_obtained":["MentalFortress"]},{"cards_removed":["Vigilance"],"damage_healed":0.0,"max_hp_gain":0.0,"max_hp_loss":0.0,"gold_gain":0.0,"event_name":"Falling","player_choice":"Removed Skill","floor":37.0,"gold_loss":0.0,"damage_taken":0.0},{"cards_removed":["Strike_P"],"damage_healed":0.0,"max_hp_gain":0.0,"max_hp_loss":0.0,"gold_gain":0.0,"event_name":"Purifier","player_choice":"Purged","floor":38.0,"gold_loss":0.0,"damage_taken":0.0},{"damage_healed":0.0,"max_hp_gain":0.0,"max_hp_loss":0.0,"gold_gain":0.0,"event_name":"Mysterious Sphere","player_choice":"Fight","floor":45.0,"gold_loss":0.0,"damage_taken":0.0}],"is_beta":false,"boss_relics":[{"not_picked":["SlaversCollar","reliquary:KinkedSpring"],"picked":"Fusion Hammer"},{"not_picked":["energizedSpire:DeadBattery","energizedSpire:SpiderWeb"],"picked":"reliquary:RedPaperclip"}],"items_purged_floors":[8,21,36,47],"is_endless":false,"potions_floor_spawned":[1,4,12,22,28,30,33,41,42,44,46,55],"ascension_level":20}}