{"host":"4evnc443c98ww2zl","time":1612395701,"event":{"mods":["BaseMod","Better Third Choice","Hermit","Koishi","Luminous","Minty Spire (QoL Compilation)","Remilia??????","Robot Space Explorer","StSLib","The Administrix","The Bug Knight","The Cursed","TheSwordswoman"],"gold_per_floor":[117,137,152,152,165,196,196,196,196,196,221,252,252,287,287,418,418,431,140,440,0,25,25,64,64,88,126,126,169,193,193,193,313,313,328,328,253,253,277,312,336,376,376,392,392,426,426,449,449,449,449,449,165,206,206,206],"floor_reached":55,"language":"ENG","playtime":4605,"items_purged":["Greed_TH"],"score":1006,"play_id":"8b3ad423-7d0c-4ade-90fb-c1a4fa7059f0","local_time":"20210203174141","daily_mods":["SealedDeck","Diverse","Colorless Cards","Heirloom","DeadlyEvents","Elite Swarm"],"is_ascension_mode":false,"campfire_choices":[{"floor":7,"key":"RECALL"},{"data":"Injury","floor":10,"key":"PURGE"},{"floor":13,"key":"REST"},{"floor":15,"key":"REST"},{"data":"Deadly Poison","floor":23,"key":"SMITH"},{"floor":28,"key":"REST"},{"data":"TheCursedMod:AntiAging","floor":32,"key":"SMITH"},{"data":"Seek","floor":45,"key":"SMITH"},{"data":"RobotSpaceExplorer:StarLightning","floor":47,"key":"SMITH"},{"floor":49,"key":"REST"},{"data":"Deadly Poison","floor":52,"key":"SMITH"}],"circlet_count":0,"master_deck":["hermit:PistolWhip","AdministrixMod:PassageOfAges","Backflip","Luminous:Concentrate_Luminous","TheCursedMod:WearCloak","EmptyBody","AdministrixMod:PlateOfAntiquity+1","RobotSpaceExplorer:MetalStrike","Dagger Spray","HollowMod:CycloneSlash","Deadly Poison+1","Limit Break+1","TheCursedMod:DemonSword","Venomology","VampireKiss+1","hermit:Headshot+1","Dramatic Entrance+1","RobotSpaceExplorer:MiniDrones+1","Sweeping Beam","TheCursedMod:AntiAging+1","Glass Knife","HollowMod:SlysStrikes","TheCursedMod:SmokeScreen","RobotSpaceExplorer:StarLightning+1","Seek+1","MillenniumVampire","Deflect","Stigmanizer","Corruption+1","AdministrixMod:CenturiesAscent","TheCursedMod:DemonSword+1","TheCursedMod:SmokeScreen+1","hermit:Feint+1","Deadly Poison+1","Finesse+1"],"relics":["AdministrixMod:ConductorRitualBaton","Peace Pipe","AntiCross","Du-Vu Doll","Golden Idol","Prayer Wheel","Anchor","HollowMod:StagPassRelic","Bronze Scales","Membership Card","Blood Vial","Letter Opener","Gremlin Horn","Smiling Mask","Toy Ornithopter","Bottled Lightning","Nunchaku","Pear","Frozen Egg 2","Pantograph","Potion Belt","Orichalcum","Whetstone","Strange Spoon","Bottled Flame"],"acts_visited":["Exordium","TheCity","TheBeyond","TheEnding"],"potions_floor_usage":[11,12,12,24,24,33,33,40,40,41,42,42,44,48,50,50,54,54,55,55,55,55],"damage_taken":[{"damage":0,"enemies":"Cultist","floor":1,"turns":2},{"damage":6,"enemies":"2 Louse","floor":2,"turns":2},{"damage":0,"enemies":"Small Slimes","floor":3,"turns":2},{"damage":0,"enemies":"3 Louse","floor":5,"turns":2},{"damage":5,"enemies":"Gremlin Nob","floor":6,"turns":3},{"damage":7,"enemies":"Exordium Thugs","floor":11,"turns":2},{"damage":6,"enemies":"3 Sentries","floor":12,"turns":2},{"damage":18,"enemies":"Lagavulin","floor":14,"turns":4},{"damage":5,"enemies":"Hexaghost","floor":16,"turns":7},{"damage":2,"enemies":"Chosen","floor":18,"turns":3},{"damage":1,"enemies":"Spheric Guardian","floor":22,"turns":3},{"damage":26,"enemies":"Slavers","floor":24,"turns":2},{"damage":5,"enemies":"Gremlin Leader","floor":27,"turns":3},{"damage":1,"enemies":"Slavers","floor":29,"turns":2},{"damage":4,"enemies":"Cultist and Chosen","floor":30,"turns":4},{"damage":8,"enemies":"Collector","floor":33,"turns":4},{"damage":16,"enemies":"3 Darklings","floor":35,"turns":3},{"damage":7,"enemies":"3 Shapes","floor":39,"turns":2},{"damage":40,"enemies":"Nemesis","floor":40,"turns":7},{"damage":21,"enemies":"3 Darklings","floor":41,"turns":3},{"damage":3,"enemies":"Reptomancer","floor":42,"turns":4},{"damage":0,"enemies":"Jaw Worm Horde","floor":44,"turns":2},{"damage":7,"enemies":"HollowMod:StalkingDevout","floor":46,"turns":4},{"damage":17,"enemies":"Spire Growth","floor":48,"turns":4},{"damage":65,"enemies":"Awakened One","floor":50,"turns":9},{"damage":27,"enemies":"Shield and Spear","floor":54,"turns":6},{"damage":133,"enemies":"The Heart","floor":55,"turns":8}],"seed_played":"3283338595254512344","potions_obtained":[{"floor":1,"key":"SteroidPotion"},{"floor":6,"key":"AttackPotion"},{"floor":11,"key":"Swift Potion"},{"floor":14,"key":"SkillPotion"},{"floor":27,"key":"DuplicationPotion"},{"floor":33,"key":"GamblersBrew"},{"floor":35,"key":"SteroidPotion"},{"floor":40,"key":"SkillPotion"},{"floor":41,"key":"SteroidPotion"},{"floor":42,"key":"AttackPotion"},{"floor":46,"key":"Dexterity Potion"},{"floor":54,"key":"ColorlessPotion"}],"is_trial":true,"path_per_floor":["M","M","M","?","M","E","R","?","T","R","M","E","R","E","R","B",null,"M","$","?","$","M","R","E","?","T","E","R","E","M","T","R","B",null,"M","?","$","T","M","E","M","E","T","M","R","E","R","M","R","B",null,"R","$","E","B"],"character_chosen":"TheAdministrix","items_purchased":["Bronze Scales","Dramatic Entrance","RobotSpaceExplorer:MiniDrones","Membership Card","Blood Vial","Letter Opener","Nunchaku","Finesse","Whetstone","Strange Spoon","Regen Potion","SteroidPotion","SkillPotion"],"campfire_rested":4,"item_purchase_floors":[19,19,19,21,21,21,37,53,53,53,53,53,53],"current_hp_per_floor":[65,59,59,43,43,38,38,38,38,38,31,25,44,26,45,96,121,119,119,119,99,100,100,76,51,51,55,93,94,94,94,94,124,133,121,121,121,131,129,114,103,120,120,130,130,139,139,132,167,148,170,170,170,169,54,54],"gold":206,"neow_bonus":"","is_daily":false,"chose_seed":false,"campfire_upgraded":5,"win_rate":0.0,"timestamp":1612395701,"path_taken":["M","M","M","?","M","E","R","?","T","R","M","E","R","E","R","BOSS","M","$","?","$","M","R","E","?","T","E","R","E","M","?","R","BOSS","M","?","$","?","?","E","M","E","T","?","R","E","R","M","R","BOSS","R","$","E","BOSS"],"items_purchased_type":["Relic","Card","Card","Relic","Relic","Relic","Relic","Card","Relic","Relic","Potion","Potion","Potion"],"build_version":"2020-12-22","purchased_purges":1,"victory":false,"max_hp_per_floor":[65,65,65,65,65,65,65,65,65,65,65,65,65,65,65,121,121,121,121,121,121,121,121,121,126,126,128,128,128,130,130,130,133,133,136,136,136,146,149,152,155,158,158,161,161,164,164,167,167,170,170,170,170,173,179,179],"card_choices":[{"not_picked":["HollowMod:InfectedAttack","Crippling Poison","Outmaneuver"],"picked":"SKIP","floor":1},{"not_picked":["blazmod:CastAwayDew","RobotSpaceExplorer:SurgingShield","hermit:HighCaliber"],"picked":"SKIP","floor":2},{"not_picked":["Koishi:PhantomBarrier","blazmod:ClearTheMind"],"picked":"Deadly Poison","floor":3},{"not_picked":["Indignation","HollowMod:QuirrelsAssistance","Choke"],"picked":"SKIP","floor":5},{"not_picked":["Reboot","HollowMod:SoulMaster"],"picked":"TheCursedMod:DemonSword","floor":6},{"not_picked":["hermit:Desperado","HollowMod:HeavyBlow","blazmod:StanceChange"],"picked":"SKIP","floor":11},{"not_picked":["Koishi:BloodcurdlingScream","Koishi:HeartfeltFancy","Koishi:UnseenTerror"],"picked":"SKIP","floor":11},{"not_picked":["HollowMod:SoulMaster","TheCursedMod:ForbiddenAlchemy"],"picked":"Echo Form","floor":12},{"not_picked":["blazmod:ButterflyForm","blazmod:HoumatsuMugenKochouji"],"picked":"blazmod:CrescentMoon","floor":14},{"not_picked":["Koishi:RoseHell","Berserk"],"picked":"Venomology","floor":16},{"not_picked":["RobotSpaceExplorer:ShovelStrike","Dagger Throw"],"picked":"VampireKiss+1","floor":18},{"not_picked":["HollowMod:MonomonsArchive+1","hermit:TakeAim"],"picked":"hermit:Headshot+1","floor":18},{"not_picked":["HollowMod:SiblingsSouls","RobotSpaceExplorer:SwiftStep"],"picked":"Sweeping Beam","floor":22},{"not_picked":["blazmod:PhysicalEndurance","blazmod:Trasient","ScarletMeister"],"picked":"SKIP","floor":22},{"not_picked":["blazmod:OneWithNature","Chrysalis"],"picked":"TheCursedMod:AntiAging","floor":24},{"not_picked":["HollowMod:RadiancesLament","Night Terror"],"picked":"Glass Knife","floor":27},{"not_picked":["TheCursedMod:StunningStrike","HollowMod:WhiteLadysBlessing"],"picked":"HollowMod:SlysStrikes","floor":29},{"not_picked":["hermit:DeadMansHand","blazmod:FortifiedVigor"],"picked":"TheCursedMod:SmokeScreen","floor":30},{"not_picked":["RobotSpaceExplorer:Blitz","hermit:ItchyTrigger"],"picked":"RobotSpaceExplorer:StarLightning","floor":30},{"not_picked":["Luminous:Lania_Blessing_Luminous","Night Terror"],"picked":"Seek","floor":33},{"not_picked":["Koishi:UnseenTerror","blazmod:Crosscut+1"],"picked":"MillenniumVampire","floor":35},{"not_picked":["TheCursedMod:Stretching","PiercingWail+1"],"picked":"Deflect","floor":35},{"not_picked":["Koishi:Untouchable+1","StarOfDavid"],"picked":"Stigmanizer","floor":39},{"not_picked":["AdministrixMod:SyncreticPlunge","HollowMod:DungDefenderAura","blazmod:RevolvingPhoenix"],"picked":"SKIP","floor":39},{"not_picked":["Thinking Ahead","hermit:Dissolve"],"picked":"Corruption+1","floor":40},{"not_picked":["HollowMod:TaintedHusks+1","HollowMod:WraithStrike+1"],"picked":"AdministrixMod:CenturiesAscent","floor":41},{"not_picked":["RobotSpaceExplorer:ImprovisedAttack+1","AfternoonTea","Koishi:EmbryosDream"],"picked":"SKIP","floor":41},{"not_picked":["Judgement","Vault"],"picked":"TheCursedMod:DemonSword","floor":42},{"not_picked":["RobotSpaceExplorer:DoubleBlock","RobotSpaceExplorer:FranticSearch+1"],"picked":"TheCursedMod:SmokeScreen+1","floor":44},{"not_picked":["ScarletDevil","FavorOfDestiny","Koishi:Prune+1"],"picked":"SKIP","floor":44},{"not_picked":["Vault","Impervious","LessonLearned"],"picked":"SKIP","floor":46},{"not_picked":["HollowMod:MonomonsArchive","Luminous:Accumulation_Luminous+1"],"picked":"hermit:Feint+1","floor":48},{"not_picked":["RobotSpaceExplorer:ImprovisedAttack+1","Warcry+1"],"picked":"Deadly Poison","floor":48},{"not_picked":["blazmod:VisionsOfButterflies","HollowMod:LordofShades+1","AdministrixMod:Schism"],"picked":"SKIP","floor":54}],"player_experience":1198450,"relics_obtained":[{"floor":6,"key":"Du-Vu Doll"},{"floor":9,"key":"Prayer Wheel"},{"floor":12,"key":"Anchor"},{"floor":14,"key":"HollowMod:StagPassRelic"},{"floor":24,"key":"Gremlin Horn"},{"floor":27,"key":"Smiling Mask"},{"floor":29,"key":"Toy Ornithopter"},{"floor":31,"key":"Bottled Lightning"},{"floor":38,"key":"Pear"},{"floor":40,"key":"Frozen Egg 2"},{"floor":42,"key":"Pantograph"},{"floor":43,"key":"Potion Belt"},{"floor":46,"key":"Orichalcum"},{"floor":54,"key":"Bottled Flame"}],"event_choices":[{"damage_healed":0,"gold_gain":0,"player_choice":"Take Wound","damage_taken":0,"relics_obtained":["Golden Idol"],"max_hp_gain":0,"max_hp_loss":0,"event_name":"Golden Idol","floor":8,"gold_loss":0,"cards_obtained":["Injury"]},{"damage_healed":0,"gold_gain":0,"player_choice":"Shed Blood","damage_taken":30,"max_hp_gain":5,"max_hp_loss":0,"event_name":"Forgotten Altar","floor":25,"gold_loss":0},{"cards_removed":["Echo Form"],"damage_healed":0,"gold_gain":0,"player_choice":"Removed Power","damage_taken":0,"max_hp_gain":0,"max_hp_loss":0,"event_name":"Falling","floor":36,"gold_loss":0}],"is_beta":false,"boss_relics":[{"not_picked":["Astrolabe","Velvet Choker","AdministrixMod:BloodSoakedVeil"]},{"not_picked":["Runic Dome","Tiny House","Philosopher\u0027s Stone"]}],"items_purged_floors":[21],"is_endless":false,"potions_floor_spawned":[1,6,11,14,27,33,35,40,41,42,46,54],"killed_by":"The Heart","ascension_level":0}}