{"host":"fj5i6t4nkss7815d","time":1612320086,"event":{"mods":["AchievementEnabler","BaseMod","Minty Spire (QoL Compilation)","Quick Restart","Relic Stats"],"gold_per_floor":[119,44,56,72,72,107,107,136,162,162,0,15,90,107,107,181,181,201,251,27,41,41,41,74,24,48,82,82,115,135,135,135,210,210,224,224,224,13,40,40,74,88,88,117,129,169,92,105,105,105,105,105],"floor_reached":51,"language":"ENG","playtime":5718,"items_purged":["Parasite","Strike_P","Strike_P","Strike_P"],"score":1688,"play_id":"98126568-4d73-4bd3-884a-9c4dd4a8350a","local_time":"20210202184126","is_ascension_mode":true,"campfire_choices":[{"floor":7.0,"key":"REST"},{"data":"Eruption","floor":10.0,"key":"SMITH"},{"floor":15.0,"key":"REST"},{"floor":23.0,"key":"REST"},{"floor":28.0,"key":"REST"},{"floor":32.0,"key":"REST"},{"data":"Blasphemy","floor":40.0,"key":"SMITH"},{"data":"MasterReality","floor":45.0,"key":"SMITH"},{"data":"CrushJoints","floor":49.0,"key":"SMITH"}],"circlet_count":0,"master_deck":["AscendersBane","Strike_P","Defend_P","Defend_P","Defend_P+1","Eruption+1","Vigilance+1","ReachHeaven","MasterReality+1","EmptyBody","BattleHymn","Brilliance","CurseOfTheBell","BattleHymn+1","Study","Evaluate+1","BattleHymn+1","Blasphemy+1","Dramatic Entrance","Regret","DeceiveReality+1","Parasite","Parasite","CrushJoints+1","Conclude"],"relics":["Cursed Key","Centennial Puzzle","Damaru","Juzu Bracelet","PreservedInsect","Calling Bell","Omamori","Blue Candle","Dead Branch","Sling","Smiling Mask","Tiny Chest","Blood Vial","Anchor","Singing Bowl","Sozu","Lee\u0027s Waffle","Toy Ornithopter","Lantern","MawBank","War Paint"],"acts_visited":[],"potions_floor_usage":[50],"damage_taken":[{"damage":0.0,"enemies":"Cultist","floor":1.0,"turns":3.0},{"damage":0.0,"enemies":"Small Slimes","floor":3.0,"turns":2.0},{"damage":6.0,"enemies":"2 Louse","floor":4.0,"turns":2.0},{"damage":12.0,"enemies":"Lagavulin","floor":6.0,"turns":4.0},{"damage":0.0,"enemies":"Gremlin Nob","floor":8.0,"turns":2.0},{"damage":6.0,"enemies":"Blue Slaver","floor":12.0,"turns":3.0},{"damage":16.0,"enemies":"3 Louse","floor":14.0,"turns":3.0},{"damage":26.0,"enemies":"Slime Boss","floor":16.0,"turns":9.0},{"damage":1.0,"enemies":"Spheric Guardian","floor":18.0,"turns":2.0},{"damage":20.0,"enemies":"Shell Parasite","floor":21.0,"turns":4.0},{"damage":1.0,"enemies":"Gremlin Leader","floor":24.0,"turns":3.0},{"damage":23.0,"enemies":"Book of Stabbing","floor":27.0,"turns":4.0},{"damage":27.0,"enemies":"Gremlin Leader","floor":29.0,"turns":4.0},{"damage":8.0,"enemies":"Snake Plant","floor":30.0,"turns":4.0},{"damage":28.0,"enemies":"Champ","floor":33.0,"turns":6.0},{"damage":9.0,"enemies":"3 Shapes","floor":35.0,"turns":2.0},{"damage":2.0,"enemies":"Reptomancer","floor":41.0,"turns":2.0},{"damage":3.0,"enemies":"3 Darklings","floor":42.0,"turns":2.0},{"damage":2.0,"enemies":"Writhing Mass","floor":44.0,"turns":4.0},{"damage":18.0,"enemies":"Nemesis","floor":46.0,"turns":3.0},{"damage":4.0,"enemies":"Maw","floor":48.0,"turns":5.0},{"damage":62,"enemies":"Donu and Deca","floor":50,"turns":8},{"damage":1,"enemies":"Time Eater","floor":51,"turns":2}],"seed_played":"8758350825893052272","potions_obtained":[{"floor":6.0,"key":"SkillPotion"},{"floor":8.0,"key":"ColorlessPotion"},{"floor":14.0,"key":"Block Potion"},{"floor":16.0,"key":"SpeedPotion"},{"floor":21.0,"key":"BottledMiracle"},{"floor":24.0,"key":"DistilledChaos"},{"floor":30.0,"key":"FearPotion"},{"floor":33.0,"key":"Weak Potion"}],"is_trial":false,"path_per_floor":["M","?","M","M","?","E","R","E","T","R","$","M","?","M","R","B",null,"M","?","$","M","?","R","E","$","T","E","R","E","M","T","R","B",null,"M","?","?","$","T","R","E","M","T","M","R","E","$","M","R","B","B"],"character_chosen":"WATCHER","items_purchased":["BattleHymn","Sling","AttackPotion","Lee\u0027s Waffle","Conclude"],"campfire_rested":5,"item_purchase_floors":[11,20,20,38,47],"current_hp_per_floor":[61,61,61,55,37,25,45,45,45,45,45,39,28,12,31,5,50,49,49,49,29,29,48,47,47,47,24,43,18,12,12,31,5,50,45,45,45,74,74,74,74,73,73,75,75,59,59,59,59,4,5,5],"gold":105,"neow_bonus":"BOSS_RELIC","is_daily":false,"chose_seed":false,"campfire_upgraded":4,"win_rate":0.0,"timestamp":1612320086,"path_taken":["M","?","M","M","?","E","R","E","T","R","$","M","?","M","R","BOSS","M","?","$","M","?","R","E","?","T","E","R","E","M","?","R","BOSS","M","?","?","$","?","R","E","M","T","M","R","E","$","M","R","BOSS","BOSS"],"items_purchased_type":["Card","Relic","Potion","Relic","Card"],"build_version":"2020-12-22","purchased_purges":4,"victory":false,"max_hp_per_floor":[68,68,68,68,68,68,68,68,68,68,65,65,65,65,65,65,65,65,65,65,65,65,65,65,65,65,65,65,65,65,65,65,65,65,67,67,67,74,74,74,76,76,76,78,78,78,78,80,80,80,80,80],"relic_stats":{"Lee\u0027s Waffle":0,"Singing Bowl":4,"counters":[6,24],"Blue Candle":[16],"Dead Branch":[72],"PreservedInsect":50,"Juzu Bracelet":0,"War Paint":["Defend_P","Vigilance"],"Cursed Key":1,"Smiling Mask":100,"MawBank":48,"Blood Vial":12,"Sozu":2,"Centennial Puzzle":[18],"Tiny Chest":0,"obtain_stats":[{"Lee\u0027s Waffle":0,"Lantern":0,"Singing Bowl":0,"Blue Candle":0,"Dead Branch":0,"Damaru":0,"PreservedInsect":0,"Juzu Bracelet":0,"Omamori":0,"War Paint":46,"Cursed Key":0,"Sling":0,"Smiling Mask":0,"MawBank":43,"Calling Bell":0,"Blood Vial":0,"Sozu":0,"Centennial Puzzle":0,"Anchor":0,"Tiny Chest":0,"Toy Ornithopter":0},{"Lee\u0027s Waffle":0,"Lantern":0,"Singing Bowl":0,"Blue Candle":0,"Dead Branch":0,"Damaru":0,"PreservedInsect":0,"Juzu Bracelet":0,"Omamori":0,"War Paint":3,"Cursed Key":0,"Sling":0,"Smiling Mask":0,"MawBank":1,"Calling Bell":0,"Blood Vial":0,"Sozu":0,"Centennial Puzzle":0,"Anchor":0,"Tiny Chest":0,"Toy Ornithopter":0},{"Lee\u0027s Waffle":0,"Lantern":0,"Singing Bowl":0,"Blue Candle":0,"Dead Branch":0,"Damaru":0,"PreservedInsect":0,"Juzu Bracelet":0,"Omamori":0,"War Paint":9,"Cursed Key":0,"Sling":0,"Smiling Mask":0,"MawBank":2,"Calling Bell":0,"Blood Vial":0,"Sozu":0,"Centennial Puzzle":0,"Anchor":0,"Tiny Chest":0,"Toy Ornithopter":0}],"Toy Ornithopter":5},"card_choices":[{"not_picked":["PathToVictory","SashWhip"],"picked":"ReachHeaven","floor":1.0},{"not_picked":["Sanctity","Crescendo","FlyingSleeves"],"picked":"SKIP","floor":3.0},{"not_picked":["FlurryOfBlows","Evaluate","Indignation"],"picked":"SKIP","floor":4.0},{"not_picked":["Prostrate","Swivel"],"picked":"MasterReality","floor":6.0},{"not_picked":["InnerPeace","Indignation"],"picked":"EmptyBody","floor":8.0},{"not_picked":["EmptyMind","Evaluate","CutThroughFate"],"picked":"SKIP","floor":12.0},{"not_picked":["Indignation","BowlingBash","FlyingSleeves"],"picked":"SKIP","floor":14.0},{"not_picked":["Ragnarok","Judgement"],"picked":"Brilliance","floor":16.0},{"not_picked":["CrushJoints","FlyingSleeves"],"picked":"BattleHymn+1","floor":18.0},{"not_picked":["Conclude","MentalFortress"],"picked":"Study","floor":21.0},{"not_picked":["Crescendo","Study","PathToVictory"],"picked":"SKIP","floor":24.0},{"not_picked":["Fasting2+1","JustLucky"],"picked":"Evaluate+1","floor":27.0},{"not_picked":["PathToVictory","Nirvana"],"picked":"BattleHymn+1","floor":29.0},{"not_picked":["Protect","Worship","FlyingSleeves"],"picked":"SKIP","floor":30.0},{"not_picked":["MasterReality","Omniscience"],"picked":"Blasphemy","floor":33.0},{"not_picked":["MentalFortress","Consecrate","Collect"],"picked":"Singing Bowl","floor":35.0},{"not_picked":["Finesse","Bandage Up"],"picked":"Dramatic Entrance","floor":36.0},{"not_picked":["ConjureBlade","Evaluate","Halt"],"picked":"Singing Bowl","floor":41.0},{"not_picked":["ThirdEye","Tantrum"],"picked":"DeceiveReality+1","floor":42.0},{"not_picked":["Halt","Protect","FollowUp"],"picked":"Singing Bowl","floor":44.0},{"not_picked":["Brilliance","CutThroughFate"],"picked":"CrushJoints","floor":46.0},{"not_picked":["FlyingSleeves","CrushJoints","Crescendo"],"picked":"Singing Bowl","floor":48.0}],"player_experience":983427,"relics_obtained":[{"floor":6.0,"key":"Damaru"},{"floor":8.0,"key":"Juzu Bracelet"},{"floor":9.0,"key":"PreservedInsect"},{"floor":17.0,"key":"Omamori"},{"floor":17.0,"key":"Blue Candle"},{"floor":17.0,"key":"Dead Branch"},{"floor":24.0,"key":"Smiling Mask"},{"floor":26.0,"key":"Tiny Chest"},{"floor":27.0,"key":"Blood Vial"},{"floor":29.0,"key":"Anchor"},{"floor":31.0,"key":"Singing Bowl"},{"floor":39.0,"key":"Toy Ornithopter"},{"floor":41.0,"key":"Lantern"},{"floor":43.0,"key":"MawBank"},{"floor":46.0,"key":"War Paint"}],"event_choices":[{"cards_removed":["Defend_P"],"damage_healed":0.0,"max_hp_gain":0.0,"max_hp_loss":0.0,"gold_gain":0.0,"event_name":"The Cleric","player_choice":"Card Removal","floor":2.0,"gold_loss":75.0,"damage_taken":0.0},{"damage_healed":0.0,"max_hp_gain":0.0,"max_hp_loss":0.0,"gold_gain":0.0,"event_name":"Scrap Ooze","player_choice":"Success","floor":5.0,"gold_loss":0.0,"damage_taken":18.0,"relics_obtained":["Centennial Puzzle"]},{"damage_healed":0.0,"max_hp_gain":0.0,"max_hp_loss":0.0,"gold_gain":75.0,"event_name":"World of Goop","player_choice":"Gather Gold","floor":13.0,"gold_loss":0.0,"damage_taken":11.0},{"damage_healed":0.0,"max_hp_gain":0.0,"max_hp_loss":0.0,"gold_gain":50.0,"event_name":"Nest","player_choice":"Stole From Cult","floor":19.0,"gold_loss":0.0,"damage_taken":0.0},{"damage_healed":0.0,"max_hp_gain":0.0,"max_hp_loss":0.0,"gold_gain":0.0,"event_name":"Vampires","player_choice":"Ignored","floor":22.0,"gold_loss":0.0,"damage_taken":0.0},{"damage_healed":0.0,"max_hp_gain":0.0,"max_hp_loss":0.0,"gold_gain":0.0,"event_name":"SensoryStone","player_choice":"Memory 1","floor":36.0,"gold_loss":0.0,"damage_taken":0.0},{"damage_healed":0.0,"max_hp_gain":0.0,"max_hp_loss":0.0,"gold_gain":0.0,"event_name":"Lab","player_choice":"Got Potions","floor":37.0,"gold_loss":0.0,"damage_taken":0.0}],"is_beta":false,"boss_relics":[{"not_picked":["Runic Dome","VioletLotus"],"picked":"Calling Bell"},{"not_picked":["Runic Pyramid","Fusion Hammer"],"picked":"Sozu"}],"items_purged_floors":[11,25,38,47],"is_endless":false,"potions_floor_spawned":[6,8,14,16,21,24,30,33,44,48],"killed_by":"Time Eater","ascension_level":20}}