{"host":"knspyp6dy614fx6e","time":1612323288,"event":{"mods":["ATMod(阿瑾Mod)","Aspiration","BaseMod","Better Altar","Better Skull","Better Third Choice","Card Filter","DeckTracker","Dota2Spire","Energized Spire","Jedi Mod","Minty Spire (QoL Compilation)","Quick Restart","Relic Filter Mod","Relic Stats","Reliquary","Shop Mod","Spicy Shops","StSLib","TestMod","Waifu the Spire","【遗物卡牌】REMEMod"],"gold_per_floor":[109,125,135,153,153,153,188,199,199,199,52,75,101,119,119,216,216,232,232,250,21,39,70,84,116,116,126,160,60,60,76,76,171,171,187,206,60,76,95,119,119,198,198,597,597,648,648,685,685,709,709,709,163,189,189],"floor_reached":56,"language":"ZHS","playtime":2916,"items_purged":["Strike_G","Strike_G","Strike_G","Strike_G","Strike_G"],"score":2399,"play_id":"db60c755-96f5-45a7-af36-8a4100cbe425","local_time":"20210203113448","is_ascension_mode":true,"campfire_choices":[{"data":"Neutralize","floor":6.0,"key":"SMITH"},{"data":"Infinite Blades","floor":10.0,"key":"SMITH"},{"data":"Terror","floor":15.0,"key":"SMITH"},{"data":"Reflex","floor":30.0,"key":"SMITH"},{"floor":32.0,"key":"REST"},{"data":"After Image","floor":41.0,"key":"SMITH"},{"data":"Acrobatics","floor":45.0,"key":"SMITH"},{"floor":49.0,"key":"RECALL"},{"data":"AT_Desolate","floor":52.0,"key":"SMITH"}],"circlet_count":0,"master_deck":["AscendersBane","Defend_G","Defend_G","Defend_G","Defend_G","Defend_G","Survivor","Neutralize+1","AT_WindFlip","Infinite Blades+1","Dash","PiercingWail","Backflip","Acrobatics+1","Terror+1","Unload","Adrenaline","Reflex+1","Deflect+1","AT_Desolate+1","Glass Knife","After Image+1","Escape Plan","Burst","Tactician","Catalyst+1"],"relics":["Ring of the Snake","AT_ATBox","testmod-TestBox","REME_ComplimentaryCards","testmod-ArcanaOfDestiny","jedi:gremlinknob","testmod-Charity","Odd Mushroom","Snake Skull","AT_EbonyIvory","Tingsha","Pen Nib","testmod-CrystalShield","reliquary:NewFriend","aspiration:FetidBarrel","HoveringKite","MerchantsRug","testmod-TurbochargingSystem","reliquary:PartyBalloon","AT_RedNoBalance","Blood Vial","testmod-LifeArmor","Dota2Spire:Vanguard","Happy Flower","Vajra","Orrery","reliquary:HotPoker"],"acts_visited":["Exordium","TheCity","TheBeyond","TheEnding"],"potions_floor_usage":[55,55,55],"damage_taken":[{"damage":0.0,"enemies":"2 Louse","floor":1.0,"turns":4.0},{"damage":8.0,"enemies":"Jaw Worm","floor":2.0,"turns":4.0},{"damage":0.0,"enemies":"Small Slimes","floor":3.0,"turns":4.0},{"damage":5.0,"enemies":"Red Slaver","floor":4.0,"turns":3.0},{"damage":0.0,"enemies":"3 Sentries","floor":7.0,"turns":1.0},{"damage":0.0,"enemies":"Gremlin Gang","floor":8.0,"turns":1.0},{"damage":0.0,"enemies":"The Mushroom Lair","floor":12.0,"turns":1.0},{"damage":6.0,"enemies":"Lagavulin","floor":13.0,"turns":8.0},{"damage":11.0,"enemies":"2 Fungi Beasts","floor":14.0,"turns":3.0},{"damage":9.0,"enemies":"Hexaghost","floor":16.0,"turns":10.0},{"damage":3.0,"enemies":"Chosen","floor":18.0,"turns":3.0},{"damage":3.0,"enemies":"2 Thieves","floor":20.0,"turns":4.0},{"damage":4.0,"enemies":"Chosen and Byrds","floor":22.0,"turns":3.0},{"damage":0.0,"enemies":"Gremlin Leader","floor":23.0,"turns":6.0},{"damage":18.0,"enemies":"Snecko","floor":24.0,"turns":4.0},{"damage":29.0,"enemies":"Slavers","floor":25.0,"turns":4.0},{"damage":0.0,"enemies":"Centurion and Healer","floor":27.0,"turns":5.0},{"damage":0.0,"enemies":"Book of Stabbing","floor":28.0,"turns":4.0},{"damage":0.0,"enemies":"Shelled Parasite and Fungi","floor":31.0,"turns":2.0},{"damage":6.0,"enemies":"Collector","floor":33.0,"turns":5.0},{"damage":11.0,"enemies":"3 Darklings","floor":35.0,"turns":3.0},{"damage":0.0,"enemies":"3 Shapes","floor":36.0,"turns":2.0},{"damage":4.0,"enemies":"Sphere and 2 Shapes","floor":38.0,"turns":3.0},{"damage":4.0,"enemies":"Spire Growth","floor":39.0,"turns":2.0},{"damage":0.0,"enemies":"Giant Head","floor":40.0,"turns":4.0},{"damage":0.0,"enemies":"Nemesis","floor":42.0,"turns":3.0},{"damage":3.0,"enemies":"Giant Head","floor":46.0,"turns":5.0},{"damage":0.0,"enemies":"Reptomancer","floor":48.0,"turns":3.0},{"damage":4.0,"enemies":"Awakened One","floor":50.0,"turns":9.0},{"damage":15,"enemies":"Shield and Spear","floor":54,"turns":6},{"damage":24,"enemies":"The Heart","floor":55,"turns":4}],"seed_played":"-6997828808040380485","potions_obtained":[{"floor":2.0,"key":"Dexterity Potion"},{"floor":3.0,"key":"Ancient Potion"},{"floor":16.0,"key":"testmod-SpacePotion"},{"floor":20.0,"key":"Regen Potion"},{"floor":22.0,"key":"Dota2Spire:Clarity"},{"floor":23.0,"key":"BlessingOfTheForge"},{"floor":33.0,"key":"testmod-TestPotion"},{"floor":35.0,"key":"Explosive Potion"},{"floor":42.0,"key":"ColorlessPotion"},{"floor":54,"key":"jedi:StrikingPotion"}],"is_trial":false,"path_per_floor":["M","M","M","M","?","R","E","M","T","R","$","?","E","M","R","B",null,"M","?","M","$","M","E","M","E","T","M","E","$","R","M","R","B",null,"M","M","$","M","M","E","R","E","T","?","R","E","?","E","R","B",null,"R","$","E","B",null],"character_chosen":"THE_SILENT","items_purchased":["testmod-Charity","AT_EbonyIvory","MerchantsRug","Happy Flower","Vajra","Orrery"],"campfire_rested":1,"item_purchase_floors":[11,21,37,53,53,53],"current_hp_per_floor":[45,37,37,32,32,32,32,32,32,32,32,33,28,18,18,10,58,56,56,55,55,52,53,36,20,20,21,22,22,22,23,48,43,75,65,66,69,66,63,64,64,91,91,92,92,67,67,78,78,81,136,136,139,66,44],"gold":189,"neow_bonus":"ONE_RARE_RELIC","is_daily":false,"chose_seed":false,"campfire_upgraded":7,"win_rate":0.0,"timestamp":1612323288,"path_taken":["M","M","M","M","?","R","E","M","T","R","$","?","E","M","R","BOSS","M","?","M","?","M","E","M","E","T","M","E","$","R","M","R","BOSS","M","M","$","M","M","E","R","E","T","?","R","E","?","E","R","BOSS","R","$","E","BOSS"],"items_purchased_type":["Relic","Relic","Relic","Relic","Relic","Relic"],"build_version":"2020-12-22","purchased_purges":5,"victory":true,"max_hp_per_floor":[70,70,70,70,70,70,70,70,70,70,70,71,72,73,73,74,74,75,75,77,77,78,79,80,81,81,82,83,83,83,84,84,85,85,86,87,90,91,92,93,93,120,120,121,121,131,131,142,142,154,154,154,157,158,158],"relic_stats":{"Blood Vial":8,"Happy Flower":[3],"counters":[31,123],"HoveringKite":[24],"Tingsha":[273],"Snake Skull":[181],"Pen Nib":[14],"obtain_stats":[{"jedi:angrymask":28,"AT_ATBox":0,"reliquary:PartyBalloon":42,"HoveringKite":34,"Vajra":53,"Snake Skull":19,"testmod-LifeArmor":46,"Dota2Spire:Vanguard":48,"testmod-Charity":11,"Blood Vial":46,"testmod-CrystalShield":25,"reliquary:HotPoker":54,"Gambling Chip":0,"Strawberry":48,"reliquary:NewFriend":26,"REME_ArchaeologicalTools":40,"AT_RedNoBalance":54,"testmod-ArcanaOfDestiny":7,"Ring of the Snake":0,"MerchantsRug":37,"testmod-TestBox":0,"NeowsBlessing":5,"Happy Flower":53,"aspiration:FetidBarrel":28,"jedi:gremlinknob":9,"Tingsha":23,"AT_EbonyIvory":21,"Pen Nib":23,"AT_SilverBalance":42,"testmod-TurbochargingSystem":40,"Odd Mushroom":12,"reliquary:PorcupineQuills":13,"Orrery":53,"reliquary:SculptingSteel":25,"Black Star":17,"REME_ComplimentaryCards":0},{"jedi:angrymask":18,"AT_ATBox":0,"reliquary:PartyBalloon":26,"HoveringKite":20,"Vajra":29,"Snake Skull":11,"testmod-LifeArmor":27,"Dota2Spire:Vanguard":28,"testmod-Charity":6,"Blood Vial":27,"testmod-CrystalShield":16,"reliquary:HotPoker":30,"Gambling Chip":0,"Strawberry":28,"reliquary:NewFriend":16,"REME_ArchaeologicalTools":25,"AT_RedNoBalance":30,"testmod-ArcanaOfDestiny":5,"Ring of the Snake":0,"MerchantsRug":22,"testmod-TestBox":0,"NeowsBlessing":4,"Happy Flower":29,"aspiration:FetidBarrel":18,"jedi:gremlinknob":6,"Tingsha":14,"AT_EbonyIvory":12,"Pen Nib":14,"AT_SilverBalance":26,"testmod-TurbochargingSystem":25,"Odd Mushroom":7,"reliquary:PorcupineQuills":8,"Orrery":29,"reliquary:SculptingSteel":16,"Black Star":10,"REME_ComplimentaryCards":0},{"jedi:angrymask":72,"AT_ATBox":0,"reliquary:PartyBalloon":96,"HoveringKite":79,"Vajra":113,"Snake Skull":42,"testmod-LifeArmor":101,"Dota2Spire:Vanguard":104,"testmod-Charity":17,"Blood Vial":101,"testmod-CrystalShield":63,"reliquary:HotPoker":119,"Gambling Chip":0,"Strawberry":104,"reliquary:NewFriend":63,"REME_ArchaeologicalTools":93,"AT_RedNoBalance":113,"testmod-ArcanaOfDestiny":16,"Ring of the Snake":0,"MerchantsRug":84,"testmod-TestBox":0,"NeowsBlessing":15,"Happy Flower":113,"aspiration:FetidBarrel":72,"jedi:gremlinknob":17,"Tingsha":55,"AT_EbonyIvory":46,"Pen Nib":55,"AT_SilverBalance":96,"testmod-TurbochargingSystem":93,"Odd Mushroom":18,"reliquary:PorcupineQuills":26,"Orrery":113,"reliquary:SculptingSteel":63,"Black Star":39,"REME_ComplimentaryCards":0}],"Ring of the Snake":[62]},"card_choices":[{"not_picked":["Flying Knee","Dodge and Roll"],"picked":"AT_WindFlip","floor":1.0},{"not_picked":["Catalyst","Blade Dance"],"picked":"Infinite Blades","floor":2.0},{"not_picked":["jedi:pocketpoison","Heel Hook"],"picked":"Dash","floor":3.0},{"not_picked":["Quick Slash","Eviscerate"],"picked":"PiercingWail","floor":4.0},{"not_picked":["Underhanded Strike","Deadly Poison"],"picked":"Backflip","floor":7.0},{"not_picked":["Deadly Poison","Infinite Blades","Bane"],"picked":"SKIP","floor":8.0},{"not_picked":["Bane","jedi:unstablefumes"],"picked":"Acrobatics","floor":12.0},{"not_picked":["Crippling Poison","Bouncing Flask"],"picked":"Terror","floor":13.0},{"not_picked":["Deadly Poison","AT_WindFlip"],"picked":"Unload","floor":14.0},{"not_picked":["Envenom","REME_LeechingPoison"],"picked":"Adrenaline","floor":16.0},{"not_picked":["Prepared+1","Predator"],"picked":"Reflex","floor":18.0},{"not_picked":["AT_WindFlip","Underhanded Strike"],"picked":"Deflect+1","floor":20.0},{"not_picked":["Quick Slash","Deflect","Setup"],"picked":"SKIP","floor":22.0},{"not_picked":["Endless Agony","Dagger Spray+1","Outmaneuver"],"picked":"SKIP","floor":23.0},{"not_picked":["Dodge and Roll","Cloak And Dagger","PiercingWail"],"picked":"SKIP","floor":24.0},{"not_picked":["PiercingWail","Masterful Stab+1","Slice"],"picked":"SKIP","floor":25.0},{"not_picked":["Noxious Fumes","Distraction"],"picked":"AT_Desolate","floor":27.0},{"not_picked":["Backstab","Blade Dance","Outmaneuver"],"picked":"SKIP","floor":28.0},{"not_picked":["Glass Knife","Terror+1","jedi:pocketpoison"],"picked":"SKIP","floor":31.0},{"not_picked":["Terror+1","jedi:pocketpoison"],"picked":"Glass Knife","floor":31.0},{"not_picked":["REME_ShadowForm","jedi:studyshivs"],"picked":"After Image","floor":33.0},{"not_picked":["AT_WindFlip","AT_WomanClash","REME_ShadowStrike"],"picked":"SKIP","floor":35.0},{"not_picked":["Endless Agony+1","Catalyst","All Out Attack"],"picked":"SKIP","floor":36.0},{"not_picked":["REME_GreenPollution","Bane"],"picked":"Escape Plan","floor":38.0},{"not_picked":["Poisoned Stab+1","Flying Knee+1","Backflip"],"picked":"SKIP","floor":39.0},{"not_picked":["Sucker Punch","Backstab+1","Leg Sweep"],"picked":"SKIP","floor":40.0},{"not_picked":["Quick Slash","Blur+1","Caltrops"],"picked":"SKIP","floor":42.0},{"not_picked":["Sucker Punch","Prepared","AT_TinkerSharpsword"],"picked":"SKIP","floor":46.0},{"not_picked":["Outmaneuver","Endless Agony","Blur+1"],"picked":"SKIP","floor":48.0},{"not_picked":["Underhanded Strike+1","Bane"],"picked":"Burst","floor":53},{"not_picked":["AT_WindFlip+1","Catalyst"],"picked":"Tactician","floor":53},{"not_picked":["REME_SpectralBlade","Escape Plan"],"picked":"Catalyst+1","floor":54}],"player_experience":310358,"relics_obtained":[{"floor":7.0,"key":"testmod-ArcanaOfDestiny"},{"floor":9.0,"key":"jedi:gremlinknob"},{"floor":12.0,"key":"Odd Mushroom"},{"floor":13.0,"key":"reliquary:PorcupineQuills"},{"floor":23.0,"key":"Tingsha"},{"floor":23.0,"key":"Pen Nib"},{"floor":25.0,"key":"testmod-CrystalShield"},{"floor":25.0,"key":"reliquary:SculptingSteel"},{"floor":26.0,"key":"reliquary:NewFriend"},{"floor":28.0,"key":"aspiration:FetidBarrel"},{"floor":28.0,"key":"jedi:angrymask"},{"floor":40.0,"key":"REME_ArchaeologicalTools"},{"floor":40.0,"key":"testmod-TurbochargingSystem"},{"floor":42.0,"key":"reliquary:PartyBalloon"},{"floor":42.0,"key":"AT_SilverBalance"},{"floor":46.0,"key":"Blood Vial"},{"floor":46.0,"key":"testmod-LifeArmor"},{"floor":48.0,"key":"Dota2Spire:Vanguard"},{"floor":48.0,"key":"Strawberry"},{"floor":54,"key":"reliquary:HotPoker"}],"event_choices":[{"damage_healed":0.0,"max_hp_gain":0.0,"max_hp_loss":0.0,"gold_gain":0.0,"event_name":"给自己的盒子","player_choice":"Swap Relic","floor":5.0,"relics_lost":["Gambling Chip"],"gold_loss":0.0,"damage_taken":0.0,"relics_obtained":["NeowsBlessing"]},{"damage_healed":0.0,"max_hp_gain":0.0,"max_hp_loss":0.0,"gold_gain":0.0,"event_name":"Mushrooms","player_choice":"Fought Mushrooms","floor":12.0,"gold_loss":0.0,"damage_taken":0.0},{"damage_healed":0.0,"max_hp_gain":0.0,"max_hp_loss":0.0,"gold_gain":0.0,"event_name":"The Mausoleum","player_choice":"Opened","floor":19.0,"gold_loss":0.0,"damage_taken":0.0,"relics_obtained":["Snake Skull"]},{"damage_healed":0.0,"max_hp_gain":0.0,"max_hp_loss":0.0,"gold_gain":400.0,"event_name":"恩洛斯的盘子","player_choice":"Sell","floor":44.0,"relics_lost":["NeowsBlessing"],"gold_loss":0.0,"damage_taken":0.0}],"is_beta":false,"boss_relics":[{"not_picked":["WristBlade","reliquary:RedPaperclip"],"picked":"Black Star"},{"not_picked":["energizedSpire:NeverEndingSparkler","aspiration:SecretTechniqueScroll"],"picked":"HoveringKite"}],"items_purged_floors":[21,29,37,53,53],"is_endless":false,"potions_floor_spawned":[2,3,16,20,22,23,33,35,40,42,46,54],"ascension_level":12}}