{"host":"ly2k09o7mhu4m2ip","time":1612312176,"event":{"mods":["BaseMod","Colored Map","Colored Powertips","Downfall","Highlight Path","Minty Spire (QoL Compilation)","StSLib"],"gold_per_floor":[99,109,123,138,149,149,149,149,165,190,221,221,241,241,262,361,361,361,373,373,396,409,250,250,450,450,474,474,474,474,500,519,629,629,629,643,643,643,654,681,681,364,364,413,413,432,432,432,432,432],"floor_reached":48,"language":"ENG","playtime":5361,"items_purged":[],"score":511,"play_id":"60db0668-e4ca-4ff8-a376-09bcf2fd188c","local_time":"20210203012936","is_ascension_mode":false,"campfire_choices":[{"data":"hexamod:Defend","floor":1,"key":"SMITH"},{"data":"hexamod:SoulSteal","floor":6,"key":"SMITH"},{"data":"hexamod:Defend","floor":12,"key":"SMITH"},{"data":"hexamod:ForkedFlame","floor":18,"key":"SMITH"},{"data":"hexamod:Hexaguard","floor":26,"key":"SMITH"},{"data":"Bite","floor":30,"key":"SMITH"},{"data":"Bite","floor":35,"key":"SMITH"},{"data":"expansioncontent:QuickStudy","floor":43,"key":"SMITH"},{"data":"hexamod:GhostOfSpirePast","floor":45,"key":"SMITH"},{"data":"expansioncontent:PrepareCrush","floor":47,"key":"SMITH"}],"circlet_count":0,"master_deck":["hexamod:Defend","hexamod:Defend+1","hexamod:Defend","hexamod:Defend+1","hexamod:Sear","hexamod:Float+1","hexamod:HauntingEcho","hexamod:SoulSteal+1","hexamod:FastForward","hexamod:Firestarter","hexamod:SecondSeal","hexamod:DynamicBlow","hexamod:FourthSeal","hexamod:CatchUp+1","hexamod:ShieldOfDarkness+1","hexamod:ForkedFlame+1","CurseOfTheBell","hexamod:Hexaguard+1","downfall:Bewildered","hexamod:EtherealExpedition","hexamod:SpectersWail+1","hexamod:EtherealExpedition+1","downfall:Haunted","Bite+1","Bite+1","Bite","Bite","Bite","hexamod:PhantomCloak+1","hexamod:Rewind+1","hexamod:TimeWarp","hexamod:Hexaguard","expansioncontent:PrepareCrush+1","hexamod:ForkedFlame+1","hexamod:FastForward","expansioncontent:QuickStudy+1","hexamod:GhostOfSpirePast+1"],"relics":["hexamod:SpiritBrand","Gremlin Horn","Pear","Calling Bell","War Paint","Darkstone Periapt","Dead Branch","sneckomod:BabySnecko","Akabeko","TungstenRod","hexamod:IceCube","Calipers","Lee\u0027s Waffle","Turnip"],"acts_visited":["Exordium","TheCity","TheBeyond"],"potions_floor_usage":[15,16,16,16,21,32,33,33,40,42,48],"damage_taken":[{"damage":0,"enemies":"Cultist","floor":2,"turns":3},{"damage":0,"enemies":"2 Louse","floor":3,"turns":3},{"damage":1,"enemies":"Jaw Worm","floor":4,"turns":3},{"damage":0,"enemies":"Exordium Wildlife","floor":5,"turns":3},{"damage":0,"enemies":"Large Slime","floor":9,"turns":3},{"damage":7,"enemies":"2 Fungi Beasts","floor":10,"turns":3},{"damage":18,"enemies":"Lagavulin","floor":11,"turns":7},{"damage":15,"enemies":"3 Louse","floor":13,"turns":3},{"damage":10,"enemies":"Exordium Thugs","floor":15,"turns":3},{"damage":34,"enemies":"DF_ARCHETYPE_STREAMLINE","floor":16,"turns":9},{"damage":15,"enemies":"Spheric Guardian","floor":19,"turns":4},{"damage":8,"enemies":"Shell Parasite","floor":21,"turns":3},{"damage":2,"enemies":"Snecko","floor":22,"turns":5},{"damage":0,"enemies":"downfall:FleeingMerchant","floor":23,"turns":4},{"damage":3,"enemies":"Centurion and Healer","floor":27,"turns":5},{"damage":0,"enemies":"Sentry and Sphere","floor":31,"turns":5},{"damage":0,"enemies":"3 Cultists","floor":32,"turns":4},{"damage":14,"enemies":"IC_MUSHROOM_ARCHETYPE","floor":33,"turns":9},{"damage":9,"enemies":"Orb Walker","floor":36,"turns":2},{"damage":0,"enemies":"3 Shapes","floor":39,"turns":3},{"damage":0,"enemies":"Maw","floor":40,"turns":6},{"damage":0,"enemies":"downfall:FleeingMerchant","floor":42,"turns":4},{"damage":14,"enemies":"2 Orb Walkers","floor":44,"turns":4},{"damage":10,"enemies":"Spire Growth","floor":46,"turns":4},{"damage":79,"enemies":"Giant Head","floor":48,"turns":9}],"seed_played":"-8870101596089857611","potions_obtained":[{"floor":4,"key":"hexamod:EctoCoolerPotion"},{"floor":8,"key":"hexamod:SoulburnPotion"},{"floor":8,"key":"Weak Potion"},{"floor":11,"key":"DistilledChaos"},{"floor":13,"key":"hexamod:InfernoChargePotion"},{"floor":13,"key":"CultistPotion"},{"floor":15,"key":"PowerPotion"},{"floor":15,"key":"Regen Potion"},{"floor":16,"key":"Energy Potion"},{"floor":19,"key":"Slimebound:ThreeZeroPotion"},{"floor":19,"key":"Energy Potion"},{"floor":21,"key":"Guardian:BlockOnCardUsePotion"},{"floor":27,"key":"Fire Potion"},{"floor":32,"key":"BlessingOfTheForge"},{"floor":36,"key":"DistilledChaos"},{"floor":39,"key":"FearPotion"},{"floor":40,"key":"Energy Potion"}],"is_trial":false,"path_per_floor":["R","M","M","M","M","R","T","?","M","M","E","R","M","?","M","B",null,"R","M","?","M","M","$","T","?","R","M","?","?","R","M","M","B",null,"R","M","?","?","M","M","T","$","R","?","R","M","R","E"],"character_chosen":"THE_SPIRIT","items_purchased":["Akabeko","expansioncontent:QuickStudy","Lee\u0027s Waffle"],"campfire_rested":0,"item_purchase_floors":[23,42,42],"current_hp_per_floor":[77,77,77,76,76,76,76,76,76,69,61,61,46,46,36,17,87,87,72,78,70,68,68,68,74,74,71,69,58,58,69,73,65,74,74,67,67,67,73,74,74,81,81,70,70,65,65,0,0,0],"gold":432,"neow_bonus":"TEN_PERCENT_HP_BONUS","is_daily":false,"chose_seed":false,"campfire_upgraded":10,"win_rate":0.0,"timestamp":1612312176,"path_taken":["R","M","M","?","M","R","T","?","M","M","E","R","?","?","M","BOSS","R","M","?","M","M","$","T","?","R","M","?","?","R","M","M","BOSS","R","M","?","?","M","?","T","$","R","?","R","M","R","E"],"items_purchased_type":["Relic","Card","Relic"],"build_version":"2020-12-22","purchased_purges":0,"victory":false,"max_hp_per_floor":[77,77,77,77,77,77,77,77,77,77,87,87,87,87,87,87,87,87,87,93,93,93,93,93,99,99,99,69,74,74,74,74,74,74,74,74,74,74,74,74,74,81,81,81,81,81,81,81,81,81],"card_choices":[{"not_picked":["hexamod:ExtraCrispy","hexamod:AdvancingGuard"],"picked":"hexamod:HauntingEcho","floor":2},{"not_picked":["hexamod:FastForward","hexamod:AdvancingGuard"],"picked":"hexamod:SoulSteal","floor":3},{"not_picked":["hexamod:HauntingEcho","hexamod:NecessarySacrifice"],"picked":"hexamod:FastForward","floor":4},{"not_picked":["hexamod:GhostflameBarrier","hexamod:GhostShield"],"picked":"hexamod:Firestarter","floor":5},{"not_picked":["hexamod:RecurringNightmare","hexamod:FastForward"],"picked":"hexamod:SecondSeal","floor":9},{"not_picked":["hexamod:HexaLevel","hexamod:HeatMetal"],"picked":"hexamod:DynamicBlow","floor":10},{"not_picked":["hexamod:GhostLash","hexamod:UnlimitedPower"],"picked":"hexamod:FourthSeal","floor":11},{"not_picked":["hexamod:BurningTouch","hexamod:SoulSteal"],"picked":"hexamod:CatchUp","floor":13},{"not_picked":["hexamod:GhostLash","hexamod:BacktrackSmack"],"picked":"hexamod:ShieldOfDarkness","floor":15},{"not_picked":["hexamod:WildfireWeapon","hexamod:SearingWound"],"picked":"hexamod:ForkedFlame","floor":16},{"not_picked":["hexamod:EtherealExpedition","hexamod:SwordOfDarkness"],"picked":"hexamod:Hexaguard","floor":19},{"not_picked":["hexamod:HauntingEcho","hexamod:WildfireWeapon"],"picked":"hexamod:EtherealExpedition","floor":21},{"not_picked":["hexamod:NecessarySacrifice","hexamod:NightmareStrike+1"],"picked":"hexamod:SpectersWail+1","floor":22},{"not_picked":["hexamod:SwordOfDarkness","hexamod:HeatMetal+1"],"picked":"hexamod:EtherealExpedition+1","floor":23},{"not_picked":["hexamod:SwordOfDarkness","hexamod:BacktrackSmack","hexamod:ThermalTransfer"],"picked":"SKIP","floor":27},{"not_picked":["hexamod:BacktrackSmack","hexamod:StepThrough+1"],"picked":"hexamod:PhantomCloak+1","floor":31},{"not_picked":["hexamod:SoulSteal","hexamod:BacktrackSmack"],"picked":"hexamod:Rewind+1","floor":32},{"not_picked":["hexamod:WildfireWeapon","hexamod:GhostflameInferno"],"picked":"hexamod:TimeWarp","floor":33},{"not_picked":["hexamod:AdvancingGuard+1","hexamod:ThermalTransfer+1"],"picked":"hexamod:Hexaguard","floor":36},{"not_picked":["expansioncontent:PolyBeam","expansioncontent:GuardianWhirl"],"picked":"expansioncontent:PrepareCrush","floor":37},{"not_picked":["hexamod:NightmareStrike","hexamod:SpectersWail+1"],"picked":"hexamod:FastForward","floor":39},{"not_picked":["hexamod:GhostLash+1","hexamod:HeatCrush+1","hexamod:RainOfEmbers"],"picked":"SKIP","floor":40},{"not_picked":["hexamod:ThirdSeal","hexamod:HeatCrush","hexamod:Haunt"],"picked":"SKIP","floor":42},{"not_picked":["hexamod:Again+1","hexamod:GhostShield"],"picked":"hexamod:GhostOfSpirePast","floor":44},{"not_picked":["hexamod:ShieldOfDarkness","hexamod:Hexaguard+1","hexamod:RainOfEmbers"],"picked":"SKIP","floor":46}],"player_experience":236920,"relics_obtained":[{"floor":7,"key":"Gremlin Horn"},{"floor":11,"key":"Pear"},{"floor":17,"key":"War Paint"},{"floor":17,"key":"Darkstone Periapt"},{"floor":17,"key":"Dead Branch"},{"floor":24,"key":"TungstenRod"},{"floor":41,"key":"Calipers"},{"floor":44,"key":"Turnip"}],"event_choices":[{"damage_healed":0,"gold_gain":0,"player_choice":"Got Potions","damage_taken":0,"max_hp_gain":0,"max_hp_loss":0,"event_name":"Lab","floor":8,"gold_loss":0},{"damage_healed":0,"gold_gain":0,"player_choice":"Grow","damage_taken":0,"max_hp_gain":0,"max_hp_loss":0,"event_name":"Living Wall","floor":14,"gold_loss":0,"cards_upgraded":["hexamod:CatchUp"]},{"damage_healed":0,"gold_gain":0,"player_choice":"Became a vampire","damage_taken":0,"max_hp_gain":0,"max_hp_loss":30,"event_name":"Vampires","floor":28,"gold_loss":0,"cards_obtained":["Bite","Bite","Bite","Bite","Bite"]},{"damage_healed":0,"gold_gain":0,"player_choice":"Fight","damage_taken":0,"max_hp_gain":0,"max_hp_loss":0,"event_name":"Mysterious Sphere","floor":44,"gold_loss":0}],"is_beta":false,"boss_relics":[{"not_picked":["Runic Dome","Empty Cage"],"picked":"Calling Bell"},{"not_picked":["Coffee Dripper","bronze:MakeshiftBattery"],"picked":"hexamod:IceCube"}],"items_purged_floors":[],"is_endless":false,"potions_floor_spawned":[4,9,11,13,15,19,21,31,32,36],"killed_by":"Giant Head","ascension_level":0}}