{"host":"7tvb1em0d2fx72q7","time":1612312390,"event":{"mods":["BaseMod","Challenge The Spire","Minty Spire (QoL Compilation)","StSLib","everything is the same but u backflip on backflip"],"gold_per_floor":[118,134,147,147,158,158,186,186,257,332,347,363,376,411,411,411,411],"floor_reached":16,"language":"ENG","playtime":1015,"items_purged":[],"score":253,"play_id":"cd267fd5-053e-443b-8134-168db77ac029","local_time":"20210202193310","is_ascension_mode":true,"campfire_choices":[{"data":"Feed","floor":6.0,"key":"SMITH"},{"data":"True Grit","floor":8.0,"key":"SMITH"},{"floor":15.0,"key":"REST"}],"circlet_count":0,"master_deck":["AscendersBane","Strike_R","Strike_R","Strike_R","Strike_R","Strike_R","Defend_R","Defend_R","Defend_R","Defend_R","Bash","Twin Strike","Pommel Strike","True Grit","Feed+1","True Grit+1","Dropkick","Dual Wield","Feel No Pain","Juggernaut"],"relics":["Burning Blood","Dream Catcher","Ginger","Shuriken","Tiny Chest"],"acts_visited":["Exordium"],"potions_floor_usage":[16],"damage_taken":[{"damage":16.0,"enemies":"Jaw Worm","floor":1.0,"turns":5.0},{"damage":0.0,"enemies":"Small Slimes","floor":2.0,"turns":3.0},{"damage":0.0,"enemies":"2 Louse","floor":3.0,"turns":2.0},{"damage":8.0,"enemies":"2 Fungi Beasts","floor":5.0,"turns":5.0},{"damage":26.0,"enemies":"Lagavulin","floor":7.0,"turns":7.0},{"damage":1.0,"enemies":"3 Louse","floor":11.0,"turns":4.0},{"damage":18.0,"enemies":"Exordium Thugs","floor":12.0,"turns":6.0},{"damage":26.0,"enemies":"Exordium Wildlife","floor":13.0,"turns":5.0},{"damage":28.0,"enemies":"Gremlin Nob","floor":14.0,"turns":4.0},{"damage":79,"enemies":"Hexaghost","floor":16,"turns":11}],"seed_played":"1311057018861219560","potions_obtained":[{"floor":5.0,"key":"BlessingOfTheForge"},{"floor":11.0,"key":"PowerPotion"},{"floor":12.0,"key":"BlessingOfTheForge"},{"floor":13.0,"key":"FairyPotion"},{"floor":14.0,"key":"FearPotion"}],"is_trial":false,"path_per_floor":["M","M","M","?","M","R","E","R","T","?","M","M","M","E","R","B"],"character_chosen":"IRONCLAD","items_purchased":[],"campfire_rested":1,"item_purchase_floors":[],"current_hp_per_floor":[58,64,70,75,73,73,57,57,57,46,55,47,31,13,43,0,0],"gold":411,"neow_bonus":"RANDOM_COMMON_RELIC","is_daily":false,"chose_seed":false,"campfire_upgraded":2,"win_rate":0.0,"timestamp":1612312390,"path_taken":["M","M","M","?","M","R","E","R","T","?","M","M","M","E","R","BOSS"],"items_purchased_type":[],"build_version":"2020-12-22","purchased_purges":0,"victory":false,"max_hp_per_floor":[75,75,75,80,80,80,84,84,84,84,88,92,96,100,100,100,100],"card_choices":[{"not_picked":["Iron Wave","Inflame"],"picked":"Twin Strike","floor":1.0},{"not_picked":["Wild Strike","Pummel"],"picked":"Pommel Strike","floor":2.0},{"not_picked":["Wild Strike","Flex"],"picked":"True Grit","floor":3.0},{"not_picked":["Pommel Strike","Cleave"],"picked":"Feed","floor":5.0},{"not_picked":["Evolve","Dropkick"],"picked":"True Grit","floor":7.0},{"not_picked":["Entrench","Clash","Flex"],"picked":"SKIP","floor":11.0},{"not_picked":["Headbutt","Infernal Blade"],"picked":"Dropkick","floor":12.0},{"not_picked":["Second Wind","Iron Wave"],"picked":"Dual Wield","floor":13.0},{"not_picked":["Inflame","Havoc"],"picked":"Feel No Pain","floor":14.0},{"not_picked":["Warcry","Hemokinesis"],"picked":"Juggernaut","floor":15.0}],"player_experience":2001326,"relics_obtained":[{"floor":7.0,"key":"Ginger"},{"floor":9.0,"key":"Shuriken"},{"floor":14.0,"key":"Tiny Chest"}],"event_choices":[{"damage_healed":0.0,"max_hp_gain":5.0,"max_hp_loss":0.0,"gold_gain":0.0,"event_name":"Big Fish","player_choice":"Donut","floor":4.0,"gold_loss":0.0,"damage_taken":0.0},{"damage_healed":0.0,"max_hp_gain":0.0,"max_hp_loss":0.0,"gold_gain":75.0,"event_name":"World of Goop","player_choice":"Gather Gold","floor":10.0,"gold_loss":0.0,"damage_taken":11.0}],"is_beta":false,"boss_relics":[],"items_purged_floors":[],"is_endless":false,"potions_floor_spawned":[5,11,12,13,14],"killed_by":"Hexaghost","ascension_level":20}}