{"host":"clf2hd4adhiiw0zf","time":1612317045,"event":{"mods":["AchievementEnabler","BaseMod","Beaked The Cultist","Bestiary","Dark Map","Downfall","Gremlin Mod","Hermit","Jorbs\u0027s Wanderer Trilogy","Marisa????????","Minty Spire (QoL Compilation)","Shop Mod","StSLib","The Cursed","The Servant 0.9.4","Wide Potions"],"gold_per_floor":[99,114,133,118,128,139,139,165,65,90,90,119,119,139,156,260,260,160,173,173,273,285,354,378,447,447,477,79,79,90,104,115,216,216,216,227,247,297,314,1363,1415,1315,655,672,691,691,706,609,623,623,623,651,140,140,140,140,140,140],"floor_reached":56,"language":"ENG","playtime":8187,"items_purged":["Normality","Normality"],"score":1050,"play_id":"f4a91bb3-61ca-472e-84bd-24d0da4c834e","local_time":"20210202185045","is_ascension_mode":true,"campfire_choices":[{"floor":1,"key":"RECALL"},{"data":"Slimebound:SlimeSlap","floor":9,"key":"SMITH"},{"data":"Slimebound:MassRepurpose","floor":18,"key":"SMITH"},{"data":"Slimebound:DivideAndConquer","floor":26,"key":"SMITH"},{"data":"Slimebound:SelfFormingGoo","floor":29,"key":"SMITH"},{"data":"Slimebound:Overexert","floor":35,"key":"SMITH"},{"data":"Slimebound:OneTwoCombo","floor":42,"key":"SMITH"},{"floor":46,"key":"REST"},{"floor":54,"key":"REST"}],"circlet_count":0,"master_deck":["Slimebound:Strike_Slimebound","Slimebound:Strike_Slimebound","Slimebound:Strike_Slimebound","Slimebound:Tackle","Slimebound:Defend_Slimebound","Slimebound:Defend_Slimebound","Slimebound:Defend_Slimebound","Slimebound:Defend_Slimebound","Slimebound:Split","Slimebound:CorrosiveSpit","Slimebound:SplitAcid","Slimebound:LeechingTouch","Slimebound:SlimeSlap+1","Slimebound:DivideAndConquer+1","Slimebound:LeechEnergy","Slimebound:GoopSpray","Slimebound:RallyTheTroops+1","Slimebound:LeadByExample","Slimebound:HungryTackle","Slimebound:SplitLeeching","Slimebound:MassRepurpose+1","Slimebound:GoopSpray+1","Slimebound:SlimeBrawl+1","Slimebound:SplitSpecialist+1","Slimebound:SlimeSpikes","Slimebound:MinionMaster","Slimebound:SlimeBrawl","Slimebound:AcidTongue","Slimebound:SelfFormingGoo+1","Slimebound:OozeBath","Slimebound:OneTwoCombo+1","Slimebound:Replication","Slimebound:ProtectTheBoss","Slimebound:Overexert+1","Slimebound:LevelUp+1","Slimebound:LivingWall+1","Slimebound:SplitSpecialist","Slimebound:SamplingLick+1","Slimebound:SplitAcid+1","Slimebound:SlimeBrawl+1","Slimebound:SplitLeeching","Slimebound:MinionMaster","Slimebound:Equalize+1","Slimebound:SplitMire","expansioncontent:LastStand"],"relics":["Slimebound:AbsorbEndCombat","Toy Ornithopter","White Beast Statue","Potion Belt","downfall:HeartBlessingRed","Slimebound:SlimedTailRelic","Smiling Mask","expansioncontent:StudyCardRelic","downfall:HeartBlessingGreen","Akabeko","downfall:CloakOfManyFaces","CultistMask","FaceOfCleric","NlothsMask","GremlinMask","SsserpentHead","bronze:DecasWashers","Lee\u0027s Waffle","SlaversCollar","downfall:HeartBlessingBlue","Bag of Marbles","Shovel","ClockworkSouvenir","Bronze Scales","Frozen Eye","Letter Opener","bronze:BronzeIdol","Vajra"],"acts_visited":["Exordium","TheCity","TheBeyond","TheEnding"],"potions_floor_usage":[12,14,16,16,16,22,23,23,25,27,28,30,32,33,33,33,39,39,39,45,47,48,48,49,50,50,52,56,56,56,56],"damage_taken":[{"damage":6,"enemies":"2 Louse","floor":2,"turns":3},{"damage":8,"enemies":"Jaw Worm","floor":3,"turns":5},{"damage":8,"enemies":"downfall:FleeingMerchant","floor":4,"turns":4},{"damage":6,"enemies":"Cultist","floor":5,"turns":4},{"damage":6,"enemies":"2 Fungi Beasts","floor":6,"turns":4},{"damage":23,"enemies":"Lagavulin","floor":8,"turns":7},{"damage":0,"enemies":"Gremlin Nob","floor":10,"turns":3},{"damage":16,"enemies":"3 Sentries","floor":12,"turns":5},{"damage":10,"enemies":"Gremlin Gang","floor":14,"turns":4},{"damage":25,"enemies":"Lots of Slimes","floor":15,"turns":4},{"damage":24,"enemies":"DF_ARCHETYPE_STREAMLINE","floor":16,"turns":10},{"damage":29,"enemies":"3 Byrds","floor":19,"turns":4},{"damage":13,"enemies":"downfall:FaceTrader","floor":21,"turns":6},{"damage":3,"enemies":"Snecko","floor":22,"turns":3},{"damage":7,"enemies":"Centurion and Healer","floor":23,"turns":5},{"damage":0,"enemies":"3 Cultists","floor":25,"turns":3},{"damage":52,"enemies":"Slavers","floor":27,"turns":6},{"damage":2,"enemies":"downfall:FleeingMerchant","floor":28,"turns":4},{"damage":0,"enemies":"Chosen and Byrds","floor":30,"turns":3},{"damage":15,"enemies":"Sentry and Sphere","floor":31,"turns":4},{"damage":4,"enemies":"Snecko","floor":32,"turns":5},{"damage":0,"enemies":"WA_ARCHETYPE_CALM","floor":33,"turns":4},{"damage":0,"enemies":"Orb Walker","floor":36,"turns":4},{"damage":16,"enemies":"3 Shapes","floor":37,"turns":7},{"damage":34,"enemies":"Spire Growth","floor":39,"turns":4},{"damage":5,"enemies":"downfall:FleeingMerchant","floor":43,"turns":4},{"damage":63,"enemies":"Transient","floor":44,"turns":5},{"damage":9,"enemies":"Maw","floor":45,"turns":5},{"damage":18,"enemies":"Sphere and 2 Shapes","floor":47,"turns":3},{"damage":10,"enemies":"downfall:FleeingMerchant","floor":48,"turns":4},{"damage":20,"enemies":"3 Darklings","floor":49,"turns":3},{"damage":0,"enemies":"IC_BLOCK_ARCHETYPE","floor":50,"turns":8},{"damage":65,"enemies":"downfall:CharBossMerchant","floor":52,"turns":8},{"damage":52,"enemies":"downfall:NeowBoss","floor":55,"turns":15},{"damage":90,"enemies":"downfall:NeowBossFinal","floor":56,"turns":8}],"seed_played":"-2251520396171744647","potions_obtained":[{"floor":3,"key":"Block Potion"},{"floor":5,"key":"Regen Potion"},{"floor":8,"key":"Energy Potion"},{"floor":10,"key":"champ:CounterPotion"},{"floor":12,"key":"Energy Potion"},{"floor":14,"key":"SteroidPotion"},{"floor":15,"key":"Explosive Potion"},{"floor":16,"key":"DistilledChaos"},{"floor":19,"key":"ColorlessPotion"},{"floor":21,"key":"Slimebound:SlimyTonguePotion"},{"floor":22,"key":"Swift Potion"},{"floor":23,"key":"LiquidMemories"},{"floor":25,"key":"sneckomod:MuddlingPotion"},{"floor":27,"key":"sneckomod:MuddlingPotion"},{"floor":28,"key":"Slimebound:SpawnSlimePotion"},{"floor":30,"key":"Weak Potion"},{"floor":31,"key":"Explosive Potion"},{"floor":32,"key":"AttackPotion"},{"floor":33,"key":"sneckomod:MuddlingPotion"},{"floor":36,"key":"BlessingOfTheForge"},{"floor":37,"key":"SpeedPotion"},{"floor":39,"key":"Ancient Potion"},{"floor":43,"key":"champ:CounterPotion"},{"floor":44,"key":"sneckomod:MuddlingPotion"},{"floor":45,"key":"LiquidMemories"},{"floor":47,"key":"AttackPotion"},{"floor":48,"key":"EssenceOfSteel"},{"floor":49,"key":"LiquidMemories"},{"floor":52,"key":"Swift Potion"}],"is_trial":false,"path_per_floor":["R","M","M","$","M","M","T","E","R","E","?","E","?","M","M","B",null,"R","M","T","?","M","M","T","M","R","E","$","R","M","M","M","B",null,"R","M","M","?","M","?","T","R","$","M","M","R","M","$","M","B",null,"E","$","R","B","B"],"character_chosen":"SLIMEBOUND","items_purchased":["Lee\u0027s Waffle","Slimebound:SelfFormingGoo","Slimebound:OozeBath","Bag of Marbles","Shovel","ClockworkSouvenir","Slimebound:MinionMaster","Bronze Scales","Frozen Eye","Slimebound:SlimedPotion","LiquidMemories","bronze:BronzeIdol","Vajra","expansioncontent:LastStand"],"campfire_rested":2,"item_purchase_floors":[28,28,28,43,43,43,48,48,48,53,53,53,53,53],"current_hp_per_floor":[65,59,57,53,51,47,47,30,30,34,39,35,35,41,16,30,70,70,43,43,38,43,60,60,73,73,24,82,82,83,73,83,86,86,86,87,76,76,62,62,62,72,72,10,16,46,36,39,36,67,106,50,50,82,45,0,0,0],"gold":140,"neow_bonus":"RANDOM_COMMON_RELIC","is_daily":false,"chose_seed":false,"campfire_upgraded":6,"win_rate":0.0,"timestamp":1612317045,"path_taken":["R","M","M","$","M","M","T","E","R","E","?","E","?","M","M","BOSS","R","M","?","?","M","?","T","?","R","E","$","R","M","M","M","BOSS","R","M","M","?","M","?","T","R","$","M","M","R","M","?","M","BOSS","E","$","R","BOSS","BOSS"],"items_purchased_type":["Relic","Card","Card","Relic","Relic","Relic","Card","Relic","Relic","Potion","Potion","Relic","Relic","Card"],"build_version":"2020-12-22","purchased_purges":2,"victory":false,"max_hp_per_floor":[65,65,65,65,65,65,65,65,65,65,70,70,70,70,70,70,70,70,70,70,70,71,72,72,73,73,74,82,82,83,84,85,86,86,86,87,88,88,89,89,89,99,100,101,102,102,103,104,105,106,106,107,107,107,108,108,108,108],"card_choices":[{"not_picked":["Slimebound:HauntingLick","Slimebound:ComboTackle"],"picked":"Slimebound:SplitAcid","floor":2},{"not_picked":["Slimebound:RollThrough","Slimebound:ItLooksTasty"],"picked":"Slimebound:LeechingTouch","floor":3},{"not_picked":["Slimebound:HauntingLick","Slimebound:LivingWall"],"picked":"Slimebound:SlimeSlap","floor":4},{"not_picked":["Slimebound:SlimeSpikes","Slimebound:GoopTackle"],"picked":"Slimebound:DivideAndConquer","floor":5},{"not_picked":["Slimebound:LivingWall","Slimebound:FormOfPuddle"],"picked":"Slimebound:LeechEnergy","floor":6},{"not_picked":["Slimebound:LeechEnergy","Slimebound:PressTheAttack"],"picked":"Slimebound:GoopSpray","floor":8},{"not_picked":["Slimebound:Replication","Slimebound:Prepare"],"picked":"Slimebound:RallyTheTroops","floor":10},{"not_picked":["Slimebound:SlimeTap","Slimebound:PressTheAttack"],"picked":"Slimebound:LeadByExample","floor":12},{"not_picked":["Slimebound:HauntingLick","Slimebound:SlimeSpikes"],"picked":"Slimebound:HungryTackle","floor":14},{"not_picked":["Slimebound:SlimeSpikes","Slimebound:Prepare"],"picked":"Slimebound:SplitLeeching","floor":15},{"not_picked":["Slimebound:SlimeSlap","Slimebound:Teamwork"],"picked":"Slimebound:MassRepurpose","floor":16},{"not_picked":["Slimebound:LeechEnergy","Slimebound:AcidTongue"],"picked":"Slimebound:GoopSpray+1","floor":19},{"not_picked":["Slimebound:MegaLick","Slimebound:SplitLeeching"],"picked":"Slimebound:SlimeBrawl+1","floor":21},{"not_picked":["Slimebound:SplitLeeching+1","Slimebound:Equalize"],"picked":"Slimebound:SplitSpecialist+1","floor":22},{"not_picked":["Slimebound:ComboTackle","Slimebound:GoopTackle"],"picked":"Slimebound:SlimeSpikes","floor":23},{"not_picked":["Slimebound:Grow+1","Slimebound:SlimeSpikes"],"picked":"Slimebound:MinionMaster","floor":25},{"not_picked":["Slimebound:LeechEnergy","Slimebound:SlimeSpikes"],"picked":"Slimebound:SlimeBrawl","floor":27},{"not_picked":["Slimebound:SplitLeeching+1","Slimebound:LivingWall+1"],"picked":"Slimebound:AcidTongue","floor":28},{"not_picked":["Slimebound:FinishingTackle","Slimebound:Replication+1"],"picked":"Slimebound:OneTwoCombo","floor":30},{"not_picked":["Slimebound:GoopSpray","Slimebound:RainOfGoop"],"picked":"Slimebound:Replication","floor":31},{"not_picked":["Slimebound:LeechingTouch+1","Slimebound:SlimeBrawl+1"],"picked":"Slimebound:ProtectTheBoss","floor":32},{"not_picked":["Slimebound:PrepareCrush","Slimebound:DouseInSlime"],"picked":"Slimebound:Overexert","floor":33},{"not_picked":["Slimebound:Nibble","Slimebound:LeechEnergy","Slimebound:Schlurp"],"picked":"SKIP","floor":36},{"not_picked":["Slimebound:SamplingLick+1","Slimebound:GoopTackle+1"],"picked":"Slimebound:LevelUp+1","floor":37},{"not_picked":["Slimebound:RainOfGoop+1","Slimebound:ItLooksTasty"],"picked":"Slimebound:LivingWall+1","floor":39},{"not_picked":["Slimebound:SamplingLick","Slimebound:ItLooksTasty"],"picked":"Slimebound:SplitSpecialist","floor":43},{"not_picked":["Slimebound:LeadByExample","Slimebound:ViciousTackle"],"picked":"Slimebound:SamplingLick+1","floor":44},{"not_picked":["Slimebound:Recycling","Slimebound:LivingWall+1"],"picked":"Slimebound:SplitAcid+1","floor":45},{"not_picked":["Slimebound:ComboTackle","Slimebound:LeechingTouch"],"picked":"Slimebound:SlimeBrawl+1","floor":47},{"not_picked":["Slimebound:Nibble+1","Slimebound:SlimeSpikes"],"picked":"Slimebound:SplitLeeching","floor":48},{"not_picked":["Slimebound:Replication+1","Slimebound:GoopSpray+1"],"picked":"Slimebound:Equalize+1","floor":49},{"not_picked":["Slimebound:SlimeSpikes+1","Slimebound:CheckThePlaybook"],"picked":"Slimebound:SplitMire","floor":52}],"player_experience":173638,"relics_obtained":[{"floor":7,"key":"White Beast Statue"},{"floor":8,"key":"Potion Belt"},{"floor":10,"key":"Slimebound:SlimedTailRelic"},{"floor":12,"key":"Smiling Mask"},{"floor":20,"key":"Akabeko"},{"floor":21,"key":"downfall:CloakOfManyFaces"},{"floor":27,"key":"bronze:DecasWashers"},{"floor":52,"key":"Letter Opener"}],"event_choices":[{"damage_healed":0,"gold_gain":0,"player_choice":"Donut","damage_taken":0,"max_hp_gain":5,"max_hp_loss":0,"event_name":"Big Fish","floor":11,"gold_loss":0}],"is_beta":false,"boss_relics":[{"not_picked":["beaked:SacredDeck","Astrolabe"],"picked":"expansioncontent:StudyCardRelic"},{"not_picked":["Sozu","Snecko Eye"],"picked":"SlaversCollar"}],"items_purged_floors":[43,48],"is_endless":false,"potions_floor_spawned":[3,5,8,10,12,14,15,16,19,21,22,23,25,27,28,30,31,32,33,36,37,39,43,44,45,47,48,49,52],"killed_by":"downfall:NeowBossFinal","ascension_level":2}}