{"host":"1bzbl1adcbkdzqlf","time":1612325836,"event":{"mods":["BaseMod","Minty Spire (QoL Compilation)","Slay the Relics Exporter"],"gold_per_floor":[119,119,132,307,84,111,129,160,160,170,217,217,235,251,251,355,355,369,379,14,14,14,14],"floor_reached":22,"language":"ENG","playtime":1176,"items_purged":["Doubt","Strike_R"],"score":274,"play_id":"2ad2b2c4-c9cc-4443-bcc8-56afc068c366","local_time":"20210202221716","is_ascension_mode":true,"campfire_choices":[{"floor":12,"key":"REST"},{"floor":15,"key":"REST"}],"circlet_count":0,"master_deck":["Strike_R","Strike_R","Strike_R","Strike_R","Defend_R","Defend_R","Defend_R","Defend_R","Bash","Inflame+1","Cleave","Iron Wave","Inflame","Heavy Blade","Flex","Armaments","Disarm","Bludgeon","Flex+1","Heavy Blade","Thunderclap","RitualDagger"],"relics":["Burning Blood","Champion Belt","Sling","Shuriken","Pen Nib","The Courier","Happy Flower","Black Star","HandDrill","Nunchaku"],"acts_visited":["Exordium","TheCity"],"potions_floor_usage":[6,10,16,18,18,19],"damage_taken":[{"damage":0,"enemies":"Small Slimes","floor":1,"turns":3},{"damage":9,"enemies":"Jaw Worm","floor":3,"turns":4},{"damage":30,"enemies":"Lagavulin","floor":6,"turns":5},{"damage":4,"enemies":"Cultist","floor":7,"turns":3},{"damage":24,"enemies":"Gremlin Nob","floor":8,"turns":4},{"damage":3,"enemies":"3 Louse","floor":10,"turns":2},{"damage":3,"enemies":"Blue Slaver","floor":13,"turns":3},{"damage":10,"enemies":"2 Fungi Beasts","floor":14,"turns":3},{"damage":12,"enemies":"Slime Boss","floor":16,"turns":7},{"damage":21,"enemies":"2 Thieves","floor":18,"turns":3},{"damage":2,"enemies":"Shell Parasite","floor":19,"turns":2},{"damage":62,"enemies":"Masked Bandits","floor":22,"turns":3}],"seed_played":"129008889489100660","potions_obtained":[{"floor":3,"key":"SteroidPotion"},{"floor":6,"key":"Ancient Potion"},{"floor":8,"key":"DistilledChaos"},{"floor":13,"key":"Block Potion"},{"floor":16,"key":"AttackPotion"},{"floor":18,"key":"DistilledChaos"}],"is_trial":false,"path_per_floor":["M","?","M","?","$","E","M","E","T","M","T","R","M","M","R","B",null,"M","M","$","?","?"],"character_chosen":"IRONCLAD","items_purchased":["Sling","Thunderclap","HandDrill","Nunchaku"],"campfire_rested":2,"item_purchase_floors":[5,20,20,20],"current_hp_per_floor":[57,57,54,54,54,30,32,14,14,17,17,41,44,40,64,58,75,60,64,64,58,0,0],"gold":14,"neow_bonus":"ONE_RARE_RELIC","is_daily":false,"chose_seed":false,"campfire_upgraded":0,"win_rate":0.0,"timestamp":1612325836,"path_taken":["M","?","M","?","$","E","M","E","T","M","?","R","M","?","R","BOSS","M","M","$","?","?"],"items_purchased_type":["Relic","Card","Relic","Relic"],"build_version":"2020-12-22","purchased_purges":2,"victory":false,"max_hp_per_floor":[80,80,80,80,80,80,80,80,80,80,80,80,80,80,80,80,80,80,80,80,80,80,80],"card_choices":[{"not_picked":["Body Slam","Dropkick"],"picked":"Inflame","floor":1},{"not_picked":["Sever Soul","Carnage"],"picked":"Cleave","floor":3},{"not_picked":["Fire Breathing","Second Wind"],"picked":"Iron Wave","floor":6},{"not_picked":["Intimidate","Reckless Charge"],"picked":"Inflame","floor":7},{"not_picked":["Twin Strike","Anger"],"picked":"Heavy Blade","floor":8},{"not_picked":["Seeing Red","Intimidate"],"picked":"Flex","floor":10},{"not_picked":["Metallicize","Cleave"],"picked":"Armaments","floor":13},{"not_picked":["Dual Wield","Dropkick"],"picked":"Disarm","floor":14},{"not_picked":["Brutality","Fiend Fire"],"picked":"Bludgeon","floor":16},{"not_picked":["Perfected Strike","Burning Pact+1"],"picked":"Flex+1","floor":18},{"not_picked":["Headbutt","Whirlwind"],"picked":"Heavy Blade","floor":19}],"player_experience":324009,"relics_obtained":[{"floor":6,"key":"Shuriken"},{"floor":8,"key":"Pen Nib"},{"floor":9,"key":"The Courier"},{"floor":11,"key":"Happy Flower"}],"event_choices":[{"damage_healed":0,"gold_gain":0,"player_choice":"Grow","damage_taken":0,"max_hp_gain":0,"max_hp_loss":0,"event_name":"Living Wall","floor":2,"gold_loss":0,"cards_upgraded":["Inflame"]},{"damage_healed":0,"gold_gain":175,"player_choice":"AGREE","damage_taken":0,"max_hp_gain":0,"max_hp_loss":0,"event_name":"Liars Game","floor":4,"gold_loss":0,"cards_obtained":["Doubt"]},{"damage_healed":0,"gold_gain":0,"player_choice":"Joined the Cult","damage_taken":6,"max_hp_gain":0,"max_hp_loss":0,"event_name":"Nest","floor":21,"gold_loss":0,"cards_obtained":["RitualDagger"]},{"damage_healed":0,"gold_gain":0,"player_choice":"Fought Bandits","damage_taken":0,"max_hp_gain":0,"max_hp_loss":0,"event_name":"Masked Bandits","floor":22,"gold_loss":0}],"is_beta":false,"boss_relics":[{"not_picked":["Runic Dome","Busted Crown"],"picked":"Black Star"}],"items_purged_floors":[5,20],"is_endless":false,"potions_floor_spawned":[3,6,8,13,16,18],"killed_by":"Masked Bandits","ascension_level":8}}