{"host":"osfffw6eu3utmcte","time":1612360686,"event":{"mods":["AchievementEnabler","BaseMod","Downfall","Hermit","Jorbs\u0027s Wanderer Trilogy","Minty Spire (QoL Compilation)","StSLib","The Cursed"],"gold_per_floor":[99,109,128,146,52,81,157,177,208,208,222,237,137,137,147,243,243,243,263,263,282,282,294,343,343,357,357,357,357],"floor_reached":27,"language":"ENG","playtime":2867,"items_purged":[],"score":227,"play_id":"544c5985-77c2-47d3-82df-1c661ed00622","local_time":"20210203145806","is_ascension_mode":false,"campfire_choices":[{"data":"champ:Taunt","floor":1.0,"key":"SMITH"},{"floor":13.0,"key":"REST"},{"floor":18.0,"key":"RECALL"}],"circlet_count":0,"master_deck":["champ:Strike","champ:Strike","champ:Strike","champ:Strike","champ:Defend","champ:Defend","champ:Defend","champ:Defend","champ:Execute","champ:Taunt+1","champ:RisingSlash","champ:FlashCut","champ:PreciseThrust","champ:BringItOn","champ:GladiatorStyle","champ:ArenaPreparation","champ:IronFortress","champ:Lariat","champ:AdrenalArmor+1","champ:CalledShot+1","champ:MurderStrike","champ:GladiatorForm","champ:Backstep+1","champ:Circumvent+1","champ:DefensiveShout+1","champ:EnGarde+1","champ:FalseCounter+1"],"relics":["champ:ChampionCrown","Bag of Marbles","Sundial","Centennial Puzzle","Toxic Egg 2","downfall:HeartBlessingGreen","Fusion Hammer","Frozen Egg 2"],"acts_visited":["Exordium","TheCity"],"potions_floor_usage":[27,27],"damage_taken":[{"damage":11.0,"enemies":"Cultist","floor":2.0,"turns":5.0},{"damage":17.0,"enemies":"2 Louse","floor":3.0,"turns":2.0},{"damage":6.0,"enemies":"Small Slimes","floor":4.0,"turns":2.0},{"damage":30.0,"enemies":"downfall:FleeingMerchant","floor":5.0,"turns":4.0},{"damage":21.0,"enemies":"Lagavulin","floor":6.0,"turns":8.0},{"damage":10.0,"enemies":"Blue Slaver","floor":8.0,"turns":2.0},{"damage":31.0,"enemies":"3 Sentries","floor":9.0,"turns":5.0},{"damage":10.0,"enemies":"2 Fungi Beasts","floor":11.0,"turns":3.0},{"damage":6.0,"enemies":"3 Louse","floor":12.0,"turns":5.0},{"damage":10.0,"enemies":"Large Slime","floor":15.0,"turns":6.0},{"damage":36.0,"enemies":"WA_ARCHETYPE_RETAIN","floor":16.0,"turns":5.0},{"damage":65.0,"enemies":"Shell Parasite","floor":19.0,"turns":6.0},{"damage":0.0,"enemies":"Chosen","floor":20.0,"turns":1.0},{"damage":78,"enemies":"Centurion and Healer","floor":21,"turns":6},{"damage":40,"enemies":"Sentry and Sphere","floor":23,"turns":3},{"damage":45,"enemies":"Snecko","floor":26,"turns":3},{"damage":89,"enemies":"Gremlin Leader","floor":27,"turns":8}],"seed_played":"-3000638361948674786","potions_obtained":[{"floor":2.0,"key":"Fruit Juice"},{"floor":4.0,"key":"champ:TechniquePotion"},{"floor":8.0,"key":"SkillPotion"},{"floor":12.0,"key":"FearPotion"},{"floor":15.0,"key":"DuplicationPotion"},{"floor":16.0,"key":"sneckomod:MuddlingPotion"},{"floor":26,"key":"champ:UltimateStancePotion"}],"is_trial":false,"path_per_floor":["R","M","M","M","$","E","T","M","E","?","M","M","R","?","M","B",null,"R","M","M","M","?","M","T","?","M","E"],"character_chosen":"THE_CHAMP","items_purchased":["champ:GladiatorStyle"],"campfire_rested":1,"item_purchase_floors":[5],"current_hp_per_floor":[99,98,91,85,85,79,79,79,78,45,45,39,68,68,63,47,104,104,94,94,76,76,76,76,61,61,0,0,0],"gold":357,"neow_bonus":"TEN_PERCENT_HP_BONUS","is_daily":false,"chose_seed":false,"campfire_upgraded":1,"win_rate":0.0,"timestamp":1612360686,"path_taken":["R","M","M","M","$","E","T","M","E","?","M","M","R","?","M","BOSS","R","M","M","M","?","M","T","?","?","E"],"items_purchased_type":["Card"],"build_version":"2020-12-22","purchased_purges":0,"victory":false,"max_hp_per_floor":[99,99,99,99,99,99,99,99,99,99,99,99,99,99,104,104,104,104,104,104,104,104,104,104,104,104,104,104,104],"card_choices":[{"not_picked":["champ:Circumvent","champ:SetATrap"],"picked":"champ:RisingSlash","floor":2.0},{"not_picked":["champ:CrownThrow","champ:Haymaker"],"picked":"champ:FlashCut","floor":3.0},{"not_picked":["champ:PerfectedStrike","champ:FocusedDefense"],"picked":"champ:PreciseThrust","floor":4.0},{"not_picked":["champ:ShieldThrow","champ:EndlessRage"],"picked":"champ:BringItOn","floor":5.0},{"not_picked":["champ:Encircle","champ:SwordThrow"],"picked":"champ:ArenaPreparation","floor":6.0},{"not_picked":["champ:Haymaker","champ:AdrenalArmor"],"picked":"champ:IronFortress","floor":8.0},{"not_picked":["champ:FlashCut","champ:SwordThrow"],"picked":"champ:Lariat","floor":9.0},{"not_picked":["champ:Haymaker","champ:EnGarde+1"],"picked":"champ:AdrenalArmor+1","floor":11.0},{"not_picked":["champ:CrownThrow","champ:EnragedBash"],"picked":"champ:CalledShot+1","floor":12.0},{"not_picked":["champ:Backstep+1","champ:Haymaker"],"picked":"champ:MurderStrike","floor":15.0},{"not_picked":["champ:LastStand","champ:IgnorePain+1"],"picked":"champ:GladiatorForm","floor":16.0},{"not_picked":["champ:HeartStrike+1","champ:FocusedBerserking+1"],"picked":"champ:Backstep+1","floor":19.0},{"not_picked":["champ:CalledShot+1","champ:EnragedBash"],"picked":"champ:Circumvent+1","floor":20},{"not_picked":["champ:BringItOn+1","champ:RapidStrikes+1"],"picked":"champ:DefensiveShout+1","floor":21},{"not_picked":["champ:RecklessLeap","champ:DefensiveShout+1"],"picked":"champ:EnGarde+1","floor":23},{"not_picked":["champ:FanOfKnives","champ:ShieldThrow"],"picked":"champ:FalseCounter+1","floor":26}],"player_experience":620768,"relics_obtained":[{"floor":6.0,"key":"Bag of Marbles"},{"floor":7.0,"key":"Sundial"},{"floor":9.0,"key":"Centennial Puzzle"}],"event_choices":[{"damage_healed":0.0,"max_hp_gain":0.0,"max_hp_loss":0.0,"gold_gain":0.0,"event_name":"Scrap Ooze","player_choice":"Success","floor":10.0,"gold_loss":0.0,"damage_taken":33.0,"relics_obtained":["Toxic Egg 2"]}],"is_beta":false,"boss_relics":[{"not_picked":["SacredBark","Snecko Eye"],"picked":"Fusion Hammer"}],"items_purged_floors":[],"is_endless":false,"potions_floor_spawned":[2,4,8,12,15,16,26],"killed_by":"Gremlin Leader","ascension_level":0}}