{"host":"ojt9u6ra2d449odx","time":1612362287,"event":{"mods":["BaseMod","Curses Come First","Downfall","Hubris","Minty Spire (QoL Compilation)","Relic Stats","Replay The Spire","StSLib","The Necromancer"],"gold_per_floor":[99,99,99,99,99,99,122,152,167,41,53,65,130,230,248,349,349,49,62,81,97,107,107,107,142,162,194,294,294,307,307,324,420,520,520,535,547,565,565,613,613,613,629,644,195,212,223,223,238,238,238,264,264,264,264,264],"floor_reached":57,"language":"ENG","playtime":12157,"items_purged":["downfall:Malfunctioning"],"score":1423,"play_id":"0e9aef5a-2a8d-4708-9395-2ac929319393","local_time":"20210203152447","is_ascension_mode":false,"campfire_choices":[{"floor":1.0,"key":"RECALL"},{"floor":18.0,"key":"DIG"},{"floor":29.0,"key":"REST"},{"floor":35.0,"key":"REST"}],"circlet_count":0,"master_deck":["champ:Strike","champ:Strike","champ:Strike","champ:Strike+1","champ:Defend+1","champ:Defend","champ:Defend","champ:Defend+1","champ:Execute","champ:Taunt","champ:DeathBlow","champ:EndlessRage","champ:Taunt","champ:Duel","champ:Endure","champ:MurderStrike","champ:IronFortress","champ:GutPunch","champ:IgnorePain","champ:StrikeOfGenius","champ:PreciseThrust","champ:ShieldWall","champ:RisingSlash+1","champ:StanceDance+1","champ:ShieldSlam","champ:GladiatorForm","champ:RapidStrikes","champ:ArenaPreparation+1","champ:Improvising","champ:ShieldWall","champ:PerfectedStrike","Replay:SS_hec_1","champ:BerserkersShout+1","champ:Improvising","champ:Endure+1","champ:ShieldWall+1","champ:FlashCut+1","champ:PerfectedStrike+1","champ:FocusedDefense"],"relics":["champ:ChampionCrown","downfall:HeartsMalice","Iron Hammer","Potion Belt","Fusion Hammer","downfall:HeartBlessingRed","downfall:HeartBlessingGreen","downfall:HeartBlessingBlue","Blood Vial","Durian","MealTicket","Eternal Feather","hubris:BottledHeart","Replay:Grab Bag","hubris:VirtuousBlindfold","Replay:Wanted Poster","Replay:Drink Me","hubris:FunFungus","Boot","Membership Card","Incense Burner","Chameleon Ring","Mummified Hand"],"acts_visited":["Exordium","TheCity","TheBeyond","TheEnding"],"potions_floor_usage":[55,55,55,56,56],"damage_taken":[{"damage":0.0,"enemies":"Jaw Worm","floor":2.0,"turns":1.0},{"damage":0.0,"enemies":"Small Slimes","floor":3.0,"turns":1.0},{"damage":0.0,"enemies":"Cultist","floor":6.0,"turns":1.0},{"damage":85.0,"enemies":"Gremlin Nob","floor":8.0,"turns":6.0},{"damage":10.0,"enemies":"Large Slime","floor":9.0,"turns":4.0},{"damage":10.0,"enemies":"downfall:FleeingMerchant","floor":10.0,"turns":4.0},{"damage":10.0,"enemies":"Blue Slaver","floor":11.0,"turns":2.0},{"damage":0.0,"enemies":"3 Louse","floor":12.0,"turns":3.0},{"damage":24.0,"enemies":"Large Slime","floor":15.0,"turns":5.0},{"damage":16.0,"enemies":"WA_ARCHETYPE_RETAIN","floor":16.0,"turns":10.0},{"damage":42.0,"enemies":"Spheric Guardian","floor":19.0,"turns":4.0},{"damage":29.0,"enemies":"Snake Plant","floor":20.0,"turns":6.0},{"damage":47.0,"enemies":"Shelled Parasite and Fungi","floor":21.0,"turns":6.0},{"damage":20.0,"enemies":"Snecko","floor":22.0,"turns":4.0},{"damage":104.0,"enemies":"Gremlin Leader","floor":25.0,"turns":6.0},{"damage":29.0,"enemies":"Chosen and Byrds","floor":26.0,"turns":4.0},{"damage":30.0,"enemies":"Replay:Snechameleon","floor":27.0,"turns":4.0},{"damage":16.0,"enemies":"Snake Plant","floor":30.0,"turns":5.0},{"damage":0.0,"enemies":"Shelled Parasite and Fungi","floor":32.0,"turns":4.0},{"damage":0.0,"enemies":"IC_MUSHROOM_ARCHETYPE","floor":33.0,"turns":12.0},{"damage":0.0,"enemies":"Orb Walker","floor":36.0,"turns":4.0},{"damage":0.0,"enemies":"3 Shapes","floor":37.0,"turns":5.0},{"damage":0.0,"enemies":"Transient","floor":38.0,"turns":5.0},{"damage":0.0,"enemies":"2 Orb Walkers","floor":40.0,"turns":4.0},{"damage":0.0,"enemies":"Spire Growth","floor":43.0,"turns":4.0},{"damage":0.0,"enemies":"Sphere and 2 Shapes","floor":44.0,"turns":5.0},{"damage":0.0,"enemies":"downfall:FleeingMerchant","floor":45.0,"turns":4.0},{"damage":0.0,"enemies":"Transient","floor":46.0,"turns":5.0},{"damage":0.0,"enemies":"3 Darklings","floor":47.0,"turns":3.0},{"damage":0.0,"enemies":"Maw","floor":49.0,"turns":7.0},{"damage":0.0,"enemies":"DF_ARCHETYPE_ORBS","floor":50.0,"turns":9.0},{"damage":0,"enemies":"downfall:CharBossMerchant","floor":52,"turns":10},{"damage":0,"enemies":"downfall:NeowBoss","floor":55,"turns":8},{"damage":0,"enemies":"downfall:NeowBossFinal","floor":56,"turns":8}],"seed_played":"-2073292867378159002","potions_obtained":[{"floor":9.0,"key":"ColorlessPotion"},{"floor":11.0,"key":"Cursed Concoction"},{"floor":12.0,"key":"LifebloodPotion"},{"floor":13.0,"key":"SteroidPotion"},{"floor":15.0,"key":"FairyPotion"},{"floor":20.0,"key":"Strength Potion"},{"floor":21.0,"key":"Strength Potion"},{"floor":25.0,"key":"hexamod:SoulburnPotion"},{"floor":36.0,"key":"Adrenaline Potion"},{"floor":37.0,"key":"Energy Potion"},{"floor":38.0,"key":"Strength Potion"},{"floor":49.0,"key":"Slimebound:ThreeZeroPotion"},{"floor":54,"key":"PowerPotion"}],"is_trial":false,"path_per_floor":["R","M","M","?","?","M","T","E","M","$","M","M","?","?","M","B",null,"R","M","M","M","M","?","T","E","M","E","?","R","M","?","M","B",null,"R","M","M","M","?","?","T","?","M","M","$","M","M","?","M","B",null,"E","$","R","B","B",null],"character_chosen":"THE_CHAMP","items_purchased":["champ:IronFortress","Membership Card","Incense Burner","Chameleon Ring"],"campfire_rested":2,"item_purchase_floors":[10,45,45,45],"current_hp_per_floor":[90,90,90,90,90,90,90,25,25,25,25,25,25,25,17,17,90,100,78,76,71,58,58,63,46,39,41,41,90,76,1,1,1,1,1,1,1,1,1,1,1,1,1,1,1,1,1,1,1,1,1,1,1,1,1,1],"gold":264,"neow_bonus":"THREE_ENEMY_KILL","is_daily":false,"chose_seed":false,"campfire_upgraded":0,"win_rate":0.0,"timestamp":1612362287,"path_taken":["R","M","M","?","?","?","T","E","M","$","M","M","?","?","M","BOSS","R","M","M","M","M","?","T","E","M","E","?","R","?","?","M","BOSS","R","M","M","M","?","?","T","?","M","M","$","M","M","?","M","BOSS","E","$","R","BOSS","BOSS"],"items_purchased_type":["Card","Relic","Relic","Relic"],"build_version":"2020-12-22","purchased_purges":1,"victory":true,"max_hp_per_floor":[90,90,90,90,90,90,90,90,90,90,90,90,90,90,90,90,90,100,100,100,100,100,100,105,105,105,105,105,105,105,1,1,1,1,1,1,1,1,1,1,1,1,1,1,1,1,1,1,1,1,1,1,1,1,1,1],"relic_stats":{"Blood Vial":14,"counters":[34,170],"Mummified Hand":[26],"MealTicket":0,"Eternal Feather":18,"Boot":[51],"obtain_stats":[{"Potion Belt":13,"downfall:HeartBlessingRed":18,"Replay:Grab Bag":34,"hubris:VirtuousBlindfold":34,"champ:ChampionCrown":0,"downfall:HeartsMalice":0,"downfall:HeartBlessingGreen":18,"Eternal Feather":27,"Incense Burner":45,"Boot":41,"Blood Vial":18,"Replay:Wanted Poster":34,"Chameleon Ring":45,"downfall:HeartBlessingBlue":18,"hubris:BottledHeart":31,"Mummified Hand":52,"MealTicket":25,"Iron Hammer":8,"Fusion Hammer":17,"hubris:FunFungus":40,"Durian":24,"Membership Card":45,"Replay:Drink Me":34},{"Potion Belt":8,"downfall:HeartBlessingRed":10,"Replay:Grab Bag":20,"hubris:VirtuousBlindfold":20,"champ:ChampionCrown":0,"downfall:HeartsMalice":0,"downfall:HeartBlessingGreen":10,"Eternal Feather":17,"Incense Burner":27,"Boot":24,"Blood Vial":10,"Replay:Wanted Poster":20,"Chameleon Ring":27,"downfall:HeartBlessingBlue":10,"hubris:BottledHeart":18,"Mummified Hand":32,"MealTicket":15,"Iron Hammer":4,"Fusion Hammer":10,"hubris:FunFungus":24,"Durian":14,"Membership Card":27,"Replay:Drink Me":20},{"Potion Belt":19,"downfall:HeartBlessingRed":34,"Replay:Grab Bag":89,"hubris:VirtuousBlindfold":89,"champ:ChampionCrown":0,"downfall:HeartsMalice":0,"downfall:HeartBlessingGreen":34,"Eternal Feather":68,"Incense Burner":120,"Boot":107,"Blood Vial":34,"Replay:Wanted Poster":89,"Chameleon Ring":120,"downfall:HeartBlessingBlue":34,"hubris:BottledHeart":73,"Mummified Hand":154,"MealTicket":60,"Iron Hammer":6,"Fusion Hammer":34,"hubris:FunFungus":107,"Durian":54,"Membership Card":120,"Replay:Drink Me":89}]},"card_choices":[{"not_picked":["champ:CrookedStrike","champ:EnGarde"],"picked":"champ:DeathBlow","floor":2.0},{"not_picked":["champ:Backstep","champ:FlashCut"],"picked":"champ:EndlessRage","floor":3.0},{"not_picked":["champ:TornadoPunch","champ:EndlessRage"],"picked":"champ:Duel","floor":6.0},{"not_picked":["champ:Shatter","champ:PerfectedStrike"],"picked":"champ:LastStand","floor":8.0},{"not_picked":["champ:Backstep","champ:Haymaker"],"picked":"champ:Endure","floor":9.0},{"not_picked":["champ:CalledShot","champ:Duel"],"picked":"champ:MurderStrike","floor":10.0},{"not_picked":["champ:Parry","champ:PreciseThrust"],"picked":"champ:BerserkersShout","floor":11.0},{"not_picked":["champ:DefensiveShout","champ:StanceDance","champ:EnGarde"],"picked":"SKIP","floor":12.0},{"not_picked":["champ:BerserkersShout","champ:BringItOn"],"picked":"champ:GutPunch","floor":13.0},{"not_picked":["champ:FlashCut","champ:Shatter"],"picked":"champ:IgnorePain","floor":13.0},{"not_picked":["champ:Haymaker","champ:Shatter","champ:Backstep"],"picked":"SKIP","floor":15.0},{"not_picked":["champ:GladiatorForm","champ:UltimateStance"],"picked":"champ:StrikeOfGenius","floor":16.0},{"not_picked":["champ:FlashCut","champ:BladeFlurry"],"picked":"champ:PreciseThrust","floor":19.0},{"not_picked":["champ:SetATrap","champ:AdrenalArmor"],"picked":"champ:ShieldWall","floor":20.0},{"not_picked":["champ:PerfectedStrike","champ:ArenaPreparation"],"picked":"champ:RisingSlash+1","floor":21.0},{"not_picked":["champ:GladiatorStyle","champ:Backstep"],"picked":"champ:StanceDance+1","floor":22.0},{"not_picked":["champ:Backstep","champ:AdrenalArmor"],"picked":"champ:ShieldSlam","floor":25.0},{"not_picked":["champ:SetATrap","champ:StanceDance"],"picked":"champ:GladiatorForm","floor":26.0},{"not_picked":["champ:EnGarde","champ:FaceSlap"],"picked":"champ:RapidStrikes","floor":27.0},{"not_picked":["champ:TornadoPunch","champ:ShieldSlam+1"],"picked":"champ:ArenaPreparation+1","floor":30.0},{"not_picked":["champ:CrownThrow","champ:EnragedBash","champ:BringItOn"],"picked":"SKIP","floor":32.0},{"not_picked":["champ:SteelEdge","champ:Devastate"],"picked":"champ:Improvising","floor":33.0},{"not_picked":["champ:BladeFlurry","champ:PreciseThrust+1"],"picked":"champ:ShieldWall","floor":36.0},{"not_picked":["champ:Circumvent","champ:FanOfKnives","champ:TornadoPunch"],"picked":"SKIP","floor":37.0},{"not_picked":["champ:BladeFlurry","champ:FalseCounter"],"picked":"champ:PerfectedStrike","floor":38.0},{"not_picked":["expansioncontent:PolyBeam","expansioncontent:HyperBeam"],"picked":"Replay:SS_hec_1","floor":42.0},{"not_picked":["champ:Circumvent+1","champ:ShieldSlam"],"picked":"champ:BerserkersShout+1","floor":43.0},{"not_picked":["champ:Circumvent+1","champ:Backstep+1"],"picked":"champ:Improvising","floor":44.0},{"not_picked":["champ:FalseCounter","champ:BringItOn"],"picked":"champ:Endure+1","floor":45.0},{"not_picked":["champ:StanceDance","champ:PreemptiveStrike+1"],"picked":"champ:ShieldWall+1","floor":46.0},{"not_picked":["champ:GutPunch","champ:HeartStrike+1"],"picked":"champ:FlashCut+1","floor":47.0},{"not_picked":["champ:RisingSlash+1","champ:FanOfKnives+1"],"picked":"champ:PerfectedStrike+1","floor":49.0},{"not_picked":["champ:AdrenalArmor","champ:Parry+1"],"picked":"champ:FocusedDefense","floor":52}],"player_experience":140097,"relics_obtained":[{"floor":8.0,"key":"Iron Hammer"},{"floor":13.0,"key":"Potion Belt"},{"floor":18.0,"key":"Blood Vial"},{"floor":24.0,"key":"Durian"},{"floor":25.0,"key":"MealTicket"},{"floor":27.0,"key":"Eternal Feather"},{"floor":40.0,"key":"hubris:FunFungus"},{"floor":41.0,"key":"Boot"},{"floor":52,"key":"Mummified Hand"}],"event_choices":[{"damage_healed":0.0,"max_hp_gain":0.0,"max_hp_loss":0.0,"gold_gain":0.0,"event_name":"Mysterious Sphere","player_choice":"Fight","floor":40.0,"gold_loss":0.0,"damage_taken":0.0}],"is_beta":false,"boss_relics":[{"not_picked":["Black Star","Coffee Dripper"],"picked":"Fusion Hammer"},{"not_picked":["Astrolabe","Runic Pyramid"],"picked":"Replay:Grab Bag"},{"not_picked":["Painkiller Herb","hubris:TerracottaHorce"],"picked":"hubris:VirtuousBlindfold"},{"not_picked":["bronze:MakeshiftBattery","ChewingGum"],"picked":"Replay:Wanted Poster"},{"not_picked":["Ring of Chaos","Snecko Eye"],"picked":"Replay:Drink Me"}],"items_purged_floors":[10],"is_endless":false,"potions_floor_spawned":[9,11,12,15,20,21,25,36,37,38,49,52],"ascension_level":0}}