{"host":"59wnhi65kiwmnpg4","time":1612368877,"event":{"mods":["2.2 Compatiblity","AchievementEnabler","BaseMod","BetterRewards","Colored Map","Custom Start","Disable Question Mark Monsters","Highlight Path","Minty Spire (QoL Compilation)","Permanent Neow","Relic Sorter","Relic Stats"],"gold_per_floor":[113,129,139,154,165,165,194,194,217,217,217],"floor_reached":10,"language":"ENG","playtime":598,"items_purged":[],"score":140,"play_id":"609696d6-bbdf-40a8-96b4-e6182216de20","local_time":"20210203161437","is_ascension_mode":true,"campfire_choices":[{"data":"Deadly Poison","floor":6.0,"key":"SMITH"},{"data":"Burst","floor":8,"key":"SMITH"}],"circlet_count":0,"master_deck":["AscendersBane","Strike_G","Strike_G","Strike_G","Strike_G","Strike_G","Defend_G","Defend_G","Defend_G","Survivor","Neutralize","Burst+1","Footwork","Poisoned Stab","PiercingWail","Escape Plan","Deadly Poison+1","Blur","Deadly Poison"],"relics":["Ring of the Snake","Mango","Toy Ornithopter"],"acts_visited":["Exordium"],"potions_floor_usage":[7,7],"damage_taken":[{"damage":0.0,"enemies":"Cultist","floor":1.0,"turns":5.0},{"damage":2.0,"enemies":"2 Louse","floor":2.0,"turns":4.0},{"damage":15.0,"enemies":"Jaw Worm","floor":3.0,"turns":6.0},{"damage":3.0,"enemies":"3 Louse","floor":4.0,"turns":4.0},{"damage":9.0,"enemies":"Exordium Wildlife","floor":5.0,"turns":5.0},{"damage":28,"enemies":"3 Sentries","floor":7,"turns":11},{"damage":32,"enemies":"Gremlin Nob","floor":10,"turns":3}],"seed_played":"-3417066130802135377","potions_obtained":[{"floor":1.0,"key":"Energy Potion"},{"floor":4.0,"key":"Strength Potion"},{"floor":5.0,"key":"Regen Potion"}],"is_trial":false,"path_per_floor":["M","M","M","M","M","R","E","R","T","E"],"character_chosen":"THE_SILENT","items_purchased":[],"campfire_rested":0,"item_purchase_floors":[],"current_hp_per_floor":[59,57,42,39,30,30,31,31,31,0,0],"gold":217,"neow_bonus":"TRANSFORM_TWO_CARDS","is_daily":false,"chose_seed":false,"campfire_upgraded":2,"win_rate":0.0,"timestamp":1612368877,"path_taken":["M","M","M","M","M","R","E","R","T","E"],"items_purchased_type":[],"build_version":"2020-12-22","purchased_purges":0,"victory":false,"max_hp_per_floor":[60,60,60,60,60,60,74,74,74,74,74],"relic_stats":{"counters":[7,38],"obtain_stats":[{"Mango":7,"Toy Ornithopter":9,"Ring of the Snake":0},{"Mango":6,"Toy Ornithopter":6,"Ring of the Snake":0},{"Mango":35,"Toy Ornithopter":35,"Ring of the Snake":0}],"Toy Ornithopter":0,"Ring of the Snake":[14]},"card_choices":[{"not_picked":["Accuracy","Sucker Punch"],"picked":"Poisoned Stab","floor":1.0},{"not_picked":["Dagger Spray","Deflect"],"picked":"PiercingWail","floor":2.0},{"not_picked":["Distraction","Sucker Punch"],"picked":"Escape Plan","floor":3.0},{"not_picked":["Backflip","Predator"],"picked":"Deadly Poison","floor":4.0},{"not_picked":["Flying Knee","Reflex"],"picked":"Blur","floor":5.0},{"not_picked":["Poisoned Stab","Endless Agony"],"picked":"Deadly Poison","floor":7}],"player_experience":883353,"relics_obtained":[{"floor":7,"key":"Mango"},{"floor":9,"key":"Toy Ornithopter"}],"event_choices":[],"is_beta":false,"boss_relics":[],"items_purged_floors":[],"is_endless":false,"potions_floor_spawned":[1,4,5],"killed_by":"Gremlin Nob","ascension_level":20}}