{"host":"fortuna","time":1612358507,"event":{"mods":["100% Spire Juice","Act Like it!","Arknights","BaseMod","Downfall","Gensokyo","Hallownest","Luminous","Minty Spire (QoL Compilation)","Reimu£®≤©¿ˆ¡È√Œ£©","Relic Stats","StSLib","The Administrix","Waifu the Spire","WarShipGirlsR/’ΩΩ¢…Ÿ≈ÆR mod","Yakumo Yukari mod"],"gold_per_floor":[19,32,45,145,156,189,189,221,221,234,250,260,260,274,274,374,374,387,137,57,47,47,76,91,118,142,175,29,45,68,132,132,234,234,249,174,230,82,99,132,0,0,0,0,27,40,69,69,69,69,69,69,69,98,98],"floor_reached":56,"language":"ZHS","playtime":2371,"items_purged":["AT_purpleEX"],"score":1663,"play_id":"101cafdb-91df-49d8-95b2-9656c2b8ea56","local_time":"20210203212147","is_ascension_mode":true,"campfire_choices":[{"data":"Nest_LightFlightworm_purple","floor":7.0,"key":"SMITH"},{"floor":13.0,"key":"REST"},{"data":"ProofOfUnderstanding_purple","floor":15.0,"key":"SMITH"},{"floor":32.0,"key":"RECALL"}],"circlet_count":0,"master_deck":["AT_purpleEX","AT_purpleEX","Defend_purpleEX","Defend_purpleEX","Defend_purpleEX","Defend_purpleEX","Observe_purple_1","Observe_purple_2","Charmbait_purple","OmniscientAndOmnipotent_Monster_purple","Anti_communist_purple","Nest_LightFlightworm_purple+1","WorldDissolvedintheRealm_purple","Bait_HighSpeedFlying_purple","ProofOfUnderstanding_purple+1","DimensionStaggered_purple","Fancifulhole_purple","Erosivefilter_purple+1","Hallownest:skillCityofTearsMap","Mirror_FourBoundary_purple","SharpContractionReality_purple+1","Mirror_WaveAndshot_purple","CommonSense_AntiCommonSense_purple","SfantasyHide_purple+1","WeekHit_purple","WangLiang_OokamiKakushi_purple+1","Shallow_ocean_purpleEX+1","CommonSense_AntiCommonSense_purple+1","ExternalForce_HighSpeedFlying_purple","EighthInstrument_OneDividesIntoTwo_purple+1","ExternalForce_HighSpeedFlying_purple+1","ExistenceContinue_purple","WingOfChimera_purple+1"],"relics":["Boundary_crack","Memoryfragments_purpleEX","Incense Burner","Happy Flower","RuthlessExorcism:ReiMu","Mercury Hourglass","Fusion Hammer","Hallownest:UnbreakableCardRelic","Blue Candle","PureWhite:ReiMu","Lantern","Mummified Hand","Lee\u0027s Waffle","Coffee Dripper","TungstenRod","Whetstone","Letter Opener","Hallownest:StagBellRelic1","Bottled Lightning","Shuriken","Centennial Puzzle","Hallownest:KingsIdolRelic","Du-Vu Doll"],"acts_visited":["Exordium","Hallownest:CityofTears","Hallownest:KingdomsEdge","TheEnding"],"potions_floor_usage":[55],"damage_taken":[{"damage":1.0,"enemies":"Cultist","floor":1.0,"turns":5.0},{"damage":0.0,"enemies":"2 Louse","floor":2.0,"turns":3.0},{"damage":0.0,"enemies":"Jaw Worm","floor":3.0,"turns":3.0},{"damage":22.0,"enemies":"Exordium Wildlife","floor":5.0,"turns":4.0},{"damage":42.0,"enemies":"Gremlin Nob","floor":6.0,"turns":5.0},{"damage":13.0,"enemies":"3 Sentries","floor":8.0,"turns":6.0},{"damage":0.0,"enemies":"Looter","floor":10.0,"turns":2.0},{"damage":0.0,"enemies":"Large Slime","floor":11.0,"turns":2.0},{"damage":0.0,"enemies":"Blue Slaver","floor":12.0,"turns":1.0},{"damage":0.0,"enemies":"Exordium Wildlife","floor":14.0,"turns":1.0},{"damage":11.0,"enemies":"Hexaghost","floor":16.0,"turns":6.0},{"damage":12.0,"enemies":"Hallownest:3_Youths","floor":18.0,"turns":4.0},{"damage":31.0,"enemies":"Hallownest:eliteWatcherKnight","floor":23.0,"turns":9.0},{"damage":5.0,"enemies":"Hallownest:Flukemon_and_Top","floor":24.0,"turns":3.0},{"damage":9.0,"enemies":"Hallownest:eliteSoulWarrior","floor":25.0,"turns":5.0},{"damage":0.0,"enemies":"Hallownest:eliteWatcherKnight","floor":27.0,"turns":9.0},{"damage":0.0,"enemies":"Hallownest:monsterShrumalOgre","floor":29.0,"turns":3.0},{"damage":0.0,"enemies":"Hallownest:Glutton_and_Coward","floor":31.0,"turns":2.0},{"damage":0.0,"enemies":"Hallownest:BossMantisLord","floor":33.0,"turns":5.0},{"damage":0.0,"enemies":"Hallownest:3_Siblings","floor":35.0,"turns":3.0},{"damage":0.0,"enemies":"Hallownest:2_Primals","floor":37.0,"turns":3.0},{"damage":0.0,"enemies":"Hallownest:Shield_Heavy","floor":39.0,"turns":3.0},{"damage":0.0,"enemies":"Hallownest:StalkingDevout","floor":40.0,"turns":2.0},{"damage":0.0,"enemies":"Hallownest:eliteCollector","floor":45.0,"turns":3.0},{"damage":0.0,"enemies":"Hallownest:2_Great","floor":46.0,"turns":2.0},{"damage":0.0,"enemies":"Hallownest:StalkingDevout","floor":47.0,"turns":2.0},{"damage":0,"enemies":"Hallownest:Radiance","floor":50,"turns":4},{"damage":12,"enemies":"Shield and Spear","floor":54,"turns":2},{"damage":48,"enemies":"The Heart","floor":55,"turns":5}],"seed_played":"-2431708289092276998","potions_obtained":[{"floor":1.0,"key":"Regen Potion"},{"floor":3.0,"key":"Weak Potion"},{"floor":10.0,"key":"Fire Potion"},{"floor":11.0,"key":"Fire Potion"},{"floor":14.0,"key":"LiquidMemories"},{"floor":33.0,"key":"PanachePotion"},{"floor":40.0,"key":"ZuzhouPotion:ReiMu"},{"floor":45.0,"key":"Energy Potion"}],"is_trial":false,"path_per_floor":["M","M","M","?","M","E","R","E","T","M","M","M","R","M","R","B",null,"M","?","?","?","?","E","M","E","T","E","$","M","T","M","R","B",null,"M","$","?","$","M","E","?","R","T","R","E","M","E","?","R","B",null,"R","$","E","B",null],"character_chosen":"Youkari","items_purchased":["Lee\u0027s Waffle","Whetstone"],"campfire_rested":1,"item_purchase_floors":[28,38],"current_hp_per_floor":[70,70,70,70,49,20,20,8,8,9,9,9,30,32,32,24,70,61,61,61,61,61,33,29,23,23,24,77,77,77,77,77,77,77,77,77,77,77,77,77,77,77,77,77,77,77,77,77,77,77,77,77,77,70,22],"gold":98,"neow_bonus":"ONE_RARE_RELIC","is_daily":false,"chose_seed":false,"campfire_upgraded":2,"win_rate":0.0,"timestamp":1612358507,"path_taken":["M","?","M","?","M","E","R","E","T","M","M","?","R","M","R","BOSS","M","?","?","?","?","E","M","E","T","E","$","?","?","M","R","BOSS","M","$","?","?","?","E","?","R","T","R","E","M","E","?","R","BOSS","R","$","E","BOSS"],"items_purchased_type":["Relic","Relic"],"build_version":"2020-12-18","purchased_purges":1,"victory":true,"max_hp_per_floor":[70,70,70,70,70,70,70,70,70,70,70,70,70,70,70,70,70,70,70,70,70,70,70,70,70,70,70,77,77,77,77,77,77,77,77,77,77,77,77,77,77,77,77,77,77,77,77,77,77,77,77,77,77,77,77],"relic_stats":{"Lee\u0027s Waffle":53,"Centennial Puzzle":[6],"Happy Flower":[29],"counters":[29,105],"Mummified Hand":[46],"Shuriken":[12],"Blue Candle":[0],"Whetstone":["Shallow_ocean_purpleEX","WangLiang_OokamiKakushi_purple"],"Letter Opener":[26],"obtain_stats":[{"Lantern":26,"Lee\u0027s Waffle":28,"Hallownest:StagBellRelic1":41,"Happy Flower":6,"Hallownest:UnbreakableCardRelic":19,"Blue Candle":23,"Incense Burner":0,"Boundary_crack":0,"Whetstone":38,"Letter Opener":40,"Hallownest:KingsIdolRelic":48,"Mercury Hourglass":9,"Du-Vu Doll":54,"PureWhite:ReiMu":25,"Centennial Puzzle":47,"Mummified Hand":27,"Shuriken":45,"Fusion Hammer":17,"Coffee Dripper":34,"Bottled Lightning":43,"TungstenRod":37,"Memoryfragments_purpleEX":0,"RuthlessExorcism:ReiMu":8},{"Lantern":15,"Lee\u0027s Waffle":16,"Hallownest:StagBellRelic1":23,"Happy Flower":5,"Hallownest:UnbreakableCardRelic":12,"Blue Candle":13,"Incense Burner":0,"Boundary_crack":0,"Whetstone":21,"Letter Opener":23,"Hallownest:KingsIdolRelic":26,"Mercury Hourglass":6,"Du-Vu Doll":28,"PureWhite:ReiMu":15,"Centennial Puzzle":26,"Mummified Hand":16,"Shuriken":24,"Fusion Hammer":11,"Coffee Dripper":19,"Bottled Lightning":23,"TungstenRod":21,"Memoryfragments_purpleEX":0,"RuthlessExorcism:ReiMu":6},{"Lantern":58,"Lee\u0027s Waffle":67,"Hallownest:StagBellRelic1":87,"Happy Flower":20,"Hallownest:UnbreakableCardRelic":41,"Blue Candle":50,"Incense Burner":0,"Boundary_crack":0,"Whetstone":82,"Letter Opener":87,"Hallownest:KingsIdolRelic":94,"Mercury Hourglass":26,"Du-Vu Doll":100,"PureWhite:ReiMu":58,"Centennial Puzzle":94,"Mummified Hand":67,"Shuriken":90,"Fusion Hammer":38,"Coffee Dripper":76,"Bottled Lightning":87,"TungstenRod":82,"Memoryfragments_purpleEX":0,"RuthlessExorcism:ReiMu":26}],"TungstenRod":13,"Mercury Hourglass":[310]},"card_choices":[{"not_picked":["Mirror_FourBoundary_purple","Yakumo_Ran_purple"],"picked":"Charmbait_purple","floor":1.0},{"not_picked":["AdvanceAttack_purple","Mirror_FormAndEmptin_purple"],"picked":"OmniscientAndOmnipotent_Monster_purple","floor":2.0},{"not_picked":["SfantasyHide_purple","StateErode_purple"],"picked":"Anti_communist_purple","floor":3.0},{"not_picked":["Charmbait_purple","StateErode_purple"],"picked":"Shallow_ocean_purpleEX","floor":5.0},{"not_picked":["Bait_Toxicbait_purple","StateErode_purple"],"picked":"Nest_LightFlightworm_purple","floor":6.0},{"not_picked":["Boundary_of_Extermination_purpleEX","Nest_LightFlightworm_purple"],"picked":"WorldDissolvedintheRealm_purple","floor":8.0},{"not_picked":["Umbrella_purple","Boundary_DynamicStaticEquilibrium_purple","Charmbait_purple"],"picked":"SKIP","floor":10.0},{"not_picked":["SfantasyHide_purple","Worldmountain_purple"],"picked":"Bait_HighSpeedFlying_purple","floor":11.0},{"not_picked":["Mirror_Drifter_purple","ExistenceContinue_purple"],"picked":"ProofOfUnderstanding_purple","floor":12.0},{"not_picked":["StateErode_purple","Realm_recovery_purpleEX"],"picked":"DimensionStaggered_purple","floor":14.0},{"not_picked":["Computing_the_future_purpleEX","Mirror_TwoAndThreeElementRealm_purple"],"picked":"Fancifulhole_purple","floor":16.0},{"not_picked":["RealityDreamConfluencek_purple+1","RuleDissolution_purple"],"picked":"Erosivefilter_purple+1","floor":18.0},{"not_picked":["Boundary_ObjectiveBoundary_purple","Line_surface_state_purple"],"picked":"Mirror_FourBoundary_purple","floor":23.0},{"not_picked":["OmniscientAndOmnipotent_Monster_purple","Boundary_DynamicStaticEquilibrium_purple"],"picked":"SharpContractionReality_purple+1","floor":24.0},{"not_picked":["DimensionStaggered_purple","MagicEyes_LaplaceDemon_purple"],"picked":"Mirror_WaveAndshot_purple","floor":25.0},{"not_picked":["Shallow_ocean_purpleEX","AdvanceAttack_purple"],"picked":"CommonSense_AntiCommonSense_purple","floor":27.0},{"not_picked":["Nest_LightFlightworm_purple","Charmbait_purple"],"picked":"SfantasyHide_purple+1","floor":29.0},{"not_picked":["SharpContractionReality_purple","Mirror_FormAndEmptin_purple"],"picked":"WeekHit_purple","floor":31.0},{"not_picked":["Mirror_TwoAndThreeElementRealm_purple","Computing_the_future_purpleEX"],"picked":"WangLiang_OokamiKakushi_purple","floor":33.0},{"not_picked":["DimensionStaggered_purple","ExistenceContinue_purple+1"],"picked":"Shallow_ocean_purpleEX","floor":35.0},{"not_picked":["Computing_the_future_purpleEX","OmniscientAndOmnipotent_Monster_purple+1"],"picked":"CommonSense_AntiCommonSense_purple+1","floor":39.0},{"not_picked":["Boundary_ObjectiveBoundary_purple+1","DimensionStaggered_purple+1"],"picked":"ExternalForce_HighSpeedFlying_purple","floor":40.0},{"not_picked":["Computing_the_future_purpleEX","D_absorption_purple"],"picked":"EighthInstrument_OneDividesIntoTwo_purple+1","floor":45.0},{"not_picked":["ExistenceContinue_purple","PositiveMatter_Antimatter_Universe_purple"],"picked":"ExternalForce_HighSpeedFlying_purple+1","floor":46.0},{"not_picked":["Worldmountain_purple","Mirror_FormAndEmptin_purple+1"],"picked":"ExistenceContinue_purple","floor":47.0},{"not_picked":["OmniscientAndOmnipotent_Monster_purple","SharpContractionReality_purple+1"],"picked":"WingOfChimera_purple+1","floor":54}],"player_experience":314899,"relics_obtained":[{"floor":6.0,"key":"Happy Flower"},{"floor":8.0,"key":"RuthlessExorcism:ReiMu"},{"floor":9.0,"key":"Mercury Hourglass"},{"floor":23.0,"key":"Blue Candle"},{"floor":25.0,"key":"PureWhite:ReiMu"},{"floor":26.0,"key":"Lantern"},{"floor":27.0,"key":"Mummified Hand"},{"floor":37.0,"key":"TungstenRod"},{"floor":40.0,"key":"Letter Opener"},{"floor":43.0,"key":"Bottled Lightning"},{"floor":45.0,"key":"Shuriken"},{"floor":47.0,"key":"Centennial Puzzle"},{"floor":54,"key":"Du-Vu Doll"}],"event_choices":[{"damage_healed":0.0,"max_hp_gain":0.0,"max_hp_loss":0.0,"gold_gain":100.0,"event_name":"Golden Shrine","player_choice":"Pray","floor":4.0,"gold_loss":0.0,"damage_taken":0.0}],"is_beta":true,"boss_relics":[{"not_picked":["Runic Pyramid","Seventeenyearold_girl_Forever"],"picked":"Fusion Hammer"},{"not_picked":["Empty Cage","Black Star"],"picked":"Coffee Dripper"}],"items_purged_floors":[36],"is_endless":false,"potions_floor_spawned":[1,3,10,11,14,24,29,31,33,35,40,45,46],"ascension_level":3}}