{"host":"d3b2x3wue20uj2ir","time":1612317331,"event":{"mods":["AchievementEnabler","BaseMod","Better Third Choice","BetterRewards","Exacting","FTL Soundtrack","Minty Spire (QoL Compilation)","Shop Mod","StSLib"],"gold_per_floor":[112,122,222,242,11,46,46,78,104,139,139,139,139,158,158,262,262,293,26,55,73,73,103,103,119,119,0,0,0,33,48,48,48,48],"floor_reached":33,"language":"ENG","playtime":1663,"items_purged":[],"score":415,"play_id":"8650f67e-865f-4a82-a546-37a87c5939aa","local_time":"20210203115531","is_ascension_mode":true,"campfire_choices":[{"floor":7,"key":"REST"},{"floor":12,"key":"RECALL"},{"floor":15,"key":"REST"},{"data":"Prostrate","floor":24,"key":"SMITH"},{"floor":29,"key":"REST"},{"floor":32,"key":"REST"}],"circlet_count":0,"master_deck":["Strike_P+1","Strike_P+1","Strike_P+1","Strike_P+1","Defend_P+1","Defend_P+1","Defend_P+1","Defend_P+1","Eruption","Vigilance","DeceiveReality","ForeignInfluence","FlyingSleeves","BattleHymn+1","Wallop","EmptyMind","Prostrate+1","Adaptation+1","SashWhip","ReachHeaven","FlurryOfBlows","MentalFortress+1","Establishment+1","Protect+1","Halt","FlurryOfBlows","Ragnarok","Sanctity","Study+1","Prostrate+1","Crescendo","EmptyBody+1","Halt","SandsOfTime"],"relics":["HolyWater","Membership Card","Frozen Egg 2","TungstenRod","Orrery","Bronze Scales","Akabeko","Strawberry","Darkstone Periapt","FaceOfCleric","Juzu Bracelet","Bottled Tornado","Bottled Lightning","Pen Nib"],"acts_visited":["Exordium","TheCity"],"potions_floor_usage":[16,16,21,21,30,30,30],"damage_taken":[{"damage":2,"enemies":"Small Slimes","floor":1,"turns":6},{"damage":0,"enemies":"Cultist","floor":2,"turns":3},{"damage":2,"enemies":"2 Louse","floor":4,"turns":2},{"damage":23,"enemies":"Lagavulin","floor":6,"turns":5},{"damage":27,"enemies":"Gremlin Nob","floor":8,"turns":5},{"damage":0,"enemies":"Large Slime","floor":10,"turns":2},{"damage":2,"enemies":"Exordium Thugs","floor":14,"turns":3},{"damage":28,"enemies":"The Guardian","floor":16,"turns":6},{"damage":1,"enemies":"Shell Parasite","floor":18,"turns":4},{"damage":20,"enemies":"Chosen","floor":20,"turns":5},{"damage":0,"enemies":"Snecko","floor":21,"turns":2},{"damage":8,"enemies":"Book of Stabbing","floor":23,"turns":4},{"damage":13,"enemies":"3 Cultists","floor":25,"turns":4},{"damage":40,"enemies":"Gremlin Leader","floor":30,"turns":4},{"damage":0,"enemies":"Cultist and Chosen","floor":31,"turns":5},{"damage":56,"enemies":"Champ","floor":33,"turns":9}],"seed_played":"7062324042651739738","potions_obtained":[{"floor":4,"key":"Ancient Potion"},{"floor":6,"key":"Energy Potion"},{"floor":14,"key":"Strength Potion"},{"floor":16,"key":"DuplicationPotion"},{"floor":21,"key":"LiquidBronze"},{"floor":23,"key":"Ancient Potion"},{"floor":25,"key":"Explosive Potion"}],"is_trial":false,"path_per_floor":["M","M","?","M","$","E","R","E","T","M","?","R","?","M","R","B",null,"M","$","M","M","?","E","R","M","T","$","?","R","E","M","R","B"],"character_chosen":"WATCHER","items_purchased":["Membership Card","Frozen Egg 2","TungstenRod","Orrery","Halt","FlurryOfBlows","Ragnarok","Darkstone Periapt","Sanctity","Bottled Lightning"],"campfire_rested":4,"item_purchase_floors":[0,0,5,5,19,19,19,19,19,27],"current_hp_per_floor":[62,62,62,60,60,37,58,31,31,31,31,31,24,22,45,17,79,78,78,58,58,58,51,51,39,39,39,39,63,24,25,49,0,0],"gold":48,"neow_bonus":"","is_daily":false,"chose_seed":false,"campfire_upgraded":1,"win_rate":0.0,"timestamp":1612317331,"path_taken":["M","M","?","?","$","E","R","E","T","M","?","R","?","M","R","BOSS","M","$","M","M","?","E","R","M","T","$","?","R","E","M","R","BOSS"],"items_purchased_type":["Relic","Relic","Relic","Relic","Card","Card","Card","Relic","Card","Relic"],"build_version":"2020-12-22","purchased_purges":0,"victory":false,"max_hp_per_floor":[72,72,72,72,72,72,72,72,72,72,72,72,79,79,79,79,79,79,79,79,79,79,80,80,81,81,81,81,81,82,83,83,83,83],"card_choices":[{"not_picked":["FlurryOfBlows","JustLucky"],"picked":"DeceiveReality","floor":1},{"not_picked":["ClearTheMind","JustLucky"],"picked":"ForeignInfluence","floor":2},{"not_picked":["PathToVictory","Fasting2+1"],"picked":"FlyingSleeves","floor":4},{"not_picked":["TalkToTheHand","Crescendo"],"picked":"BattleHymn+1","floor":5},{"not_picked":["Halt","ForeignInfluence"],"picked":"Wallop","floor":5},{"not_picked":["BattleHymn+1","Crescendo"],"picked":"EmptyMind","floor":5},{"not_picked":["Halt","Vengeance"],"picked":"Prostrate","floor":5},{"not_picked":["Prostrate","ClearTheMind"],"picked":"Adaptation+1","floor":5},{"not_picked":["Fasting2+1","Indignation"],"picked":"SashWhip","floor":6},{"not_picked":["Nirvana+1","Blasphemy"],"picked":"ReachHeaven","floor":8},{"not_picked":["ReachHeaven","FlyingSleeves"],"picked":"FlurryOfBlows","floor":10},{"not_picked":["PathToVictory","CrushJoints"],"picked":"MentalFortress+1","floor":14},{"not_picked":["Blasphemy","DeusExMachina"],"picked":"Establishment+1","floor":16},{"not_picked":["Halt","EmptyFist"],"picked":"Protect+1","floor":18},{"not_picked":["Weave","SignatureMove"],"picked":"Study+1","floor":20},{"not_picked":["PathToVictory","Weave+1"],"picked":"Prostrate","floor":21},{"not_picked":["SashWhip","WreathOfFlame"],"picked":"Crescendo","floor":23},{"not_picked":["Evaluate","Indignation"],"picked":"EmptyBody+1","floor":25},{"not_picked":["JustLucky","FlurryOfBlows+1"],"picked":"Halt","floor":30},{"not_picked":["FlyingSleeves","MentalFortress+1"],"picked":"SandsOfTime","floor":31}],"player_experience":698610,"relics_obtained":[{"floor":6,"key":"Bronze Scales"},{"floor":8,"key":"Akabeko"},{"floor":23,"key":"Juzu Bracelet"},{"floor":26,"key":"Bottled Tornado"},{"floor":30,"key":"Pen Nib"}],"event_choices":[{"damage_healed":0,"gold_gain":100,"player_choice":"Gold","damage_taken":0,"max_hp_gain":0,"max_hp_loss":0,"event_name":"Wheel of Change","floor":3,"gold_loss":0},{"damage_healed":0,"gold_gain":0,"player_choice":"Grow","damage_taken":0,"max_hp_gain":0,"max_hp_loss":0,"event_name":"Living Wall","floor":11,"gold_loss":0,"cards_upgraded":["Prostrate"]},{"damage_healed":0,"gold_gain":0,"player_choice":"Relic ","damage_taken":18,"max_hp_gain":0,"max_hp_loss":0,"event_name":"betterThird:BetterScrap","floor":13,"gold_loss":0,"cards_obtained":["Brutality"]},{"damage_healed":0,"gold_gain":0,"player_choice":"Trade","damage_taken":0,"relics_obtained":["FaceOfCleric"],"max_hp_gain":0,"max_hp_loss":0,"event_name":"FaceTrader","floor":22,"gold_loss":0},{"damage_healed":0,"gold_gain":0,"player_choice":"Simplicity","damage_taken":0,"max_hp_gain":0,"max_hp_loss":8,"event_name":"betterThird:BetterWriting","floor":28,"gold_loss":0}],"is_beta":false,"boss_relics":[{"not_picked":["Busted Crown","Philosopher\u0027s Stone"],"picked":"HolyWater"}],"items_purged_floors":[],"is_endless":false,"potions_floor_spawned":[4,6,14,16,21,23,25],"killed_by":"Champ","ascension_level":1}}