{"host":"19tvufa8xx4wr4o1","time":1612395271,"event":{"mods":["AchievementEnabler","BaseMod","Better Sensory Stone","Better Third Choice","Highlight Path","Minty Spire (QoL Compilation)","Relic Stats","StSLib"],"gold_per_floor":[116,133,133,151,151,151,72,97,97,97,57,88,88,105,105,181,181,61,61,61,61,72,72,92,92,141,159,159,159],"floor_reached":28,"language":"ENG","playtime":1642,"items_purged":[],"score":437,"play_id":"60d5f938-f84d-4a64-a44f-c6e61eee8c6a","local_time":"20210203173431","is_ascension_mode":true,"campfire_choices":[{"floor":6,"key":"REST"},{"floor":10,"key":"REST"},{"floor":13,"key":"REST"},{"floor":15,"key":"RECALL"},{"floor":23,"key":"REST"},{"floor":25,"key":"REST"}],"circlet_count":0,"master_deck":["AscendersBane","Survivor","Neutralize","Cloak And Dagger","Leg Sweep","Bouncing Flask","Blind","Infinite Blades","Catalyst","Accuracy","Cloak And Dagger","Burst","Glass Knife","PiercingWail","Footwork","Dodge and Roll","Setup","Slice","Catalyst","Prepared","Leg Sweep","Backflip","Blade Dance","Cloak And Dagger","Caltrops+1"],"relics":["Fusion Hammer","Pantograph","Matryoshka","HornCleat","Question Card","Orichalcum","Pandora\u0027s Box","Centennial Puzzle","Ancient Tea Set"],"acts_visited":["Exordium","TheCity"],"potions_floor_usage":[8,12,27,27],"damage_taken":[{"damage":4,"enemies":"Cultist","floor":1,"turns":5},{"damage":3,"enemies":"Small Slimes","floor":2,"turns":4},{"damage":0,"enemies":"Jaw Worm","floor":4,"turns":5},{"damage":19,"enemies":"3 Sentries","floor":8,"turns":10},{"damage":16,"enemies":"Lagavulin","floor":12,"turns":7},{"damage":0,"enemies":"Exordium Wildlife","floor":14,"turns":4},{"damage":52,"enemies":"Slime Boss","floor":16,"turns":11},{"damage":0,"enemies":"2 Thieves","floor":18,"turns":5},{"damage":0,"enemies":"Chosen","floor":22,"turns":5},{"damage":28,"enemies":"Snecko","floor":24,"turns":7},{"damage":10,"enemies":"Sentry and Sphere","floor":27,"turns":5},{"damage":50,"enemies":"Cultist and Chosen","floor":28,"turns":7}],"seed_played":"-3183612584415011378","potions_obtained":[{"floor":2,"key":"GamblersBrew"},{"floor":4,"key":"EssenceOfSteel"},{"floor":16,"key":"EssenceOfSteel"},{"floor":24,"key":"SpeedPotion"}],"is_trial":false,"path_per_floor":["M","M","?","M","?","R","$","E","T","R","$","E","R","M","R","B",null,"M","$","?","?","M","R","M","R","T","M","M"],"character_chosen":"THE_SILENT","items_purchased":["Infinite Blades","Accuracy"],"campfire_rested":5,"item_purchase_floors":[7,11],"current_hp_per_floor":[55,52,52,52,52,66,66,47,47,66,66,50,66,66,66,14,53,53,53,53,53,53,66,38,57,57,47,0,0],"gold":159,"neow_bonus":"BOSS_RELIC","is_daily":false,"chose_seed":false,"campfire_upgraded":0,"win_rate":0.0,"timestamp":1612395271,"path_taken":["M","M","?","?","?","R","?","E","T","R","?","E","R","?","R","BOSS","M","$","?","?","M","R","M","R","T","M","?"],"items_purchased_type":["Card","Card"],"build_version":"2020-12-22","purchased_purges":0,"victory":false,"max_hp_per_floor":[66,66,66,66,66,66,66,66,66,66,66,66,66,66,66,66,66,66,66,66,66,66,66,66,66,66,66,66,66],"relic_stats":{"Centennial Puzzle":[6],"counters":[12,75],"Pantograph":0,"Pandora\u0027s Box":["PiercingWail","Footwork","Tactician","Dodge and Roll","Setup","Slice","Catalyst","Prepared","Leg Sweep","Backflip"],"Orichalcum":[72],"Question Card":7,"obtain_stats":[{"Centennial Puzzle":26,"Matryoshka":8,"HornCleat":9,"Pantograph":3,"Pandora\u0027s Box":17,"Fusion Hammer":0,"Orichalcum":12,"Question Card":9,"Ancient Tea Set":26,"Ring of the Snake":0},{"Centennial Puzzle":10,"Matryoshka":4,"HornCleat":4,"Pantograph":2,"Pandora\u0027s Box":7,"Fusion Hammer":0,"Orichalcum":5,"Question Card":4,"Ancient Tea Set":10,"Ring of the Snake":0},{"Centennial Puzzle":63,"Matryoshka":24,"HornCleat":24,"Pantograph":9,"Pandora\u0027s Box":46,"Fusion Hammer":0,"Orichalcum":31,"Question Card":24,"Ancient Tea Set":63,"Ring of the Snake":0}]},"card_choices":[{"not_picked":["Prepared","Leg Sweep"],"picked":"Cloak And Dagger","floor":1},{"not_picked":["Deadly Poison","Reflex"],"picked":"Leg Sweep","floor":2},{"not_picked":["Dagger Throw","Accuracy"],"picked":"Bouncing Flask","floor":4},{"not_picked":["Impatience","Deep Breath"],"picked":"Blind","floor":5},{"not_picked":["Escape Plan","Dagger Throw"],"picked":"Catalyst","floor":8},{"not_picked":["Backflip","Bane","Poisoned Stab"],"picked":"Cloak And Dagger","floor":12},{"not_picked":["Riddle With Holes","Sucker Punch","Outmaneuver"],"picked":"Burst","floor":14},{"not_picked":["Burst","Grand Finale","Tools of the Trade"],"picked":"Glass Knife","floor":16},{"not_picked":["Deflect+1","Slice","Cloak And Dagger"],"picked":"Blade Dance","floor":18},{"not_picked":["Catalyst","Dagger Throw","All Out Attack"],"picked":"Cloak And Dagger","floor":22},{"not_picked":["Dodge and Roll","Flying Knee","Acrobatics"],"picked":"Caltrops+1","floor":24},{"not_picked":["Quick Slash","Deadly Poison","Flying Knee","Cloak And Dagger"],"picked":"SKIP","floor":27}],"player_experience":612009,"relics_obtained":[{"floor":3,"key":"Pantograph"},{"floor":8,"key":"Matryoshka"},{"floor":9,"key":"HornCleat"},{"floor":9,"key":"Question Card"},{"floor":12,"key":"Orichalcum"},{"floor":26,"key":"Centennial Puzzle"},{"floor":26,"key":"Ancient Tea Set"}],"event_choices":[{"damage_healed":0,"gold_gain":0,"player_choice":"Relic","damage_taken":0,"max_hp_gain":0,"max_hp_loss":0,"event_name":"Wheel of Change","floor":3,"gold_loss":0},{"damage_healed":0,"gold_gain":1,"player_choice":"1","damage_taken":0,"max_hp_gain":0,"max_hp_loss":0,"event_name":"betterStone:BetterStone","floor":5,"gold_loss":0},{"damage_healed":0,"gold_gain":0,"player_choice":"Ignored","damage_taken":0,"max_hp_gain":0,"max_hp_loss":0,"event_name":"Vampires","floor":20,"gold_loss":0},{"cards_removed":["Tactician"],"damage_healed":0,"gold_gain":0,"player_choice":"Purged","damage_taken":0,"max_hp_gain":0,"max_hp_loss":0,"event_name":"Purifier","floor":21,"gold_loss":0}],"is_beta":false,"boss_relics":[{"not_picked":["Busted Crown","Calling Bell"],"picked":"Pandora\u0027s Box"}],"items_purged_floors":[],"is_endless":false,"potions_floor_spawned":[2,4,16,24],"killed_by":"Cultist and Chosen","ascension_level":19}}