{"host":"zlryddw6xv0ljf8b","time":1612382238,"event":{"mods":["AchievementEnabler","BaseMod","Colored Map","Colored Powertips","Highlight Path","Minty Spire (QoL Compilation)","Permanent Neow","Quick Restart","Replay The Spire","StSLib"],"gold_per_floor":[119,119,134,59,75,90,105,146,146,146,146,155,180,208,217,347,347,374,390,70,102,126,175,184,214,301,241,250,259,302,302,302],"floor_reached":31,"language":"ENG","playtime":3402,"items_purged":["Strike_P","Strike_P"],"score":259,"play_id":"57a91fba-7968-495d-a07d-26090147329b","local_time":"20210203135718","is_ascension_mode":false,"campfire_choices":[{"data":"SandsOfTime","floor":12.0,"key":"SMITH"},{"data":"Tantrum","floor":15.0,"key":"SMITH"},{"data":"Wish","floor":24.0,"key":"SMITH"},{"data":"Devotion","floor":29,"key":"SMITH"}],"circlet_count":0,"master_deck":["Strike_P","Defend_P","Defend_P","Defend_P","Defend_P","Eruption+1","Vigilance","SandsOfTime+1","Prostrate","InnerPeace","Prostrate","FlurryOfBlows","Tantrum+1","Evaluate","ConjureBlade","Replay:Vibes","BattleHymn","ClearTheMind","Wish+1","Normality","FollowUp","Devotion+1"],"relics":["PureWater","Replay:PocketPolymizer","CeramicFish","Potion Belt","Golden Idol","Damaru","Cursed Key","Blue Doll","Sundial","Replay:Ringing Soul"],"acts_visited":["Exordium","TheCity"],"potions_floor_usage":[],"damage_taken":[{"damage":1.0,"enemies":"Jaw Worm","floor":1.0,"turns":6.0},{"damage":2.0,"enemies":"Cultist","floor":3.0,"turns":3.0},{"damage":2.0,"enemies":"Small Slimes","floor":5.0,"turns":3.0},{"damage":3.0,"enemies":"Looter","floor":6.0,"turns":3.0},{"damage":0.0,"enemies":"Blue Slaver","floor":7.0,"turns":3.0},{"damage":27.0,"enemies":"3 Sentries","floor":8.0,"turns":9.0},{"damage":2.0,"enemies":"3 Louse","floor":14.0,"turns":3.0},{"damage":9.0,"enemies":"Hexaghost","floor":16.0,"turns":6.0},{"damage":0.0,"enemies":"3 Byrds","floor":18.0,"turns":4.0},{"damage":0.0,"enemies":"Chosen","floor":19.0,"turns":3.0},{"damage":14.0,"enemies":"Snecko","floor":21.0,"turns":6.0},{"damage":1.0,"enemies":"Centurion and Healer","floor":22.0,"turns":5.0},{"damage":9.0,"enemies":"Replay:Snechameleon","floor":23.0,"turns":6.0},{"damage":0.0,"enemies":"Shelled Parasite and Fungi","floor":25.0,"turns":2.0},{"damage":43,"enemies":"Chosen and Byrds","floor":30,"turns":7},{"damage":10,"enemies":"Centurion and Healer","floor":31,"turns":2}],"seed_played":"-8292544989703218783","potions_obtained":[{"floor":3.0,"key":"Block Potion"},{"floor":7.0,"key":"ColorlessPotion"},{"floor":8.0,"key":"SmokeBomb"},{"floor":14.0,"key":"BottledMiracle"},{"floor":18.0,"key":"EssenceOfSteel"},{"floor":19.0,"key":"BlessingOfTheForge"},{"floor":21.0,"key":"Toxic Potion"}],"is_trial":false,"path_per_floor":["M","?","M","$","M","M","M","E","T","?","?","R","T","M","R","B",null,"M","M","$","M","M","E","R","M","T","?","?","R","M","M"],"character_chosen":"WATCHER","items_purchased":["Blue Doll","BattleHymn"],"campfire_rested":0,"item_purchase_floors":[20,20],"current_hp_per_floor":[50,50,48,48,46,43,43,16,16,16,38,38,38,36,36,27,67,67,67,67,53,52,43,43,43,43,43,46,49,6,0,0],"gold":302,"neow_bonus":"ONE_RARE_RELIC","is_daily":false,"chose_seed":false,"campfire_upgraded":4,"win_rate":0.0,"timestamp":1612382238,"path_taken":["M","?","?","?","M","M","M","E","T","?","?","R","?","M","R","BOSS","M","M","$","M","M","E","R","M","T","?","?","R","M","M"],"items_purchased_type":["Relic","Card"],"build_version":"2020-12-22","purchased_purges":2,"victory":false,"max_hp_per_floor":[72,72,72,72,72,72,72,72,72,67,67,67,67,67,67,67,67,67,67,67,67,67,67,67,67,67,67,70,73,73,73,73],"card_choices":[{"not_picked":["CutThroughFate","Wallop"],"picked":"SandsOfTime","floor":1.0},{"not_picked":["CutThroughFate","SandsOfTime"],"picked":"Prostrate","floor":3.0},{"not_picked":["ThirdEye","EmptyFist"],"picked":"InnerPeace","floor":5.0},{"not_picked":["PathToVictory","EmptyBody"],"picked":"Prostrate","floor":6.0},{"not_picked":["Nirvana","PathToVictory"],"picked":"TalkToTheHand","floor":7.0},{"not_picked":["ReachHeaven","Scrawl"],"picked":"FlurryOfBlows","floor":8.0},{"not_picked":["Vengeance","Sanctity"],"picked":"Evaluate","floor":14.0},{"not_picked":["Alpha","Judgement"],"picked":"ConjureBlade","floor":16.0},{"not_picked":["EmptyBody","Replay:Cycle"],"picked":"Replay:Vibes","floor":18.0},{"not_picked":["Prostrate","Halt","FlyingSleeves"],"picked":"SKIP","floor":19.0},{"not_picked":["Prostrate+1","Crescendo"],"picked":"ClearTheMind","floor":21.0},{"not_picked":["EmptyFist","ForeignInfluence+1","Crescendo"],"picked":"SKIP","floor":22.0},{"not_picked":["DeceiveReality","Wallop"],"picked":"Wish","floor":23.0},{"not_picked":["PathToVictory","SignatureMove","SashWhip+1"],"picked":"SKIP","floor":30}],"player_experience":58151,"relics_obtained":[{"floor":8.0,"key":"CeramicFish"},{"floor":9.0,"key":"Potion Belt"},{"floor":13.0,"key":"Damaru"},{"floor":23.0,"key":"Sundial"},{"floor":26.0,"key":"Replay:Ringing Soul"}],"event_choices":[{"damage_healed":0.0,"max_hp_gain":0.0,"max_hp_loss":0.0,"gold_gain":0.0,"event_name":"Upgrade Shrine","player_choice":"Upgraded","floor":2.0,"gold_loss":0.0,"damage_taken":0.0,"cards_upgraded":["Eruption"]},{"damage_healed":0.0,"max_hp_gain":0.0,"max_hp_loss":5.0,"gold_gain":0.0,"event_name":"Golden Idol","player_choice":"Lose Max HP","floor":10.0,"gold_loss":0.0,"damage_taken":0.0,"relics_obtained":["Golden Idol"]},{"damage_healed":22.0,"max_hp_gain":0.0,"max_hp_loss":0.0,"gold_gain":0.0,"event_name":"Big Fish","player_choice":"Banana","floor":11.0,"gold_loss":0.0,"damage_taken":0.0},{"damage_healed":0.0,"max_hp_gain":0.0,"max_hp_loss":0.0,"gold_gain":0.0,"event_name":"The Library","player_choice":"Read","floor":28.0,"gold_loss":0.0,"damage_taken":0.0,"cards_obtained":["FollowUp"]}],"is_beta":false,"boss_relics":[{"not_picked":["Replay:Bronze Core","Ectoplasm"],"picked":"Cursed Key"}],"items_purged_floors":[4,20],"is_endless":false,"potions_floor_spawned":[3,7,8,14,18,19,21,25],"killed_by":"Centurion and Healer","ascension_level":0}}