{"host":"4rvakrj1idbgia3f","time":1612375764,"event":{"mods":["BaseMod","Colored Map","Colored Powertips","DeckTracker","Highlight Path","Minty Spire (QoL Compilation)","Random Character Button","StSLib"],"gold_per_floor":[115,135,135,146,86,86,121,133,133,133,150,168,168,196,196,274,274,194,194,33,33,33,33,33,33,33,33,33,33,33,33,33,33,33,33,33,33,33,33,33,33,33,33,33,33,33,33,33,33,33,33],"floor_reached":52,"language":"JPN","playtime":3450,"items_purged":[],"score":1855,"play_id":"efb1c3c7-e003-4f6f-a1c4-4fc25062cbc5","local_time":"20210204030924","is_ascension_mode":true,"campfire_choices":[{"data":"Apotheosis","floor":6.0,"key":"SMITH"},{"data":"Well Laid Plans","floor":10.0,"key":"SMITH"},{"floor":15.0,"key":"REST"},{"floor":23.0,"key":"REST"},{"floor":27.0,"key":"REST"},{"data":"A Thousand Cuts","floor":32.0,"key":"SMITH"},{"floor":42,"key":"REST"},{"data":"Calculated Gamble","floor":44,"key":"SMITH"},{"floor":47,"key":"REST"},{"data":"Adrenaline","floor":49,"key":"SMITH"}],"circlet_count":0,"master_deck":["AscendersBane","Strike_G","Strike_G","Strike_G","Strike_G","Strike_G","Defend_G","Defend_G","Defend_G","Defend_G","Survivor","Neutralize","Apotheosis+1","Blade Dance","Blade Dance","Acrobatics","Well Laid Plans+1","Backflip","Escape Plan","Die Die Die","Malaise","PiercingWail","Cloak And Dagger","Finisher","RitualDagger","A Thousand Cuts+1","Envenom","Calculated Gamble+1","Accuracy+1","Leg Sweep+1","Adrenaline+1"],"relics":["Ring of the Serpent","Mummified Hand","StoneCalendar","TungstenRod","Ectoplasm","OrangePellets","FaceOfCleric","Kunai","Strawberry","WingedGreaves","Pantograph","Lizard Tail"],"acts_visited":["Exordium","TheCity","TheBeyond"],"potions_floor_usage":[41,41],"damage_taken":[{"damage":8.0,"enemies":"Small Slimes","floor":1.0,"turns":5.0},{"damage":12.0,"enemies":"2 Louse","floor":2.0,"turns":3.0},{"damage":0.0,"enemies":"Cultist","floor":4.0,"turns":3.0},{"damage":6.0,"enemies":"3 Sentries","floor":7.0,"turns":6.0},{"damage":0.0,"enemies":"Blue Slaver","floor":8.0,"turns":5.0},{"damage":9.0,"enemies":"Red Slaver","floor":11.0,"turns":3.0},{"damage":6.0,"enemies":"Looter","floor":12.0,"turns":3.0},{"damage":7.0,"enemies":"Gremlin Nob","floor":14.0,"turns":3.0},{"damage":9.0,"enemies":"The Guardian","floor":16.0,"turns":12.0},{"damage":10.0,"enemies":"2 Thieves","floor":18.0,"turns":4.0},{"damage":0.0,"enemies":"3 Byrds","floor":19.0,"turns":6.0},{"damage":18.0,"enemies":"Centurion and Healer","floor":21.0,"turns":7.0},{"damage":0.0,"enemies":"Snake Plant","floor":22.0,"turns":7.0},{"damage":9.0,"enemies":"Shelled Parasite and Fungi","floor":25.0,"turns":4.0},{"damage":0.0,"enemies":"Gremlin Leader","floor":29.0,"turns":8.0},{"damage":6.0,"enemies":"Champ","floor":33.0,"turns":13.0},{"damage":24.0,"enemies":"3 Darklings","floor":35.0,"turns":4.0},{"damage":0.0,"enemies":"Mind Bloom Boss Battle","floor":36.0,"turns":6.0},{"damage":3,"enemies":"Orb Walker","floor":38,"turns":3},{"damage":11,"enemies":"Nemesis","floor":40,"turns":7},{"damage":11,"enemies":"Writhing Mass","floor":41,"turns":4},{"damage":9,"enemies":"Sphere and 2 Shapes","floor":46,"turns":5},{"damage":13,"enemies":"Giant Head","floor":48,"turns":6},{"damage":39,"enemies":"Awakened One","floor":50,"turns":12},{"damage":45,"enemies":"Donu and Deca","floor":51,"turns":7}],"seed_played":"-4838622493805917198","potions_obtained":[{"floor":2.0,"key":"Swift Potion"},{"floor":4.0,"key":"AttackPotion"},{"floor":7.0,"key":"FearPotion"},{"floor":12.0,"key":"Dexterity Potion"},{"floor":14.0,"key":"CunningPotion"},{"floor":18.0,"key":"SkillPotion"},{"floor":19.0,"key":"ColorlessPotion"},{"floor":25.0,"key":"AttackPotion"},{"floor":29.0,"key":"GamblersBrew"},{"floor":36.0,"key":"LiquidMemories"},{"floor":41,"key":"Dexterity Potion"},{"floor":46,"key":"GamblersBrew"}],"is_trial":false,"path_per_floor":["M","M","?","M","?","R","E","M","T","R","M","M","?","E","R","B",null,"M","M","$","M","M","R","?","M","T","R","?","E","?","?","R","B",null,"M","?","?","M","?","E","M","R","T","R","?","M","R","E","R","B","B",null],"character_chosen":"THE_SILENT","items_purchased":["OrangePellets"],"campfire_rested":5,"item_purchase_floors":[20],"current_hp_per_floor":[51,39,39,39,39,39,33,33,33,33,24,18,18,11,30,21,55,45,45,45,27,27,46,46,38,38,58,53,61,61,61,61,56,71,48,49,49,47,47,37,27,50,50,50,50,42,65,53,53,40,21],"gold":33,"neow_bonus":"RANDOM_COLORLESS_2","is_daily":false,"chose_seed":false,"campfire_upgraded":5,"win_rate":0.0,"timestamp":1612375764,"path_taken":["M","M","?","M","?","R","E","M","T","R","M","M","?","E","R","BOSS","M","M","?","M","M","R","?","?","T","R","?","E","?","?","R","BOSS","M","?","?","M","?","E","?","R","T","R","?","M","R","E","R","BOSS","BOSS"],"items_purchased_type":["Relic"],"build_version":"2020-12-22","purchased_purges":0,"victory":true,"max_hp_per_floor":[66,66,66,66,66,66,66,66,66,66,66,66,66,66,66,66,66,66,66,66,66,66,66,66,67,67,67,67,75,75,75,75,76,76,77,78,74,75,75,76,77,77,77,77,77,78,78,79,79,80,81],"card_choices":[{"not_picked":["Sadistic Nature","HandOfGreed"],"picked":"Apotheosis","floor":0.0},{"not_picked":["Acrobatics","Setup"],"picked":"Blade Dance","floor":1.0},{"not_picked":["Calculated Gamble","Expertise"],"picked":"Blade Dance","floor":2.0},{"not_picked":["Dodge and Roll","Underhanded Strike"],"picked":"Acrobatics","floor":4.0},{"not_picked":["Wraith Form v2","Backflip"],"picked":"Well Laid Plans","floor":7.0},{"not_picked":["Sucker Punch","Acrobatics","Deflect"],"picked":"SKIP","floor":8.0},{"not_picked":["Well Laid Plans","Cloak And Dagger"],"picked":"Backflip","floor":11.0},{"not_picked":["Poisoned Stab","Calculated Gamble"],"picked":"Escape Plan","floor":12.0},{"not_picked":["Flying Knee","Skewer","Dagger Spray"],"picked":"SKIP","floor":14.0},{"not_picked":["Burst","Wraith Form v2"],"picked":"Malaise","floor":16.0},{"not_picked":["Deadly Poison","Dagger Throw"],"picked":"PiercingWail","floor":18.0},{"not_picked":["Skewer","Distraction"],"picked":"Cloak And Dagger","floor":19.0},{"not_picked":["Quick Slash","Bane","Backstab"],"picked":"SKIP","floor":21.0},{"not_picked":["All Out Attack","Dagger Spray"],"picked":"Finisher","floor":22.0},{"not_picked":["Setup+1","Flying Knee","Noxious Fumes"],"picked":"SKIP","floor":25.0},{"not_picked":["Backstab+1","Dagger Throw"],"picked":"A Thousand Cuts","floor":29.0},{"not_picked":["A Thousand Cuts","Doppelganger"],"picked":"Envenom","floor":33.0},{"not_picked":["Deadly Poison","Quick Slash"],"picked":"Calculated Gamble","floor":35.0},{"not_picked":["Expertise","Caltrops"],"picked":"Accuracy","floor":36.0},{"not_picked":["Bane+1","Prepared","Cloak And Dagger"],"picked":"SKIP","floor":38},{"not_picked":["Slice+1","Choke","Riddle With Holes"],"picked":"SKIP","floor":40},{"not_picked":["Blade Dance+1","Reflex"],"picked":"Leg Sweep+1","floor":41},{"not_picked":["Calculated Gamble","Deadly Poison+1","Prepared"],"picked":"SKIP","floor":46},{"not_picked":["Predator","Prepared"],"picked":"Adrenaline","floor":48}],"player_experience":2209160,"relics_obtained":[{"floor":7.0,"key":"Mummified Hand"},{"floor":9.0,"key":"StoneCalendar"},{"floor":14.0,"key":"TungstenRod"},{"floor":26.0,"key":"Kunai"},{"floor":29.0,"key":"Strawberry"},{"floor":36.0,"key":"WingedGreaves"},{"floor":40,"key":"Pantograph"},{"floor":48,"key":"Lizard Tail"}],"event_choices":[{"damage_healed":0.0,"max_hp_gain":0.0,"max_hp_loss":0.0,"gold_gain":0.0,"event_name":"Shining Light","player_choice":"Ignored","floor":3.0,"gold_loss":0.0,"damage_taken":0.0},{"damage_healed":0.0,"max_hp_gain":0.0,"max_hp_loss":0.0,"gold_gain":0.0,"event_name":"World of Goop","player_choice":"Left Gold","floor":5.0,"gold_loss":60.0,"damage_taken":0.0},{"damage_healed":0.0,"max_hp_gain":0.0,"max_hp_loss":0.0,"gold_gain":0.0,"cards_transformed":["Defend_G"],"event_name":"Transmorgrifier","player_choice":"Transformed","floor":13.0,"gold_loss":0.0,"damage_taken":0.0,"cards_obtained":["Die Die Die"]},{"damage_healed":0.0,"max_hp_gain":0.0,"max_hp_loss":0.0,"gold_gain":0.0,"event_name":"FaceTrader","player_choice":"Trade","floor":24.0,"gold_loss":0.0,"damage_taken":0.0,"relics_obtained":["FaceOfCleric"]},{"damage_healed":0.0,"max_hp_gain":0.0,"max_hp_loss":0.0,"gold_gain":0.0,"event_name":"Nest","player_choice":"Joined the Cult","floor":28.0,"gold_loss":0.0,"damage_taken":6.0,"cards_obtained":["RitualDagger"]},{"damage_healed":0.0,"max_hp_gain":0.0,"max_hp_loss":0.0,"gold_gain":0.0,"event_name":"Cursed Tome","player_choice":"Ignored","floor":30.0,"gold_loss":0.0,"damage_taken":0.0},{"cards_removed":["Writhe"],"damage_healed":0.0,"max_hp_gain":0.0,"max_hp_loss":0.0,"gold_gain":0.0,"event_name":"Purifier","player_choice":"Purged","floor":31.0,"gold_loss":0.0,"damage_taken":0.0},{"damage_healed":0.0,"max_hp_gain":0.0,"max_hp_loss":0.0,"gold_gain":0.0,"event_name":"MindBloom","player_choice":"Fight","floor":36.0,"gold_loss":0.0,"damage_taken":0.0},{"damage_healed":0.0,"max_hp_gain":0.0,"max_hp_loss":4.0,"gold_gain":0.0,"event_name":"Winding Halls","player_choice":"Max HP","floor":37.0,"gold_loss":0.0,"damage_taken":0.0},{"damage_healed":0,"gold_gain":0,"player_choice":"Upgraded","damage_taken":0,"max_hp_gain":0,"max_hp_loss":0,"event_name":"Upgrade Shrine","floor":39,"gold_loss":0,"cards_upgraded":["Accuracy"]},{"damage_healed":0,"gold_gain":0,"player_choice":"Ignored","damage_taken":0,"max_hp_gain":0,"max_hp_loss":0,"event_name":"Golden Shrine","floor":45,"gold_loss":0}],"is_beta":false,"boss_relics":[{"not_picked":["Astrolabe","Snecko Eye"],"picked":"Ectoplasm"},{"not_picked":["SacredBark","Black Star"],"picked":"Ring of the Serpent"}],"items_purged_floors":[],"is_endless":false,"potions_floor_spawned":[2,4,7,12,14,18,19,25,29,36,38,41,46],"ascension_level":20}}