{"host":"2ty4h143nj8vwezc","time":1612323258,"event":{"mods":["BaseMod","Colored Map","Googly Eyes","Highlight Path","Minty Spire (QoL Compilation)","Quick Restart","StSLib"],"gold_per_floor":[118,118,137,137,62,97,97,113,139,153,153,187,108,128,128,128,128],"floor_reached":16,"language":"ENG","playtime":618,"items_purged":["Regret"],"score":215,"play_id":"480d5476-cb4e-45d6-b07c-2602785945cf","local_time":"20210202223418","is_ascension_mode":true,"campfire_choices":[{"data":"Deadly Poison","floor":7,"key":"SMITH"},{"floor":11,"key":"REST"},{"floor":15,"key":"REST"}],"circlet_count":0,"master_deck":["AscendersBane","Strike_G+1","Strike_G","Strike_G","Strike_G+1","Defend_G","Defend_G","Defend_G","Defend_G","Defend_G","Survivor","Neutralize","Deadly Poison+1","Expertise","Crippling Poison","Unload","Deadly Poison","Bane","Well Laid Plans"],"relics":["Sozu","Oddly Smooth Stone","Vajra","Whetstone","Pear"],"acts_visited":["Exordium"],"potions_floor_usage":[],"damage_taken":[{"damage":4,"enemies":"Small Slimes","floor":1,"turns":4},{"damage":2,"enemies":"2 Louse","floor":3,"turns":3},{"damage":22,"enemies":"Lagavulin","floor":6,"turns":7},{"damage":12,"enemies":"Jaw Worm","floor":8,"turns":4},{"damage":5,"enemies":"Gremlin Gang","floor":10,"turns":5},{"damage":32,"enemies":"Gremlin Nob","floor":12,"turns":4},{"damage":6,"enemies":"Exordium Thugs","floor":14,"turns":4},{"damage":32,"enemies":"Slime Boss","floor":16,"turns":8}],"seed_played":"-1357783127186612504","potions_obtained":[],"is_trial":false,"path_per_floor":["M","?","M","?","$","E","R","M","T","M","R","E","$","M","R","B"],"character_chosen":"THE_SILENT","items_purchased":["Well Laid Plans"],"campfire_rested":2,"item_purchase_floors":[13],"current_hp_per_floor":[55,55,53,53,53,31,31,19,19,14,33,11,11,5,27,0,0],"gold":128,"neow_bonus":"BOSS_RELIC","is_daily":false,"chose_seed":false,"campfire_upgraded":1,"win_rate":0.0,"timestamp":1612323258,"path_taken":["M","?","M","?","$","E","R","M","T","M","R","E","$","M","R","BOSS"],"items_purchased_type":["Card"],"build_version":"2020-12-22","purchased_purges":1,"victory":false,"max_hp_per_floor":[66,66,66,66,66,66,66,66,66,66,66,76,76,76,76,76,76],"card_choices":[{"not_picked":["Sucker Punch","Acrobatics"],"picked":"Deadly Poison","floor":1},{"not_picked":["Quick Slash","Slice"],"picked":"Crippling Poison","floor":3},{"not_picked":["Distraction","Sucker Punch"],"picked":"Unload","floor":6},{"not_picked":["Acrobatics","Dagger Throw"],"picked":"Deadly Poison","floor":8},{"not_picked":["Outmaneuver","Underhanded Strike"],"picked":"Bane","floor":10},{"not_picked":["Dagger Throw","Riddle With Holes","Acrobatics"],"picked":"SKIP","floor":12},{"not_picked":["Cloak And Dagger","Acrobatics","Backflip"],"picked":"SKIP","floor":14}],"player_experience":336020,"relics_obtained":[{"floor":6,"key":"Vajra"},{"floor":9,"key":"Whetstone"},{"floor":12,"key":"Pear"}],"event_choices":[{"damage_healed":0,"gold_gain":0,"cards_transformed":["Strike_G"],"player_choice":"Change","damage_taken":0,"max_hp_gain":0,"max_hp_loss":0,"event_name":"Living Wall","floor":2,"gold_loss":0,"cards_obtained":["Expertise"]},{"damage_healed":0,"gold_gain":0,"player_choice":"Box","damage_taken":0,"relics_obtained":["Oddly Smooth Stone"],"max_hp_gain":0,"max_hp_loss":0,"event_name":"Big Fish","floor":4,"gold_loss":0,"cards_obtained":["Regret"]}],"is_beta":false,"boss_relics":[],"items_purged_floors":[5],"is_endless":false,"potions_floor_spawned":[3,6],"killed_by":"Slime Boss","ascension_level":19}}