{"host":"n9lc5i44t98l6pio","time":1612368295,"event":{"mods":["BaseMod","Curses Come First","Downfall","Minty Spire (QoL Compilation)","Replay The Spire","Say the Spire","StSLib"],"gold_per_floor":[99,115,19,33,18,118,168,81,97,114,114,140,40,50,60,164,164,164,176,176,187,204,54,79,179,79,113,124,156,56,56,73,177,177,177,16,36,36,49,60,60,335,346,365,365,384,384,397,410,310,310,310],"floor_reached":50,"language":"ENG","playtime":3362,"items_purged":[],"score":713,"play_id":"81fcd3c8-8a36-4269-aa19-bc811f18aa3f","local_time":"20210203170455","is_ascension_mode":false,"campfire_choices":[{"floor":11.0,"key":"REST"},{"floor":13.0,"key":"REST"},{"floor":18.0,"key":"RECALL"},{"floor":26.0,"key":"REST"},{"floor":30.0,"key":"REST"},{"data":"hexamod:Incineration","floor":35.0,"key":"SMITH"},{"floor":45.0,"key":"REST"},{"data":"hexamod:VolcanoVisage","floor":47.0,"key":"SMITH"}],"circlet_count":0,"master_deck":["hexamod:Strike","hexamod:Strike","hexamod:Strike","hexamod:Strike","hexamod:Defend","hexamod:Defend","hexamod:Defend","hexamod:Defend","hexamod:Sear","hexamod:Float","hexamod:WildfireWeapon","hexamod:ThermalTransfer","hexamod:GhostflameBarrier","hexamod:Incineration","hexamod:ExtraCrispy","hexamod:Hexaguard","hexamod:Toasty","hexamod:ThirdSeal","hexamod:NightmareGuise","hexamod:Incineration+1","hexamod:NightmareGuise","hexamod:AdvancingGuard","hexamod:GhostflameBarrier","hexamod:Hexaguard","hexamod:Hexaguard","hexamod:PhantomFireball","hexamod:PhantomFireball","hexamod:WildfireWeapon","hexamod:VolcanoVisage","hexamod:ChargedBarrage","hexamod:GhostShield+1","hexamod:RecurringNightmare+1","hexamod:BurningTouch","hexamod:GhostShield","hexamod:VolcanoVisage+1","hexamod:FourthSeal","ReplayTheSpireMod:IOU","hexamod:FastForward","hexamod:FastForward","hexamod:ExtraCrispy","hexamod:FourthSeal","hexamod:ExtraCrispy","hexamod:WildfireWeapon","hexamod:AdvancingGuard+1","hexamod:ExtraCrispy","hexamod:RadiantFlame+1","hexamod:ThermalTransfer","hexamod:Incineration","hexamod:ExtraCrispy","Hallucinations","hexamod:EmpoweredFlame","hexamod:HexaLevel","hexamod:HexaLevel","hexamod:FastForward+1","hexamod:BurningTouch+1","Magnetism","hexamod:Incineration","hexamod:Incineration","ReplayTheSpireMod:IOU","hexamod:AdvancingGuard+1","expansioncontent:PolyBeam","expansioncontent:LastStand","expansioncontent:HyperBeam","hexamod:RainOfEmbers","hexamod:GhostflameBarrier+1","hexamod:ShieldOfDarkness+1","Regret","hexamod:AdvancingGuard+1","hexamod:ShieldOfDarkness+1","hexamod:ThermalTransfer+1","hexamod:GhostShield+1","hexamod:ForkedFlame","hexamod:ThermalTransfer+1","hexamod:FlamesFromBeyond+1"],"relics":["hexamod:SpiritBrand","downfall:GremlinWheel","Blue Doll","Eternal Feather","downfall:HeartBlessingGreen","ChewingGum","Bag of Preparation","Replay:Wax Seal","Incense Burner","Question Card","downfall:HeartBlessingBlue","ReplayTheSpireMod:Lightbulb","Pocketwatch","downfall:HeartBlessingRed","hexamod:IceCube","Nunchaku","Strange Spoon","Blood Vial","Toxic Egg 2"],"acts_visited":["TheCity","TheBeyond"],"potions_floor_usage":[50,50,50,50],"damage_taken":[{"damage":2.0,"enemies":"2 Louse","floor":2.0,"turns":4.0},{"damage":0.0,"enemies":"downfall:FleeingMerchant","floor":3.0,"turns":4.0},{"damage":0.0,"enemies":"Cultist","floor":4.0,"turns":3.0},{"damage":10.0,"enemies":"downfall:FleeingMerchant","floor":5.0,"turns":4.0},{"damage":18.0,"enemies":"downfall:FleeingMerchant","floor":6.0,"turns":4.0},{"damage":5.0,"enemies":"downfall:FleeingMerchant","floor":8.0,"turns":4.0},{"damage":1.0,"enemies":"Jaw Worm","floor":9.0,"turns":3.0},{"damage":4.0,"enemies":"Blue Slaver","floor":10.0,"turns":4.0},{"damage":5.0,"enemies":"Lagavulin","floor":12.0,"turns":7.0},{"damage":0.0,"enemies":"Red Slaver","floor":14.0,"turns":3.0},{"damage":3.0,"enemies":"3 Louse","floor":15.0,"turns":4.0},{"damage":36.0,"enemies":"WA_ARCHETYPE_RETAIN","floor":16.0,"turns":8.0},{"damage":0.0,"enemies":"3 Byrds","floor":19.0,"turns":6.0},{"damage":5.0,"enemies":"Chosen","floor":21.0,"turns":6.0},{"damage":22.0,"enemies":"Snake Plant","floor":22.0,"turns":4.0},{"damage":0.0,"enemies":"downfall:FleeingMerchant","floor":23.0,"turns":4.0},{"damage":8.0,"enemies":"IC_STATUS_ARCHETYPE","floor":25.0,"turns":6.0},{"damage":31.0,"enemies":"Slavers","floor":27.0,"turns":7.0},{"damage":4.0,"enemies":"Sentry and Sphere","floor":28.0,"turns":9.0},{"damage":15.0,"enemies":"Replay:Snechameleon","floor":29.0,"turns":6.0},{"damage":15.0,"enemies":"Chosen and Byrds","floor":32.0,"turns":6.0},{"damage":6.0,"enemies":"DF_ARCHETYPE_CLAW","floor":33.0,"turns":8.0},{"damage":0.0,"enemies":"downfall:FleeingMerchant","floor":36.0,"turns":5.0},{"damage":15.0,"enemies":"3 Darklings","floor":37.0,"turns":5.0},{"damage":0.0,"enemies":"Orb Walker","floor":39.0,"turns":4.0},{"damage":16.0,"enemies":"Writhing Mass","floor":40.0,"turns":6.0},{"damage":13.0,"enemies":"3 Darklings","floor":43.0,"turns":5.0},{"damage":29.0,"enemies":"Sphere and 2 Shapes","floor":44.0,"turns":7.0},{"damage":3.0,"enemies":"4 Shapes","floor":46.0,"turns":5.0},{"damage":13,"enemies":"Writhing Mass","floor":48,"turns":6},{"damage":11,"enemies":"Sphere and 2 Shapes","floor":49,"turns":6},{"damage":108,"enemies":"IC_BLOCK_ARCHETYPE","floor":50,"turns":4}],"seed_played":"2713356197075093373","potions_obtained":[{"floor":1.0,"key":"Weak Potion"},{"floor":1.0,"key":"ColorlessPotion"},{"floor":4.0,"key":"BlessingOfTheForge"},{"floor":6.0,"key":"PowerPotion"},{"floor":9.0,"key":"BlessingOfTheForge"},{"floor":12.0,"key":"SteroidPotion"},{"floor":14.0,"key":"Reflective Coating"},{"floor":16.0,"key":"SteroidPotion"},{"floor":19.0,"key":"Fire Potion"},{"floor":27.0,"key":"Flashbang"},{"floor":27.0,"key":"hexamod:DoubleChargePotion"},{"floor":28.0,"key":"Death Potion"},{"floor":29.0,"key":"GamblersBrew"},{"floor":29.0,"key":"Swift Potion"},{"floor":32.0,"key":"CultistPotion"},{"floor":32.0,"key":"Weak Potion"},{"floor":33.0,"key":"Doom Potion"},{"floor":33.0,"key":"Flashbang"},{"floor":33.0,"key":"ColorlessPotion"},{"floor":37.0,"key":"Strength Potion"},{"floor":40.0,"key":"EntropicBrew"},{"floor":44.0,"key":"Swift Potion"}],"is_trial":false,"path_per_floor":["R","M","$","M","$","?","T","$","M","M","R","E","R","M","M","B",null,"R","M","?","M","M","$","T","?","R","E","M","E","R","?","M","B",null,"R","$","M","?","M","M","T","?","M","M","R","M","R","M","M","B"],"character_chosen":"THE_SPIRIT","items_purchased":["hexamod:Incineration","hexamod:ThirdSeal","Replay:Wax Seal","hexamod:FourthSeal","Fruit Juice","hexamod:FastForward","hexamod:BurningTouch+1","Magnetism","hexamod:Incineration","Nunchaku","Strange Spoon","Blood Vial"],"campfire_rested":5,"item_purchase_floors":[3,8,23,23,23,23,36,36,36,36,36,36],"current_hp_per_floor":[70,68,68,68,58,40,40,35,34,30,51,46,70,70,67,31,70,70,70,70,65,43,48,48,40,85,54,50,35,85,85,70,64,85,85,85,70,60,62,48,48,48,37,10,77,76,85,72,63,0,0,0],"gold":310,"neow_bonus":"ONE_RANDOM_RARE_CARD","is_daily":false,"chose_seed":false,"campfire_upgraded":2,"win_rate":0.0,"timestamp":1612368295,"path_taken":["R","M","$","M","$","?","T","$","?","M","R","E","R","M","M","BOSS","R","M","?","M","M","$","T","?","R","E","M","E","R","?","M","BOSS","R","$","M","?","M","M","T","?","?","M","R","M","R","M","M","BOSS"],"items_purchased_type":["Card","Card","Relic","Card","Potion","Card","Card","Card","Card","Relic","Relic","Relic"],"build_version":"2020-12-22","purchased_purges":0,"victory":false,"max_hp_per_floor":[70,70,70,70,70,70,70,70,70,70,70,70,70,70,70,70,70,70,70,70,70,70,75,75,75,85,85,85,85,85,85,85,85,85,85,85,85,85,85,85,85,85,85,85,85,85,85,85,85,85,85,85],"card_choices":[{"not_picked":["hexamod:FastForward","hexamod:RainOfEmbers"],"picked":"hexamod:ThermalTransfer","floor":2.0},{"not_picked":["hexamod:GhostLash","hexamod:SwordOfDarkness"],"picked":"hexamod:GhostflameBarrier","floor":3.0},{"not_picked":["hexamod:Firestarter","hexamod:FourthSeal"],"picked":"hexamod:ExtraCrispy","floor":4.0},{"not_picked":["hexamod:SpectralAdrenaline","hexamod:InspiringFlames"],"picked":"hexamod:Hexaguard","floor":5.0},{"not_picked":["hexamod:Firestarter","hexamod:SixthSeal"],"picked":"hexamod:Toasty","floor":8.0},{"not_picked":["hexamod:GhostShield","hexamod:Hexaguard"],"picked":"hexamod:NightmareGuise","floor":9.0},{"not_picked":["hexamod:ShieldOfDarkness","hexamod:ThermalTransfer"],"picked":"hexamod:Incineration","floor":9.0},{"not_picked":["hexamod:SuperheatedStrike","hexamod:HeatMetal"],"picked":"hexamod:NightmareGuise","floor":10.0},{"not_picked":["hexamod:HauntingEcho","hexamod:NecessarySacrifice"],"picked":"hexamod:AdvancingGuard","floor":10.0},{"not_picked":["hexamod:HauntingEcho","hexamod:GhostOfSpirePast"],"picked":"hexamod:GhostflameBarrier","floor":12.0},{"not_picked":["hexamod:SpectralAdrenaline","hexamod:HeatMetal"],"picked":"hexamod:Hexaguard","floor":12.0},{"not_picked":["hexamod:SwordOfDarkness","hexamod:HauntingEcho"],"picked":"hexamod:Hexaguard","floor":14.0},{"not_picked":["hexamod:GiftsFromTheDead","hexamod:BacktrackSmack"],"picked":"hexamod:PhantomFireball","floor":14.0},{"not_picked":["hexamod:NightmareStrike","hexamod:PowerFromBeyond"],"picked":"hexamod:PhantomFireball","floor":15.0},{"not_picked":["hexamod:UnleashSpirits","hexamod:FlameSwitch"],"picked":"hexamod:WildfireWeapon","floor":16.0},{"not_picked":["hexamod:TimeWarp","hexamod:UnleashSpirits"],"picked":"hexamod:VolcanoVisage","floor":16.0},{"not_picked":["hexamod:BacktrackSmack","hexamod:Again"],"picked":"hexamod:ChargedBarrage","floor":19.0},{"not_picked":["hexamod:NightmareGuise","hexamod:FlamesFromBeyond"],"picked":"hexamod:GhostShield+1","floor":19.0},{"not_picked":["hexamod:CatchUp","hexamod:GhostOfSpirePast"],"picked":"hexamod:RecurringNightmare+1","floor":21.0},{"not_picked":["hexamod:SpectralAdrenaline","hexamod:EmpoweredFlame"],"picked":"hexamod:BurningTouch","floor":21.0},{"not_picked":["hexamod:HeatMetal","hexamod:InspiringFlames"],"picked":"hexamod:GhostShield","floor":22.0},{"not_picked":["hexamod:ThermalTransfer","hexamod:SoulSteal+1"],"picked":"hexamod:VolcanoVisage","floor":23.0},{"not_picked":["hexamod:ThirdSeal","hexamod:InspiringFlames"],"picked":"hexamod:ExtraCrispy","floor":25.0},{"not_picked":["hexamod:SpectersWail","hexamod:RadiantFlame"],"picked":"hexamod:FourthSeal","floor":25.0},{"not_picked":["hexamod:SkipABeat","hexamod:FlamesFromBeyond","hexamod:GhostflameBarrier"],"picked":"hexamod:ExtraCrispy","floor":27.0},{"not_picked":["hexamod:StepThrough","hexamod:NightmareStrike","hexamod:SwordOfDarkness"],"picked":"hexamod:WildfireWeapon","floor":27.0},{"not_picked":["hexamod:ShieldOfDarkness","hexamod:DynamicBlow","hexamod:FastForward+1"],"picked":"hexamod:AdvancingGuard+1","floor":28.0},{"not_picked":["hexamod:CatchUp","hexamod:HeatMetal+1","hexamod:AdvancingGuard+1"],"picked":"hexamod:ExtraCrispy","floor":28.0},{"not_picked":["hexamod:DynamicBlow","hexamod:PhantomFireball","hexamod:ThermalTransfer"],"picked":"hexamod:RadiantFlame+1","floor":29.0},{"not_picked":["hexamod:Firestarter+1","hexamod:SuperheatedStrike","hexamod:GhostLash"],"picked":"hexamod:ThermalTransfer","floor":29.0},{"not_picked":["hexamod:InspiringFlames","hexamod:GhostOfSpirePast","hexamod:BurningTouch"],"picked":"hexamod:EmpoweredFlame","floor":32.0},{"not_picked":["hexamod:ForkedFlame","hexamod:TimeWarp","hexamod:GhostOfSpirePresent"],"picked":"hexamod:HexaLevel","floor":33.0},{"not_picked":["hexamod:TimeWarp","hexamod:GiftsFromTheDead","hexamod:FifthSeal"],"picked":"hexamod:HexaLevel","floor":33.0},{"not_picked":["hexamod:GhostShield","hexamod:InspiringFlames+1","hexamod:SpectralAdrenaline+1"],"picked":"hexamod:FastForward+1","floor":36.0},{"not_picked":["hexamod:FastForward","hexamod:GhostLash+1","hexamod:FourthSeal"],"picked":"hexamod:AdvancingGuard+1","floor":37.0},{"not_picked":["Replay:SS_fish_1","expansioncontent:GuardianWhirl"],"picked":"expansioncontent:PolyBeam","floor":38.0},{"not_picked":["expansioncontent:GuardianWhirl","expansioncontent:PolyBeam"],"picked":"expansioncontent:LastStand","floor":38.0},{"not_picked":["expansioncontent:GuardianWhirl","Replay:SS_fish_1"],"picked":"expansioncontent:HyperBeam","floor":38.0},{"not_picked":["hexamod:HauntingEcho+1","hexamod:ShieldOfDarkness+1","hexamod:Hexaguard+1"],"picked":"hexamod:RainOfEmbers","floor":39.0},{"not_picked":["hexamod:Hexaguard+1","hexamod:EtherealExpedition","hexamod:GhostShield+1"],"picked":"hexamod:GhostflameBarrier+1","floor":40.0},{"not_picked":["hexamod:HeatMetal+1","hexamod:WildfireWeapon","hexamod:NightmareGuise"],"picked":"hexamod:ShieldOfDarkness+1","floor":40.0},{"not_picked":["hexamod:HeatShield+1","hexamod:NightmareStrike+1","hexamod:SpectralSpark+1"],"picked":"hexamod:AdvancingGuard+1","floor":43.0},{"not_picked":["hexamod:HauntingEcho","hexamod:GhostOfSpireFuture+1","hexamod:BacktrackSmack+1"],"picked":"hexamod:ShieldOfDarkness+1","floor":44.0},{"not_picked":["hexamod:SpectersWail","hexamod:Hexaguard+1","hexamod:SecondSeal"],"picked":"hexamod:ThermalTransfer+1","floor":46.0},{"not_picked":["hexamod:ThermalTransfer+1","hexamod:StepThrough","hexamod:HeatShield+1"],"picked":"hexamod:GhostShield+1","floor":46.0},{"not_picked":["hexamod:InspiringFlames+1","hexamod:BurningTouch+1","hexamod:GhostShield+1"],"picked":"hexamod:ForkedFlame","floor":48},{"not_picked":["hexamod:StepThrough+1","hexamod:EmpoweredFlame+1","hexamod:NightmareGuise+1"],"picked":"hexamod:ThermalTransfer+1","floor":49},{"not_picked":["hexamod:SkipABeat+1","hexamod:HeatMetal+1","hexamod:PhantomFireball"],"picked":"hexamod:FlamesFromBeyond+1","floor":49}],"player_experience":234441,"relics_obtained":[{"floor":6.0,"key":"downfall:GremlinWheel"},{"floor":7.0,"key":"Blue Doll"},{"floor":12.0,"key":"Eternal Feather"},{"floor":18.0,"key":"Bag of Preparation"},{"floor":25.0,"key":"Incense Burner"},{"floor":25.0,"key":"Question Card"},{"floor":27.0,"key":"ReplayTheSpireMod:Lightbulb"},{"floor":29.0,"key":"Pocketwatch"},{"floor":41.0,"key":"Toxic Egg 2"}],"event_choices":[{"damage_healed":0.0,"max_hp_gain":0.0,"max_hp_loss":0.0,"gold_gain":0.0,"event_name":"Wheel of Change","player_choice":"Relic","floor":18.0,"gold_loss":0.0,"damage_taken":0.0}],"is_beta":false,"boss_relics":[{"not_picked":["Coffee Dripper","Philosopher\u0027s Stone"],"picked":"ChewingGum"},{"not_picked":["Replay:Drink Me","Painkiller Herb"],"picked":"hexamod:IceCube"}],"items_purged_floors":[],"is_endless":false,"potions_floor_spawned":[4,6,9,12,14,16,19,22,27,32,33,37,43,49],"killed_by":"IC_BLOCK_ARCHETYPE","ascension_level":0}}