{"host":"mw3dmj42qtkbha4b","time":1612351270,"event":{"mods":["BaseMod","Colored Map","Colored Powertips","DeckTracker","Minty Spire (QoL Compilation)","StSLib","SuperFastMode"],"gold_per_floor":[113,113,130,130,149,149,181,201,201,201,201],"floor_reached":10,"language":"KOR","playtime":231,"items_purged":[],"score":161,"play_id":"6a48b134-5f05-4e0e-8edb-020a0df76a9d","local_time":"20210203202110","is_ascension_mode":true,"campfire_choices":[{"data":"Vigilance","floor":6.0,"key":"SMITH"}],"circlet_count":0,"master_deck":["AscendersBane","Strike_P","Strike_P","Strike_P","Strike_P","Defend_P","Defend_P","Defend_P","Defend_P","Eruption+1","Vigilance+1"],"relics":["PureWater","NeowsBlessing","Mango","Incense Burner"],"acts_visited":["Exordium"],"potions_floor_usage":[7,7,8],"damage_taken":[{"damage":0.0,"enemies":"Cultist","floor":1.0,"turns":1.0},{"damage":0.0,"enemies":"2 Louse","floor":3.0,"turns":1.0},{"damage":0.0,"enemies":"Jaw Worm","floor":5.0,"turns":1.0},{"damage":44,"enemies":"Lagavulin","floor":7,"turns":7},{"damage":6,"enemies":"Blue Slaver","floor":8,"turns":5},{"damage":35,"enemies":"3 Sentries","floor":10,"turns":4}],"seed_played":"4790527413703659220","potions_obtained":[{"floor":3.0,"key":"StancePotion"},{"floor":5.0,"key":"Dexterity Potion"},{"floor":8,"key":"Fruit Juice"}],"is_trial":false,"path_per_floor":["M","?","M","?","M","R","E","M","T","E"],"character_chosen":"WATCHER","items_purchased":[],"campfire_rested":0,"item_purchase_floors":[],"current_hp_per_floor":[61,61,61,61,61,61,31,30,30,0,0],"gold":201,"neow_bonus":"THREE_ENEMY_KILL","is_daily":false,"chose_seed":false,"campfire_upgraded":1,"win_rate":0.0,"timestamp":1612351270,"path_taken":["M","?","M","?","?","R","E","M","T","E"],"items_purchased_type":[],"build_version":"2020-12-22","purchased_purges":0,"victory":false,"max_hp_per_floor":[68,68,68,68,68,68,82,87,87,87,87],"card_choices":[{"not_picked":["FollowUp","Protect","ClearTheMind"],"picked":"SKIP","floor":1.0},{"not_picked":["FlurryOfBlows","Adaptation","Prostrate"],"picked":"SKIP","floor":3.0},{"not_picked":["CrushJoints","Collect","Tantrum"],"picked":"SKIP","floor":5.0},{"not_picked":["Halt","Collect","ClearTheMind"],"picked":"SKIP","floor":7},{"not_picked":["BowlingBash","ForeignInfluence","WreathOfFlame"],"picked":"SKIP","floor":8}],"player_experience":1795883,"relics_obtained":[{"floor":7,"key":"Mango"},{"floor":9,"key":"Incense Burner"}],"event_choices":[{"damage_healed":0.0,"max_hp_gain":0.0,"max_hp_loss":0.0,"gold_gain":0.0,"event_name":"Living Wall","player_choice":"Grow","floor":2.0,"gold_loss":0.0,"damage_taken":0.0,"cards_upgraded":["Eruption"]},{"damage_healed":0.0,"max_hp_gain":0.0,"max_hp_loss":0.0,"gold_gain":0.0,"event_name":"Match and Keep!","player_choice":"0 cards matched","floor":4.0,"gold_loss":0.0,"damage_taken":0.0,"cards_obtained":[]}],"is_beta":false,"boss_relics":[],"items_purged_floors":[],"is_endless":false,"potions_floor_spawned":[3,5,8],"killed_by":"3 Sentries","ascension_level":20}}