{"host":"ipnf7ktf1pyxq9u3","time":1612327465,"event":{"mods":["Act Like it!","Aspiration","BaseMod","BetterRewards","Conspire","Downfall","Gremlin Mod","Hallownest","Hermit","Hubris","Infinite Spire","Lobotomy","Minty Spire (QoL Compilation)","Reworked Bosses","Shade Mod","Shop Mod","StSLib","The Bug Knight","The Construct","The Cursed","The Forsaken","The Hierophant","The Jungle","The Necromancer"],"gold_per_floor":[117,117,117,134,134,165,193,205,217,265,290,302,344,369,381,514,526,562,426,444,444,460,460,493,493,493,86,86,86],"floor_reached":28,"language":"ENG","playtime":1063,"items_purged":["Strike_P","Strike_P"],"score":285,"play_id":"1a0e08d7-f172-4f7f-8f1e-f873df6ab836","local_time":"20210203154425","is_ascension_mode":true,"campfire_choices":[{"data":"Eruption","floor":8.0,"key":"SMITH"},{"data":"FlurryOfBlows","floor":15,"key":"SMITH"},{"data":"Ragnarok","floor":23,"key":"SMITH"},{"data":"ConjureBlade","floor":25,"key":"SMITH"}],"circlet_count":0,"master_deck":["Strike_P","Strike_P","Defend_P+1","Defend_P","Defend_P+1","Defend_P","Eruption+1","Vigilance","Crescendo","FlurryOfBlows+1","BowlingBash","FlurryOfBlows+1","ConjureBlade+1","Wallop+1","Ragnarok+1"],"relics":["PureWater","NeowsBlessing","hubris:Towel","Yang","Golden Idol","MawBank","White Beast Statue","hubris:SlimyHat","War Paint","Philosopher\u0027s Stone","Blood Vial","infinitespire:BottledMercury","TungstenRod"],"acts_visited":["Exordium","TheCity"],"potions_floor_usage":[10,11,16,18,20,24,24],"damage_taken":[{"damage":0.0,"enemies":"2 Louse","floor":1.0,"turns":1.0},{"damage":0.0,"enemies":"Small Slimes","floor":4.0,"turns":1.0},{"damage":0.0,"enemies":"Lagavulin","floor":6.0,"turns":1.0},{"damage":0.0,"enemies":"Cultist","floor":7.0,"turns":3.0},{"damage":10,"enemies":"3 Sentries","floor":10,"turns":4},{"damage":0,"enemies":"Red Slaver","floor":11,"turns":1},{"damage":0,"enemies":"3 Louse","floor":14,"turns":2},{"damage":34,"enemies":"The Guardian","floor":16,"turns":11},{"damage":2,"enemies":"Chosen","floor":18,"turns":3},{"damage":1,"enemies":"Spheric Guardian","floor":20,"turns":3},{"damage":0,"enemies":"Cultist and Chosen","floor":22,"turns":3},{"damage":46,"enemies":"Book of Stabbing","floor":24,"turns":4},{"damage":25,"enemies":"Snake Plant","floor":28,"turns":2}],"seed_played":"3142679083696140065","potions_obtained":[{"floor":4.0,"key":"Guardian:BlockOnCardUsePotion"},{"floor":6.0,"key":"LiquidMemories"},{"floor":7.0,"key":"Dexterity Potion"},{"floor":10,"key":"champ:CounterPotion"},{"floor":11,"key":"Explosive Potion"},{"floor":14,"key":"ColorlessPotion"},{"floor":16,"key":"Slimebound:ThreeZeroPotion"},{"floor":18,"key":"AttackPotion"},{"floor":20,"key":"Swift Potion"},{"floor":24,"key":"SteroidPotion"}],"is_trial":false,"path_per_floor":["M","?","?","M","?","E","M","R","T","E","M","?","?","M","R","B",null,"M","$","M","?","M","R","E","R","T","$","M"],"character_chosen":"WATCHER","items_purchased":["Ragnarok","TungstenRod"],"campfire_rested":0,"item_purchase_floors":[19,27],"current_hp_per_floor":[72,72,69,69,67,67,67,67,67,57,57,57,57,57,57,23,67,65,65,64,64,64,64,18,18,18,18,0,0],"gold":86,"neow_bonus":"THREE_ENEMY_KILL","is_daily":false,"chose_seed":false,"campfire_upgraded":4,"win_rate":0.0,"timestamp":1612327465,"path_taken":["M","?","?","M","?","E","M","R","T","E","M","?","?","M","R","BOSS","M","$","M","?","?","R","E","R","T","?","?"],"items_purchased_type":["Card","Relic"],"build_version":"2020-12-22","purchased_purges":2,"victory":false,"max_hp_per_floor":[72,72,72,72,67,67,67,67,67,67,67,67,67,67,67,67,67,67,67,67,67,67,67,67,67,67,67,67,67],"card_choices":[{"not_picked":["Protect","Indignation"],"picked":"Crescendo","floor":1.0},{"not_picked":["Crescendo","WheelKick"],"picked":"FlurryOfBlows","floor":4.0},{"not_picked":["Prostrate","CutThroughFate"],"picked":"BowlingBash","floor":6.0},{"not_picked":["FlyingSleeves","LikeWater","JustLucky"],"picked":"SKIP","floor":7.0},{"not_picked":["WheelKick","Sanctity","Alpha"],"picked":"SKIP","floor":10},{"not_picked":["Tantrum","JustLucky","Study"],"picked":"SKIP","floor":11},{"not_picked":["Collect","WaveOfTheHand"],"picked":"FlurryOfBlows","floor":14},{"not_picked":["Wish","Brilliance"],"picked":"ConjureBlade","floor":16},{"not_picked":["CarveReality","Swivel+1"],"picked":"Wallop+1","floor":18},{"not_picked":["FlyingSleeves","Pray","EmptyMind"],"picked":"SKIP","floor":20},{"not_picked":["PathToVictory","Evaluate+1","Indignation"],"picked":"SKIP","floor":22},{"not_picked":["Worship+1","Protect","Indignation"],"picked":"SKIP","floor":24}],"player_experience":637258,"relics_obtained":[{"floor":6.0,"key":"MawBank"},{"floor":9.0,"key":"White Beast Statue"},{"floor":10,"key":"hubris:SlimyHat"},{"floor":24,"key":"Blood Vial"},{"floor":26,"key":"infinitespire:BottledMercury"}],"event_choices":[{"damage_healed":0.0,"max_hp_gain":0.0,"max_hp_loss":0.0,"gold_gain":0.0,"event_name":"Scrap Ooze","player_choice":"Success","floor":3.0,"gold_loss":0.0,"damage_taken":3.0,"relics_obtained":["Yang"]},{"damage_healed":0.0,"max_hp_gain":0.0,"max_hp_loss":5.0,"gold_gain":0.0,"event_name":"Golden Idol","player_choice":"Lose Max HP","floor":5.0,"gold_loss":0.0,"damage_taken":0.0,"relics_obtained":["Golden Idol"]},{"damage_healed":0,"gold_gain":30,"player_choice":"Searched \u00273\u0027 times","damage_taken":0,"relics_obtained":["War Paint"],"max_hp_gain":0,"max_hp_loss":0,"event_name":"Dead Adventurer","floor":13,"gold_loss":0},{"damage_healed":0,"gold_gain":0,"player_choice":"Ignored","damage_taken":0,"max_hp_gain":0,"max_hp_loss":0,"event_name":"WeMeetAgain","floor":21,"gold_loss":0}],"is_beta":false,"boss_relics":[{"not_picked":["conspire:RoyalGoblet","aspiration:SilentSkillbook"],"picked":"Philosopher\u0027s Stone"}],"items_purged_floors":[19,27],"is_endless":false,"potions_floor_spawned":[4,6,7,10,11,14,16,18,20,22,24],"killed_by":"Snake Plant","ascension_level":1}}