{"host":"l2kmo5ss1fnqnmvo","time":1612332031,"event":{"mods":["BaseMod","Colored Powertips","Decade(王小明)","Lobotomy","Minty Spire (QoL Compilation)","Reimu（博丽灵梦）","WarShipGirlsR/战舰少女R mod"],"gold_per_floor":[114,132,149,162,162,162,162,162],"floor_reached":7,"language":"ZHS","playtime":586,"items_purged":[],"score":45,"play_id":"4d5578bf-ca7e-4e08-9597-2d066eadf467","local_time":"20210203150031","is_ascension_mode":true,"campfire_choices":[{"floor":6,"key":"RECALL"}],"circlet_count":0,"master_deck":["Decade_Attack","Decade_Attack","Decade_Attack","Decade_Attack","KamenRide","Decade_SpecialSkill","Decade_Defend","Decade_Defend","Decade_Defend","Decade_Defend","KamenRideBlade","Murderer","Kuuga_GouramAttack","FormRideDogga","Kiva_Bats","Decade_Defend2","MeatLantern","FormRideGaruru"],"relics":["Decadriver","TOEIDeficitBill","CogitoBucket","Regal Pillow"],"acts_visited":["Exordium"],"potions_floor_usage":[7],"damage_taken":[{"damage":16,"enemies":"2 Louse","floor":1,"turns":4},{"damage":6,"enemies":"Jaw Worm","floor":2,"turns":3},{"damage":14,"enemies":"Cultist","floor":3,"turns":4},{"damage":4,"enemies":"2 Fungi Beasts","floor":4,"turns":2},{"damage":12,"enemies":"3 Sentries","floor":7,"turns":3}],"seed_played":"259318540682272924","potions_obtained":[{"floor":3,"key":"BlessingOfTheForge"}],"is_trial":false,"path_per_floor":["M","M","M","M","?","R","E"],"character_chosen":"Decade","items_purchased":[],"campfire_rested":0,"item_purchase_floors":[],"current_hp_per_floor":[59,58,59,60,48,48,36,36],"gold":162,"neow_bonus":"","is_daily":false,"chose_seed":false,"campfire_upgraded":0,"win_rate":0.0,"timestamp":1612332031,"path_taken":["M","M","M","M","?","R","E"],"items_purchased_type":[],"build_version":"2020-12-22","purchased_purges":0,"victory":false,"max_hp_per_floor":[70,70,70,70,70,70,70,70],"card_choices":[{"not_picked":["UniverseFragment","BeautyBeast","SpiderBud"],"picked":"Singing Bowl","floor":1},{"not_picked":["UnarmedAttack7","KamenRideKabuto"],"picked":"KamenRideBlade","floor":1},{"not_picked":["Hibiki_Attack2","KamenRideDecade","DenO_Gun"],"picked":"SKIP","floor":1},{"not_picked":["CherryBlossoms","MeatLantern","Laetitia"],"picked":"Singing Bowl","floor":2},{"not_picked":["SpiderBud","ShyLook"],"picked":"Murderer","floor":2},{"not_picked":["Hibiki_Attack2","Blade_Metal"],"picked":"Kuuga_GouramAttack","floor":2},{"not_picked":["KamenRideBlade","Kiva_Eat"],"picked":"FormRideDogga","floor":2},{"not_picked":["DenO_Rod","FormRideStorm"],"picked":"Kiva_Bats","floor":3},{"not_picked":["FormRideDogga","Kiva_Swallow"],"picked":"Decade_Defend2","floor":3},{"not_picked":["OSAHOGD","BlackSwan"],"picked":"MeatLantern","floor":3},{"not_picked":["FormRideTitan","AttackRide"],"picked":"FormRideGaruru","floor":4}],"player_experience":602424,"relics_obtained":[],"event_choices":[{"damage_healed":0,"gold_gain":0,"player_choice":"Success","damage_taken":12,"relics_obtained":["Regal Pillow"],"max_hp_gain":0,"max_hp_loss":0,"event_name":"Scrap Ooze","floor":5,"gold_loss":0}],"is_beta":false,"boss_relics":[],"items_purged_floors":[],"is_endless":false,"potions_floor_spawned":[3],"killed_by":"3 Sentries","ascension_level":1}}