{"host":"nlh1m2716594vj2h","time":1612327567,"event":{"mods":["AchievementEnabler","BaseMod","Beaked The Cultist","BetterRewards","Downfall","Glutton Mod","Googly Eyes","Hermit","Hubris","Jorbs\u0027s Wanderer Trilogy","Marisa????????","Minty Spire (QoL Compilation)","Replay The Spire","Shop Mod","StSLib","The Animator","The Blackbeard","The Bug Knight","The Cursed","The Hierophant","The Necromancer","The Runesmith","The Servant 0.9.4"],"gold_per_floor":[199,199,299,112,127,142,165,184,199,219,237,247,147,157,176,272,272,272,285,285,300,300,300,300,335,359,29,29,47,80,108,130,134,134,134],"floor_reached":33,"language":"ENG","playtime":3177,"items_purged":[],"score":292,"play_id":"0f034801-f08e-4a6d-879e-33031cf901ea","local_time":"20210202234607","is_ascension_mode":false,"campfire_choices":[{"floor":1,"key":"RECALL"},{"floor":13,"key":"REST"},{"data":"expansioncontent:QuickStudy","floor":18,"key":"SMITH"},{"data":"hexamod:TimeWarp","floor":23,"key":"SMITH"},{"floor":28,"key":"REST"}],"circlet_count":0,"master_deck":["hexamod:Strike+1","hexamod:Strike","hexamod:Strike+1","hexamod:Defend","hexamod:Defend","hexamod:Defend","hexamod:Defend","hexamod:Sear","hexamod:Float","hexamod:FifthSeal","expansioncontent:QuickStudy+1","hexamod:SwordOfDarkness","hexamod:EtherealExpedition","hexamod:EmpoweredFlame","hexamod:Incineration","hexamod:FastForward","hexamod:Rewind","hexamod:FastForward","hexamod:StepThrough","hexamod:TimeWarp+1","hexamod:WildfireWeapon","hexamod:HeatMetal","Pride","hexamod:SwordOfDarkness","hexamod:Incineration","hexamod:ThirdSeal","hexamod:CatchUp+1","hexamod:FirstSeal","hexamod:FlamesFromBeyond","hexamod:FastForward","hexamod:FourthSeal","expansioncontent:StudyTheSpire","hexamod:SixthSeal","hexamod:HeatShield+1","hexamod:CatchUp","hexamod:StepThrough+1","hexamod:ForkedFlame"],"relics":["hexamod:SpiritBrand","hubris:Towel","Whetstone","downfall:HeartBlessingRed","Honey Jar","FossilizedHelix","Runesmith:Nanobots","Replay:Bandana","Sling"],"acts_visited":["Exordium","TheCity"],"potions_floor_usage":[16,25,29,30,33,33,33,33],"damage_taken":[{"damage":0,"enemies":"downfall:FleeingMerchant","floor":4,"turns":4},{"damage":4,"enemies":"Small Slimes","floor":5,"turns":4},{"damage":0,"enemies":"Jaw Worm","floor":6,"turns":3},{"damage":0,"enemies":"Cultist","floor":8,"turns":3},{"damage":3,"enemies":"Gremlin Gang","floor":9,"turns":4},{"damage":3,"enemies":"Red Slaver","floor":10,"turns":2},{"damage":6,"enemies":"Exordium Wildlife","floor":11,"turns":3},{"damage":6,"enemies":"HollowMod:HuskWarrior","floor":12,"turns":7},{"damage":5,"enemies":"Exordium Thugs","floor":14,"turns":4},{"damage":0,"enemies":"Gremlin Gang","floor":15,"turns":4},{"damage":29,"enemies":"SI_SHIV_ARCHETYPE","floor":16,"turns":6},{"damage":5,"enemies":"Shell Parasite","floor":19,"turns":4},{"damage":14,"enemies":"Snake Plant","floor":21,"turns":3},{"damage":22,"enemies":"Replay:Snechameleon","floor":25,"turns":4},{"damage":11,"enemies":"Cultist and Chosen","floor":26,"turns":6},{"damage":3,"enemies":"downfall:FleeingMerchant","floor":27,"turns":4},{"damage":16,"enemies":"Snecko","floor":29,"turns":5},{"damage":7,"enemies":"Snake Plant","floor":30,"turns":3},{"damage":13,"enemies":"Cultist and Chosen","floor":31,"turns":5},{"damage":8,"enemies":"Centurion and Healer","floor":32,"turns":4},{"damage":73,"enemies":"IC_MUSHROOM_ARCHETYPE","floor":33,"turns":6}],"seed_played":"3970429882947240704","potions_obtained":[{"floor":8,"key":"FearPotion"},{"floor":9,"key":"Adrenaline Potion"},{"floor":10,"key":"Weak Potion"},{"floor":16,"key":"Weak Potion"},{"floor":19,"key":"Death Potion"},{"floor":29,"key":"Fire Potion"},{"floor":30,"key":"LiquidMemories"},{"floor":31,"key":"Flashbang"},{"floor":31,"key":"champ:CounterPotion"}],"is_trial":false,"path_per_floor":["R","?","?","$","M","M","T","M","M","M","M","M","R","M","M","B",null,"R","M","?","M","?","R","T","E","M","$","R","M","M","M","M","B"],"character_chosen":"THE_SPIRIT","items_purchased":["expansioncontent:QuickStudy","expansioncontent:StudyTheSpire","Sling"],"campfire_rested":2,"item_purchase_floors":[4,27,27],"current_hp_per_floor":[70,70,70,70,66,66,66,66,63,60,54,48,69,64,64,35,70,70,65,65,51,51,51,51,29,18,22,43,34,27,21,20,0,0,0],"gold":134,"neow_bonus":"HUNDRED_GOLD","is_daily":false,"chose_seed":false,"campfire_upgraded":2,"win_rate":0.0,"timestamp":1612327567,"path_taken":["R","?","?","?","M","?","T","?","M","M","?","M","R","M","M","BOSS","R","M","?","M","?","R","T","E","M","$","R","?","M","M","M","BOSS"],"items_purchased_type":["Card","Card","Relic"],"build_version":"2020-12-22","purchased_purges":0,"victory":false,"max_hp_per_floor":[70,70,70,70,70,70,70,70,70,70,70,70,70,70,70,70,70,70,70,70,70,70,70,70,70,70,70,70,70,70,70,70,70,70,70],"card_choices":[{"not_picked":["hexamod:NightmareGuise","hexamod:GhostShield"],"picked":"hexamod:FifthSeal","floor":4},{"not_picked":["hexamod:NightmareStrike","hexamod:BurningTouch"],"picked":"hexamod:SwordOfDarkness","floor":5},{"not_picked":["hexamod:Hexaguard","hexamod:GhostOfSpirePast"],"picked":"hexamod:EtherealExpedition","floor":6},{"not_picked":["hexamod:PhantomFireball","hexamod:BurningTouch"],"picked":"hexamod:EmpoweredFlame","floor":8},{"not_picked":["hexamod:RainOfEmbers","hexamod:AdvancingGuard"],"picked":"hexamod:Incineration","floor":9},{"not_picked":["hexamod:InspiringFlames","hexamod:Haunt"],"picked":"hexamod:FastForward","floor":10},{"not_picked":["hexamod:PowerFromBeyond","hexamod:BacktrackSmack"],"picked":"hexamod:Rewind","floor":11},{"not_picked":["hexamod:Haunt","hexamod:Again"],"picked":"hexamod:FastForward","floor":12},{"not_picked":["hexamod:ShieldOfDarkness","hexamod:BurningTouch"],"picked":"hexamod:StepThrough","floor":14},{"not_picked":["hexamod:CatchUp","hexamod:FastForward"],"picked":"hexamod:TimeWarp","floor":15},{"not_picked":["hexamod:GiftsFromTheDead","hexamod:ParanormalForm"],"picked":"hexamod:WildfireWeapon","floor":16},{"not_picked":["hexamod:Firestarter+1","hexamod:GhostLash+1","hexamod:GhostShield"],"picked":"hexamod:HeatMetal","floor":19},{"not_picked":["hexamod:SpectersWail","hexamod:BurningTouch","hexamod:DynamicBlow"],"picked":"hexamod:SwordOfDarkness","floor":21},{"not_picked":["hexamod:RecurringNightmare","hexamod:NightmareGuise+1","hexamod:Hexaguard"],"picked":"hexamod:ThirdSeal","floor":25},{"not_picked":["hexamod:NightmareGuise+1","hexamod:BacktrackSmack+1","hexamod:HeatMetal"],"picked":"hexamod:CatchUp+1","floor":26},{"not_picked":["hexamod:SecondSeal","hexamod:SixthSeal"],"picked":"hexamod:FirstSeal","floor":26},{"not_picked":["hexamod:BurningTouch","hexamod:PhantomCloak+1","hexamod:AdvancingGuard"],"picked":"hexamod:FlamesFromBeyond","floor":26},{"not_picked":["hexamod:WildfireWeapon","hexamod:NightmareStrike","hexamod:CatchUp"],"picked":"hexamod:FastForward","floor":27},{"not_picked":["hexamod:SwordOfDarkness","hexamod:FlamesFromBeyond","hexamod:ShieldOfDarkness"],"picked":"hexamod:FourthSeal","floor":27},{"not_picked":["hexamod:ThirdSeal","hexamod:FirstSeal"],"picked":"hexamod:SixthSeal","floor":29},{"not_picked":["hexamod:Hexaguard","hexamod:ThermalTransfer","hexamod:RainOfEmbers"],"picked":"hexamod:HeatShield+1","floor":29},{"not_picked":["hexamod:FourthSeal","hexamod:BacktrackSmack+1","hexamod:GhostflameBarrier+1"],"picked":"hexamod:CatchUp","floor":30},{"not_picked":["hexamod:ShieldOfDarkness","hexamod:GhostLash","hexamod:ChargedBarrage"],"picked":"hexamod:StepThrough+1","floor":31},{"not_picked":["hexamod:RainOfEmbers","hexamod:ThermalTransfer","hexamod:AdvancingGuard"],"picked":"hexamod:ForkedFlame","floor":32}],"player_experience":453220,"relics_obtained":[{"floor":7,"key":"Whetstone"},{"floor":24,"key":"Runesmith:Nanobots"},{"floor":25,"key":"Replay:Bandana"}],"event_choices":[{"damage_healed":0,"gold_gain":0,"player_choice":"Stole Relic","damage_taken":0,"relics_obtained":["FossilizedHelix"],"max_hp_gain":0,"max_hp_loss":0,"event_name":"Addict","floor":20,"gold_loss":0,"cards_obtained":["Pride"]}],"is_beta":false,"boss_relics":[{"not_picked":["Replay:Bronze Core","Abe\u0027s Treasure"],"picked":"Honey Jar"}],"items_purged_floors":[],"is_endless":false,"potions_floor_spawned":[8,9,10,16,19,29,30,31],"killed_by":"IC_MUSHROOM_ARCHETYPE","ascension_level":0}}