{"host":"65a95dzim48ko8ke","time":1612329001,"event":{"mods":["AchievementEnabler","Aspiration","BaseMod","Block Reminder","Colored Powertips","Conspire","Curses Come First","DeckTracker","Energized Spire","Halation","Hubris","Jedi Mod","Minty Spire (QoL Compilation)","MostiFishMod","Permanent Neow","Quick Restart","Rare Cards Sparkle","Relic Sorter","Reliquary","Replay The Spire","Spicy Shops","StSLib","Synergy Search","TestMod","Trackpad","Åy?ï®?îvÅzREMEMod"],"gold_per_floor":[11,83,83,258,278,306,306,333,333,333,333],"floor_reached":10,"language":"ENG","playtime":723,"items_purged":[],"score":104,"play_id":"c6fe2a09-fe9f-4fa7-b033-b837756c1003","local_time":"20210203141001","is_ascension_mode":true,"campfire_choices":[{"data":"ReplayTheSpireMod:Brewmster","floor":7,"key":"SMITH"}],"circlet_count":0,"master_deck":["Strike_B","Strike_B","Strike_B","Strike_B","Defend_B","Defend_B","Defend_B","Defend_B","Zap","Dualcast","ReplayTheSpireMod:Brewmster+1","hubris:DoWhile","Steam","Regret","Doubt","Leap","Go for the Eyes","Sweeping Beam"],"relics":["Cracked Core","REME_ComplimentaryCards","testmod-TestBox","DaveBox","halation:BottledLove","conspire:DecoderRing","jedi:angrymask","SynthV:C4","Blood Vial"],"acts_visited":["Exordium"],"potions_floor_usage":[1,5,6,6,6,8,8,8,8,10,10,10],"damage_taken":[{"damage":0,"enemies":"Cultist","floor":1,"turns":4},{"damage":16,"enemies":"Small Slimes","floor":5,"turns":3},{"damage":22,"enemies":"Gremlin Nob","floor":6,"turns":4},{"damage":25,"enemies":"3 Sentries","floor":8,"turns":9},{"damage":14,"enemies":"Replay:BlueRogue","floor":10,"turns":4}],"seed_played":"8633698120790853103","potions_obtained":[{"floor":5,"key":"AttackPotion"},{"floor":6,"key":"Reflective Coating"}],"is_trial":false,"path_per_floor":["M","T","?","?","M","E","R","E","T","E"],"character_chosen":"DEFECT","items_purchased":[],"campfire_rested":0,"item_purchase_floors":[],"current_hp_per_floor":[68,68,68,68,52,30,30,5,5,0,0],"gold":333,"neow_bonus":"RANDOM_COLORLESS_2","is_daily":false,"chose_seed":false,"campfire_upgraded":1,"win_rate":0.0,"timestamp":1612329001,"path_taken":["M","?","?","?","M","E","R","E","T","E"],"items_purchased_type":[],"build_version":"2020-12-22","purchased_purges":0,"victory":false,"max_hp_per_floor":[75,75,75,75,75,75,75,75,75,75,75],"card_choices":[{"not_picked":["testmod-TradeIn","testmod-Recap"],"picked":"ReplayTheSpireMod:Brewmster","floor":0},{"not_picked":["ReplayTheSpireMod:System Scan","BasicCrystalCard"],"picked":"Steam","floor":1},{"not_picked":["Time Bomb","Streamline"],"picked":"Leap","floor":5},{"not_picked":["Hello World","Aggregate"],"picked":"Go for the Eyes","floor":6},{"not_picked":["jedi:BurstLightning","Darkness"],"picked":"Sweeping Beam","floor":8}],"player_experience":368850,"relics_obtained":[{"floor":2,"key":"halation:BottledLove"},{"floor":6,"key":"jedi:angrymask"},{"floor":8,"key":"SynthV:C4"},{"floor":9,"key":"Blood Vial"}],"event_choices":[{"damage_healed":0,"gold_gain":0,"player_choice":"Box","damage_taken":0,"relics_obtained":["conspire:DecoderRing"],"max_hp_gain":0,"max_hp_loss":0,"event_name":"Big Fish","floor":3,"gold_loss":0,"cards_obtained":["Regret"]},{"damage_healed":0,"gold_gain":175,"player_choice":"AGREE","damage_taken":0,"max_hp_gain":0,"max_hp_loss":0,"event_name":"Liars Game","floor":4,"gold_loss":0,"cards_obtained":["Doubt"]}],"is_beta":false,"boss_relics":[],"items_purged_floors":[],"is_endless":false,"potions_floor_spawned":[5,6],"killed_by":"Replay:BlueRogue","ascension_level":8}}