{"host":"zsnmfqgcm92hlreo","time":1612342198,"event":{"mods":["AchievementEnabler","Act Like it!","BaseMod","Bestiary","Block Reminder","Colored Map","Colored Powertips","Hermit","Jorbs\u0027s Wanderer Trilogy","Minty Spire (QoL Compilation)","Permanent Neow","Quick Restart","Relic Stats","StSLib","Weighted Paths"],"gold_per_floor":[368,56,82,114,51,63,75,87,99,131,143,143],"floor_reached":11,"language":"ENG","playtime":309,"items_purged":["Strike_R"],"score":122,"play_id":"94ad4507-fac1-48aa-b2b8-232beca44014","local_time":"20210203024958","is_ascension_mode":true,"campfire_choices":[{"data":"Whirlwind","floor":6.0,"key":"SMITH"},{"floor":8.0,"key":"REST"}],"circlet_count":0,"master_deck":["AscendersBane","Strike_R","Strike_R","Strike_R","Defend_R","Defend_R","Defend_R","Defend_R","Bash","Whirlwind+1","Clash","Spot Weakness"],"relics":["Burning Blood","Happy Flower","MawBank","Toy Ornithopter","Paper Frog"],"acts_visited":["Exordium"],"potions_floor_usage":[],"damage_taken":[{"damage":2.0,"enemies":"Cultist","floor":1.0,"turns":4.0},{"damage":14.0,"enemies":"Jaw Worm","floor":4.0,"turns":4.0},{"damage":8.0,"enemies":"Small Slimes","floor":10.0,"turns":3.0},{"damage":64,"enemies":"Gremlin Nob","floor":11,"turns":4}],"seed_played":"-4834281119833338558","potions_obtained":[],"is_trial":false,"path_per_floor":["M","$","T","M","?","R","?","R","T","M","E"],"character_chosen":"IRONCLAD","items_purchased":["Whirlwind","Happy Flower"],"campfire_rested":1,"item_purchase_floors":[2,2],"current_hp_per_floor":[68,68,68,60,60,60,34,54,54,52,0,0],"gold":143,"neow_bonus":"TWO_FIFTY_GOLD","is_daily":false,"chose_seed":false,"campfire_upgraded":1,"win_rate":0.0,"timestamp":1612342198,"path_taken":["M","$","?","M","?","R","?","R","T","M","E"],"items_purchased_type":["Card","Relic"],"build_version":"2020-12-22","purchased_purges":1,"victory":false,"max_hp_per_floor":[68,68,68,68,68,68,68,68,68,68,68,68],"relic_stats":{"Happy Flower":[3],"counters":[4,15],"MawBank":96,"obtain_stats":[{"Happy Flower":2,"MawBank":3,"Burning Blood":0,"Toy Ornithopter":7,"Paper Frog":9},{"Happy Flower":1,"MawBank":1,"Burning Blood":0,"Toy Ornithopter":2,"Paper Frog":2},{"Happy Flower":4,"MawBank":4,"Burning Blood":0,"Toy Ornithopter":8,"Paper Frog":8}],"Burning Blood":14,"Toy Ornithopter":0},"card_choices":[{"not_picked":["Clash","Sentinel","Burning Pact"],"picked":"SKIP","floor":1.0},{"not_picked":["Anger","Rage"],"picked":"Clash","floor":4.0},{"not_picked":["Searing Blow","True Grit"],"picked":"Spot Weakness","floor":10.0}],"player_experience":1007213,"relics_obtained":[{"floor":3.0,"key":"MawBank"},{"floor":9.0,"key":"Paper Frog"}],"event_choices":[{"cards_removed":["Strike_R"],"damage_healed":0.0,"max_hp_gain":0.0,"max_hp_loss":0.0,"gold_gain":0.0,"event_name":"The Cleric","player_choice":"Card Removal","floor":5.0,"gold_loss":75.0,"damage_taken":0.0},{"damage_healed":0.0,"max_hp_gain":0.0,"max_hp_loss":0.0,"gold_gain":0.0,"event_name":"Scrap Ooze","player_choice":"Success","floor":7.0,"gold_loss":0.0,"damage_taken":26.0,"relics_obtained":["Toy Ornithopter"]}],"is_beta":false,"boss_relics":[],"items_purged_floors":[2],"is_endless":false,"potions_floor_spawned":[],"killed_by":"Gremlin Nob","ascension_level":20}}