{"host":"hpn0uxah5qjr7pa6","time":1612326273,"event":{"mods":["Act Like it!","Aspiration","BaseMod","Better Third Choice","BetterRewards","Challenge The Spire","Colored Powertips","Conspire","Downfall","Energized Spire","Hallownest","Hermit","Hubris","Infinite Spire","Minty Spire (QoL Compilation)","Permanent Neow","Quick Restart","Rare Cards Sparkle","Replay The Spire","Spicy Shops","StSLib","The Bug Knight","The Jungle"],"gold_per_floor":[99,115,126,36,56,56,56,41,55,55,70,70,87,72,86,86,86,86],"floor_reached":16,"language":"ENG","playtime":589,"items_purged":[],"score":113,"play_id":"d66897ce-773e-4013-86dd-488d1c47d0d7","local_time":"20210202202433","is_ascension_mode":true,"campfire_choices":[{"floor":1,"key":"DIG"},{"floor":6,"key":"REST"},{"data":"Trip","floor":10,"key":"SMITH"}],"circlet_count":0,"master_deck":["bronze:Strike","bronze:Strike","bronze:Strike","bronze:Strike","bronze:Defend","bronze:Defend","bronze:Defend","bronze:Defend","bronze:Replicate","bronze:Goto","Trip+1","bronze:BronzeOrb","bronze:WhirlingStrike","bronze:WhirlingStrike","bronze:FollowUp","bronze:OilSpill"],"relics":["bronze:BronzeCore","bronze:ProtectiveGoggles","Bottled Lightning"],"acts_visited":["Exordium"],"potions_floor_usage":[14],"damage_taken":[{"damage":4,"enemies":"Jaw Worm","floor":2,"turns":3},{"damage":1,"enemies":"Cultist","floor":3,"turns":3},{"damage":0,"enemies":"downfall:FleeingMerchant","floor":4,"turns":4},{"damage":11,"enemies":"conspire:RoseBush","floor":5,"turns":3},{"damage":0,"enemies":"downfall:FleeingMerchant","floor":8,"turns":4},{"damage":0,"enemies":"Exordium Thugs","floor":9,"turns":3},{"damage":0,"enemies":"2 Fungi Beasts","floor":11,"turns":2},{"damage":30,"enemies":"conspire:2 RoseBushes","floor":13,"turns":4},{"damage":2,"enemies":"downfall:FleeingMerchant","floor":14,"turns":4},{"damage":3,"enemies":"Red Slaver","floor":15,"turns":3},{"damage":38,"enemies":"SI_SHIV_ARCHETYPE","floor":16,"turns":7}],"seed_played":"1669291498487998159","potions_obtained":[{"floor":9,"key":"SteroidPotion"},{"floor":11,"key":"SkillPotion"},{"floor":13,"key":"Adrenaline Potion"},{"floor":15,"key":"Cursed Concoction"}],"is_trial":false,"path_per_floor":["R","M","M","$","M","R","T","$","M","R","M","?","M","$","M","B"],"character_chosen":"THE_AUTOMATON","items_purchased":["bronze:WhirlingStrike"],"campfire_rested":1,"item_purchase_floors":[4],"current_hp_per_floor":[70,66,65,65,54,70,70,70,70,70,70,70,40,38,35,0,0,0],"gold":86,"neow_bonus":"RANDOM_COLORLESS","is_daily":false,"chose_seed":false,"campfire_upgraded":1,"win_rate":0.0,"timestamp":1612326273,"path_taken":["R","M","M","$","M","R","T","$","M","R","M","?","M","?","M","BOSS"],"items_purchased_type":["Card"],"build_version":"2020-12-22","purchased_purges":0,"victory":false,"max_hp_per_floor":[70,70,70,70,70,70,70,70,70,70,70,70,70,70,70,70,70,70],"card_choices":[{"not_picked":["Survey Options","Panacea"],"picked":"Trip","floor":0},{"not_picked":["bronze:Shell","bronze:Turbo","bronze:Frontload"],"picked":"SKIP","floor":2},{"not_picked":["bronze:Shield","bronze:FineTuning","bronze:Overheat"],"picked":"SKIP","floor":3},{"not_picked":["bronze:Overload","bronze:Constructor"],"picked":"bronze:BronzeOrb","floor":4},{"not_picked":["bronze:FineTuning","bronze:ForLoop","bronze:Return"],"picked":"SKIP","floor":5},{"not_picked":["bronze:Iterate","bronze:NullPointer"],"picked":"bronze:WhirlingStrike","floor":8},{"not_picked":["bronze:DigitalCarnage","bronze:Shield","bronze:ChildClass"],"picked":"SKIP","floor":9},{"not_picked":["bronze:Shell","bronze:Philosophize","bronze:Break"],"picked":"SKIP","floor":11},{"not_picked":["bronze:Constructor","bronze:CloningBeam"],"picked":"bronze:FollowUp","floor":13},{"not_picked":["bronze:WhirlingStrike","bronze:Flail"],"picked":"bronze:OilSpill","floor":14},{"not_picked":["bronze:FineTuning","bronze:Terminator","bronze:Shield"],"picked":"SKIP","floor":15}],"player_experience":168162,"relics_obtained":[{"floor":1,"key":"bronze:ProtectiveGoggles"},{"floor":7,"key":"Bottled Lightning"}],"event_choices":[],"is_beta":false,"boss_relics":[],"items_purged_floors":[],"is_endless":false,"potions_floor_spawned":[9,11,13,15],"killed_by":"SI_SHIV_ARCHETYPE","ascension_level":4}}