{"host":"xzikuxjsmf811ki6","time":1612330052,"event":{"mods":["BaseMod","DeckTracker","Hermit","Minty Spire (QoL Compilation)","Quick Restart","Relic Stats","StSLib","The Necromancer","The Servant 0.9.4"],"gold_per_floor":[119,37,57,67,67,93,113,113,113,113,128,128,53,68,68,163,163,173,98,98,26,30,59,74,74,74,74,74,74,74],"floor_reached":29,"language":"ENG","playtime":1550,"items_purged":["Strike_W"],"score":243,"play_id":"c46299bb-546a-4f91-b915-6dc2a4620134","local_time":"20210203002732","is_ascension_mode":false,"campfire_choices":[{"data":"Bone_Armory","floor":8,"key":"SMITH"},{"data":"Bones_to_Steel","floor":10,"key":"SMITH"},{"data":"Finger_Of_Death","floor":12,"key":"SMITH"},{"floor":15,"key":"REST"},{"data":"Negative_Energy_Mist","floor":25,"key":"SMITH"},{"data":"Summon_Undead_Army","floor":27,"key":"SMITH"}],"circlet_count":0,"master_deck":["Strike_W+1","Strike_W+1","Defend_W","Defend_W","Defend_W","Defend_W","Negative_Energy_Arrows","Bone_Wall","Spectral_Armor","Bone_Armory+1","Scare","Finger_Of_Death+1","Pandemic","Bones_to_Steel+1","Negative_Energy_Sphere","Negative_Energy_Mist+1","Cloudkill","Summon_Undead_Army+1","J.A.X.","Cloudkill","Shade_Step"],"relics":["Vampire_Amulet","NeowsBlessing","Oddly Smooth Stone","Omamori","Sozu","Bottled Lightning","Pantograph"],"acts_visited":["Exordium","TheCity"],"potions_floor_usage":[11,16,23,23],"damage_taken":[{"damage":0,"enemies":"Cultist","floor":1,"turns":1},{"damage":0,"enemies":"Jaw Worm","floor":3,"turns":1},{"damage":0,"enemies":"2 Louse","floor":4,"turns":2},{"damage":35,"enemies":"Gremlin Nob","floor":6,"turns":5},{"damage":7,"enemies":"2 Fungi Beasts","floor":7,"turns":3},{"damage":5,"enemies":"Exordium Wildlife","floor":11,"turns":7},{"damage":1,"enemies":"Looter","floor":14,"turns":3},{"damage":19,"enemies":"The Guardian","floor":16,"turns":20},{"damage":15,"enemies":"Spheric Guardian","floor":18,"turns":5},{"damage":9,"enemies":"2 Thieves","floor":22,"turns":4},{"damage":30,"enemies":"Gremlin Leader","floor":23,"turns":7},{"damage":23,"enemies":"Sentry and Sphere","floor":24,"turns":5},{"damage":42,"enemies":"3 Cultists","floor":29,"turns":5}],"seed_played":"8715452820562350642","potions_obtained":[{"floor":1,"key":"Fruit Juice"},{"floor":4,"key":"DistilledChaos"},{"floor":7,"key":"PowerPotion"},{"floor":11,"key":"Regen Potion"}],"is_trial":false,"path_per_floor":["M","$","M","M","?","E","M","R","T","R","M","R","$","M","R","B",null,"M","?","?","$","M","E","M","R","T","R","?","M"],"character_chosen":"NECROMANCER","items_purchased":["Bone_Armory","Cloudkill"],"campfire_rested":1,"item_purchase_floors":[2,21],"current_hp_per_floor":[75,75,75,75,60,27,24,24,24,24,28,28,28,29,53,36,80,67,67,67,67,60,57,38,38,38,38,38,0,0],"gold":74,"neow_bonus":"THREE_ENEMY_KILL","is_daily":false,"chose_seed":false,"campfire_upgraded":5,"win_rate":0.0,"timestamp":1612330052,"path_taken":["M","$","M","?","?","E","M","R","T","R","M","R","$","M","R","BOSS","M","?","?","$","M","E","M","R","T","R","?","?"],"items_purchased_type":["Card","Card"],"build_version":"2020-12-22","purchased_purges":1,"victory":false,"max_hp_per_floor":[75,75,75,75,75,75,75,75,75,75,80,80,80,80,80,80,80,80,80,80,80,80,80,80,80,80,80,80,80,80],"relic_stats":{"Sozu":1,"counters":[13,68],"Pantograph":0,"obtain_stats":[{"Sozu":17,"NeowsBlessing":0,"Pantograph":26,"Oddly Smooth Stone":6,"Vampire_Amulet":0,"Omamori":9,"Bottled Lightning":23},{"Sozu":8,"NeowsBlessing":0,"Pantograph":12,"Oddly Smooth Stone":4,"Vampire_Amulet":0,"Omamori":5,"Bottled Lightning":11},{"Sozu":42,"NeowsBlessing":0,"Pantograph":63,"Oddly Smooth Stone":9,"Vampire_Amulet":0,"Omamori":12,"Bottled Lightning":58}]},"card_choices":[{"not_picked":["Life_Tap","Death_March_Dance"],"picked":"Spectral_Armor","floor":1},{"not_picked":["Flesh_Made_Foul","Epidemic"],"picked":"Scare","floor":3},{"not_picked":["Chill_Blood","Death_March_Dance"],"picked":"Finger_Of_Death","floor":4},{"not_picked":["Vampiric_Strike","Consume_Illness"],"picked":"Pandemic","floor":6},{"not_picked":["Blood_Curse","Life_Drain"],"picked":"Bones_to_Steel","floor":7},{"not_picked":["Summon_Undead_Army","Consume_Illness"],"picked":"Negative_Energy_Sphere","floor":11},{"not_picked":["Negative_Energy_Javelin","Finger_Of_Death"],"picked":"Negative_Energy_Mist","floor":14},{"not_picked":["Blood_Wake","Negative_Energy_Bomb"],"picked":"Cloudkill","floor":16},{"not_picked":["Negative_Energy_Sphere","Death_Coil"],"picked":"Summon_Undead_Army","floor":18},{"not_picked":["Negative_Energy_Sphere","Shackles_Of_Pain","Blood_Curse"],"picked":"SKIP","floor":22},{"not_picked":["Bones_to_Steel+1","Grasp_Heart","Negative_Energy_Burst"],"picked":"SKIP","floor":23},{"not_picked":["Shackles_Of_Pain","Blood_Curse"],"picked":"Shade_Step","floor":24}],"player_experience":369907,"relics_obtained":[{"floor":6,"key":"Oddly Smooth Stone"},{"floor":9,"key":"Omamori"},{"floor":23,"key":"Bottled Lightning"},{"floor":26,"key":"Pantograph"}],"event_choices":[{"damage_healed":0,"gold_gain":0,"player_choice":"Entered Light","damage_taken":15,"max_hp_gain":0,"max_hp_loss":0,"event_name":"Shining Light","floor":5,"gold_loss":0,"cards_upgraded":["Strike_W","Strike_W"]},{"cards_removed":["Strike_W"],"damage_healed":0,"gold_gain":0,"player_choice":"Gave Gold","damage_taken":0,"max_hp_gain":0,"max_hp_loss":0,"event_name":"Beggar","floor":19,"gold_loss":75},{"damage_healed":0,"gold_gain":0,"player_choice":"Obtain J.A.X.","damage_taken":0,"max_hp_gain":0,"max_hp_loss":0,"event_name":"Drug Dealer","floor":20,"gold_loss":0,"cards_obtained":["J.A.X."]},{"damage_healed":0,"gold_gain":0,"player_choice":"Ignored","damage_taken":0,"max_hp_gain":0,"max_hp_loss":0,"event_name":"Ghosts","floor":28,"gold_loss":0}],"is_beta":false,"boss_relics":[{"not_picked":["Pandora\u0027s Box","Runic Dome"],"picked":"Sozu"}],"items_purged_floors":[13],"is_endless":false,"potions_floor_spawned":[1,4,7,11,22],"killed_by":"3 Cultists","ascension_level":0}}