{"host":"4nqeo0vu1vuav7gg","time":1612375591,"event":{"mods":["AchievementEnabler","BaseMod","Block Reminder","Colored Map","Colored Powertips","Highlight Path","Minty Spire (QoL Compilation)","Quick Restart","Rare Cards Sparkle","Relic Relevance Reorder","StSLib"],"gold_per_floor":[109,34,34,34,52,81,91,91,91,102,114,147,161,172,172,249,249,259,259,259,159,177,177,177],"floor_reached":23,"language":"ENG","playtime":697,"items_purged":["Strike_B","Writhe"],"score":445,"play_id":"77c10601-e85a-4565-8660-8bb1b8118db8","local_time":"20210203190631","is_ascension_mode":true,"campfire_choices":[{"data":"Loop","floor":8,"key":"SMITH"},{"data":"Biased Cognition","floor":15,"key":"SMITH"}],"circlet_count":0,"master_deck":["AscendersBane","Strike_B","Defend_B","Defend_B","Defend_B","Defend_B","Zap","Dualcast","Self Repair","Self Repair","Doom and Gloom","Loop+1","Melter","Sunder","BootSequence","Compile Driver","Biased Cognition+1","Biased Cognition","Capacitor"],"relics":["Cracked Core","NeowsBlessing","Bottled Flame","Question Card","Nloth\u0027s Gift","Dream Catcher","Matryoshka","Empty Cage"],"acts_visited":["Exordium","TheCity"],"potions_floor_usage":[16,23,23],"damage_taken":[{"damage":0,"enemies":"Jaw Worm","floor":1,"turns":1},{"damage":0,"enemies":"2 Louse","floor":5,"turns":1},{"damage":0,"enemies":"Lagavulin","floor":6,"turns":2},{"damage":7,"enemies":"Cultist","floor":7,"turns":4},{"damage":1,"enemies":"3 Louse","floor":10,"turns":3},{"damage":28,"enemies":"2 Fungi Beasts","floor":11,"turns":4},{"damage":35,"enemies":"3 Sentries","floor":12,"turns":7},{"damage":4,"enemies":"Red Slaver","floor":13,"turns":3},{"damage":12,"enemies":"Looter","floor":14,"turns":4},{"damage":26,"enemies":"The Guardian","floor":16,"turns":8},{"damage":18,"enemies":"Chosen","floor":18,"turns":4},{"damage":0,"enemies":"Spheric Guardian","floor":22,"turns":1},{"damage":58,"enemies":"Slavers","floor":23,"turns":3}],"seed_played":"-3989147958223412905","potions_obtained":[{"floor":1,"key":"Dexterity Potion"},{"floor":6,"key":"DuplicationPotion"},{"floor":13,"key":"Regen Potion"},{"floor":16,"key":"FocusPotion"}],"is_trial":false,"path_per_floor":["M","$","?","?","M","E","M","R","T","M","M","E","M","M","R","B",null,"M","?","?","$","M","E"],"character_chosen":"DEFECT","items_purchased":[],"campfire_rested":0,"item_purchase_floors":[],"current_hp_per_floor":[64,64,46,46,53,67,67,67,67,71,57,36,46,48,48,51,66,48,48,48,48,55,0,0],"gold":177,"neow_bonus":"THREE_ENEMY_KILL","is_daily":false,"chose_seed":false,"campfire_upgraded":2,"win_rate":0.0,"timestamp":1612375591,"path_taken":["M","$","?","?","M","E","M","R","T","M","M","E","M","?","R","BOSS","M","?","?","$","M","E"],"items_purchased_type":[],"build_version":"2020-12-22","purchased_purges":2,"victory":false,"max_hp_per_floor":[71,71,71,71,71,71,71,71,71,71,71,71,71,71,71,71,71,71,71,71,71,71,71,71],"card_choices":[{"not_picked":["Hologram","Turbo"],"picked":"Self Repair","floor":1},{"not_picked":["Gash","Go for the Eyes","Barrage"],"picked":"Doom and Gloom","floor":5},{"not_picked":["Chaos","Reinforced Body","Multi-Cast"],"picked":"Loop","floor":6},{"not_picked":["Blizzard","Consume","Hello World"],"picked":"Melter","floor":7},{"not_picked":["Gash","Go for the Eyes","Streamline"],"picked":"Sunder","floor":10},{"not_picked":["Sweeping Beam","Auto Shields","Streamline"],"picked":"BootSequence","floor":11},{"not_picked":["Beam Cell","Ball Lightning","Steam"],"picked":"Compile Driver","floor":12},{"not_picked":["Barrage","Chaos","FTL","Streamline"],"picked":"SKIP","floor":13},{"not_picked":["Heatsinks","Scrape","Redo"],"picked":"Biased Cognition","floor":14},{"not_picked":["Amplify","Core Surge","Machine Learning"],"picked":"Biased Cognition","floor":16},{"not_picked":["Compile Driver","White Noise","Rebound+1"],"picked":"Capacitor","floor":18},{"not_picked":["BootSequence","Reinforced Body","Redo","Stack"],"picked":"SKIP","floor":22}],"player_experience":1087941,"relics_obtained":[{"floor":6,"key":"Letter Opener"},{"floor":9,"key":"Bottled Flame"},{"floor":12,"key":"Dream Catcher"}],"event_choices":[{"damage_healed":0,"gold_gain":0,"player_choice":"Success","damage_taken":18,"relics_obtained":["Question Card"],"max_hp_gain":0,"max_hp_loss":0,"event_name":"Scrap Ooze","floor":3,"gold_loss":0},{"damage_healed":0,"gold_gain":0,"player_choice":"1 cards matched","damage_taken":0,"max_hp_gain":0,"max_hp_loss":0,"event_name":"Match and Keep!","floor":4,"gold_loss":0,"cards_obtained":["Self Repair"]},{"damage_healed":0,"gold_gain":0,"player_choice":"Opened","damage_taken":0,"relics_obtained":["Matryoshka"],"max_hp_gain":0,"max_hp_loss":0,"event_name":"The Mausoleum","floor":19,"gold_loss":0,"cards_obtained":["Writhe"]},{"damage_healed":0,"gold_gain":0,"player_choice":"Traded Relic","damage_taken":0,"relics_obtained":["Nloth\u0027s Gift"],"max_hp_gain":0,"max_hp_loss":0,"event_name":"N\u0027loth","floor":20,"relics_lost":["Letter Opener"],"gold_loss":0}],"is_beta":false,"boss_relics":[{"not_picked":["Philosopher\u0027s Stone","Coffee Dripper"],"picked":"Empty Cage"}],"items_purged_floors":[2,21],"is_endless":false,"potions_floor_spawned":[1,6,11,13,16,22],"killed_by":"Slavers","ascension_level":19}}