{"host":"5fpb1gzflhq9886n","time":1612372009,"event":{"mods":["AchievementEnabler","BaseMod","Colored Map","Colored Powertips","Minty Spire (QoL Compilation)","Permanent Neow"],"gold_per_floor":[364,139,158,158,51,85,160,160,160,176,102,120,120,138,138,138,138],"floor_reached":16,"language":"ENG","playtime":679,"items_purged":["Parasite"],"score":125,"play_id":"3cc0c2af-3207-462d-ab9e-bff36d8701c8","local_time":"20210203120649","is_ascension_mode":true,"campfire_choices":[{"floor":8,"key":"REST"},{"floor":13,"key":"REST"},{"data":"Inflame","floor":15,"key":"SMITH"}],"circlet_count":0,"master_deck":["Strike_R","Strike_R","Strike_R","Strike_R","Defend_R","Defend_R","Defend_R","Defend_R","Bash","Flex","Clash","Anger","Inflame+1","Power Through","Sword Boomerang","Dark Embrace","Thunderclap","Feel No Pain"],"relics":["Burning Blood","Omamori","Singing Bowl","Bottled Flame"],"acts_visited":["Exordium"],"potions_floor_usage":[],"damage_taken":[{"damage":16,"enemies":"Small Slimes","floor":1,"turns":4},{"damage":1,"enemies":"Cultist","floor":3,"turns":3},{"damage":35,"enemies":"3 Sentries","floor":6,"turns":8},{"damage":12,"enemies":"Jaw Worm","floor":10,"turns":2},{"damage":20,"enemies":"Large Slime","floor":12,"turns":5},{"damage":9,"enemies":"Red Slaver","floor":14,"turns":2},{"damage":63,"enemies":"Hexaghost","floor":16,"turns":7}],"seed_played":"1235278850444777281","potions_obtained":[{"floor":10,"key":"GamblersBrew"}],"is_trial":false,"path_per_floor":["M","$","M","?","$","E","?","R","T","M","$","M","R","M","R","B"],"character_chosen":"IRONCLAD","items_purchased":["Omamori","Inflame","Power Through","Dark Embrace"],"campfire_rested":2,"item_purchase_floors":[2,5,5,11],"current_hp_per_floor":[70,70,75,75,75,46,35,58,58,54,54,40,63,60,60,0,0],"gold":138,"neow_bonus":"TWO_FIFTY_GOLD","is_daily":false,"chose_seed":false,"campfire_upgraded":1,"win_rate":0.0,"timestamp":1612372009,"path_taken":["M","$","M","?","?","E","?","R","T","M","$","M","R","M","R","BOSS"],"items_purchased_type":["Relic","Card","Card","Card"],"build_version":"2020-12-22","purchased_purges":1,"victory":false,"max_hp_per_floor":[80,77,77,77,77,77,77,77,77,79,79,79,79,79,79,79,79],"card_choices":[{"not_picked":["Havoc","Second Wind"],"picked":"Flex","floor":1},{"not_picked":["Havoc","Body Slam"],"picked":"Clash","floor":3},{"not_picked":["Combust","Power Through"],"picked":"Sword Boomerang","floor":6},{"not_picked":["Sword Boomerang","Anger","Perfected Strike"],"picked":"Singing Bowl","floor":10},{"not_picked":["Shrug It Off","Entrench"],"picked":"Thunderclap","floor":12},{"not_picked":["Armaments","Offering"],"picked":"Feel No Pain","floor":14}],"player_experience":789799,"relics_obtained":[{"floor":6,"key":"Singing Bowl"},{"floor":9,"key":"Bottled Flame"}],"event_choices":[{"damage_healed":0,"gold_gain":0,"cards_transformed":["Strike_R"],"player_choice":"Transformed","damage_taken":0,"max_hp_gain":0,"max_hp_loss":0,"event_name":"Transmorgrifier","floor":4,"gold_loss":0,"cards_obtained":["Anger"]},{"damage_healed":0,"gold_gain":75,"player_choice":"Gather Gold","damage_taken":11,"max_hp_gain":0,"max_hp_loss":0,"event_name":"World of Goop","floor":7,"gold_loss":0}],"is_beta":false,"boss_relics":[],"items_purged_floors":[2],"is_endless":false,"potions_floor_spawned":[10],"killed_by":"Hexaghost","ascension_level":5}}