{"host":"6fkscwgr344hcmao","time":1612369272,"event":{"mods":["2.2 Compatiblity","AchievementEnabler","BaseMod","Colored Map","Highlight Path","Minty Spire (QoL Compilation)","Random Character Button","Rare Cards Sparkle"],"gold_per_floor":[115,125,125,125,300,300,328,341,341,341,368,384,0,15,15,118,118,137,137,150,65,79,79,90,90,116,151,51,70,70,70,70,70,70],"floor_reached":33,"language":"POL","playtime":1530,"items_purged":["Strike_R","Body Slam"],"score":315,"play_id":"dd28a378-289f-4bc3-8236-6c45be527615","local_time":"20210203172112","is_ascension_mode":false,"campfire_choices":[{"floor":6,"key":"REST"},{"data":"Pommel Strike","floor":10,"key":"SMITH"},{"floor":15,"key":"RECALL"},{"data":"Demon Form","floor":23,"key":"SMITH"},{"floor":25,"key":"REST"},{"data":"Sword Boomerang","floor":32,"key":"SMITH"}],"circlet_count":0,"master_deck":["Defend_R+1","Defend_R+1","Defend_R+1","Defend_R+1","Bash+1","Warcry","Doubt","Pommel Strike+1","Finesse","Iron Wave","Warcry","Demon Form+1","CurseOfTheBell","Flex+1","Flex+1","Cleave","Battle Trance+1","Sword Boomerang+1","Bite","Bite","Bite","Bite","Bite"],"relics":["Burning Blood","NeowsBlessing","Du-Vu Doll","Potion Belt","Bird Faced Urn","Ancient Tea Set","Orichalcum","Calling Bell","Toy Ornithopter","Toxic Egg 2","Thread and Needle","Oddly Smooth Stone","PreservedInsect","Omamori","MutagenicStrength"],"acts_visited":["Exordium","TheCity"],"potions_floor_usage":[8,16,27,29],"damage_taken":[{"damage":0,"enemies":"2 Louse","floor":1,"turns":1},{"damage":0,"enemies":"Small Slimes","floor":2,"turns":1},{"damage":0,"enemies":"Gremlin Nob","floor":7,"turns":1},{"damage":1,"enemies":"Jaw Worm","floor":8,"turns":4},{"damage":10,"enemies":"Looter","floor":12,"turns":2},{"damage":0,"enemies":"Exordium Thugs","floor":14,"turns":4},{"damage":66,"enemies":"Hexaghost","floor":16,"turns":12},{"damage":23,"enemies":"Shell Parasite","floor":18,"turns":6},{"damage":11,"enemies":"Spheric Guardian","floor":20,"turns":6},{"damage":2,"enemies":"Snecko","floor":22,"turns":6},{"damage":29,"enemies":"3 Cultists","floor":24,"turns":9},{"damage":5,"enemies":"Gremlin Leader","floor":27,"turns":3},{"damage":8,"enemies":"Chosen and Byrds","floor":29,"turns":5},{"damage":68,"enemies":"Automaton","floor":33,"turns":8}],"seed_played":"-3266116034343859358","potions_obtained":[{"floor":2,"key":"LiquidBronze"},{"floor":7,"key":"Energy Potion"},{"floor":12,"key":"AttackPotion"},{"floor":24,"key":"Dexterity Potion"},{"floor":27,"key":"Fire Potion"},{"floor":29,"key":"Ancient Potion"}],"is_trial":false,"path_per_floor":["M","M","?","?","?","R","E","M","T","R","T","M","$","M","R","B",null,"M","?","M","?","M","R","M","R","T","E","$","M","?","?","R","B"],"character_chosen":"IRONCLAD","items_purchased":["Orichalcum","Finesse","Iron Wave","Warcry"],"campfire_rested":2,"item_purchase_floors":[13,13,13,13],"current_hp_per_floor":[80,80,64,57,57,80,80,80,80,80,80,76,76,80,80,20,80,63,63,60,60,66,66,43,67,67,75,75,78,56,56,56,0,0],"gold":70,"neow_bonus":"THREE_ENEMY_KILL","is_daily":false,"chose_seed":false,"campfire_upgraded":3,"win_rate":0.0,"timestamp":1612369272,"path_taken":["M","M","?","?","?","R","E","M","T","R","?","?","$","M","R","BOSS","M","?","M","?","M","R","M","R","T","E","$","M","?","?","R","BOSS"],"items_purchased_type":["Relic","Card","Card","Card"],"build_version":"2020-12-22","purchased_purges":2,"victory":false,"max_hp_per_floor":[80,80,80,80,80,80,80,80,80,80,80,80,80,80,80,80,80,80,80,80,80,80,80,80,80,80,80,80,80,56,56,56,56,56],"card_choices":[{"not_picked":["Perfected Strike","Sword Boomerang"],"picked":"Warcry","floor":1},{"not_picked":["Battle Trance","Dual Wield"],"picked":"Body Slam","floor":2},{"not_picked":["Infernal Blade","Pummel","Perfected Strike"],"picked":"SKIP","floor":7},{"not_picked":["Shockwave","Thunderclap"],"picked":"Pommel Strike","floor":8},{"not_picked":["Flex","Havoc","Whirlwind"],"picked":"SKIP","floor":12},{"not_picked":["Intimidate","Perfected Strike","Iron Wave"],"picked":"SKIP","floor":14},{"not_picked":["Immolate","Offering"],"picked":"Demon Form","floor":16},{"not_picked":["Warcry+1","Feel No Pain+1"],"picked":"Flex+1","floor":18},{"not_picked":["Clash","Sever Soul","Headbutt"],"picked":"SKIP","floor":20},{"not_picked":["Havoc+1","Headbutt"],"picked":"Flex+1","floor":22},{"not_picked":["Second Wind+1","Combust"],"picked":"Cleave","floor":24},{"not_picked":["Combust+1","Body Slam+1"],"picked":"Battle Trance+1","floor":27},{"not_picked":["Warcry+1","Intimidate+1"],"picked":"Sword Boomerang","floor":29}],"player_experience":215819,"relics_obtained":[{"floor":7,"key":"Potion Belt"},{"floor":9,"key":"Bird Faced Urn"},{"floor":11,"key":"Ancient Tea Set"},{"floor":17,"key":"Toy Ornithopter"},{"floor":17,"key":"Toxic Egg 2"},{"floor":17,"key":"Thread and Needle"},{"floor":26,"key":"PreservedInsect"},{"floor":27,"key":"Omamori"}],"event_choices":[{"damage_healed":0,"gold_gain":0,"player_choice":"Entered Light","damage_taken":16,"max_hp_gain":0,"max_hp_loss":0,"event_name":"Shining Light","floor":3,"gold_loss":0,"cards_upgraded":["Defend_R","Bash"]},{"damage_healed":0,"gold_gain":0,"player_choice":"Success","damage_taken":7,"relics_obtained":["Du-Vu Doll"],"max_hp_gain":0,"max_hp_loss":0,"event_name":"Scrap Ooze","floor":4,"gold_loss":0},{"damage_healed":0,"gold_gain":175,"player_choice":"AGREE","damage_taken":0,"max_hp_gain":0,"max_hp_loss":0,"event_name":"Liars Game","floor":5,"gold_loss":0,"cards_obtained":["Doubt"]},{"damage_healed":0,"gold_gain":0,"player_choice":"Simplicity","damage_taken":0,"max_hp_gain":0,"max_hp_loss":0,"event_name":"Back to Basics","floor":19,"gold_loss":0,"cards_upgraded":["Strike_R","Strike_R","Strike_R","Strike_R","Defend_R","Defend_R","Defend_R"]},{"damage_healed":0,"gold_gain":0,"player_choice":"Obtained Relic","damage_taken":0,"relics_obtained":["Oddly Smooth Stone"],"max_hp_gain":0,"max_hp_loss":0,"event_name":"Addict","floor":21,"gold_loss":85},{"damage_healed":0,"gold_gain":0,"player_choice":"Became a vampire","damage_taken":0,"max_hp_gain":0,"max_hp_loss":24,"event_name":"Vampires","floor":30,"gold_loss":0,"cards_obtained":["Bite","Bite","Bite","Bite","Bite"]},{"damage_healed":0,"gold_gain":0,"player_choice":"Inject Mutagens","damage_taken":0,"relics_obtained":["MutagenicStrength"],"max_hp_gain":0,"max_hp_loss":0,"event_name":"Drug Dealer","floor":31,"gold_loss":0}],"is_beta":false,"boss_relics":[{"not_picked":["Ectoplasm","Philosopher\u0027s Stone"],"picked":"Calling Bell"}],"items_purged_floors":[13,28],"is_endless":false,"potions_floor_spawned":[2,7,12,24,27,29],"killed_by":"Automaton","ascension_level":0}}