{"host":"fxiazw3i8037yqwx","time":1612350950,"event":{"mods":["BaseMod","Colored Powertips","Downfall","Minty Spire (QoL Compilation)","Quick Restart","StSLib","The IronCluck"],"gold_per_floor":[115,190,190,190,203,231,281,294,294,308,327,346,346,360,360,434,434,374,42,42,42,42,42,42,42,42,42,42,42,42,42,42,42,42,42,42,42,42,42],"floor_reached":38,"language":"ENG","playtime":1890,"items_purged":[],"score":846,"play_id":"027d9083-64e3-4ad1-879d-c04a1c10486c","local_time":"20210203111550","is_ascension_mode":true,"campfire_choices":[{"data":"Bludgeon","floor":13.0,"key":"SMITH"},{"data":"Whirlwind","floor":15.0,"key":"SMITH"},{"floor":23.0,"key":"REST"},{"data":"Double Tap","floor":24.0,"key":"SMITH"},{"data":"Inflame","floor":27.0,"key":"SMITH"},{"floor":28.0,"key":"REST"},{"data":"Seeing Red","floor":29.0,"key":"SMITH"},{"data":"True Grit","floor":32.0,"key":"SMITH"}],"circlet_count":0,"master_deck":["AscendersBane","Strike_R","Defend_R","Defend_R","Defend_R","Defend_R","Bash","Metallicize","Shrug It Off","Bludgeon+1","Shrug It Off","Seeing Red+1","Whirlwind+1","Double Tap+1","True Grit+1","Inflame+1","Flex+1","Reaper","Barricade","Sword Boomerang+1","Double Tap+1","Ghostly Armor+1","Ghostly Armor+1"],"relics":["Burning Blood","NeowsBlessing","Question Card","Potion Belt","White Beast Statue","Ectoplasm","WingedGreaves","Singing Bowl","Pantograph","Astrolabe"],"acts_visited":["Exordium","TheCity","TheBeyond"],"potions_floor_usage":[35,37,37],"damage_taken":[{"damage":0.0,"enemies":"Jaw Worm","floor":1.0,"turns":1.0},{"damage":0.0,"enemies":"Small Slimes","floor":5.0,"turns":1.0},{"damage":0.0,"enemies":"Lagavulin","floor":6.0,"turns":1.0},{"damage":0.0,"enemies":"Cultist","floor":8.0,"turns":3.0},{"damage":36.0,"enemies":"Gremlin Gang","floor":10.0,"turns":6.0},{"damage":1.0,"enemies":"3 Louse","floor":11.0,"turns":4.0},{"damage":0.0,"enemies":"Exordium Thugs","floor":12.0,"turns":3.0},{"damage":0.0,"enemies":"2 Fungi Beasts","floor":14.0,"turns":5.0},{"damage":4.0,"enemies":"Slime Boss","floor":16.0,"turns":7.0},{"damage":11.0,"enemies":"2 Thieves","floor":18.0,"turns":3.0},{"damage":10.0,"enemies":"Shell Parasite","floor":20.0,"turns":6.0},{"damage":44.0,"enemies":"3 Cultists","floor":21.0,"turns":5.0},{"damage":18.0,"enemies":"Gremlin Leader","floor":25.0,"turns":3.0},{"damage":16.0,"enemies":"Centurion and Healer","floor":30.0,"turns":3.0},{"damage":0.0,"enemies":"Chosen and Byrds","floor":31.0,"turns":2.0},{"damage":56.0,"enemies":"Collector","floor":33.0,"turns":7.0},{"damage":36,"enemies":"3 Shapes","floor":35,"turns":3},{"damage":0,"enemies":"Orb Walker","floor":37,"turns":3}],"seed_played":"1906639665188215151","potions_obtained":[{"floor":1.0,"key":"BlessingOfTheForge"},{"floor":8.0,"key":"Energy Potion"},{"floor":10.0,"key":"Energy Potion"},{"floor":11.0,"key":"DistilledChaos"},{"floor":12.0,"key":"Block Potion"},{"floor":14.0,"key":"Explosive Potion"},{"floor":16.0,"key":"CultistPotion"},{"floor":18.0,"key":"GamblersBrew"},{"floor":20.0,"key":"SneckoOil"},{"floor":21.0,"key":"EntropicBrew"},{"floor":25.0,"key":"Explosive Potion"},{"floor":30.0,"key":"Guardian:BlockOnCardUsePotion"},{"floor":31.0,"key":"Fruit Juice"},{"floor":33.0,"key":"champ:CounterPotion"},{"floor":35,"key":"SmokeBomb"},{"floor":37,"key":"SpeedPotion"}],"is_trial":false,"path_per_floor":["M","?","?","?","M","E","?","M","T","M","M","M","R","M","R","B",null,"M","$","M","M","$","R","R","E","T","R","R","R","M","M","R","B",null,"M","?","M","$"],"character_chosen":"IRONCLAD","items_purchased":["WingedGreaves"],"campfire_rested":2,"item_purchase_floors":[19],"current_hp_per_floor":[74,63,56,38,44,50,43,49,49,19,24,30,30,36,36,38,66,61,61,57,19,19,41,41,29,29,29,51,51,43,56,56,31,71,43,43,51,51,51],"gold":42,"neow_bonus":"THREE_ENEMY_KILL","is_daily":false,"chose_seed":false,"campfire_upgraded":6,"win_rate":0.0,"timestamp":1612350950,"path_taken":["M","?","?","?","M","E","?","?","T","M","M","M","R","M","R","BOSS","M","$","M","M","$","R","R","E","T","R","R","R","?","M","R","BOSS","M","?","M","?"],"items_purchased_type":["Relic"],"build_version":"2020-12-22","purchased_purges":0,"victory":false,"max_hp_per_floor":[75,75,75,75,75,75,75,75,75,75,75,75,75,75,75,75,75,75,75,75,75,75,75,75,75,75,75,75,75,77,84,84,84,84,86,86,88,88,88],"card_choices":[{"not_picked":["Twin Strike","Anger"],"picked":"Metallicize","floor":1.0},{"not_picked":["Heavy Blade","Twin Strike","Armaments"],"picked":"Shrug It Off","floor":5.0},{"not_picked":["Clothesline","Infernal Blade","Flex"],"picked":"Bludgeon","floor":6.0},{"not_picked":["Pommel Strike","Clash","Exhume"],"picked":"Shrug It Off","floor":8.0},{"not_picked":["Thunderclap","Shrug It Off","Iron Wave"],"picked":"Seeing Red","floor":10.0},{"not_picked":["Fire Breathing","Pommel Strike","Clash"],"picked":"Whirlwind","floor":11.0},{"not_picked":["Cleave","Bloodletting","Clash","Burning Pact"],"picked":"SKIP","floor":12.0},{"not_picked":["Warcry","Heavy Blade","Rage","Blood for Blood"],"picked":"SKIP","floor":14.0},{"not_picked":["Immolate","Impervious","Feed"],"picked":"Double Tap","floor":16.0},{"not_picked":["Thunderclap","Rupture","Carnage"],"picked":"True Grit","floor":18.0},{"not_picked":["Cleave","True Grit","Body Slam"],"picked":"Inflame","floor":20.0},{"not_picked":["Headbutt","Cleave","Fire Breathing"],"picked":"Flex+1","floor":21.0},{"not_picked":["Armaments","Second Wind","Anger"],"picked":"Reaper","floor":25.0},{"not_picked":["True Grit","Rampage","Clash","Burning Pact"],"picked":"Singing Bowl","floor":30.0},{"not_picked":["Clash","Armaments","Pommel Strike+1","Feel No Pain"],"picked":"Singing Bowl","floor":31.0},{"not_picked":["Demon Form","Fiend Fire","Limit Break"],"picked":"Barricade","floor":33.0},{"not_picked":["Intimidate+1","Dark Embrace","Feel No Pain+1","Headbutt"],"picked":"Singing Bowl","floor":35},{"not_picked":["Rage","Intimidate","Dark Embrace","Seeing Red"],"picked":"Singing Bowl","floor":37}],"player_experience":765649,"relics_obtained":[{"floor":6.0,"key":"Potion Belt"},{"floor":9.0,"key":"White Beast Statue"},{"floor":25.0,"key":"Singing Bowl"},{"floor":26.0,"key":"Pantograph"}],"event_choices":[{"damage_healed":0.0,"max_hp_gain":0.0,"max_hp_loss":0.0,"gold_gain":75.0,"event_name":"World of Goop","player_choice":"Gather Gold","floor":2.0,"gold_loss":0.0,"damage_taken":11.0},{"cards_removed":["Strike_R"],"damage_healed":0.0,"max_hp_gain":0.0,"max_hp_loss":0.0,"gold_gain":0.0,"event_name":"Golden Wing","player_choice":"Card Removal","floor":3.0,"gold_loss":0.0,"damage_taken":7.0},{"damage_healed":0.0,"max_hp_gain":0.0,"max_hp_loss":0.0,"gold_gain":0.0,"event_name":"Scrap Ooze","player_choice":"Success","floor":4.0,"gold_loss":0.0,"damage_taken":18.0,"relics_obtained":["Question Card"]},{"damage_healed":0.0,"max_hp_gain":0.0,"max_hp_loss":0.0,"gold_gain":50.0,"event_name":"FaceTrader","player_choice":"Touch","floor":7.0,"gold_loss":0.0,"damage_taken":7.0},{"damage_healed":0,"gold_gain":0,"player_choice":"Copied","damage_taken":0,"max_hp_gain":0,"max_hp_loss":0,"event_name":"Duplicator","floor":36,"gold_loss":0,"cards_obtained":["Ghostly Armor"]}],"is_beta":false,"boss_relics":[{"not_picked":["Pandora\u0027s Box","Tiny House"],"picked":"Ectoplasm"},{"not_picked":["Empty Cage","Calling Bell"],"picked":"Astrolabe"}],"items_purged_floors":[],"is_endless":false,"potions_floor_spawned":[1,8,10,11,12,14,16,18,20,21,25,30,31,33,35,37],"ascension_level":20}}