{"host":"k73jsiy5lznhl6mk","time":1612332280,"event":{"mods":["BaseMod","Colored Map","Colored Powertips","Hermit","Highlight Path","Infinite Spire","Ironclad Rager","JesterMod","Minty Spire (QoL Compilation)","Retaliation","Spicy Shops","StSLib","The Blue Laboratory","The Jungle","Uncapped"],"gold_per_floor":[113,113,113,63,75,75,350,350,373,391,46,63,63,63,63,162,162,181,181,181,197,208,208,242,262,289,306,325,353,353,353,353],"floor_reached":31,"language":"ENG","playtime":2417,"items_purged":["Regret"],"score":315,"play_id":"bf687b16-0641-4441-9351-178a47812e1e","local_time":"20210202220440","is_ascension_mode":false,"campfire_choices":[{"data":"Bash","floor":6,"key":"SMITH"},{"data":"DDmod:SpikedSkill","floor":8,"key":"SMITH"},{"data":"infinitespire:OneForAll","floor":13,"key":"SMITH"},{"data":"infinitespire:TheBestDefense","floor":15,"key":"SMITH"},{"data":"DDmod:UnstoppableAttack","floor":23,"key":"SMITH"},{"data":"DDmod:PokeAttack","floor":30,"key":"SMITH"}],"circlet_count":0,"master_deck":["Bash+1","ICR:RageStrike","ICR:RageStrike","ICR:RageStrike","ICR:RageStrike","ICR:RageStrike","ICR:ShieldBash","ICR:ShieldBash","ICR:ShieldBash","ICR:ShieldBash","DDmod:RapidStrikeAttack","DDmod:SpikedSkill+1","Clash","infinitespire:OneForAll+1","Shrug It Off","Ghostly Armor","infinitespire:TheBestDefense+1","Feed","DDmod:PokeAttack+1","DDmod:UnstoppableAttack","DDmod:UnstoppableAttack+1","Heavy Blade+1","Iron Wave","Armaments+1","Armaments+1","Dropkick+1"],"relics":["Burning Blood","Shuriken","War Paint","Boot","Akabeko","Black Star","Medical Kit","Champion Belt","Lantern","FossilizedHelix","infinitespire:PuzzleCube","Orichalcum","MealTicket"],"acts_visited":["Exordium","TheCity"],"potions_floor_usage":[18,28,31,31,31],"damage_taken":[{"damage":0,"enemies":"Small Slimes","floor":1,"turns":3},{"damage":0,"enemies":"Jaw Worm","floor":5,"turns":3},{"damage":3,"enemies":"Cultist","floor":10,"turns":4},{"damage":9,"enemies":"3 Louse","floor":12,"turns":3},{"damage":0,"enemies":"Slime Boss","floor":16,"turns":4},{"damage":1,"enemies":"Spheric Guardian","floor":18,"turns":3},{"damage":14,"enemies":"2 Thieves","floor":21,"turns":4},{"damage":16,"enemies":"Snecko","floor":22,"turns":5},{"damage":35,"enemies":"Gremlin Leader","floor":24,"turns":3},{"damage":17,"enemies":"Centurion and Healer","floor":25,"turns":4},{"damage":14,"enemies":"Snake Plant","floor":27,"turns":2},{"damage":1,"enemies":"Chosen and Byrds","floor":28,"turns":4},{"damage":18,"enemies":"Slavers","floor":29,"turns":6},{"damage":83,"enemies":"Nightmare","floor":31,"turns":7}],"seed_played":"-3627388158141531907","potions_obtained":[{"floor":10,"key":"blueLaboratory:BottleOfVodka"},{"floor":12,"key":"Strength Potion"},{"floor":16,"key":"infinitespire:BlackPotion"},{"floor":21,"key":"blueLaboratory:Moonshine"},{"floor":27,"key":"SpeedPotion"},{"floor":29,"key":"LiquidMemories"}],"is_trial":false,"path_per_floor":["M","?","?","?","M","R","?","R","T","M","$","M","R","?","R","B",null,"M","AVR","?","M","M","R","E","M","T","M","M","E","R","NM"],"character_chosen":"IRONCLAD","items_purchased":["Akabeko","infinitespire:OneForAll","Shrug It Off"],"campfire_rested":0,"item_purchase_floors":[11,11,11],"current_hp_per_floor":[80,80,80,80,80,80,80,80,80,80,80,77,77,56,56,62,80,80,80,80,75,72,72,49,56,56,48,63,70,70,0,0],"gold":353,"neow_bonus":"IRONCLAD_RAGER","is_daily":false,"chose_seed":false,"campfire_upgraded":6,"win_rate":0.0,"timestamp":1612332280,"path_taken":["M","?","?","?","M","R","?","R","T","?","$","M","R","?","R","BOSS","M","AVR","?","M","M","R","E","M","T","M","M","E","R","NM"],"items_purchased_type":["Relic","Card","Card"],"build_version":"2020-12-22","purchased_purges":1,"victory":false,"max_hp_per_floor":[80,80,80,80,80,80,80,80,80,80,80,80,80,80,80,80,80,80,80,80,83,83,83,83,83,83,83,83,83,83,83,83],"card_choices":[{"not_picked":["Thunderclap","Armaments"],"picked":"DDmod:RapidStrikeAttack","floor":1},{"not_picked":["Clothesline","Twin Strike"],"picked":"DDmod:SpikedSkill","floor":5},{"not_picked":["Sword Boomerang","Evolve"],"picked":"Clash","floor":10},{"not_picked":["Wild Strike","Perfected Strike"],"picked":"Ghostly Armor","floor":12},{"not_picked":["infinitespire:Oblivion","infinitespire:FutureSight"],"picked":"infinitespire:TheBestDefense","floor":14},{"not_picked":["DDmod:AllInSkill","Brutality"],"picked":"Feed","floor":16},{"not_picked":["Body Slam","DDmod:SpikeInjectionSkill"],"picked":"DDmod:PokeAttack","floor":18},{"not_picked":["Clothesline","Sever Soul"],"picked":"DDmod:UnstoppableAttack","floor":21},{"not_picked":["DDmod:EasePowerCard","Reckless Charge"],"picked":"DDmod:UnstoppableAttack","floor":22},{"not_picked":["DDmod:BurningFumesPowerCard","Combust"],"picked":"Heavy Blade+1","floor":24},{"not_picked":["Warcry","Juggernaut"],"picked":"Iron Wave","floor":25},{"not_picked":["DDmod:EasePowerCard","Carnage"],"picked":"Armaments+1","floor":27},{"not_picked":["Wild Strike+1","ICR:PowerAttack"],"picked":"Armaments+1","floor":28},{"not_picked":["Perfected Strike","Warcry"],"picked":"Dropkick+1","floor":29}],"player_experience":437353,"relics_obtained":[{"floor":3,"key":"War Paint"},{"floor":9,"key":"Boot"},{"floor":24,"key":"Lantern"},{"floor":24,"key":"FossilizedHelix"},{"floor":26,"key":"infinitespire:PuzzleCube"},{"floor":29,"key":"Orichalcum"},{"floor":29,"key":"MealTicket"}],"event_choices":[{"damage_healed":0,"gold_gain":0,"player_choice":"Box","damage_taken":0,"relics_obtained":["Shuriken"],"max_hp_gain":0,"max_hp_loss":0,"event_name":"Big Fish","floor":2,"gold_loss":0,"cards_obtained":["Regret"]},{"cards_removed":["Regret"],"damage_healed":0,"gold_gain":0,"player_choice":"Card Removal","damage_taken":0,"max_hp_gain":0,"max_hp_loss":0,"event_name":"The Cleric","floor":4,"gold_loss":50},{"damage_healed":0,"gold_gain":275,"player_choice":"Desecrate","damage_taken":0,"max_hp_gain":0,"max_hp_loss":0,"event_name":"Golden Shrine","floor":7,"gold_loss":0,"cards_obtained":["Regret"]},{"damage_healed":0,"gold_gain":0,"player_choice":"Opened","damage_taken":0,"relics_obtained":["Champion Belt"],"max_hp_gain":0,"max_hp_loss":0,"event_name":"The Mausoleum","floor":20,"gold_loss":0}],"is_beta":false,"boss_relics":[{"not_picked":["infinitespire:Cupcake","Snecko Eye"],"picked":"Black Star"}],"items_purged_floors":[11],"is_endless":true,"potions_floor_spawned":[10,12,16,21,25,27,29],"killed_by":"Nightmare","ascension_level":0}}