{"host":"s2ygc4jgfm0lziqy","time":1612373565,"event":{"mods":["BaseMod","Bestiary","Colored Map","Downfall","Highlight Path","Minty Spire (QoL Compilation)","Replay The Spire","StSLib","Weighted Paths"],"gold_per_floor":[118,118,128,144,161,161,53,53,53],"floor_reached":8,"language":"ENG","playtime":504,"items_purged":[],"score":48,"play_id":"0933a93e-bee1-4d77-b366-da7a4b0e2752","local_time":"20210203173245","is_ascension_mode":false,"campfire_choices":[{"data":"Armaments","floor":6,"key":"SMITH"}],"circlet_count":0,"master_deck":["Strike_R","Strike_R","Strike_R","Strike_R","Defend_R","Defend_R","Defend_R","Defend_R","Bash","ReplayTheSpireMod:Muscle Training","Iron Wave","Armaments+1","Pommel Strike","Parasite","Flame Barrier","Flame Barrier","Shrug It Off"],"relics":["Burning Blood","ReplayTheSpireMod:CursedCoin","Blue Doll"],"acts_visited":["Exordium"],"potions_floor_usage":[],"damage_taken":[{"damage":5,"enemies":"2 Louse","floor":1,"turns":3},{"damage":3,"enemies":"Cultist","floor":3,"turns":3},{"damage":6,"enemies":"Small Slimes","floor":4,"turns":4},{"damage":7,"enemies":"Exordium Wildlife","floor":5,"turns":7},{"damage":1,"enemies":"3 Sentries","floor":8,"turns":4}],"seed_played":"7628613319859076788","potions_obtained":[{"floor":1,"key":"Block Potion"},{"floor":3,"key":"Elixir"},{"floor":4,"key":"Dexterity Potion"}],"is_trial":false,"path_per_floor":["M","?","M","M","M","R","$","E"],"character_chosen":"IRONCLAD","items_purchased":["ReplayTheSpireMod:CursedCoin","Flame Barrier","Blue Doll","Shrug It Off"],"campfire_rested":0,"item_purchase_floors":[7,7,7,7],"current_hp_per_floor":[80,80,80,80,79,79,79,78,78],"gold":53,"neow_bonus":"","is_daily":false,"chose_seed":false,"campfire_upgraded":1,"win_rate":0.0,"timestamp":1612373565,"path_taken":["M","?","M","M","?","R","$","E"],"items_purchased_type":["Relic","Card","Relic","Card"],"build_version":"2020-12-22","purchased_purges":0,"victory":false,"max_hp_per_floor":[80,80,80,80,80,80,80,80,80],"card_choices":[{"not_picked":["Rampage","ReplayTheSpireMod:Stacked"],"picked":"ReplayTheSpireMod:Muscle Training","floor":1},{"not_picked":["Body Slam","Perfected Strike"],"picked":"Iron Wave","floor":3},{"not_picked":["Perfected Strike","Anger"],"picked":"Armaments","floor":4},{"not_picked":["Warcry","Pummel"],"picked":"Pommel Strike","floor":5}],"player_experience":0,"relics_obtained":[],"event_choices":[{"cards_removed":["Strike_R"],"damage_healed":0,"gold_gain":0,"player_choice":"Purged","damage_taken":0,"max_hp_gain":0,"max_hp_loss":0,"event_name":"Purifier","floor":2,"gold_loss":0}],"is_beta":false,"boss_relics":[],"items_purged_floors":[],"is_endless":false,"potions_floor_spawned":[1,3,4],"killed_by":"3 Sentries","ascension_level":0}}