{"host":"igi9xpgoc000gxf5","time":1612390561,"event":{"mods":["BaseMod","Colored Powertips","Downfall","Googly Eyes","Minty Spire (QoL Compilation)","StSLib"],"gold_per_floor":[99,115,115,9,109,438,490,490,502,520,539,539,549,569,588,700,700,700,728,283,303,321,335,335,335,335,335],"floor_reached":25,"language":"ENG","playtime":1779,"items_purged":[],"score":207,"play_id":"f760bdc3-16ae-4d5e-9c99-d4f54537dd5c","local_time":"20210203231601","is_ascension_mode":false,"campfire_choices":[{"data":"hexamod:Float","floor":1,"key":"SMITH"},{"floor":12,"key":"REST"},{"data":"hexamod:GhostflameInferno","floor":18,"key":"SMITH"}],"circlet_count":0,"master_deck":["hexamod:Strike+1","hexamod:Strike+1","hexamod:Strike","hexamod:Strike","hexamod:Defend","hexamod:Defend","hexamod:Defend","hexamod:Defend+1","hexamod:Sear","hexamod:Float+1","hexamod:SixthSeal","hexamod:SwordOfDarkness","hexamod:NightmareGuise","hexamod:GhostOfSpireFuture","hexamod:HeatMetal","hexamod:FourthSeal","hexamod:SoulSteal","hexamod:NightmareGuise+1","hexamod:RadiantFlame","hexamod:SecondSeal","hexamod:SwordOfDarkness","hexamod:ShieldOfDarkness","hexamod:GhostflameInferno+1","hexamod:RetreatToShadows","hexamod:ThermalTransfer","hexamod:TimeWarp","hexamod:Firestarter","hexamod:ApocalypticArmor","hexamod:ThirdSeal"],"relics":["hexamod:SpiritBrand","Old Coin","Blood Vial","SlaversCollar","PreservedInsect","Potion Belt","Toxic Egg 2"],"acts_visited":["Exordium","TheCity"],"potions_floor_usage":[19,22,25],"damage_taken":[{"damage":1,"enemies":"Cultist","floor":2,"turns":4},{"damage":0,"enemies":"downfall:FleeingMerchant","floor":4,"turns":4},{"damage":27,"enemies":"3 Sentries","floor":6,"turns":11},{"damage":3,"enemies":"Small Slimes","floor":9,"turns":3},{"damage":4,"enemies":"2 Louse","floor":10,"turns":4},{"damage":0,"enemies":"Red Slaver","floor":11,"turns":3},{"damage":10,"enemies":"Large Slime","floor":13,"turns":7},{"damage":11,"enemies":"Lots of Slimes","floor":14,"turns":3},{"damage":9,"enemies":"3 Louse","floor":15,"turns":3},{"damage":33,"enemies":"WA_ARCHETYPE_RETAIN","floor":16,"turns":9},{"damage":43,"enemies":"3 Byrds","floor":19,"turns":6},{"damage":6,"enemies":"downfall:FleeingMerchant","floor":20,"turns":4},{"damage":13,"enemies":"Chosen","floor":21,"turns":6},{"damage":4,"enemies":"Snake Plant","floor":22,"turns":3},{"damage":19,"enemies":"Sentry and Sphere","floor":23,"turns":6},{"damage":29,"enemies":"3 Cultists","floor":25,"turns":5}],"seed_played":"1640721699917028177","potions_obtained":[{"floor":8,"key":"Energy Potion"},{"floor":8,"key":"SteroidPotion"},{"floor":8,"key":"DuplicationPotion"},{"floor":9,"key":"FairyPotion"},{"floor":10,"key":"Swift Potion"},{"floor":16,"key":"hexamod:SoulburnPotion"},{"floor":19,"key":"LiquidBronze"},{"floor":19,"key":"PowerPotion"},{"floor":21,"key":"Strength Potion"},{"floor":21,"key":"bronze:BurnAndBuffPotion"},{"floor":23,"key":"EntropicBrew"}],"is_trial":false,"path_per_floor":["R","M","?","$","?","E","T","?","M","M","M","R","M","M","M","B",null,"R","M","$","M","M","M","T","M"],"character_chosen":"THE_SPIRIT","items_purchased":["hexamod:GhostOfSpireFuture","hexamod:HeatMetal","PreservedInsect","Potion Belt","hexamod:TimeWarp"],"campfire_rested":1,"item_purchase_floors":[4,4,20,20,20],"current_hp_per_floor":[70,69,74,74,74,47,47,47,46,44,46,68,60,51,44,13,75,75,32,28,17,15,22,22,0,0,0],"gold":335,"neow_bonus":"ONE_RANDOM_RARE_CARD","is_daily":false,"chose_seed":false,"campfire_upgraded":2,"win_rate":0.0,"timestamp":1612390561,"path_taken":["R","M","?","$","?","E","T","?","?","M","M","R","M","M","M","BOSS","R","M","$","M","M","M","T","M"],"items_purchased_type":["Card","Card","Relic","Relic","Card"],"build_version":"2020-12-22","purchased_purges":0,"victory":false,"max_hp_per_floor":[70,70,75,75,75,75,75,75,75,75,75,75,75,75,75,75,75,75,75,75,75,75,75,75,75,75,75],"card_choices":[{"not_picked":["hexamod:NightmareStrike","hexamod:PowerFromBeyond"],"picked":"hexamod:SwordOfDarkness","floor":2},{"not_picked":["hexamod:GhostOfSpirePast","hexamod:BacktrackSmack"],"picked":"hexamod:NightmareGuise","floor":4},{"not_picked":["hexamod:Toasty","hexamod:BacktrackSmack"],"picked":"hexamod:FourthSeal","floor":6},{"not_picked":["hexamod:GhostShield","hexamod:NightmareGuise"],"picked":"hexamod:SoulSteal","floor":9},{"not_picked":["hexamod:NightmareStrike","hexamod:FlamesFromBeyond"],"picked":"hexamod:NightmareGuise","floor":10},{"not_picked":["hexamod:EtherealExpedition","hexamod:Firestarter"],"picked":"hexamod:RadiantFlame","floor":11},{"not_picked":["hexamod:HeatShield","hexamod:GhostOfSpireFuture"],"picked":"hexamod:SecondSeal","floor":13},{"not_picked":["hexamod:HauntingEcho","hexamod:RecurringNightmare"],"picked":"hexamod:SwordOfDarkness","floor":14},{"not_picked":["hexamod:UnleashSpirits","hexamod:EtherealExpedition"],"picked":"hexamod:ShieldOfDarkness","floor":15},{"not_picked":["hexamod:SearingWound","hexamod:Toasty"],"picked":"hexamod:GhostflameInferno","floor":16},{"not_picked":["hexamod:Firestarter","hexamod:SecondSeal"],"picked":"hexamod:RetreatToShadows","floor":19},{"not_picked":["hexamod:GhostOfSpireFuture","hexamod:PowerFromBeyond"],"picked":"hexamod:ThermalTransfer","floor":20},{"not_picked":["hexamod:FastForward","hexamod:ShieldOfDarkness"],"picked":"hexamod:Firestarter","floor":21},{"not_picked":["hexamod:ThermalTransfer","hexamod:BacktrackSmack"],"picked":"hexamod:ApocalypticArmor","floor":22},{"not_picked":["hexamod:SuperheatedStrike","hexamod:PhantomCloak+1"],"picked":"hexamod:ThirdSeal","floor":23}],"player_experience":972592,"relics_obtained":[{"floor":6,"key":"Old Coin"},{"floor":7,"key":"Blood Vial"},{"floor":24,"key":"Toxic Egg 2"}],"event_choices":[{"damage_healed":0,"gold_gain":0,"player_choice":"Donut","damage_taken":0,"max_hp_gain":5,"max_hp_loss":0,"event_name":"Big Fish","floor":3,"gold_loss":0},{"damage_healed":0,"gold_gain":0,"player_choice":"Got Potions","damage_taken":0,"max_hp_gain":0,"max_hp_loss":0,"event_name":"Lab","floor":8,"gold_loss":0}],"is_beta":false,"boss_relics":[{"not_picked":["Pandora\u0027s Box","Empty Cage"],"picked":"SlaversCollar"}],"items_purged_floors":[],"is_endless":false,"potions_floor_spawned":[9,11,13,14,16,19,21],"killed_by":"3 Cultists","ascension_level":0}}