{"host":"v0xbo920qxoewo3e","time":1612368943,"event":{"mods":["Act Like it!","Aspiration","Astrologer","BaseMod","Conspire","Downfall","Friendly Minions","GifTheSpireLib","Halation","Hermit","Hubris","Infinite Spire","Jedi Mod","Jorbs\u0027s Wanderer Trilogy","Koishi","Marisa????????","Minty Spire (QoL Compilation)","Potionbrewer","Rare Cards Sparkle","Reimu??????","Remilia??????","Replay The Spire","StSLib","Stuff the Spire","The Animator","The Blackbeard","The Bladedancer","The Bug Knight","The Construct","The Cursed","The Disciple","The Gatherer","The Jungle","The Problem Sleuth","The Runesmith","The Servant 0.9.4","TheBandit","Unceasing Turn Reminder"],"gold_per_floor":[115,115,165,177,50,50,67,67,67,67,80,80,40,40,40,119,119,132,213,225,239,239,239,265,265,265,299,319,280,290,111,111,185,185,202,222,153,201,218,248,263,119,119,138,138,138,169,180,180,180],"floor_reached":51,"language":"ENG","playtime":3815,"items_purged":["Regret","Strike_R"],"score":1243,"play_id":"17084f3f-d936-4141-911f-db37bf656115","local_time":"20210203181543","is_ascension_mode":true,"campfire_choices":[{"data":"Pommel Strike","floor":6,"key":"SMITH"},{"data":"Headbutt","floor":10,"key":"SMITH"},{"data":"ReplayTheSpireMod:Strike From Hell","floor":12,"key":"SMITH"},{"data":"ReplayTheSpireMod:Limb From Limb","floor":15,"key":"SMITH"},{"data":"StuffTheSpire:Slingshot","floor":23,"key":"SMITH"},{"data":"infinitespire:SevenWalls","floor":25,"key":"SMITH"},{"floor":32,"key":"REST"},{"data":"Brutality","floor":46,"key":"SMITH"},{"floor":49,"key":"DIG"}],"circlet_count":0,"master_deck":["AscendersBane","Strike_R","Strike_R","Strike_R","Defend_R","Defend_R","Defend_R","Defend_R","Bash","Headbutt+1","Pommel Strike+1","Clash","StuffTheSpire:Incineration","ReplayTheSpireMod:Strike From Hell+1","ReplayTheSpireMod:Limb From Limb+1","Immolate","Warcry+1","Feel No Pain","StuffTheSpire:Slingshot+1","StuffTheSpire:RockThrow","infinitespire:SevenWalls+1","ReplayTheSpireMod:Limb From Limb+1","Defy Death","Feel No Pain","Shrug It Off","Shrug It Off","Burning Pact","Power Through","Evolve","Dropkick+1","StuffTheSpire:TitanForm","Brutality+1","True Grit"],"relics":["Burning Blood","StuffTheSpire:RedRose","halation:EternalFortune","halation:WeightlessCrab","jedi:battlestandard","Replay:Mystery Machine","HornCleat","Shuriken","jedi:gremlinknob","Vajra","Painkiller Herb","Ginger","Boot","Shovel","hubris:CrystalStatue","Blood Vial"],"acts_visited":["Exordium","TheCity","TheBeyond"],"potions_floor_usage":[50,50],"damage_taken":[{"damage":1,"enemies":"Cultist","floor":1,"turns":4},{"damage":3,"enemies":"conspire:RoseBush","floor":4,"turns":5},{"damage":8,"enemies":"2 Louse","floor":7,"turns":3},{"damage":4,"enemies":"conspire:2 RoseBushes","floor":11,"turns":5},{"damage":18,"enemies":"Slime Boss","floor":16,"turns":10},{"damage":15,"enemies":"Shell Parasite","floor":18,"turns":4},{"damage":6,"enemies":"Chosen","floor":20,"turns":4},{"damage":23,"enemies":"Shelled Parasite and Fungi","floor":21,"turns":6},{"damage":21,"enemies":"Nightmare","floor":24,"turns":9},{"damage":12,"enemies":"HollowMod:Nosk","floor":27,"turns":4},{"damage":0,"enemies":"Sentry and Sphere","floor":28,"turns":3},{"damage":0,"enemies":"Snecko","floor":30,"turns":1},{"damage":10,"enemies":"conspire:MysteriousRune","floor":33,"turns":8},{"damage":0,"enemies":"3 Shapes","floor":35,"turns":3},{"damage":0,"enemies":"Orb Walker","floor":36,"turns":1},{"damage":12,"enemies":"2 Orb Walkers","floor":38,"turns":3},{"damage":0,"enemies":"Transient","floor":39,"turns":5},{"damage":13,"enemies":"HollowMod:StalkingDevout","floor":40,"turns":5},{"damage":16,"enemies":"Writhing Mass","floor":41,"turns":4},{"damage":0,"enemies":"Maw","floor":44,"turns":4},{"damage":4,"enemies":"Nemesis","floor":47,"turns":5},{"damage":2,"enemies":"Sphere and 2 Shapes","floor":48,"turns":3},{"damage":71,"enemies":"conspire:OrnateMirror","floor":50,"turns":6}],"seed_played":"5821387173379891795","potions_obtained":[{"floor":11,"key":"jedi:wingpotion"},{"floor":16,"key":"hexamod:SoulburnPotion"},{"floor":30,"key":"LifebloodPotion"}],"is_trial":false,"path_per_floor":["M","?","?","M","$","R","M","?","T","R","M","R","$","?","R","B",null,"M","?","M","M","T","R","NM","R","T","E","M","$","M","$","R","B",null,"?","?","T","?","?","E","?","T","T","?","?","T","E","?","T","B",null],"character_chosen":"IRONCLAD","items_purchased":["Clash","ReplayTheSpireMod:Limb From Limb","Shrug It Off","Burning Pact","Evolve","Brutality"],"campfire_rested":1,"item_purchase_floors":[5,13,29,31,37,42],"current_hp_per_floor":[73,73,66,69,69,69,67,70,70,70,72,72,72,68,68,56,73,64,64,64,47,47,47,32,32,32,26,32,32,38,38,61,57,73,78,78,78,72,78,71,61,61,61,67,88,88,88,88,88,23],"gold":180,"neow_bonus":"REMOVE_CARD","is_daily":false,"chose_seed":false,"campfire_upgraded":7,"win_rate":0.0,"timestamp":1612368943,"path_taken":["M","?","?","?","$","R","M","?","T","R","M","R","$","?","R","BOSS","M","?","M","M","?","R","NM","R","T","E","M","?","?","$","R","BOSS","?","?","T","?","?","E","?","T","T","?","?","T","E","?","T","BOSS"],"items_purchased_type":["Card","Card","Card","Card","Card","Card"],"build_version":"2020-12-22","purchased_purges":2,"victory":true,"max_hp_per_floor":[75,75,75,75,75,75,75,78,78,78,78,78,78,78,78,78,78,78,78,78,78,78,78,78,78,78,78,78,78,78,78,78,78,78,78,78,78,78,78,78,78,78,78,78,88,88,88,88,88,88],"card_choices":[{"not_picked":["StuffTheSpire:Incineration","True Grit"],"picked":"Headbutt","floor":1},{"not_picked":["Entrench","Body Slam"],"picked":"Pommel Strike","floor":4},{"not_picked":["Wild Strike","Havoc"],"picked":"StuffTheSpire:Incineration","floor":7},{"not_picked":["jedi:fear","Clothesline"],"picked":"ReplayTheSpireMod:Strike From Hell","floor":11},{"not_picked":["jedi:harder","Demonic Infusion"],"picked":"Immolate","floor":16},{"not_picked":["jedi:fear","Rupture","Pommel Strike"],"picked":"SKIP","floor":18},{"not_picked":["ReplayTheSpireMod:Limb From Limb","Pommel Strike"],"picked":"Warcry+1","floor":19},{"not_picked":["Perfected Strike","ReplayTheSpireMod:Muscle Training"],"picked":"Feel No Pain","floor":19},{"not_picked":["Headbutt","Wild Strike"],"picked":"StuffTheSpire:Slingshot","floor":20},{"not_picked":["Perfected Strike+1","Blood for Blood"],"picked":"StuffTheSpire:RockThrow","floor":21},{"not_picked":["ReplayTheSpireMod:Haul","infinitespire:Oblivion"],"picked":"infinitespire:SevenWalls","floor":24},{"not_picked":["Cleave","Bludgeon"],"picked":"ReplayTheSpireMod:Limb From Limb+1","floor":24},{"not_picked":["StuffTheSpire:Pyroclast","ReplayTheSpireMod:Strike From Hell"],"picked":"Defy Death","floor":27},{"not_picked":["jedi:suffering","Heavy Blade"],"picked":"Feel No Pain","floor":28},{"not_picked":["Flex+1","Sword Boomerang+1","Bloodletting"],"picked":"SKIP","floor":30},{"not_picked":["Feed","Replay:Many Hands"],"picked":"Reaper","floor":33},{"not_picked":["Metallicize","Clothesline","Wild Strike"],"picked":"SKIP","floor":35},{"not_picked":["ReplayTheSpireMod:Strike From Hell","Second Wind"],"picked":"Power Through","floor":36},{"not_picked":["Flex","Run Through"],"picked":"Dropkick+1","floor":39},{"not_picked":["Sword Boomerang","Pommel Strike"],"picked":"StuffTheSpire:TitanForm","floor":40},{"not_picked":["Perfected Strike","ReplayTheSpireMod:Strike From Hell","hubris:SharpeningStone+1"],"picked":"SKIP","floor":41},{"not_picked":["Sword Boomerang","Anger","jedi:collectorstrike"],"picked":"SKIP","floor":44},{"not_picked":["StuffTheSpire:Incineration","ReplayTheSpireMod:Strike From Hell"],"picked":"True Grit","floor":47},{"not_picked":["Anger","Pommel Strike+1","jedi:fear"],"picked":"SKIP","floor":48}],"player_experience":1465848,"relics_obtained":[{"floor":9,"key":"halation:WeightlessCrab"},{"floor":19,"key":"Replay:Mystery Machine"},{"floor":22,"key":"HornCleat"},{"floor":24,"key":"Shuriken"},{"floor":26,"key":"jedi:gremlinknob"},{"floor":27,"key":"Vajra"},{"floor":38,"key":"Ginger"},{"floor":40,"key":"Boot"},{"floor":43,"key":"Shovel"},{"floor":47,"key":"hubris:CrystalStatue"},{"floor":49,"key":"Blood Vial"}],"event_choices":[{"damage_healed":0,"gold_gain":50,"player_choice":"Touch","damage_taken":7,"max_hp_gain":0,"max_hp_loss":0,"event_name":"FaceTrader","floor":3,"gold_loss":0},{"damage_healed":0,"gold_gain":0,"player_choice":"Leave","damage_taken":0,"max_hp_gain":0,"max_hp_loss":0,"event_name":"conspire:Investor","floor":14,"gold_loss":0},{"damage_healed":0,"gold_gain":0,"player_choice":"Fight","damage_taken":0,"max_hp_gain":0,"max_hp_loss":0,"event_name":"Mysterious Sphere","floor":38,"gold_loss":0},{"cards_removed":["Reaper"],"damage_healed":11,"gold_gain":0,"player_choice":"Offered Rare","damage_taken":0,"max_hp_gain":10,"max_hp_loss":0,"event_name":"Bonfire Elementals","floor":45,"gold_loss":0}],"is_beta":false,"boss_relics":[{"not_picked":["Abe\u0027s Treasure","StuffTheSpire:RunicHypercube"],"picked":"jedi:battlestandard"},{"not_picked":["construct:ClawGrip","Empty Cage"],"picked":"Painkiller Herb"}],"items_purged_floors":[5,31],"is_endless":false,"potions_floor_spawned":[11,16,20,24,28,30,38,44,47,48],"ascension_level":15}}