{"host":"6drv1qzpbnls60z2","time":1612361141,"event":{"mods":["ATMod(°¢èªMod)","Act Like it!","Arknights","BaseMod","Hallownest","Jedi Mod","Minty Spire (QoL Compilation)","Replay The Spire","Shop Mod","Spicy Shops","StSLib","The Cursed","Uncapped","¡¾ÒÅÎï¿¨ÅÆ¡¿REMEMod","óô»ðÖ¸ÄÏ"],"gold_per_floor":[113,126,7,25,36,68,68,68,68,80,80,230,305,22,22,96,96,114,38,54,68,68,68,68,126,152,152,210,210,210,210],"floor_reached":30,"language":"ZHS","playtime":1517,"items_purged":["Doubt"],"score":532,"play_id":"6e5dc58b-793d-4027-bf4a-b404fd9ff50d","local_time":"20210203220541","daily_mods":["SealedDeck","Flight"],"is_ascension_mode":true,"campfire_choices":[{"data":"TheCursedMod:DemonicPact","floor":7,"key":"SMITH"},{"data":"AT_LightSaberMaster","floor":8,"key":"SMITH"},{"floor":11,"key":"REST"},{"data":"TheCursedMod:CircleOfAmplification","floor":15,"key":"SMITH"},{"floor":23,"key":"REST"},{"floor":24,"key":"REST"},{"floor":27,"key":"REST"}],"circlet_count":0,"master_deck":["AscendersBane","AT_LightSaberMaster+1","Venomology","TheCursedMod:CircleOfFlame","TheCursedMod:CursedBoomerang+1","TheCursedMod:WearCloak","TheCursedMod:TacticalStrike","TheCursedMod:TacticalStrike","TheCursedMod:Stigma","TheCursedMod:Grudge","TheCursedMod:CircleOfCorruption","TheCursedMod:CircleOfAmplification+1","TheCursedMod:CircleOfAmplification+1","TheCursedMod:Wield","TheCursedMod:BloodBarrier","TheCursedMod:CursedBoomerang","TheCursedMod:CircleOfCorruption+1","TheCursedMod:VitalStrike","TheCursedMod:CircleOfFlame","TheCursedMod:DemonicPact+1","TheCursedMod:Stigma","TheCursedMod:CursedAmulet","TheCursedMod:AbyssShockwave","Clumsy","TheCursedMod:Neurasthenia","TheCursedMod:DoubleShield","TheCursedMod:LuckyCharm+1","Hallucinations","TheCursedMod:HellfireBreathing+1","TheCursedMod:CursedSpellbook+1","TheCursedMod:ShockAndAwe+1","TheCursedMod:BloodBarrier"],"relics":["TheCursedMod:BlackMagic101","AT_ATBox","REME_ComplimentaryCards","Replay:WaspNest","Bottled Tornado","Gremlin Food","TheCursedMod:FourLeafCloverCharm","ReplayTheSpireMod:CursedCoin","AT_ChloranthyRing","Replay:Bandana","Golden Egg","Ancient Tea Set","jedi:heavyjacket","Nilry\u0027s Codex"],"acts_visited":["Exordium","TheCity"],"potions_floor_usage":[1,4,5,6,6,10,16,18,20,25,28,28],"damage_taken":[{"damage":12,"enemies":"Jaw Worm","floor":1,"turns":2},{"damage":4,"enemies":"Small Slimes","floor":2,"turns":3},{"damage":0,"enemies":"Cultist","floor":4,"turns":2},{"damage":0,"enemies":"Exordium Wildlife","floor":5,"turns":2},{"damage":30,"enemies":"3 Sentries","floor":6,"turns":3},{"damage":12,"enemies":"Lots of Slimes","floor":10,"turns":2},{"damage":13,"enemies":"Hexaghost","floor":16,"turns":4},{"damage":28,"enemies":"Chosen","floor":18,"turns":5},{"damage":16,"enemies":"3 Byrds","floor":20,"turns":2},{"damage":30,"enemies":"Cultist and Chosen","floor":21,"turns":5},{"damage":21,"enemies":"Book of Stabbing","floor":25,"turns":4},{"damage":26,"enemies":"Slavers","floor":28,"turns":2}],"seed_played":"-3078611908427149361","potions_obtained":[{"floor":1,"key":"FairyPotion"},{"floor":5,"key":"SteroidPotion"},{"floor":10,"key":"AttackPotion"},{"floor":18,"key":"jedi:StrikingPotion"},{"floor":25,"key":"SteroidPotion"},{"floor":28,"key":"jedi:mysterypotion"}],"is_trial":true,"path_per_floor":["M","M","$","M","M","E","R","R","T","M","R","?","?","$","R","B",null,"M","$","M","M","?","R","R","E","T","R","E","?","?"],"character_chosen":"THE_CURSED","items_purchased":["TheCursedMod:CursedBoomerang","TheCursedMod:CircleOfCorruption+1","TheCursedMod:CursedAmulet","TheCursedMod:AbyssShockwave","Gremlin Food","TheCursedMod:LuckyCharm+1","ReplayTheSpireMod:CursedCoin","AT_ChloranthyRing"],"campfire_rested":4,"item_purchase_floors":[3,3,14,14,14,19,19,19],"current_hp_per_floor":[52,48,48,48,48,18,18,18,18,6,27,27,16,16,16,3,54,26,26,10,14,14,35,56,35,35,56,30,9,0,0],"gold":210,"neow_bonus":"","is_daily":false,"chose_seed":false,"campfire_upgraded":3,"win_rate":0.0,"timestamp":1612361141,"path_taken":["M","M","$","M","M","E","R","R","T","M","R","?","?","$","R","BOSS","M","$","M","M","?","R","R","E","T","R","E","?","?"],"items_purchased_type":["Card","Card","Card","Card","Relic","Card","Relic","Relic"],"build_version":"2020-12-22","purchased_purges":1,"victory":false,"max_hp_per_floor":[71,71,71,71,71,71,71,71,71,71,71,71,71,71,71,71,71,71,71,71,71,71,71,71,71,71,71,71,71,71,71],"card_choices":[{"not_picked":["TheCursedMod:Stigma","TheCursedMod:FuryStrike"],"picked":"TheCursedMod:Wield","floor":1},{"not_picked":["TheCursedMod:Stretching","TheCursedMod:CursedSpellbook"],"picked":"TheCursedMod:BloodBarrier","floor":2},{"not_picked":["TheCursedMod:CursedBoomerang","TheCursedMod:WearCloak"],"picked":"TheCursedMod:VitalStrike","floor":4},{"not_picked":["TheCursedMod:TacticalStrike","TheCursedMod:CursedBlade"],"picked":"TheCursedMod:CircleOfFlame","floor":5},{"not_picked":["TheCursedMod:WearCloak","TheCursedMod:Stigma"],"picked":"TheCursedMod:DemonicPact","floor":6},{"not_picked":["TheCursedMod:StingEye","TheCursedMod:SmokeScreen"],"picked":"TheCursedMod:Stigma","floor":10},{"not_picked":["TheCursedMod:ForbiddenAlchemy","TheCursedMod:DemonicPact"],"picked":"TheCursedMod:Neurasthenia","floor":16},{"not_picked":["TheCursedMod:FleshFromBone","TheCursedMod:CursedBlade"],"picked":"TheCursedMod:DoubleShield","floor":18},{"not_picked":["TheCursedMod:SmokeScreen","TheCursedMod:CursedAmulet"],"picked":"TheCursedMod:HellfireBreathing+1","floor":20},{"not_picked":["TheCursedMod:StingEye","TheCursedMod:ReleasedKnowledge"],"picked":"TheCursedMod:CursedSpellbook","floor":21},{"not_picked":["TheCursedMod:EmpowerCircles","TheCursedMod:ForbiddenAlchemy"],"picked":"TheCursedMod:ShockAndAwe","floor":25},{"not_picked":["TheCursedMod:TacticalStrike","TheCursedMod:VitalStrike"],"picked":"TheCursedMod:BloodBarrier","floor":28}],"player_experience":168672,"relics_obtained":[{"floor":6,"key":"Replay:WaspNest"},{"floor":9,"key":"Bottled Tornado"},{"floor":22,"key":"Replay:Bandana"},{"floor":25,"key":"Golden Egg"},{"floor":26,"key":"Ancient Tea Set"},{"floor":28,"key":"jedi:heavyjacket"},{"floor":29,"key":"Nilry\u0027s Codex"}],"event_choices":[{"damage_healed":0,"gold_gain":150,"player_choice":"AGREE","damage_taken":0,"max_hp_gain":0,"max_hp_loss":0,"event_name":"Liars Game","floor":12,"gold_loss":0,"cards_obtained":["Doubt"]},{"damage_healed":0,"gold_gain":75,"player_choice":"Gather Gold","damage_taken":11,"max_hp_gain":0,"max_hp_loss":0,"event_name":"World of Goop","floor":13,"gold_loss":0},{"damage_healed":0,"gold_gain":0,"player_choice":"Obtained Book","damage_taken":21,"max_hp_gain":0,"max_hp_loss":0,"event_name":"Cursed Tome","floor":29,"gold_loss":0}],"is_beta":false,"boss_relics":[{"not_picked":["Fusion Hammer","Black Star"],"picked":"TheCursedMod:FourLeafCloverCharm"}],"items_purged_floors":[14],"is_endless":true,"potions_floor_spawned":[1,5,10,18,25,28],"ascension_level":20}}