{"host":"f76wcztdlwlduum6","time":1612334968,"event":{"mods":["BaseMod","BetterRewards","Colored Powertips","Minty Spire (QoL Compilation)","Quick Restart","Rare Cards Sparkle","Relic Stats","StSLib","SuperFastMode","everything is the same but u backflip on backflip"],"gold_per_floor":[119,133,149,172,172,208,283,322,345,371,390,411,427,460,460,584,584,597,615,374,374,390,390,430,430,430,430,469,493,493,527,527,656,656,679,679,704,719,734,768,768,802,802,833,252,252,9,9,9,9,9,9,9,52,52],"floor_reached":56,"language":"ENG","playtime":3582,"items_purged":["Strike_P","Strike_P","Defend_P","Defend_P","Defend_P","Strike_P","Defend_P","Iron Wave+1","True Grit+1"],"score":2895,"play_id":"52373f69-f70d-4702-b499-6f6a3aad041e","local_time":"20210203004928","is_ascension_mode":true,"campfire_choices":[{"data":"Adaptation","floor":15,"key":"SMITH"},{"data":"MentalFortress","floor":23,"key":"SMITH"},{"data":"MentalFortress","floor":25,"key":"SMITH"},{"data":"MentalFortress","floor":27,"key":"SMITH"},{"data":"Self Repair","floor":32,"key":"SMITH"},{"floor":46,"key":"RECALL"},{"floor":49,"key":"REST"},{"data":"MentalFortress","floor":52,"key":"SMITH"}],"circlet_count":0,"master_deck":["AscendersBane","Vigilance+1","MentalFortress+1","Crescendo+1","Crescendo+1","Evaluate+1","MentalFortress+1","Finesse+1","Adaptation+1","ClearTheMind+1","Cloak And Dagger+1","Indignation+1","Tantrum+1","Dash+1","Swivel+1","Wallop+1","Prepared+1","Adaptation+1","Well Laid Plans+1","Scrawl+1","Seek+1","FearNoEvil","Bandage Up+1","MentalFortress+1","Flash of Steel","Self Repair+1","Escape Plan+1","Blade Dance+1","Blasphemy+1","Inflame+1","Blade Dance+1","Dark Shackles+1","Flash of Steel","Master of Strategy+1","Reprogram+1","Good Instincts+1","Bandage Up+1","Master of Strategy+1","ClearTheMind+1","MentalFortress+1","Bandage Up+1","Adaptation+1","Cloak And Dagger+1"],"relics":["PureWater","Damaru","Sling","PrismaticShard","Toxic Egg 2","Anchor","Lantern","Membership Card","Omamori","Pen Nib","Golden Idol","Art of War","Nunchaku","Odd Mushroom","Prayer Wheel","Akabeko","SlaversCollar","TheAbacus","Toy Ornithopter","Yang","Dream Catcher","Enchiridion","Mummified Hand","Philosopher\u0027s Stone","Vajra","Strawberry","Bottled Tornado","Incense Burner","OrangePellets","Oddly Smooth Stone","CloakClasp","War Paint"],"acts_visited":["Exordium","TheCity","TheBeyond","TheEnding"],"potions_floor_usage":[14,19,55,55],"damage_taken":[{"damage":0,"enemies":"Cultist","floor":1,"turns":4},{"damage":0,"enemies":"Jaw Worm","floor":2,"turns":3},{"damage":0,"enemies":"Small Slimes","floor":3,"turns":3},{"damage":0,"enemies":"3 Sentries","floor":6,"turns":8},{"damage":0,"enemies":"Lagavulin","floor":8,"turns":3},{"damage":0,"enemies":"The Mushroom Lair","floor":10,"turns":3},{"damage":0,"enemies":"3 Louse","floor":11,"turns":4},{"damage":27,"enemies":"Gremlin Gang","floor":12,"turns":4},{"damage":3,"enemies":"2 Fungi Beasts","floor":13,"turns":3},{"damage":0,"enemies":"Gremlin Nob","floor":14,"turns":2},{"damage":0,"enemies":"Hexaghost","floor":16,"turns":5},{"damage":0,"enemies":"Shell Parasite","floor":18,"turns":2},{"damage":0,"enemies":"3 Byrds","floor":19,"turns":2},{"damage":0,"enemies":"3 Cultists","floor":22,"turns":4},{"damage":0,"enemies":"Gremlin Leader","floor":24,"turns":3},{"damage":21,"enemies":"Slavers","floor":28,"turns":3},{"damage":0,"enemies":"Snake Plant","floor":29,"turns":2},{"damage":3,"enemies":"Book of Stabbing","floor":31,"turns":2},{"damage":6,"enemies":"Automaton","floor":33,"turns":5},{"damage":3,"enemies":"3 Shapes","floor":35,"turns":2},{"damage":0,"enemies":"Orb Walker","floor":37,"turns":1},{"damage":0,"enemies":"Sphere and 2 Shapes","floor":38,"turns":2},{"damage":0,"enemies":"Spire Growth","floor":39,"turns":2},{"damage":49,"enemies":"Nemesis","floor":40,"turns":3},{"damage":0,"enemies":"Reptomancer","floor":42,"turns":2},{"damage":20,"enemies":"Nemesis","floor":44,"turns":3},{"damage":0,"enemies":"Donu and Deca","floor":50,"turns":2},{"damage":0,"enemies":"Shield and Spear","floor":54,"turns":2},{"damage":48,"enemies":"The Heart","floor":55,"turns":7}],"seed_played":"-2682448081099448879","potions_obtained":[{"floor":2,"key":"Strength Potion"},{"floor":11,"key":"FearPotion"},{"floor":13,"key":"Explosive Potion"},{"floor":16,"key":"Strength Potion"},{"floor":19,"key":"SmokeBomb"},{"floor":28,"key":"Strength Potion"},{"floor":38,"key":"Ancient Potion"}],"is_trial":false,"path_per_floor":["M","M","M","T","?","E","?","E","T","?","M","M","M","E","R","B",null,"M","M","$","?","M","R","E","R","T","R","E","M","?","E","R","B",null,"M","?","M","M","M","E","?","E","T","E","$","R","$","?","R","B",null,"R","$","E","B",null],"character_chosen":"WATCHER","items_purchased":["Damaru","Sling","PrismaticShard","MentalFortress","Crescendo","Anchor","Crescendo+1","Lantern","Evaluate+1","Membership Card","MentalFortress","Finesse+1","Adaptation","Omamori","ClearTheMind+1","TheAbacus","MentalFortress","MentalFortress","Bottled Tornado","Bandage Up+1","Incense Burner","OrangePellets","Oddly Smooth Stone","CloakClasp","Adaptation"],"campfire_rested":1,"item_purchase_floors":[0,0,0,0,0,0,0,0,0,0,0,0,0,0,0,20,20,45,45,45,45,45,47,47,47],"current_hp_per_floor":[65,65,65,65,47,47,36,36,36,36,36,9,26,26,26,26,61,61,61,61,61,67,67,72,72,72,72,58,71,55,65,65,72,72,72,68,68,68,68,35,25,41,41,44,44,44,44,44,66,75,75,75,75,75,52],"gold":52,"neow_bonus":"","is_daily":false,"chose_seed":false,"campfire_upgraded":6,"win_rate":0.0,"timestamp":1612334968,"path_taken":["M","M","M","?","?","E","?","E","T","?","M","M","M","E","R","BOSS","M","M","$","?","?","R","E","R","T","R","E","M","?","E","R","BOSS","M","?","M","M","M","E","?","E","T","E","$","R","$","?","R","BOSS","R","$","E","BOSS"],"items_purchased_type":["Relic","Relic","Relic","Card","Card","Relic","Card","Relic","Card","Relic","Card","Card","Card","Relic","Card","Relic","Card","Card","Relic","Card","Relic","Relic","Relic","Relic","Card"],"build_version":"2020-12-22","purchased_purges":9,"victory":true,"max_hp_per_floor":[72,72,72,72,72,72,72,72,72,72,72,72,72,72,72,72,72,72,72,72,72,72,72,72,72,72,72,72,72,72,72,72,72,72,72,68,68,68,68,68,68,68,68,75,75,75,75,75,75,75,75,75,75,75,75],"relic_stats":{"counters":[145,545],"Golden Idol":220,"Yang":[194],"Pen Nib":[78],"CloakClasp":[29],"War Paint":["Vigilance"],"OrangePellets":[18],"Nunchaku":[27],"Dream Catcher":1,"TheAbacus":[54],"Mummified Hand":[194],"Prayer Wheel":11,"Art of War":[4],"obtain_stats":[{"Ice Cream":0,"CeramicFish":11,"Vajra":23,"Whetstone":9,"Ginger":53,"Bottled Tornado":45,"Sling":37,"Boot":27,"Blood Vial":40,"Sozu":34,"Lizard Tail":53,"HornCleat":53,"DollysMirror":0,"Strawberry":3,"MealTicket":14,"Prayer Wheel":22,"Philosopher\u0027s Stone":34,"VioletLotus":1,"Kunai":9,"Toxic Egg 2":3,"Girya":43,"Pear":0,"Happy Flower":0,"Blue Candle":48,"Dead Branch":41,"Oddly Smooth Stone":0,"Pen Nib":0,"Guardian:PocketSentry":0,"Letter Opener":26,"War Paint":37,"sneckomod:SneckoTalon":34,"Question Card":0,"Akabeko":37,"Du-Vu Doll":8,"SlaversCollar":17,"OrangePellets":0,"Bottled Flame":54,"Shuriken":0,"Bronze Scales":0,"Bird Faced Urn":0,"MutagenicStrength":45,"Slimebound:PreparedRelic":37,"Nloth\u0027s Gift":22,"Meat on the Bone":2,"Pocketwatch":47,"Lantern":38,"Regal Pillow":40,"Singing Bowl":31,"Enchiridion":30,"Mango":19,"StoneCalendar":53,"Yang":26,"CloakClasp":1,"Juzu Bracelet":6,"Bag of Preparation":0,"Incense Burner":45,"TeardropLocket":0,"PrismaticShard":25,"Ancient Tea Set":30,"ClockworkSouvenir":0,"Nunchaku":9,"Dream Catcher":28,"TheAbacus":0,"Slimebound:StickyStick":2,"Mummified Hand":23,"Pantograph":53,"Red Mask":36,"Chemical X":53,"Potion Belt":44,"Lee\u0027s Waffle":19,"Golden Idol":5,"Damaru":0,"The Courier":31,"Omamori":0,"Frozen Egg 2":0,"Orichalcum":21,"Odd Mushroom":13,"Medical Kit":38,"bronze:BronzeIdol":28,"Mercury Hourglass":21,"Strange Spoon":53,"Anchor":0,"Ornamental Fan":45,"Orrery":31,"Turnip":54,"Coffee Dripper":34,"Bag of Marbles":0,"Art of War":38,"Bottled Lightning":8,"Membership Card":0,"PureWater":0,"hexamod:BolsterEngine":40,"Toy Ornithopter":11,"FossilizedHelix":27},{"Ice Cream":29,"CeramicFish":35,"Vajra":14,"Whetstone":33,"Ginger":51,"Bottled Tornado":142,"Sling":21,"Boot":41,"Blood Vial":77,"Sozu":104,"Lizard Tail":114,"HornCleat":27,"DollysMirror":29,"Strawberry":30,"MealTicket":36,"Prayer Wheel":67,"Philosopher\u0027s Stone":73,"VioletLotus":1,"Kunai":58,"Toxic Egg 2":1,"Girya":23,"Pear":29,"Happy Flower":29,"Blue Candle":50,"Dead Branch":78,"Oddly Smooth Stone":85,"Pen Nib":29,"Guardian:PocketSentry":29,"Letter Opener":15,"War Paint":21,"sneckomod:SneckoTalon":45,"Question Card":85,"Akabeko":21,"Du-Vu Doll":5,"SlaversCollar":9,"OrangePellets":53,"Bottled Flame":28,"Shuriken":85,"Bronze Scales":29,"Bird Faced Urn":53,"MutagenicStrength":111,"Slimebound:PreparedRelic":21,"Nloth\u0027s Gift":67,"Meat on the Bone":1,"Pocketwatch":26,"Lantern":21,"Regal Pillow":109,"Singing Bowl":72,"Enchiridion":133,"Mango":10,"StoneCalendar":27,"Yang":131,"CloakClasp":1,"Juzu Bracelet":4,"Bag of Preparation":29,"Incense Burner":142,"TeardropLocket":0,"PrismaticShard":40,"Ancient Tea Set":43,"ClockworkSouvenir":53,"Nunchaku":121,"Dream Catcher":132,"TheAbacus":29,"Slimebound:StickyStick":1,"Mummified Hand":14,"Pantograph":27,"Red Mask":74,"Chemical X":27,"Potion Belt":24,"Lee\u0027s Waffle":10,"Golden Idol":119,"Damaru":29,"The Courier":18,"Omamori":29,"Frozen Egg 2":29,"Orichalcum":39,"Odd Mushroom":93,"Medical Kit":46,"bronze:BronzeIdol":16,"Mercury Hourglass":39,"Strange Spoon":114,"Anchor":29,"Ornamental Fan":49,"Orrery":72,"Turnip":52,"Coffee Dripper":19,"Bag of Marbles":29,"Art of War":46,"Bottled Lightning":5,"Membership Card":29,"PureWater":0,"hexamod:BolsterEngine":23,"Toy Ornithopter":6,"FossilizedHelix":71},{"Ice Cream":149,"CeramicFish":163,"Vajra":72,"Whetstone":157,"Ginger":214,"Bottled Tornado":534,"Sling":100,"Boot":180,"Blood Vial":306,"Sozu":406,"Lizard Tail":444,"HornCleat":136,"DollysMirror":149,"Strawberry":150,"MealTicket":166,"Prayer Wheel":264,"Philosopher\u0027s Stone":291,"VioletLotus":3,"Kunai":239,"Toxic Egg 2":8,"Girya":113,"Pear":149,"Happy Flower":149,"Blue Candle":209,"Dead Branch":309,"Oddly Smooth Stone":343,"Pen Nib":149,"Guardian:PocketSentry":149,"Letter Opener":74,"War Paint":100,"sneckomod:SneckoTalon":193,"Question Card":343,"Akabeko":100,"Du-Vu Doll":27,"SlaversCollar":44,"OrangePellets":225,"Bottled Flame":141,"Shuriken":343,"Bronze Scales":149,"Bird Faced Urn":225,"MutagenicStrength":431,"Slimebound:PreparedRelic":100,"Nloth\u0027s Gift":264,"Meat on the Bone":8,"Pocketwatch":129,"Lantern":100,"Regal Pillow":423,"Singing Bowl":283,"Enchiridion":512,"Mango":48,"StoneCalendar":136,"Yang":507,"CloakClasp":3,"Juzu Bracelet":23,"Bag of Preparation":149,"Incense Burner":534,"TeardropLocket":0,"PrismaticShard":177,"Ancient Tea Set":185,"ClockworkSouvenir":225,"Nunchaku":475,"Dream Catcher":510,"TheAbacus":149,"Slimebound:StickyStick":8,"Mummified Hand":70,"Pantograph":136,"Red Mask":294,"Chemical X":136,"Potion Belt":120,"Lee\u0027s Waffle":48,"Golden Idol":464,"Damaru":149,"The Courier":85,"Omamori":149,"Frozen Egg 2":149,"Orichalcum":175,"Odd Mushroom":367,"Medical Kit":196,"bronze:BronzeIdol":77,"Mercury Hourglass":175,"Strange Spoon":444,"Anchor":149,"Ornamental Fan":206,"Orrery":283,"Turnip":219,"Coffee Dripper":92,"Bag of Marbles":149,"Art of War":196,"Bottled Lightning":27,"Membership Card":149,"PureWater":0,"hexamod:BolsterEngine":113,"Toy Ornithopter":31,"FossilizedHelix":279}],"Toy Ornithopter":1},"card_choices":[{"not_picked":["Melter","JustLucky"],"picked":"Iron Wave","floor":1},{"not_picked":["Outmaneuver+1","Barrage","Rampage"],"picked":"SKIP","floor":2},{"not_picked":["Tempest+1","Flechettes"],"picked":"Cloak And Dagger+1","floor":3},{"not_picked":["All For One","Tempest+1"],"picked":"Indignation+1","floor":6},{"not_picked":["Pray+1","ThirdEye+1","Consecrate"],"picked":"SKIP","floor":8},{"not_picked":["Loop","Tantrum"],"picked":"Swivel+1","floor":11},{"not_picked":["Dagger Throw","Clash","CutThroughFate"],"picked":"SKIP","floor":11},{"not_picked":["Whirlwind","Perfected Strike"],"picked":"Prepared+1","floor":12},{"not_picked":["Eviscerate","Outmaneuver+1","Compile Driver"],"picked":"SKIP","floor":12},{"not_picked":["CutThroughFate","Body Slam","Havoc+1"],"picked":"SKIP","floor":13},{"not_picked":["Blizzard","EmptyFist","SandsOfTime"],"picked":"SKIP","floor":13},{"not_picked":["Leg Sweep+1","Infernal Blade+1","EmptyFist"],"picked":"SKIP","floor":14},{"not_picked":["Reaper","LessonLearned"],"picked":"Seek+1","floor":16},{"not_picked":["CrushJoints","Rebound"],"picked":"FearNoEvil","floor":18},{"not_picked":["ForeignInfluence+1","Purity+1","Pummel"],"picked":"SKIP","floor":18},{"not_picked":["Streamline","Acrobatics+1"],"picked":"Bandage Up+1","floor":19},{"not_picked":["CrushJoints","Sucker Punch","Leg Sweep+1"],"picked":"SKIP","floor":19},{"not_picked":["Cloak And Dagger+1","All Out Attack"],"picked":"Flash of Steel","floor":22},{"not_picked":["Cold Snap","Carnage","Compile Driver+1"],"picked":"SKIP","floor":22},{"not_picked":["CrushJoints","Warcry+1"],"picked":"Self Repair","floor":24},{"not_picked":["HandOfGreed","Dagger Spray"],"picked":"Escape Plan+1","floor":28},{"not_picked":["BowlingBash+1","Accuracy+1"],"picked":"Bloodletting+1","floor":29},{"not_picked":["Heel Hook","CutThroughFate","Sucker Punch"],"picked":"SKIP","floor":29},{"not_picked":["Protect+1","Omniscience+1"],"picked":"Blade Dance+1","floor":31},{"not_picked":["Phantasmal Killer+1","Chrysalis+1"],"picked":"Blasphemy+1","floor":33},{"not_picked":["Outmaneuver+1","ClearTheMind+1"],"picked":"Inflame+1","floor":35},{"not_picked":["Deflect+1","Disarm+1"],"picked":"Blade Dance+1","floor":35},{"not_picked":["Perfected Strike","CutThroughFate"],"picked":"Dark Shackles+1","floor":37},{"not_picked":["FearNoEvil","Leg Sweep+1"],"picked":"True Grit+1","floor":37},{"not_picked":["Poisoned Stab+1","Redo+1"],"picked":"Flash of Steel","floor":38},{"not_picked":["Conclude","Combust+1"],"picked":"Master of Strategy+1","floor":38},{"not_picked":["Loop","Dark Shackles+1"],"picked":"Reprogram+1","floor":39},{"not_picked":["Havoc+1","Cold Snap+1","White Noise+1"],"picked":"SKIP","floor":39},{"not_picked":["Compile Driver+1","All Out Attack+1","Darkness+1"],"picked":"SKIP","floor":40},{"not_picked":["Purity+1","Metamorphosis+1"],"picked":"Good Instincts+1","floor":41},{"not_picked":["Swift Strike","Discovery+1"],"picked":"Bandage Up+1","floor":41},{"not_picked":["BootSequence+1","Ghostly Armor+1","Dagger Spray"],"picked":"SKIP","floor":42},{"not_picked":["Crescendo+1","JustLucky+1"],"picked":"ClearTheMind+1","floor":44},{"not_picked":["Evolve","SashWhip+1"],"picked":"Cloak And Dagger+1","floor":49},{"not_picked":["Forethought+1","Leap+1","Gash"],"picked":"SKIP","floor":54}],"player_experience":249431,"relics_obtained":[{"floor":4,"key":"Pen Nib"},{"floor":8,"key":"Art of War"},{"floor":9,"key":"Nunchaku"},{"floor":10,"key":"Odd Mushroom"},{"floor":14,"key":"Akabeko"},{"floor":24,"key":"Toy Ornithopter"},{"floor":26,"key":"Yang"},{"floor":28,"key":"Dream Catcher"},{"floor":30,"key":"Enchiridion"},{"floor":31,"key":"Mummified Hand"},{"floor":40,"key":"Vajra"},{"floor":44,"key":"Strawberry"},{"floor":54,"key":"War Paint"}],"event_choices":[{"damage_healed":0,"gold_gain":0,"player_choice":"Take Damage","damage_taken":18,"relics_obtained":["Golden Idol"],"max_hp_gain":0,"max_hp_loss":0,"event_name":"Golden Idol","floor":5,"gold_loss":0},{"damage_healed":0,"gold_gain":75,"player_choice":"Gather Gold","damage_taken":11,"max_hp_gain":0,"max_hp_loss":0,"event_name":"World of Goop","floor":7,"gold_loss":0},{"damage_healed":0,"gold_gain":0,"player_choice":"Fought Mushrooms","damage_taken":0,"max_hp_gain":0,"max_hp_loss":0,"event_name":"Mushrooms","floor":10,"gold_loss":0},{"damage_healed":0,"gold_gain":0,"player_choice":"Upgraded","damage_taken":0,"max_hp_gain":0,"max_hp_loss":0,"event_name":"Upgrade Shrine","floor":21,"gold_loss":0,"cards_upgraded":["Well Laid Plans"]},{"damage_healed":0,"gold_gain":0,"player_choice":"Obtained Book","damage_taken":16,"max_hp_gain":0,"max_hp_loss":0,"event_name":"Cursed Tome","floor":30,"gold_loss":0},{"damage_healed":0,"gold_gain":0,"player_choice":"Max HP","damage_taken":0,"max_hp_gain":0,"max_hp_loss":4,"event_name":"Winding Halls","floor":36,"gold_loss":0},{"damage_healed":0,"gold_gain":0,"player_choice":"Memory 3","damage_taken":10,"max_hp_gain":0,"max_hp_loss":0,"event_name":"SensoryStone","floor":41,"gold_loss":0},{"damage_healed":0,"gold_gain":0,"player_choice":"Forge","damage_taken":0,"max_hp_gain":0,"max_hp_loss":0,"event_name":"Accursed Blacksmith","floor":48,"gold_loss":0,"cards_upgraded":["Adaptation"]}],"is_beta":false,"boss_relics":[{"not_picked":["Tiny House","SacredBark"],"picked":"SlaversCollar"},{"not_picked":["Pandora\u0027s Box","Runic Pyramid"],"picked":"Philosopher\u0027s Stone"}],"items_purged_floors":[0,0,0,0,0,0,0,20,45],"is_endless":false,"potions_floor_spawned":[2,11,13,16,18,19,28,31,35,38,42,54],"ascension_level":10}}