{"host":"v9ordiuf4xzdpttp","time":1612339980,"event":{"mods":["AchievementEnabler","Act Like it!","Aspiration","BaseMod","Better Third Choice","Better Vampires","BetterRewards","CCEM2","Colored Map","Gold Saver","Halation","Hubris","Infinite Spire","Jedi Mod","Marked Mod","Minty Spire (QoL Compilation)","Reliquary","Remove Card Discount Mod","Replay The Spire","Shop Mod","Spicy Shops","StSLib"],"gold_per_floor":[1142,1142,1142,1156,443,480,480,525,551,551,572,21,46,75,75,212,212,233,233,319,5,43,63,113,66,113,113,133,183,183,210,210,325,325,365,365,394,444,494,494,540,552,552],"floor_reached":42,"language":"ENG","playtime":1928,"items_purged":["Defend_R","Bash","Strike_R","Strike_R"],"score":707,"play_id":"3f5f1475-aca5-4734-bfcd-7d5747ec6ff2","local_time":"20210203031300","is_ascension_mode":true,"campfire_choices":[{"data":"Dual Wield","floor":7,"key":"SMITH"},{"floor":10,"key":"REST"},{"floor":27,"key":"REST"},{"floor":30,"key":"REST"},{"floor":32,"key":"REST"},{"floor":40,"key":"REST"}],"circlet_count":0,"master_deck":["Strike_R","Strike_R","Strike_R","Defend_R","Defend_R","Defend_R","ReplayTheSpireMod:Muscle Training","Feed","jedi:MakeshiftSword","jedi:fear","jedi:forcepull","Dual Wield+1","Rampage","jedi:fear","Replay:Dark Deal","Anger","Double Tap","Self Repair+1","Exhume","Fire Breathing+1","Feel No Pain+1","Apotheosis+1","Inflame+1","jedi:fear","Anger","Rupture+1","Pain","Armaments+1","Hemokinesis","Brutality+1","jedi:MakeshiftSword+1","Pummel+1","jedi:suffering+1"],"relics":["CCEMRelics:SpiritsEdge","MerchantsRug","Frozen Egg 2","Replay:Bandana","StoneCalendar","ReplayTheSpireMod:TigerMarble","Bag of Preparation","Centennial Puzzle","Pantograph","SsserpentHead","CCEMRelics:BiPhaseBiplane","aspiration:RitualStick","hubris:Zylophone","hubris:ChampionShield","aspiration:RunicSpoon","CaptainsWheel","Ooze Armor","Happy Flower"],"acts_visited":["Exordium","TheCity","TheBeyond"],"potions_floor_usage":[6,8,13,22,22,28,33],"damage_taken":[{"damage":9,"enemies":"Small Slimes","floor":1,"turns":5},{"damage":5,"enemies":"Jaw Worm","floor":4,"turns":3},{"damage":11,"enemies":"3 Sentries","floor":6,"turns":3},{"damage":31,"enemies":"Lagavulin","floor":8,"turns":5},{"damage":7,"enemies":"2 Louse","floor":11,"turns":2},{"damage":1,"enemies":"Large Slime","floor":13,"turns":2},{"damage":0,"enemies":"3 Louse","floor":14,"turns":2},{"damage":40,"enemies":"The Guardian","floor":16,"turns":5},{"damage":0,"enemies":"Shell Parasite","floor":18,"turns":1},{"damage":8,"enemies":"Chosen","floor":20,"turns":3},{"damage":10,"enemies":"Centurion and Healer","floor":22,"turns":3},{"damage":28,"enemies":"Snecko","floor":23,"turns":5},{"damage":51,"enemies":"Snake Plant","floor":28,"turns":4},{"damage":21,"enemies":"3 Cultists","floor":31,"turns":3},{"damage":80,"enemies":"Collector","floor":33,"turns":6},{"damage":70,"enemies":"3 Darklings","floor":35,"turns":5},{"damage":26,"enemies":"3 Shapes","floor":37,"turns":4},{"damage":77,"enemies":"Nemesis","floor":41,"turns":3},{"damage":24,"enemies":"3 Darklings","floor":42,"turns":1}],"seed_played":"4202671982477711728","potions_obtained":[{"floor":1,"key":"PowerPotion"},{"floor":6,"key":"LiquidBronze"},{"floor":11,"key":"ColorlessPotion"},{"floor":16,"key":"Strength Potion"},{"floor":18,"key":"DuplicationPotion"},{"floor":22,"key":"Swift Potion"},{"floor":31,"key":"PowerPotion"},{"floor":41,"key":"Elixir"}],"is_trial":false,"path_per_floor":["M","?","?","M","$","E","R","E","T","R","M","$","M","M","R_BF","B",null,"M","?","M","$","M","M","?","$","T","R","M","?","R","M","R","B",null,"M","AVR","M","?","?","R","E","M"],"character_chosen":"IRONCLAD","items_purchased":["jedi:MakeshiftSword","jedi:fear","MerchantsRug","Frozen Egg 2","Replay:Bandana","jedi:forcepull","jedi:fear","Replay:Dark Deal","Centennial Puzzle","Pantograph","Apotheosis","CCEMRelics:BiPhaseBiplane","Inflame+1","jedi:fear","hubris:Zylophone"],"campfire_rested":5,"item_purchase_floors":[5,5,5,5,5,5,12,12,12,12,21,21,21,21,25],"current_hp_per_floor":[77,82,82,83,83,81,81,59,59,88,87,87,95,104,104,78,101,101,101,106,106,96,78,56,56,56,89,48,48,81,68,103,49,102,32,32,45,45,45,81,14,0,0],"gold":552,"neow_bonus":"TEN_PERCENT_HP_BONUS","is_daily":false,"chose_seed":false,"campfire_upgraded":1,"win_rate":0.0,"timestamp":1612339980,"path_taken":["M","?","?","M","?","E","R","E","T","R","M","$","?","M","R_BF","BOSS","M","?","?","$","M","M","?","$","T","R","M","?","R","M","R","BOSS","M","AVR","M","?","?","R","E","M"],"items_purchased_type":["Card","Card","Relic","Relic","Relic","Card","Card","Card","Relic","Relic","Card","Relic","Card","Card","Relic"],"build_version":"2020-12-22","purchased_purges":4,"victory":false,"max_hp_per_floor":[88,93,93,93,93,96,96,99,99,99,99,99,102,105,105,108,108,108,108,111,111,111,111,111,111,111,111,111,111,111,119,119,119,119,119,119,123,123,123,123,123,123,123],"card_choices":[{"not_picked":["Headbutt","Intimidate"],"picked":"ReplayTheSpireMod:Muscle Training","floor":1},{"not_picked":["jedi:MakeshiftSword","Flex"],"picked":"Feed","floor":4},{"not_picked":["infinitespire:OneForAll","Dropkick"],"picked":"Dual Wield","floor":6},{"not_picked":["Havoc","Clothesline","Eclipse"],"picked":"SKIP","floor":8},{"not_picked":["Dropkick","Clash"],"picked":"Rampage","floor":11},{"not_picked":["Run Through","Havoc"],"picked":"Anger","floor":13},{"not_picked":["Pommel Strike","Cleave"],"picked":"Double Tap","floor":14},{"not_picked":["Eclipse","jedi:strikingstrike"],"picked":"Exhume","floor":16},{"not_picked":["Seeing Red","jedi:fear"],"picked":"Fire Breathing+1","floor":18},{"not_picked":["Warcry","ReplayTheSpireMod:Strike From Hell"],"picked":"Feel No Pain+1","floor":20},{"not_picked":["Iron Wave","ReplayTheSpireMod:Limb From Limb"],"picked":"Anger","floor":22},{"not_picked":["jedi:MakeshiftSword+1","hubris:ReadiedAction"],"picked":"Rupture+1","floor":23},{"not_picked":["Massacre+1","Anger"],"picked":"Armaments+1","floor":28},{"not_picked":["Armaments","Cleave+1"],"picked":"Hemokinesis","floor":31},{"not_picked":["Exhume","Immolate"],"picked":"Brutality+1","floor":33},{"not_picked":["Havoc","Sword Boomerang+1"],"picked":"jedi:MakeshiftSword+1","floor":35},{"not_picked":["Shrug It Off","Flex"],"picked":"Pummel+1","floor":37},{"not_picked":["hubris:ReadiedAction","Whirlwind+1"],"picked":"jedi:suffering+1","floor":41}],"player_experience":261733,"relics_obtained":[{"floor":3,"key":"CCEMRelics:SpiritsEdge"},{"floor":6,"key":"reliquary:FerryPass"},{"floor":8,"key":"StoneCalendar"},{"floor":8,"key":"ReplayTheSpireMod:TigerMarble"},{"floor":9,"key":"Bag of Preparation"},{"floor":26,"key":"hubris:ChampionShield"},{"floor":41,"key":"Happy Flower"}],"event_choices":[{"damage_healed":0,"gold_gain":0,"player_choice":"Donut","damage_taken":0,"max_hp_gain":5,"max_hp_loss":0,"event_name":"Big Fish","floor":2,"gold_loss":0},{"damage_healed":0,"gold_gain":0,"player_choice":"Trade","damage_taken":0,"relics_obtained":["SsserpentHead"],"max_hp_gain":0,"max_hp_loss":0,"event_name":"FaceTrader","floor":19,"gold_loss":0},{"damage_healed":0,"gold_gain":0,"player_choice":"Ignored","damage_taken":0,"max_hp_gain":0,"max_hp_loss":0,"event_name":"Ghosts","floor":29,"gold_loss":0},{"damage_healed":0,"gold_gain":0,"player_choice":"Ignored","damage_taken":0,"max_hp_gain":0,"max_hp_loss":0,"event_name":"Tomb of Lord Red Mask","floor":38,"gold_loss":0}],"is_beta":false,"boss_relics":[{"not_picked":["Velvet Choker","hubris:GrandSneckoEye"],"picked":"reliquary:Craggleroot"},{"not_picked":["halation:CatFaceCupcake","SacredBark"],"picked":"aspiration:RunicSpoon"}],"items_purged_floors":[12,12,12,36],"is_endless":false,"potions_floor_spawned":[1,6,11,16,18,22,31,41],"killed_by":"3 Darklings","ascension_level":9}}