{"host":"xg4r5pv6chpuampg","time":1612385291,"event":{"mods":["AchievementEnabler","BaseMod","Googly Eyes","Minty Spire (QoL Compilation)"],"gold_per_floor":[118,118,118,46,46,74,88,118,142,156,156,175,208,218,218,315,315,334,249,237,237,0,0,0,0,0,0,18,34,34,34,34,139,139,156,206,217,217,237,237,237,237,237,247,247,259,269,170,170,170],"floor_reached":51,"language":"ENG","playtime":4350,"items_purged":[],"score":680,"play_id":"24d25ceb-e5f4-4c1e-9399-685c48681830","local_time":"20210203234811","is_ascension_mode":false,"campfire_choices":[{"data":"Machine Learning","floor":11,"key":"SMITH"},{"floor":15,"key":"REST"},{"data":"Chill","floor":23,"key":"SMITH"},{"data":"Loop","floor":25,"key":"SMITH"},{"data":"Defragment","floor":30,"key":"SMITH"},{"floor":32,"key":"REST"},{"floor":41,"key":"REST"},{"data":"Rainbow","floor":45,"key":"SMITH"},{"floor":49,"key":"REST"}],"circlet_count":0,"master_deck":["Zap","Dualcast","Blizzard+1","Capacitor","Machine Learning+1","FTL","Coolheaded","Rainbow+1","Conserve Battery","Leap","Force Field","Force Field","Cold Snap","Loop+1","Defragment+1","Chill+1","Glacier","Capacitor","Chaos+1","Redo+1","Buffer","Madness","Madness","Redo+1","Creative AI"],"relics":["Cracked Core","NeowsBlessing","Ornamental Fan","Boot","MealTicket","Blood Vial","Pandora\u0027s Box","Pear","Nunchaku","Meat on the Bone","Empty Cage","Mango","Bottled Flame"],"acts_visited":["Exordium","TheCity","TheBeyond"],"potions_floor_usage":[13,13,13,16,28,33,36,47,47,50,50,50],"damage_taken":[{"damage":0,"enemies":"2 Louse","floor":1,"turns":1},{"damage":0,"enemies":"Lagavulin","floor":6,"turns":1},{"damage":0,"enemies":"Small Slimes","floor":7,"turns":1},{"damage":6,"enemies":"Jaw Worm","floor":10,"turns":3},{"damage":4,"enemies":"Blue Slaver","floor":12,"turns":3},{"damage":12,"enemies":"Gremlin Nob","floor":13,"turns":4},{"damage":26,"enemies":"Large Slime","floor":14,"turns":5},{"damage":31,"enemies":"Slime Boss","floor":16,"turns":9},{"damage":10,"enemies":"Shell Parasite","floor":18,"turns":5},{"damage":24,"enemies":"2 Thieves","floor":20,"turns":4},{"damage":3,"enemies":"Snake Plant","floor":28,"turns":5},{"damage":4,"enemies":"Cultist and Chosen","floor":29,"turns":6},{"damage":25,"enemies":"Collector","floor":33,"turns":10},{"damage":7,"enemies":"3 Darklings","floor":35,"turns":5},{"damage":26,"enemies":"Mind Bloom Boss Battle","floor":36,"turns":7},{"damage":8,"enemies":"3 Shapes","floor":37,"turns":5},{"damage":25,"enemies":"Sphere and 2 Shapes","floor":39,"turns":5},{"damage":0,"enemies":"Maw","floor":44,"turns":7},{"damage":17,"enemies":"Transient","floor":46,"turns":5},{"damage":0,"enemies":"Spire Growth","floor":47,"turns":6},{"damage":15,"enemies":"Time Eater","floor":50,"turns":12}],"seed_played":"5601794473566214713","potions_obtained":[{"floor":1,"key":"Dexterity Potion"},{"floor":10,"key":"PowerPotion"},{"floor":12,"key":"FearPotion"},{"floor":14,"key":"Fire Potion"},{"floor":29,"key":"SkillPotion"},{"floor":33,"key":"PowerPotion"},{"floor":37,"key":"Energy Potion"},{"floor":39,"key":"Ancient Potion"},{"floor":47,"key":"Block Potion"}],"is_trial":false,"path_per_floor":["M","?","?","$","?","E","M","?","T","M","R","M","E","M","R","B",null,"M","?","M","?","$","R","?","R","T","$","M","M","R","?","R","B",null,"M","?","M","?","M","?","R","?","T","M","R","M","M","$","R","B",null],"character_chosen":"DEFECT","items_purchased":["Capacitor","Chill","Glacier","Capacitor","PowerPotion","PowerPotion","Strength Potion"],"campfire_rested":4,"item_purchase_floors":[4,22,22,22,22,48,48],"current_hp_per_floor":[75,72,72,72,57,57,57,57,57,51,51,47,35,11,33,4,75,65,75,53,53,68,68,68,68,68,83,82,80,80,64,90,65,90,83,73,67,54,43,43,74,74,74,76,76,61,63,78,104,89],"gold":170,"neow_bonus":"THREE_ENEMY_KILL","is_daily":false,"chose_seed":false,"campfire_upgraded":5,"win_rate":0.0,"timestamp":1612385291,"path_taken":["M","?","?","$","?","E","M","?","T","M","R","M","E","M","R","BOSS","M","?","M","?","$","R","?","R","T","$","?","M","R","?","R","BOSS","M","?","M","?","M","?","R","?","T","M","R","M","M","$","R","BOSS"],"items_purchased_type":["Card","Card","Card","Card","Potion","Potion","Potion"],"build_version":"2020-12-22","purchased_purges":0,"victory":true,"max_hp_per_floor":[75,75,75,75,75,75,75,75,75,75,75,75,75,75,75,75,75,75,85,85,85,85,85,85,85,85,85,85,85,85,90,90,90,90,90,104,104,104,104,104,104,104,104,104,104,104,104,104,104,104],"card_choices":[{"not_picked":["BootSequence","Cold Snap"],"picked":"Blizzard","floor":1},{"not_picked":["Steam Power","Sweeping Beam"],"picked":"Machine Learning","floor":6},{"not_picked":["Streamline","BootSequence","Conserve Battery"],"picked":"SKIP","floor":7},{"not_picked":["Reinforced Body","Sweeping Beam"],"picked":"FTL","floor":10},{"not_picked":["Go for the Eyes","Gash"],"picked":"Ball Lightning","floor":12},{"not_picked":["Steam Power","Doom and Gloom","Leap"],"picked":"SKIP","floor":13},{"not_picked":["Ball Lightning","Conserve Battery"],"picked":"Coolheaded","floor":14},{"not_picked":["Reboot","All For One"],"picked":"Rainbow","floor":16},{"not_picked":["Steam","Hello World+1"],"picked":"Defragment","floor":18},{"not_picked":["Skim","Leap","Rip and Tear+1"],"picked":"SKIP","floor":20},{"not_picked":["Scrape","Redo+1"],"picked":"Chaos+1","floor":28},{"not_picked":["Reinforced Body","Cold Snap"],"picked":"Redo+1","floor":29},{"not_picked":["Seek","Fission"],"picked":"Buffer","floor":33},{"not_picked":["Conserve Battery+1","Compile Driver+1","Chaos"],"picked":"SKIP","floor":35},{"not_picked":["Tempest","Scrape","Aggregate+1"],"picked":"SKIP","floor":37},{"not_picked":["Darkness+1","Steam"],"picked":"Redo+1","floor":39},{"not_picked":["Aggregate+1","Fusion","Beam Cell"],"picked":"SKIP","floor":44},{"not_picked":["Steam Power+1","Steam+1"],"picked":"Creative AI","floor":46},{"not_picked":["Conserve Battery","Scrape+1","Aggregate+1"],"picked":"SKIP","floor":47}],"player_experience":62419,"relics_obtained":[{"floor":6,"key":"Boot"},{"floor":9,"key":"MealTicket"},{"floor":13,"key":"Blood Vial"},{"floor":26,"key":"Meat on the Bone"},{"floor":36,"key":"Mango"},{"floor":43,"key":"Bottled Flame"}],"event_choices":[{"damage_healed":0,"gold_gain":0,"player_choice":"Success","damage_taken":3,"relics_obtained":["Ornamental Fan"],"max_hp_gain":0,"max_hp_loss":0,"event_name":"Scrap Ooze","floor":2,"gold_loss":0},{"damage_healed":0,"gold_gain":0,"player_choice":"Grow","damage_taken":0,"max_hp_gain":0,"max_hp_loss":0,"event_name":"Living Wall","floor":3,"gold_loss":0,"cards_upgraded":["Blizzard"]},{"damage_healed":0,"gold_gain":0,"player_choice":"Entered Light","damage_taken":15,"max_hp_gain":0,"max_hp_loss":0,"event_name":"Shining Light","floor":5,"gold_loss":0,"cards_upgraded":["Strike_B","Defend_B"]},{"damage_healed":0,"gold_gain":30,"player_choice":"Searched \u00271\u0027 times","damage_taken":0,"max_hp_gain":0,"max_hp_loss":0,"event_name":"Dead Adventurer","floor":8,"gold_loss":0},{"damage_healed":0,"gold_gain":0,"player_choice":"Obtained Relic","damage_taken":0,"relics_obtained":["Pear"],"max_hp_gain":0,"max_hp_loss":0,"event_name":"Addict","floor":19,"gold_loss":85},{"damage_healed":0,"gold_gain":0,"player_choice":"Opened","damage_taken":0,"relics_obtained":["Nunchaku"],"max_hp_gain":0,"max_hp_loss":0,"event_name":"The Mausoleum","floor":21,"gold_loss":0},{"damage_healed":0,"gold_gain":0,"player_choice":"Ignored","damage_taken":0,"max_hp_gain":0,"max_hp_loss":0,"event_name":"Ghosts","floor":24,"gold_loss":0},{"damage_healed":0,"gold_gain":0,"player_choice":"Shed Blood","damage_taken":21,"max_hp_gain":5,"max_hp_loss":0,"event_name":"Forgotten Altar","floor":31,"gold_loss":0},{"damage_healed":0,"gold_gain":0,"player_choice":"Fight","damage_taken":0,"max_hp_gain":0,"max_hp_loss":0,"event_name":"MindBloom","floor":36,"gold_loss":0},{"damage_healed":0,"gold_gain":0,"player_choice":"Embrace Madness","damage_taken":13,"max_hp_gain":0,"max_hp_loss":0,"event_name":"Winding Halls","floor":38,"gold_loss":0,"cards_obtained":["Madness","Madness"]},{"damage_healed":0,"gold_gain":0,"player_choice":"Ignored","damage_taken":0,"max_hp_gain":0,"max_hp_loss":0,"event_name":"Tomb of Lord Red Mask","floor":40,"gold_loss":0},{"cards_removed":["Ball Lightning"],"damage_healed":0,"gold_gain":0,"player_choice":"Removed Attack","damage_taken":0,"max_hp_gain":0,"max_hp_loss":0,"event_name":"Falling","floor":42,"gold_loss":0}],"is_beta":false,"boss_relics":[{"not_picked":["Runic Pyramid","Calling Bell"],"picked":"Pandora\u0027s Box"},{"not_picked":["Cursed Key","Fusion Hammer"],"picked":"Empty Cage"}],"items_purged_floors":[],"is_endless":false,"potions_floor_spawned":[1,10,12,14,29,33,37,39,47],"ascension_level":0}}