{"host":"0m8zx4nh2snqg8t8","time":1612384653,"event":{"mods":["BaseMod","Colored Map","Hermit","Infinite Spire","Jorbs\u0027s Wanderer Trilogy","Minty Spire (QoL Compilation)","Replay The Spire","StSLib","The Cursed","The Jungle"],"gold_per_floor":[116,132,82,101,132,163,238,238,238,265,265,281,295,330,330,425,425,435,435,451,451,366,400,400,99,99,125,150,164,164,182,182,279,279,294,307,180,192,203,238,238,238],"floor_reached":41,"language":"ENG","playtime":4611,"items_purged":["stsjorbsmod:Strike_Wanderer","ReplayTheSpireMod:Restless Dread"],"score":510,"play_id":"aaacd9e0-8b02-4475-b310-a0f15f38ad51","local_time":"20210203123733","is_ascension_mode":false,"campfire_choices":[{"floor":15.0,"key":"REST"},{"floor":32,"key":"REST"}],"circlet_count":0,"master_deck":["stsjorbsmod:ForbiddenGrimoire+1","stsjorbsmod:Strike_Wanderer","stsjorbsmod:Strike_Wanderer","stsjorbsmod:Defend_Wanderer","stsjorbsmod:Defend_Wanderer","stsjorbsmod:Defend_Wanderer","stsjorbsmod:FreshAdventure","stsjorbsmod:EyeOfTheStorm","stsjorbsmod:Rest","stsjorbsmod:Message","stsjorbsmod:Hurt+1","stsjorbsmod:HedgeWizard+1","stsjorbsmod:FaerieFire","stsjorbsmod:ArcaneForm","stsjorbsmod:TrueStrike","stsjorbsmod:Stalwart+1","stsjorbsmod:Trauma","stsjorbsmod:ParryingBlow+1","stsjorbsmod:Prestidigitation+1","stsjorbsmod:FracturedMind+1","Apotheosis+1","stsjorbsmod:Mindworm","stsjorbsmod:FranticSearch+1","stsjorbsmod:MageArmor+1","stsjorbsmod:Firebolt","stsjorbsmod:SiphonEnergy+1","ReplayTheSpireMod:Faulty Equipment","Injury","stsjorbsmod:WeightOfMemory","stsjorbsmod:MageArmor+1","stsjorbsmod:UnseenServant+1"],"relics":["stsjorbsmod:GrimoireRelic","Pear","Toxic Egg 2","infinitespire:Eraser","Bronze Scales","Philosopher\u0027s Stone","Smiling Mask","Replay:Multitool","stsjorbsmod:MindGlassRelic","Kunai","Replay:Ancient Bell","Vajra","Golden Egg","stsjorbsmod:MindPalaceRelic","Happy Flower"],"acts_visited":["Exordium","TheCity","TheBeyond"],"potions_floor_usage":[23,28,35,38,39,41],"damage_taken":[{"damage":5.0,"enemies":"Small Slimes","floor":1.0,"turns":5.0},{"damage":0.0,"enemies":"Jaw Worm","floor":2.0,"turns":4.0},{"damage":0.0,"enemies":"2 Louse","floor":4.0,"turns":3.0},{"damage":13.0,"enemies":"Large Slime","floor":5.0,"turns":7.0},{"damage":22.0,"enemies":"Gremlin Nob","floor":6.0,"turns":5.0},{"damage":17.0,"enemies":"Replay:BlueRogue","floor":10.0,"turns":7.0},{"damage":1.0,"enemies":"3 Louse","floor":12.0,"turns":5.0},{"damage":6.0,"enemies":"Exordium Wildlife","floor":13.0,"turns":3.0},{"damage":8.0,"enemies":"3 Sentries","floor":14.0,"turns":6.0},{"damage":30.0,"enemies":"Hexaghost","floor":16.0,"turns":8.0},{"damage":19,"enemies":"3 Byrds","floor":18,"turns":2},{"damage":35,"enemies":"2 Thieves","floor":20,"turns":4},{"damage":31,"enemies":"Slavers","floor":23,"turns":5},{"damage":35,"enemies":"Nightmare","floor":27,"turns":6},{"damage":4,"enemies":"Snecko","floor":28,"turns":7},{"damage":0,"enemies":"Shelled Parasite and Fungi","floor":29,"turns":5},{"damage":28,"enemies":"Centurion and Healer","floor":31,"turns":3},{"damage":25,"enemies":"Champ","floor":33,"turns":8},{"damage":21,"enemies":"Orb Walker","floor":35,"turns":4},{"damage":0,"enemies":"3 Shapes","floor":36,"turns":2},{"damage":14,"enemies":"3 Darklings","floor":38,"turns":4},{"damage":21,"enemies":"Sphere and 2 Shapes","floor":39,"turns":5},{"damage":35,"enemies":"Reptomancer","floor":40,"turns":3},{"damage":21,"enemies":"Spire Growth","floor":41,"turns":3}],"seed_played":"-8669349466988523922","potions_obtained":[{"floor":1.0,"key":"Flashbang"},{"floor":5.0,"key":"BlessingOfTheForge"},{"floor":6.0,"key":"PowerPotion"},{"floor":13.0,"key":"infinitespire:BlackPotion"},{"floor":16.0,"key":"SkillPotion"},{"floor":18,"key":"LiquidMemories"},{"floor":33,"key":"Reflective Coating"},{"floor":36,"key":"Cursed Concoction"},{"floor":38,"key":"Block Potion"},{"floor":40,"key":"stsjorbsmod:BurningPotion"}],"is_trial":false,"path_per_floor":["M","M","?","M","M","E","?","?","T","E","?","M","M","E","R","B",null,"M","?","M","?","?","E","R","$","T","NM","M","M","R","M","R","B",null,"M","M","$","M","M","E","M"],"character_chosen":"WANDERER","items_purchased":["Apotheosis+1","stsjorbsmod:Mindworm","stsjorbsmod:MageArmor+1"],"campfire_rested":2,"item_purchase_floors":[25,25,37],"current_hp_per_floor":[71,72,72,73,62,52,41,41,41,24,24,24,20,17,42,12,84,65,49,14,43,43,17,43,43,43,8,11,16,42,14,40,15,89,72,74,74,65,47,12,0,0],"gold":238,"neow_bonus":"TEN_PERCENT_HP_BONUS","is_daily":false,"chose_seed":false,"campfire_upgraded":0,"win_rate":0.0,"timestamp":1612384653,"path_taken":["M","M","?","M","M","E","?","?","T","E","?","M","M","E","R","BOSS","M","?","M","?","?","E","R","$","T","NM","?","?","R","M","R","BOSS","M","M","$","M","M","E","M"],"items_purchased_type":["Card","Card","Card"],"build_version":"2020-12-22","purchased_purges":2,"victory":false,"max_hp_per_floor":[74,74,74,74,74,84,84,84,84,84,84,84,84,84,84,84,84,84,89,89,89,89,89,89,89,89,89,89,89,89,89,89,89,89,89,89,89,89,89,89,89,89],"card_choices":[{"not_picked":["stsjorbsmod:BurningFlask","stsjorbsmod:TollTheDead"],"picked":"stsjorbsmod:Rest","floor":1.0},{"not_picked":["stsjorbsmod:Hurt","stsjorbsmod:MagicMissiles"],"picked":"stsjorbsmod:Message","floor":2.0},{"not_picked":["stsjorbsmod:SchoolsOfMagic","stsjorbsmod:DisguiseSelf"],"picked":"stsjorbsmod:Hurt","floor":4.0},{"not_picked":["stsjorbsmod:Hurt","stsjorbsmod:Mania"],"picked":"stsjorbsmod:HedgeWizard","floor":5.0},{"not_picked":["stsjorbsmod:TinyHut","stsjorbsmod:Channel"],"picked":"stsjorbsmod:FaerieFire","floor":6.0},{"not_picked":["stsjorbsmod:Materialize+1","stsjorbsmod:MagicMissiles"],"picked":"stsjorbsmod:ArcaneForm","floor":10.0},{"not_picked":["stsjorbsmod:Message+1","stsjorbsmod:BlackTentacles"],"picked":"stsjorbsmod:TrueStrike","floor":12.0},{"not_picked":["stsjorbsmod:Will+1","stsjorbsmod:Hurt","stsjorbsmod:UnseenServant+1"],"picked":"SKIP","floor":13.0},{"not_picked":["stsjorbsmod:Mending+1","stsjorbsmod:Inferno+1"],"picked":"stsjorbsmod:Stalwart+1","floor":14.0},{"not_picked":["stsjorbsmod:Rediscovery","stsjorbsmod:Fear+1"],"picked":"stsjorbsmod:Trauma","floor":16.0},{"not_picked":["stsjorbsmod:Mending+1","stsjorbsmod:RefuseToForget+1"],"picked":"stsjorbsmod:ParryingBlow+1","floor":18},{"not_picked":["stsjorbsmod:SchoolsOfMagic+1","stsjorbsmod:Stalwart+1"],"picked":"stsjorbsmod:Prestidigitation+1","floor":20},{"not_picked":["stsjorbsmod:FindFamiliar","stsjorbsmod:MagicMirror+1"],"picked":"stsjorbsmod:FracturedMind+1","floor":23},{"not_picked":["stsjorbsmod:FracturedMind+1","stsjorbsmod:MageArmor+1"],"picked":"stsjorbsmod:FranticSearch+1","floor":27},{"not_picked":["stsjorbsmod:TollTheDead","stsjorbsmod:DisguiseSelf+1"],"picked":"stsjorbsmod:MageArmor+1","floor":28},{"not_picked":["stsjorbsmod:SchoolsOfMagic+1","stsjorbsmod:ChatteringStrike","stsjorbsmod:BlackTentacles+1"],"picked":"SKIP","floor":29},{"not_picked":["stsjorbsmod:Hurt","stsjorbsmod:DisguiseSelf+1"],"picked":"stsjorbsmod:Firebolt","floor":31},{"not_picked":["stsjorbsmod:Determination+1","stsjorbsmod:PurgeMind"],"picked":"stsjorbsmod:SiphonEnergy+1","floor":33},{"not_picked":["Regret","Doubt"],"picked":"ReplayTheSpireMod:Faulty Equipment","floor":34},{"not_picked":["stsjorbsmod:Withering","Pain"],"picked":"Injury","floor":34},{"not_picked":["stsjorbsmod:Withering","Looming Evil"],"picked":"ReplayTheSpireMod:Restless Dread","floor":34},{"not_picked":["stsjorbsmod:ArcaneWeapon+1","stsjorbsmod:ChatteringStrike+1","stsjorbsmod:FranticSearch+1"],"picked":"SKIP","floor":35},{"not_picked":["stsjorbsmod:Rest+1","stsjorbsmod:Message+1"],"picked":"stsjorbsmod:WeightOfMemory","floor":36},{"not_picked":["stsjorbsmod:Entangle","stsjorbsmod:Prepare+1"],"picked":"stsjorbsmod:UnseenServant+1","floor":38},{"not_picked":["stsjorbsmod:Rest+1","stsjorbsmod:Aid+1","stsjorbsmod:AnimateObjects+1"],"picked":"SKIP","floor":39},{"not_picked":["stsjorbsmod:Firebolt+1","stsjorbsmod:BurningFlask+1","stsjorbsmod:SchoolsOfMagic+1"],"picked":"SKIP","floor":40}],"player_experience":314649,"relics_obtained":[{"floor":6.0,"key":"Pear"},{"floor":9.0,"key":"Toxic Egg 2"},{"floor":10.0,"key":"infinitespire:Eraser"},{"floor":14.0,"key":"Bronze Scales"},{"floor":23,"key":"Replay:Multitool"},{"floor":26,"key":"stsjorbsmod:MindGlassRelic"},{"floor":27,"key":"Kunai"},{"floor":40,"key":"Happy Flower"}],"event_choices":[{"cards_removed":["stsjorbsmod:Strike_Wanderer"],"damage_healed":0.0,"max_hp_gain":0.0,"max_hp_loss":0.0,"gold_gain":0.0,"event_name":"The Cleric","player_choice":"Card Removal","floor":3.0,"gold_loss":50.0,"damage_taken":0.0},{"damage_healed":0.0,"max_hp_gain":0.0,"max_hp_loss":0.0,"gold_gain":75.0,"event_name":"World of Goop","player_choice":"Gather Gold","floor":7.0,"gold_loss":0.0,"damage_taken":11.0},{"damage_healed":0,"gold_gain":0,"player_choice":"Shed Blood","damage_taken":21,"max_hp_gain":5,"max_hp_loss":0,"event_name":"Forgotten Altar","floor":19,"gold_loss":0},{"damage_healed":29,"gold_gain":0,"player_choice":"Heal","damage_taken":0,"max_hp_gain":0,"max_hp_loss":0,"event_name":"The Library","floor":21,"gold_loss":0},{"damage_healed":0,"gold_gain":0,"player_choice":"Obtained Relic","damage_taken":0,"relics_obtained":["Smiling Mask"],"max_hp_gain":0,"max_hp_loss":0,"event_name":"Addict","floor":22,"gold_loss":85}],"is_beta":false,"boss_relics":[{"not_picked":["Replay:Wanted Poster","Ring of Chaos"],"picked":"Philosopher\u0027s Stone"},{"not_picked":["infinitespire:Cupcake","ReplayTheSpireMod:DimensionalGlitch"],"picked":"Replay:Ancient Bell"},{"not_picked":["Tiny Chest","Akabeko"],"picked":"Vajra"},{"not_picked":["Replay:Accelerometer","Mummified Hand"],"picked":"Golden Egg"},{"not_picked":["Dead Branch","Durian"],"picked":"stsjorbsmod:MindPalaceRelic"}],"items_purged_floors":[25,37],"is_endless":true,"potions_floor_spawned":[1,5,6,13,16,18,20,33,36,38,40],"killed_by":"Spire Growth","ascension_level":0}}