{"host":"0xtpc43j5kblke7u","time":1612329237,"event":{"mods":["AchievementEnabler","BaseMod","Colored Map","Highlight Path","Minty Spire (QoL Compilation)"],"gold_per_floor":[114,114,128,138,138,171,171,171,171,171,199,4,16,28,28,130,130,130,40,40,40,40,40,40,40,40,40,40,40,40,40,40,40,40,40,40,40,40,40,40,40,40,40,40,40,40,40,40,40,40,40],"floor_reached":50,"language":"ENG","playtime":4701,"items_purged":[],"score":680,"play_id":"3e28b1f3-c705-49ff-965f-845942d29de4","local_time":"20210203001357","is_ascension_mode":true,"campfire_choices":[{"data":"Eruption","floor":7.0,"key":"SMITH"},{"data":"Adaptation","floor":10.0,"key":"SMITH"},{"floor":15.0,"key":"REST"},{"data":"Vault","floor":24.0,"key":"SMITH"},{"floor":32.0,"key":"REST"},{"data":"Scrawl","floor":40,"key":"SMITH"},{"floor":45,"key":"REST"},{"floor":49,"key":"REST"}],"circlet_count":0,"master_deck":["Strike_P","Defend_P+1","Defend_P","Defend_P+1","Eruption+1","Vigilance","DeusExMachina","Protect","CrushJoints+1","Adaptation+1","Sanctity","Scrawl+1","BowlingBash","ThirdEye","EmptyBody","EmptyMind","Establishment","ClearTheMind+1","EmptyFist+1","Wish+1","Vault+1","CutThroughFate+1","Forethought","WheelKick+1"],"relics":["PureWater","Prayer Wheel","Ice Cream","War Paint","ClockworkSouvenir","Ectoplasm","Nunchaku","Old Coin","Tiny House","Omamori","Orichalcum"],"acts_visited":["Exordium","TheCity","TheBeyond"],"potions_floor_usage":[38,39,41,41,50],"damage_taken":[{"damage":4.0,"enemies":"Small Slimes","floor":1.0,"turns":5.0},{"damage":3.0,"enemies":"Cultist","floor":3.0,"turns":4.0},{"damage":7.0,"enemies":"Jaw Worm","floor":4.0,"turns":3.0},{"damage":8.0,"enemies":"Lagavulin","floor":6.0,"turns":6.0},{"damage":25.0,"enemies":"Gremlin Nob","floor":11.0,"turns":4.0},{"damage":6.0,"enemies":"Looter","floor":13.0,"turns":2.0},{"damage":0.0,"enemies":"Red Slaver","floor":14.0,"turns":2.0},{"damage":14.0,"enemies":"Slime Boss","floor":16.0,"turns":10.0},{"damage":0.0,"enemies":"Shell Parasite","floor":18.0,"turns":3.0},{"damage":10.0,"enemies":"2 Thieves","floor":19.0,"turns":4.0},{"damage":30.0,"enemies":"Book of Stabbing","floor":23.0,"turns":6.0},{"damage":6.0,"enemies":"Snake Plant","floor":25.0,"turns":4.0},{"damage":0.0,"enemies":"Colosseum Slavers","floor":27.0,"turns":4.0},{"damage":4.0,"enemies":"Centurion and Healer","floor":29.0,"turns":8.0},{"damage":0.0,"enemies":"3 Cultists","floor":31.0,"turns":6.0},{"damage":53.0,"enemies":"Automaton","floor":33.0,"turns":13.0},{"damage":18,"enemies":"3 Shapes","floor":35,"turns":5},{"damage":3,"enemies":"Orb Walker","floor":38,"turns":3},{"damage":15,"enemies":"Transient","floor":39,"turns":6},{"damage":0,"enemies":"Giant Head","floor":41,"turns":8},{"damage":12,"enemies":"Jaw Worm Horde","floor":42,"turns":4},{"damage":17,"enemies":"3 Darklings","floor":46,"turns":6},{"damage":82,"enemies":"Time Eater","floor":50,"turns":11}],"seed_played":"-5277519086444606726","potions_obtained":[{"floor":1.0,"key":"BottledMiracle"},{"floor":11.0,"key":"Block Potion"},{"floor":13.0,"key":"FairyPotion"},{"floor":14.0,"key":"SneckoOil"},{"floor":16.0,"key":"Swift Potion"},{"floor":19.0,"key":"GamblersBrew"},{"floor":25.0,"key":"ColorlessPotion"},{"floor":29.0,"key":"Ambrosia"},{"floor":34,"key":"BottledMiracle"},{"floor":37,"key":"Weak Potion"},{"floor":37,"key":"AttackPotion"},{"floor":38,"key":"SkillPotion"},{"floor":42,"key":"Ancient Potion"}],"is_trial":false,"path_per_floor":["M","?","M","M","?","E","R","?","T","R","E","$","M","M","R","B",null,"M","M","?","?","?","E","R","M","T","?","?","M","?","M","R","B",null,"M","?","?","M","M","R","E","M","T","$","R","M","?","?","R","B"],"character_chosen":"WATCHER","items_purchased":["ClockworkSouvenir","ColorlessPotion"],"campfire_rested":4,"item_purchase_floors":[12,12],"current_hp_per_floor":[68,73,70,63,56,48,48,48,48,48,23,23,17,17,40,26,77,77,67,67,67,77,47,47,41,41,41,27,23,23,23,47,24,87,69,69,69,66,51,51,51,39,39,39,65,48,48,48,74,0,0],"gold":40,"neow_bonus":"ONE_RANDOM_RARE_CARD","is_daily":false,"chose_seed":false,"campfire_upgraded":4,"win_rate":0.0,"timestamp":1612329237,"path_taken":["M","?","M","M","?","E","R","?","T","R","E","$","M","M","R","BOSS","M","M","?","?","?","E","R","?","T","?","?","M","?","M","R","BOSS","M","?","?","M","?","R","E","M","T","$","R","M","?","?","R","BOSS"],"items_purchased_type":["Relic","Potion"],"build_version":"2020-12-22","purchased_purges":0,"victory":false,"max_hp_per_floor":[72,77,77,77,77,77,77,77,77,77,77,77,77,77,77,77,77,77,77,77,77,77,77,77,77,77,77,82,82,82,82,82,82,87,87,87,87,87,87,87,87,87,87,87,87,87,87,87,87,87,87],"card_choices":[{"not_picked":["WindmillStrike","Weave"],"picked":"Protect","floor":1.0},{"not_picked":["ClearTheMind","CutThroughFate"],"picked":"CrushJoints","floor":3.0},{"not_picked":["WheelKick","Wireheading"],"picked":"Adaptation","floor":4.0},{"not_picked":["Worship","SashWhip"],"picked":"Sanctity","floor":6.0},{"not_picked":["SandsOfTime","WaveOfTheHand"],"picked":"Scrawl","floor":11.0},{"not_picked":["EmptyFist","Crescendo"],"picked":"BowlingBash","floor":13.0},{"not_picked":["Protect","Indignation"],"picked":"ThirdEye","floor":13.0},{"not_picked":["SashWhip","WreathOfFlame"],"picked":"EmptyBody","floor":14.0},{"not_picked":["FlurryOfBlows","Consecrate"],"picked":"EmptyMind","floor":14.0},{"not_picked":["Alpha","DeusExMachina"],"picked":"Establishment","floor":16.0},{"not_picked":["Consecrate","Halt+1"],"picked":"ClearTheMind+1","floor":18.0},{"not_picked":["Crescendo","FlurryOfBlows","EmptyFist+1"],"picked":"SKIP","floor":18.0},{"not_picked":["Crescendo","FlurryOfBlows"],"picked":"EmptyFist+1","floor":18.0},{"not_picked":["Vengeance","Prostrate","Protect"],"picked":"SKIP","floor":19.0},{"not_picked":["Halt","WaveOfTheHand","Crescendo"],"picked":"SKIP","floor":19.0},{"not_picked":["ClearTheMind","Worship"],"picked":"Vault","floor":23.0},{"not_picked":["FollowUp+1","SashWhip"],"picked":"CutThroughFate","floor":25.0},{"not_picked":["BowlingBash","Nirvana","WaveOfTheHand"],"picked":"SKIP","floor":25.0},{"not_picked":["FlurryOfBlows","Sanctity","Vengeance"],"picked":"SKIP","floor":29.0},{"not_picked":["Halt","EmptyBody","PathToVictory+1"],"picked":"SKIP","floor":29.0},{"not_picked":["Meditate","CrushJoints","EmptyFist"],"picked":"SKIP","floor":31.0},{"not_picked":["Halt","Evaluate","JustLucky+1"],"picked":"SKIP","floor":31.0},{"not_picked":["EmptyFist+1","Prostrate+1","JustLucky+1"],"picked":"SKIP","floor":35},{"not_picked":["JustLucky+1","EmptyBody","CrushJoints"],"picked":"SKIP","floor":35},{"not_picked":["Purity","Mind Blast"],"picked":"Forethought","floor":36},{"not_picked":["SashWhip","EmptyFist"],"picked":"WheelKick+1","floor":38},{"not_picked":["EmptyFist","Halt+1","Consecrate"],"picked":"SKIP","floor":38},{"not_picked":["BowlingBash+1","Protect+1","FlurryOfBlows+1"],"picked":"SKIP","floor":39},{"not_picked":["Halt+1","EmptyMind","JustLucky+1"],"picked":"SKIP","floor":39},{"not_picked":["Conclude+1","Collect","EmptyFist+1"],"picked":"SKIP","floor":41},{"not_picked":["Prostrate+1","ConjureBlade","BowlingBash"],"picked":"SKIP","floor":42},{"not_picked":["Wireheading","EmptyFist+1","FlyingSleeves+1"],"picked":"SKIP","floor":42},{"not_picked":["FlurryOfBlows","Prostrate","Swivel+1"],"picked":"SKIP","floor":46},{"not_picked":["Wireheading","DeceiveReality","LikeWater"],"picked":"SKIP","floor":46}],"player_experience":659285,"relics_obtained":[{"floor":6.0,"key":"Prayer Wheel"},{"floor":9.0,"key":"Ice Cream"},{"floor":11.0,"key":"War Paint"},{"floor":23.0,"key":"Nunchaku"},{"floor":26.0,"key":"Old Coin"},{"floor":41,"key":"Omamori"},{"floor":43,"key":"Orichalcum"}],"event_choices":[{"damage_healed":0.0,"max_hp_gain":5.0,"max_hp_loss":0.0,"gold_gain":0.0,"event_name":"Big Fish","player_choice":"Donut","floor":2.0,"gold_loss":0.0,"damage_taken":0.0},{"cards_removed":["Strike_P"],"damage_healed":0.0,"max_hp_gain":0.0,"max_hp_loss":0.0,"gold_gain":0.0,"event_name":"Golden Wing","player_choice":"Card Removal","floor":5.0,"gold_loss":0.0,"damage_taken":7.0},{"damage_healed":0.0,"max_hp_gain":0.0,"max_hp_loss":0.0,"gold_gain":0.0,"event_name":"Upgrade Shrine","player_choice":"Upgraded","floor":8.0,"gold_loss":0.0,"damage_taken":0.0,"cards_upgraded":["CrushJoints"]},{"damage_healed":0.0,"max_hp_gain":0.0,"max_hp_loss":0.0,"gold_gain":0.0,"cards_transformed":["Strike_P","Strike_P"],"event_name":"Drug Dealer","player_choice":"Became Test Subject","floor":20.0,"gold_loss":0.0,"damage_taken":0.0,"cards_obtained":["Wish","Fasting2"]},{"damage_healed":0.0,"max_hp_gain":0.0,"max_hp_loss":0.0,"gold_gain":99.0,"event_name":"Nest","player_choice":"Stole From Cult","floor":21.0,"gold_loss":0.0,"damage_taken":0.0},{"cards_removed":["Fasting2"],"damage_healed":10.0,"max_hp_gain":0.0,"max_hp_loss":0.0,"gold_gain":0.0,"event_name":"Bonfire Elementals","player_choice":"Offered Uncommon","floor":22.0,"gold_loss":0.0,"damage_taken":0.0},{"damage_healed":0.0,"max_hp_gain":0.0,"max_hp_loss":0.0,"gold_gain":0.0,"event_name":"Colosseum","player_choice":"Fight","floor":27.0,"gold_loss":0.0,"damage_taken":0.0},{"damage_healed":0.0,"max_hp_gain":0.0,"max_hp_loss":0.0,"gold_gain":0.0,"event_name":"Colosseum","player_choice":"Fled From Nobs","floor":27.0,"gold_loss":0.0,"damage_taken":0.0},{"damage_healed":0.0,"max_hp_gain":5.0,"max_hp_loss":0.0,"gold_gain":0.0,"event_name":"Forgotten Altar","player_choice":"Shed Blood","floor":28.0,"gold_loss":0.0,"damage_taken":19.0},{"damage_healed":0.0,"max_hp_gain":0.0,"max_hp_loss":0.0,"gold_gain":0.0,"event_name":"Ghosts","player_choice":"Ignored","floor":30.0,"gold_loss":0.0,"damage_taken":0.0},{"damage_healed":0,"gold_gain":0,"player_choice":"Memory 1","damage_taken":0,"max_hp_gain":0,"max_hp_loss":0,"event_name":"SensoryStone","floor":36,"gold_loss":0},{"damage_healed":0,"gold_gain":0,"player_choice":"Got Potions","damage_taken":0,"max_hp_gain":0,"max_hp_loss":0,"event_name":"Lab","floor":37,"gold_loss":0},{"cards_removed":["Defend_P"],"damage_healed":0,"gold_gain":0,"player_choice":"Removed Skill","damage_taken":0,"max_hp_gain":0,"max_hp_loss":0,"event_name":"Falling","floor":47,"gold_loss":0},{"damage_healed":0,"gold_gain":0,"player_choice":"Upgraded","damage_taken":0,"max_hp_gain":0,"max_hp_loss":0,"event_name":"Upgrade Shrine","floor":48,"gold_loss":0,"cards_upgraded":["Wish"]}],"is_beta":false,"boss_relics":[{"not_picked":["Snecko Eye","Philosopher\u0027s Stone"],"picked":"Ectoplasm"},{"not_picked":["Runic Pyramid","SacredBark"],"picked":"Tiny House"}],"items_purged_floors":[],"is_endless":false,"potions_floor_spawned":[1,11,13,14,16,19,25,29,38,42],"killed_by":"Time Eater","ascension_level":4}}