{"host":"0y7rggrn2c7yxnri","time":1612326369,"event":{"mods":["AchievementEnabler","Act Like it!","AlwaysNeverKeys","Aspiration","Bartender","BaseMod","Better Altar","Better Sensory Stone","Better Skull","Better Third Choice","Better Vampires","BetterRewards","Colored Map","Colored Powertips","Displayed Cursed Tome","Duelist Mod","GifTheSpireLib","Magitek Elite","Minty Spire (QoL Compilation)","Permanent Neow","Quick Restart","Reliquary","Replay The Spire","Shop Mod","Spicy Shops","Spire Arcade","StSLib","Stuff the Spire","The Alterego","The Animator","The Marked","The Servant 0.9.4","Transform Curses","Virulent Crown","Wandering Minibosses"],"gold_per_floor":[109,109,109,124,135,135,35,62,144,172,172,199,217,236,236,338,338,353,268,268,280,280,309,309,309],"floor_reached":24,"language":"ENG","playtime":822,"items_purged":["Spreading Infection","Regret"],"score":269,"play_id":"d88ea0ae-a33a-4a71-8b85-8ffbb3a87e20","local_time":"20210202232609","is_ascension_mode":true,"campfire_choices":[{"data":"Apotheosis","floor":6,"key":"SMITH"},{"data":"Machine Learning","floor":15,"key":"SMITH"}],"circlet_count":0,"master_deck":["Strike_B+1","Strike_B+1","Strike_B+1","Strike_B+1","Defend_B+1","Defend_B+1","Defend_B+1","Defend_B+1","Zap+1","Dualcast","Apotheosis+1","Ball Lightning","Machine Learning+1","Reboot","Ball Lightning","Ball Lightning"],"relics":["Cracked Core","Sling","reliquary:JackalopeAntler","ReplayTheSpireMod:CursedCoin","reliquary:Firecrackers","StuffTheSpire:RedRose","reliquary:RoseTintedGlasses","StuffTheSpire:PointBlank","Mirror","Matryoshka","Gem_Box","Potion Belt","MutagenicStrength","Replay:Mystery Machine"],"acts_visited":["Exordium","TheCity"],"potions_floor_usage":[10,23,23],"damage_taken":[{"damage":0,"enemies":"Small Slimes","floor":1,"turns":2},{"damage":0,"enemies":"2 Louse","floor":4,"turns":1},{"damage":7,"enemies":"Jaw Worm","floor":5,"turns":3},{"damage":20,"enemies":"Lagavulin","floor":8,"turns":5},{"damage":12,"enemies":"3 Sentries","floor":10,"turns":3},{"damage":4,"enemies":"Lagavulin","floor":12,"turns":3},{"damage":1,"enemies":"Blue Slaver","floor":13,"turns":3},{"damage":0,"enemies":"Large Slime","floor":14,"turns":3},{"damage":6,"enemies":"Slime Boss","floor":16,"turns":7},{"damage":3,"enemies":"Spheric Guardian","floor":18,"turns":3},{"damage":24,"enemies":"Shell Parasite","floor":21,"turns":3},{"damage":34,"enemies":"Slavers","floor":23,"turns":3},{"damage":0,"enemies":"Chosen and Byrds","floor":24,"turns":1}],"seed_played":"8017776758800102485","potions_obtained":[{"floor":4,"key":"Explosive Potion"},{"floor":5,"key":"Elixir"},{"floor":10,"key":"Energy Potion"},{"floor":13,"key":"Doom Potion"},{"floor":14,"key":"Dexterity Potion"},{"floor":23,"key":"DuplicationPotion"}],"is_trial":false,"path_per_floor":["M","?","?","M","M","R","$","E","T","E","?","E","M","M","R_BF","B",null,"M","?","?","M","?","E","M"],"character_chosen":"DEFECT","items_purchased":["Sling","reliquary:JackalopeAntler","ReplayTheSpireMod:CursedCoin","reliquary:Firecrackers"],"campfire_rested":0,"item_purchase_floors":[0,0,0,0],"current_hp_per_floor":[75,75,75,75,68,68,68,48,48,36,36,32,31,31,31,25,75,72,72,72,48,48,14,14,14],"gold":309,"neow_bonus":"","is_daily":false,"chose_seed":false,"campfire_upgraded":2,"win_rate":0.0,"timestamp":1612326369,"path_taken":["M","?","?","M","M","R","$","E","T","E","?","E","M","M","R_BF","BOSS","M","?","?","M","?","E","?"],"items_purchased_type":["Relic","Relic","Relic","Relic"],"build_version":"2020-12-22","purchased_purges":2,"victory":false,"max_hp_per_floor":[75,75,75,75,75,75,75,75,75,75,75,75,75,75,75,75,75,75,75,75,75,75,75,75,75],"card_choices":[{"not_picked":["StuffTheSpire:Rend","Go for the Eyes","Conserve Battery"],"picked":"SKIP","floor":1},{"not_picked":["Replay:Sssssssssshield","Magnetism"],"picked":"Apotheosis","floor":3},{"not_picked":["StuffTheSpire:Coldhearted","Recycle","Reprogram"],"picked":"SKIP","floor":4},{"not_picked":["Genetic Algorithm","Double Energy","Redo"],"picked":"SKIP","floor":5},{"not_picked":["Crystallizer","Leap"],"picked":"Ball Lightning","floor":8},{"not_picked":["Go for the Eyes","Compile Driver","StuffTheSpire:Rend"],"picked":"SKIP","floor":10},{"not_picked":["Crystallizer","Cold Snap","Beam Cell"],"picked":"SKIP","floor":12},{"not_picked":["Leap","Steam"],"picked":"Machine Learning","floor":13},{"not_picked":["Streamline","Gash","Barrage"],"picked":"SKIP","floor":14},{"not_picked":["Multi-Cast","Mirror Shield"],"picked":"Reboot","floor":16},{"not_picked":["Streamline+1","Beam Cell"],"picked":"Ball Lightning","floor":18},{"not_picked":["Sweeping Beam","Cold Snap","BootSequence"],"picked":"SKIP","floor":21},{"not_picked":["ReplayTheSpireMod:Repulse","Turbo+1"],"picked":"Ball Lightning","floor":23}],"player_experience":319425,"relics_obtained":[{"floor":8,"key":"reliquary:RoseTintedGlasses"},{"floor":9,"key":"StuffTheSpire:PointBlank"},{"floor":10,"key":"Mirror"},{"floor":12,"key":"Matryoshka"},{"floor":23,"key":"Replay:Mystery Machine"}],"event_choices":[{"damage_healed":0,"gold_gain":1,"player_choice":"1","damage_taken":0,"max_hp_gain":0,"max_hp_loss":0,"event_name":"betterStone:BetterStone","floor":3,"gold_loss":0},{"damage_healed":0,"gold_gain":0,"player_choice":"Obtained Relic","damage_taken":0,"relics_obtained":["Potion Belt"],"max_hp_gain":0,"max_hp_loss":0,"event_name":"Addict","floor":19,"gold_loss":85},{"damage_healed":0,"gold_gain":0,"player_choice":"Simplicity","damage_taken":0,"max_hp_gain":0,"max_hp_loss":8,"event_name":"betterThird:BetterWriting","floor":20,"gold_loss":0},{"damage_healed":0,"gold_gain":0,"player_choice":"Inject Mutagens","damage_taken":0,"relics_obtained":["MutagenicStrength"],"max_hp_gain":0,"max_hp_loss":0,"event_name":"Drug Dealer","floor":22,"gold_loss":0}],"is_beta":false,"boss_relics":[{"not_picked":["aspiration:IroncladSkillbook","aspiration:SecretTechniqueScroll"],"picked":"Gem_Box"}],"items_purged_floors":[0,7],"is_endless":false,"potions_floor_spawned":[4,5,10,13,14,23],"killed_by":"Chosen and Byrds","ascension_level":3}}