{"host":"c5ukdwo3xwa4ucd0","time":1612391147,"event":{"mods":["AchievementEnabler","BaseMod","Colored Powertips","Minty Spire (QoL Compilation)","Quick Restart"],"gold_per_floor":[119,137,237,251,267,267,283,343,643,643,659,674,674,11,11,107,107,126,145,162,175,193,193,193,209,236,270,270,289,289,307,307,412,412,430,446,496,596,612,612,612,12,64,64,0,0,0,0,0,0],"floor_reached":51,"language":"ENG","playtime":2755,"items_purged":[],"score":711,"play_id":"b853f1ab-defe-44ca-9869-ba1019fe4d90","local_time":"20210203232547","is_ascension_mode":false,"campfire_choices":[{"data":"Blade Dance","floor":6.0,"key":"SMITH"},{"floor":13.0,"key":"REST"},{"floor":15.0,"key":"REST"},{"floor":23.0,"key":"REST"},{"floor":28.0,"key":"REST"},{"floor":32.0,"key":"REST"},{"floor":40.0,"key":"REST"},{"floor":44.0,"key":"REST"},{"data":"Panache","floor":49.0,"key":"SMITH"}],"circlet_count":0,"master_deck":["Strike_G","Strike_G","Strike_G","Strike_G","Strike_G","Defend_G","Defend_G","Defend_G","Defend_G","Survivor","Neutralize","Prepared","Tactician","Infinite Blades","Blade Dance+1","Footwork","Blade Dance","Panache+1","Cloak And Dagger","Infinite Blades","Adrenaline","Cloak And Dagger","Infinite Blades","Footwork","Phantasmal Killer","Adrenaline","Footwork+1","Cloak And Dagger"],"relics":["Ring of the Snake","Happy Flower","Bottled Tornado","Old Coin","Pocketwatch","InkBottle","Omamori","WristBlade","Orichalcum","Juzu Bracelet","MutagenicStrength","Cursed Key","Prayer Wheel","Singing Bowl","Dead Branch","Akabeko","Red Mask","Bottled Lightning"],"acts_visited":["Exordium","TheCity","TheBeyond"],"potions_floor_usage":[50],"damage_taken":[{"damage":0.0,"enemies":"Cultist","floor":1.0,"turns":5.0},{"damage":0.0,"enemies":"Small Slimes","floor":2.0,"turns":4.0},{"damage":0.0,"enemies":"2 Louse","floor":4.0,"turns":3.0},{"damage":6.0,"enemies":"Large Slime","floor":5.0,"turns":11.0},{"damage":1.0,"enemies":"Exordium Thugs","floor":7.0,"turns":4.0},{"damage":25.0,"enemies":"3 Sentries","floor":8.0,"turns":10.0},{"damage":5.0,"enemies":"Looter","floor":11.0,"turns":4.0},{"damage":5.0,"enemies":"Exordium Wildlife","floor":12.0,"turns":4.0},{"damage":11.0,"enemies":"The Guardian","floor":16.0,"turns":12.0},{"damage":0.0,"enemies":"3 Byrds","floor":18.0,"turns":3.0},{"damage":2.0,"enemies":"Spheric Guardian","floor":19.0,"turns":3.0},{"damage":19.0,"enemies":"Snecko","floor":20.0,"turns":4.0},{"damage":1.0,"enemies":"Snake Plant","floor":21.0,"turns":4.0},{"damage":0.0,"enemies":"Cultist and Chosen","floor":22.0,"turns":4.0},{"damage":0.0,"enemies":"3 Cultists","floor":25.0,"turns":4.0},{"damage":21.0,"enemies":"Book of Stabbing","floor":27.0,"turns":5.0},{"damage":6.0,"enemies":"Snecko","floor":29.0,"turns":4.0},{"damage":8.0,"enemies":"Centurion and Healer","floor":31.0,"turns":3.0},{"damage":5.0,"enemies":"Automaton","floor":33.0,"turns":6.0},{"damage":11.0,"enemies":"3 Darklings","floor":35.0,"turns":4.0},{"damage":9.0,"enemies":"3 Shapes","floor":36.0,"turns":4.0},{"damage":14.0,"enemies":"Mind Bloom Boss Battle","floor":37.0,"turns":7.0},{"damage":0.0,"enemies":"Jaw Worm Horde","floor":39.0,"turns":2.0},{"damage":30,"enemies":"Awakened One","floor":50,"turns":9}],"seed_played":"-7711082020581648958","potions_obtained":[{"floor":1.0,"key":"ColorlessPotion"},{"floor":4.0,"key":"GamblersBrew"},{"floor":5.0,"key":"Block Potion"},{"floor":11.0,"key":"Swift Potion"},{"floor":20.0,"key":"SkillPotion"},{"floor":21.0,"key":"LiquidBronze"},{"floor":27.0,"key":"AttackPotion"},{"floor":37.0,"key":"DuplicationPotion"}],"is_trial":false,"path_per_floor":["M","M","?","M","M","R","M","?","T","?","M","M","R","$","R","B",null,"M","M","M","M","M","R","?","M","T","E","R","M","?","M","R","B",null,"M","M","?","?","M","R","?","$","T","R","?","?","?","T","R","B",null],"character_chosen":"THE_SILENT","items_purchased":["Panache","Cloak And Dagger","InkBottle","Omamori","Infinite Blades","Singing Bowl","Dead Branch","Cloak And Dagger"],"campfire_rested":7,"item_purchase_floors":[14,14,14,14,14,42,42,42],"current_hp_per_floor":[70,70,70,70,64,64,63,38,38,31,26,21,42,42,63,52,70,70,68,49,48,48,69,69,69,69,48,69,63,63,55,70,65,70,59,50,36,36,36,57,57,57,57,66,66,66,68,68,68,38],"gold":0,"neow_bonus":"RANDOM_COMMON_RELIC","is_daily":false,"chose_seed":false,"campfire_upgraded":2,"win_rate":0.0,"timestamp":1612391147,"path_taken":["M","?","?","M","?","R","M","?","T","?","M","M","R","$","R","BOSS","M","M","M","M","M","R","?","?","T","E","R","M","?","M","R","BOSS","M","M","?","?","M","R","?","$","T","R","?","?","?","?","R","BOSS"],"items_purchased_type":["Card","Card","Relic","Relic","Card","Relic","Relic","Card"],"build_version":"2020-12-22","purchased_purges":0,"victory":true,"max_hp_per_floor":[70,70,70,70,70,70,70,70,70,70,70,70,70,70,70,70,70,70,70,70,70,70,70,70,70,70,70,70,70,70,70,70,70,70,70,70,70,70,70,70,66,66,66,66,66,66,68,68,68,68],"card_choices":[{"not_picked":["Setup","Bouncing Flask"],"picked":"Prepared","floor":1.0},{"not_picked":["All Out Attack","Bane"],"picked":"Tactician","floor":2.0},{"not_picked":["Endless Agony","Heel Hook"],"picked":"Infinite Blades","floor":4.0},{"not_picked":["Prepared","Distraction"],"picked":"Blade Dance","floor":5.0},{"not_picked":["Bane","Sucker Punch","Crippling Poison"],"picked":"SKIP","floor":7.0},{"not_picked":["PiercingWail","Quick Slash"],"picked":"Footwork","floor":11.0},{"not_picked":["Calculated Gamble","Prepared"],"picked":"Blade Dance","floor":12.0},{"not_picked":["Die Die Die","Night Terror"],"picked":"Adrenaline","floor":16.0},{"not_picked":["Dash","Poisoned Stab","Slice"],"picked":"SKIP","floor":18.0},{"not_picked":["Deadly Poison","Predator","Prepared"],"picked":"SKIP","floor":19.0},{"not_picked":["PiercingWail+1","Flechettes+1"],"picked":"Cloak And Dagger","floor":20.0},{"not_picked":["Dash","Masterful Stab","Flechettes+1"],"picked":"SKIP","floor":21.0},{"not_picked":["Backflip+1","Escape Plan"],"picked":"Infinite Blades","floor":22.0},{"not_picked":["Dagger Throw","Cloak And Dagger"],"picked":"Footwork","floor":25.0},{"not_picked":["Dagger Throw","Sucker Punch","Outmaneuver"],"picked":"SKIP","floor":27.0},{"not_picked":["Acrobatics","Slice+1"],"picked":"Phantasmal Killer","floor":29.0},{"not_picked":["Dagger Spray","Skewer+1","Outmaneuver"],"picked":"SKIP","floor":31.0},{"not_picked":["Venomology","Grand Finale"],"picked":"Adrenaline","floor":33.0},{"not_picked":["Leg Sweep+1","Masterful Stab","Caltrops"],"picked":"SKIP","floor":35.0},{"not_picked":["Blade Dance","Caltrops","Deflect+1"],"picked":"SKIP","floor":36.0},{"not_picked":["Crippling Poison","Endless Agony+1"],"picked":"Footwork+1","floor":37.0},{"not_picked":["Deadly Poison","Dodge and Roll","Reflex"],"picked":"SKIP","floor":39.0},{"not_picked":["Backflip","Acrobatics","Slice"],"picked":"SKIP","floor":39.0},{"not_picked":["Trip","Enlightenment","Swift Strike"],"picked":"Singing Bowl","floor":47.0}],"player_experience":312441,"relics_obtained":[{"floor":8.0,"key":"Bottled Tornado"},{"floor":9.0,"key":"Old Coin"},{"floor":26.0,"key":"Orichalcum"},{"floor":27.0,"key":"Juzu Bracelet"},{"floor":37.0,"key":"Prayer Wheel"},{"floor":43.0,"key":"Akabeko"},{"floor":48.0,"key":"Bottled Lightning"}],"event_choices":[{"damage_healed":0.0,"max_hp_gain":0.0,"max_hp_loss":0.0,"gold_gain":100.0,"event_name":"Golden Shrine","player_choice":"Pray","floor":3.0,"gold_loss":0.0,"damage_taken":0.0},{"damage_healed":0.0,"max_hp_gain":0.0,"max_hp_loss":0.0,"gold_gain":0.0,"event_name":"Dead Adventurer","player_choice":"Searched \u00271\u0027 times","floor":8.0,"gold_loss":0.0,"damage_taken":0.0},{"damage_healed":0.0,"max_hp_gain":0.0,"max_hp_loss":0.0,"gold_gain":0.0,"event_name":"Scrap Ooze","player_choice":"Success","floor":10.0,"gold_loss":0.0,"damage_taken":7.0,"relics_obtained":["Pocketwatch"]},{"damage_healed":0.0,"max_hp_gain":0.0,"max_hp_loss":0.0,"gold_gain":0.0,"event_name":"Transmorgrifier","player_choice":"Ignored","floor":24.0,"gold_loss":0.0,"damage_taken":0.0},{"damage_healed":0.0,"max_hp_gain":0.0,"max_hp_loss":0.0,"gold_gain":0.0,"event_name":"Drug Dealer","player_choice":"Inject Mutagens","floor":30.0,"gold_loss":0.0,"damage_taken":0.0,"relics_obtained":["MutagenicStrength"]},{"damage_healed":0.0,"max_hp_gain":0.0,"max_hp_loss":0.0,"gold_gain":0.0,"event_name":"MindBloom","player_choice":"Fight","floor":37.0,"gold_loss":0.0,"damage_taken":0.0},{"damage_healed":0.0,"max_hp_gain":0.0,"max_hp_loss":0.0,"gold_gain":100.0,"event_name":"Golden Shrine","player_choice":"Pray","floor":38.0,"gold_loss":0.0,"damage_taken":0.0},{"damage_healed":0.0,"max_hp_gain":0.0,"max_hp_loss":4.0,"gold_gain":0.0,"event_name":"Winding Halls","player_choice":"Max HP","floor":41.0,"gold_loss":0.0,"damage_taken":0.0},{"damage_healed":0.0,"max_hp_gain":0.0,"max_hp_loss":0.0,"gold_gain":0.0,"event_name":"Tomb of Lord Red Mask","player_choice":"Paid","floor":45.0,"gold_loss":64.0,"damage_taken":0.0,"relics_obtained":["Red Mask"]},{"cards_removed":["Defend_G"],"damage_healed":0.0,"max_hp_gain":0.0,"max_hp_loss":0.0,"gold_gain":0.0,"event_name":"Bonfire Elementals","player_choice":"Offered Basic","floor":46.0,"gold_loss":0.0,"damage_taken":0.0},{"damage_healed":0.0,"max_hp_gain":0.0,"max_hp_loss":0.0,"gold_gain":0.0,"event_name":"SensoryStone","player_choice":"Memory 1","floor":47.0,"gold_loss":0.0,"damage_taken":0.0}],"is_beta":false,"boss_relics":[{"not_picked":["Ring of the Serpent","Coffee Dripper"],"picked":"WristBlade"},{"not_picked":["Pandora\u0027s Box","Runic Dome"],"picked":"Cursed Key"}],"items_purged_floors":[],"is_endless":false,"potions_floor_spawned":[1,4,5,11,20,21,27,37],"ascension_level":0}}