{"host":"4rvakrj1idbgia3f","time":1612342779,"event":{"mods":["BaseMod","Colored Map","Colored Powertips","DeckTracker","Highlight Path","Minty Spire (QoL Compilation)","Random Character Button","StSLib"],"gold_per_floor":[118,118,118,131,145,145,26,44,44,60,60,32,58,72,72,72,72],"floor_reached":16,"language":"JPN","playtime":633,"items_purged":[],"score":204,"play_id":"ef4adc88-8a65-4524-8840-d24e821bae31","local_time":"20210203175939","is_ascension_mode":true,"campfire_choices":[{"data":"Defragment","floor":6,"key":"SMITH"},{"data":"Barrage","floor":11,"key":"SMITH"},{"floor":15,"key":"REST"}],"circlet_count":0,"master_deck":["AscendersBane","Strike_B","Strike_B","Strike_B","Strike_B","Defend_B","Defend_B","Defend_B","Defend_B","Zap+1","Dualcast","Undo","Defragment+1","Barrage+1","Coolheaded","Panacea","FTL","Coolheaded","Compile Driver"],"relics":["Cracked Core","HornCleat","Happy Flower","Gambling Chip"],"acts_visited":["Exordium"],"potions_floor_usage":[10],"damage_taken":[{"damage":7,"enemies":"Jaw Worm","floor":1,"turns":3},{"damage":0,"enemies":"Small Slimes","floor":4,"turns":4},{"damage":0,"enemies":"2 Louse","floor":5,"turns":3},{"damage":13,"enemies":"Blue Slaver","floor":8,"turns":3},{"damage":2,"enemies":"Lots of Slimes","floor":10,"turns":5},{"damage":8,"enemies":"Gremlin Nob","floor":13,"turns":4},{"damage":11,"enemies":"3 Louse","floor":14,"turns":3},{"damage":34,"enemies":"Slime Boss","floor":16,"turns":7}],"seed_played":"-1413818144069889400","potions_obtained":[{"floor":1,"key":"Dexterity Potion"},{"floor":5,"key":"SpeedPotion"}],"is_trial":false,"path_per_floor":["M","?","?","M","M","R","$","M","T","M","R","$","E","M","R","B"],"character_chosen":"DEFECT","items_purchased":["Coolheaded","Panacea","Coolheaded"],"campfire_rested":1,"item_purchase_floors":[7,7,12],"current_hp_per_floor":[57,39,39,39,39,39,39,26,26,24,24,24,16,5,26,0,0],"gold":72,"neow_bonus":"UPGRADE_CARD","is_daily":false,"chose_seed":false,"campfire_upgraded":2,"win_rate":0.0,"timestamp":1612342779,"path_taken":["M","?","?","M","M","R","?","M","T","M","R","$","E","M","R","BOSS"],"items_purchased_type":["Card","Card","Card"],"build_version":"2020-12-22","purchased_purges":0,"victory":false,"max_hp_per_floor":[71,71,71,71,71,71,71,71,71,71,71,71,71,71,71,71,71],"card_choices":[{"not_picked":["Hologram","Chaos"],"picked":"Undo","floor":1},{"not_picked":["Fusion","Loop"],"picked":"Defragment","floor":4},{"not_picked":["Sweeping Beam","Heatsinks"],"picked":"Barrage","floor":5},{"not_picked":["Undo","Streamline","Turbo"],"picked":"SKIP","floor":8},{"not_picked":["Hologram","Tempest"],"picked":"FTL","floor":10},{"not_picked":["Go for the Eyes","Melter","Leap"],"picked":"SKIP","floor":13},{"not_picked":["Gash","Skim"],"picked":"Compile Driver","floor":14}],"player_experience":2201348,"relics_obtained":[{"floor":9,"key":"Happy Flower"},{"floor":13,"key":"Gambling Chip"}],"event_choices":[{"damage_healed":0,"gold_gain":0,"player_choice":"Success","damage_taken":18,"relics_obtained":["HornCleat"],"max_hp_gain":0,"max_hp_loss":0,"event_name":"Scrap Ooze","floor":2,"gold_loss":0},{"damage_healed":0,"gold_gain":0,"player_choice":"Ignored","damage_taken":0,"max_hp_gain":0,"max_hp_loss":0,"event_name":"Shining Light","floor":3,"gold_loss":0}],"is_beta":false,"boss_relics":[],"items_purged_floors":[],"is_endless":false,"potions_floor_spawned":[1,5,8],"killed_by":"Slime Boss","ascension_level":20}}