{"host":"2ty4h143nj8vwezc","time":1612321401,"event":{"mods":["BaseMod","Colored Map","Googly Eyes","Highlight Path","Minty Spire (QoL Compilation)","Quick Restart","StSLib"],"gold_per_floor":[113,113,113,127,74,107,107,122,168,178,193,193,227,227,227,227,227],"floor_reached":16,"language":"ENG","playtime":468,"items_purged":[],"score":263,"play_id":"07b815b3-a0b0-4529-92c2-39f4eae311e5","local_time":"20210202220321","is_ascension_mode":true,"campfire_choices":[{"data":"Deadly Poison","floor":7.0,"key":"SMITH"},{"floor":12.0,"key":"REST"},{"floor":15.0,"key":"REST"}],"circlet_count":0,"master_deck":["AscendersBane","Strike_G","Strike_G","Strike_G","Strike_G","Strike_G","Defend_G","Defend_G","Defend_G","Defend_G","Defend_G","Survivor","Neutralize+1","Bouncing Flask","Deadly Poison+1","Deadly Poison","PiercingWail","Corpse Explosion","After Image","Parasite"],"relics":["Ring of the Snake","NeowsBlessing","Lantern","Ginger","Tiny Chest","The Courier"],"acts_visited":["Exordium"],"potions_floor_usage":[16],"damage_taken":[{"damage":0.0,"enemies":"Small Slimes","floor":1.0,"turns":1.0},{"damage":0.0,"enemies":"Jaw Worm","floor":4.0,"turns":1.0},{"damage":0.0,"enemies":"Lagavulin","floor":6.0,"turns":1.0},{"damage":0.0,"enemies":"2 Louse","floor":8.0,"turns":2.0},{"damage":11.0,"enemies":"Gremlin Gang","floor":10.0,"turns":6.0},{"damage":14.0,"enemies":"Large Slime","floor":11.0,"turns":6.0},{"damage":17.0,"enemies":"3 Sentries","floor":13.0,"turns":3.0},{"damage":51,"enemies":"Slime Boss","floor":16,"turns":9}],"seed_played":"6645260568395028250","potions_obtained":[{"floor":6.0,"key":"Energy Potion"},{"floor":8.0,"key":"SpeedPotion"},{"floor":13.0,"key":"ColorlessPotion"}],"is_trial":false,"path_per_floor":["M","?","?","M","$","E","R","M","T","M","M","R","E","?","R","B"],"character_chosen":"THE_SILENT","items_purchased":["Deadly Poison"],"campfire_rested":2,"item_purchase_floors":[5],"current_hp_per_floor":[59,41,41,41,41,41,41,41,41,30,16,35,18,34,53,2,2],"gold":227,"neow_bonus":"THREE_ENEMY_KILL","is_daily":false,"chose_seed":false,"campfire_upgraded":1,"win_rate":0.0,"timestamp":1612321401,"path_taken":["M","?","?","M","?","E","R","M","T","M","?","R","E","?","R","BOSS"],"items_purchased_type":["Card"],"build_version":"2020-12-22","purchased_purges":0,"victory":false,"max_hp_per_floor":[66,66,66,66,66,66,66,66,66,66,66,66,66,66,66,66,66],"card_choices":[{"not_picked":["Deflect","Prepared","Poisoned Stab"],"picked":"SKIP","floor":1.0},{"not_picked":["Acrobatics","Masterful Stab"],"picked":"Bouncing Flask","floor":4.0},{"not_picked":["Dagger Spray","Accuracy"],"picked":"Deadly Poison","floor":6.0},{"not_picked":["Expertise","Tactician","Cloak And Dagger"],"picked":"SKIP","floor":8.0},{"not_picked":["Flechettes","Endless Agony"],"picked":"PiercingWail","floor":10.0},{"not_picked":["Blur","Prepared"],"picked":"Corpse Explosion","floor":11.0},{"not_picked":["Distraction","Prepared"],"picked":"After Image","floor":13.0}],"player_experience":336020,"relics_obtained":[{"floor":6.0,"key":"Ginger"},{"floor":9.0,"key":"Tiny Chest"},{"floor":13.0,"key":"The Courier"}],"event_choices":[{"damage_healed":0.0,"max_hp_gain":0.0,"max_hp_loss":0.0,"gold_gain":0.0,"event_name":"Scrap Ooze","player_choice":"Success","floor":2.0,"gold_loss":0.0,"damage_taken":18.0,"relics_obtained":["Lantern"]},{"damage_healed":0.0,"max_hp_gain":0.0,"max_hp_loss":0.0,"gold_gain":0.0,"event_name":"Living Wall","player_choice":"Grow","floor":3.0,"gold_loss":0.0,"damage_taken":0.0,"cards_upgraded":["Neutralize"]},{"damage_healed":16.0,"max_hp_gain":0.0,"max_hp_loss":0.0,"gold_gain":0.0,"event_name":"Mushrooms","player_choice":"Healed and dodged fight","floor":14.0,"gold_loss":0.0,"damage_taken":0.0,"cards_obtained":["Parasite"]}],"is_beta":false,"boss_relics":[],"items_purged_floors":[],"is_endless":false,"potions_floor_spawned":[6,8,13],"killed_by":"Slime Boss","ascension_level":19}}