{"host":"61y0z9o9vf3ujftj","time":1612327682,"event":{"mods":["BaseMod","Colored Map","Colored Powertips","GifTheSpireLib","HexUI Lib","Highlight Path","Minty Spire (QoL Compilation)","Permanent Neow","Relic Stats","StSLib","ojb\u0027s Info Mod"],"gold_per_floor":[118,131,145,155,170,170,205,205,205,230,249,283,303,347,347,459,459,484,409,437,46,70,107,107,151,151,151,165,174,208,230,230,344,344,365,392,392,105,128,128,164,164,164,164,202,5,17,36,36,36],"floor_reached":51,"language":"ENG","playtime":5953,"items_purged":["Strike_B","Strike_B"],"score":1287,"play_id":"7358b16f-a4f1-45b6-90c6-020608faad6f","local_time":"20210202224802","is_ascension_mode":true,"campfire_choices":[{"data":"Hologram","floor":6.0,"key":"SMITH"},{"floor":8.0,"key":"REST"},{"data":"Loop","floor":15.0,"key":"SMITH"},{"floor":24.0,"key":"REST"},{"floor":27.0,"key":"REST"},{"data":"White Noise","floor":32.0,"key":"SMITH"},{"data":"Apotheosis","floor":40.0,"key":"SMITH"},{"data":"Echo Form","floor":42.0,"key":"SMITH"},{"data":"Capacitor","floor":44.0,"key":"SMITH"},{"data":"Coolheaded","floor":49.0,"key":"SMITH"}],"circlet_count":0,"master_deck":["AscendersBane","Strike_B","Defend_B","Defend_B","Defend_B","Defend_B","Zap","Dualcast+1","Sweeping Beam","Turbo","Hologram+1","Ball Lightning","Static Discharge","Cold Snap","Coolheaded+1","Loop+1","Compile Driver","Capacitor+1","Echo Form+1","White Noise+1","Steam Power","Defragment","Conserve Battery+1","Coolheaded+1","Lockon+1","Multi-Cast","Chill","Self Repair","Amplify","Glacier+1","Flash of Steel+1","Finesse","Apotheosis+1","Tempest+1","Barrage+1","Stack"],"relics":["Cracked Core","Thread and Needle","CeramicFish","White Beast Statue","TungstenRod","Cables","Black Star","DataDisk","Art of War","Omamori","Molten Egg 2","Strawberry","War Paint","Kunai","Ancient Tea Set","Mercury Hourglass","Cursed Key","Ice Cream","The Courier","Gambling Chip","Incense Burner","Bronze Scales","Pocketwatch","Runic Capacitor"],"acts_visited":["Exordium","TheCity","TheBeyond"],"potions_floor_usage":[50,50],"damage_taken":[{"damage":0.0,"enemies":"Cultist","floor":1.0,"turns":4.0},{"damage":0.0,"enemies":"Small Slimes","floor":2.0,"turns":2.0},{"damage":0.0,"enemies":"Jaw Worm","floor":3.0,"turns":2.0},{"damage":1.0,"enemies":"Exordium Thugs","floor":4.0,"turns":5.0},{"damage":11.0,"enemies":"Large Slime","floor":5.0,"turns":5.0},{"damage":13.0,"enemies":"Lagavulin","floor":7.0,"turns":6.0},{"damage":0.0,"enemies":"Red Slaver","floor":10.0,"turns":2.0},{"damage":2.0,"enemies":"3 Louse","floor":11.0,"turns":3.0},{"damage":10.0,"enemies":"Gremlin Nob","floor":12.0,"turns":3.0},{"damage":0.0,"enemies":"Looter","floor":13.0,"turns":3.0},{"damage":2.0,"enemies":"Lagavulin","floor":14.0,"turns":8.0},{"damage":2.0,"enemies":"The Guardian","floor":16.0,"turns":13.0},{"damage":0.0,"enemies":"Shell Parasite","floor":18.0,"turns":7.0},{"damage":18.0,"enemies":"Chosen","floor":20.0,"turns":5.0},{"damage":6.0,"enemies":"3 Cultists","floor":22.0,"turns":4.0},{"damage":39.0,"enemies":"Gremlin Leader","floor":23.0,"turns":6.0},{"damage":15.0,"enemies":"Book of Stabbing","floor":25.0,"turns":5.0},{"damage":3.0,"enemies":"Snake Plant","floor":28.0,"turns":4.0},{"damage":11.0,"enemies":"Gremlin Leader","floor":30.0,"turns":7.0},{"damage":0.0,"enemies":"Sentry and Sphere","floor":31.0,"turns":5.0},{"damage":0.0,"enemies":"Automaton","floor":33.0,"turns":10.0},{"damage":0.0,"enemies":"Orb Walker","floor":35.0,"turns":3.0},{"damage":4.0,"enemies":"3 Darklings","floor":39.0,"turns":6.0},{"damage":44.0,"enemies":"Nemesis","floor":41.0,"turns":7.0},{"damage":16.0,"enemies":"Reptomancer","floor":45.0,"turns":5.0},{"damage":0.0,"enemies":"Writhing Mass","floor":47.0,"turns":9.0},{"damage":0.0,"enemies":"Spire Growth","floor":48.0,"turns":7.0},{"damage":18,"enemies":"Awakened One","floor":50,"turns":10}],"seed_played":"-1150206561104175136","potions_obtained":[{"floor":1.0,"key":"ColorlessPotion"},{"floor":4.0,"key":"Ancient Potion"},{"floor":7.0,"key":"EssenceOfDarkness"},{"floor":10.0,"key":"Ancient Potion"},{"floor":11.0,"key":"SpeedPotion"},{"floor":12.0,"key":"ColorlessPotion"},{"floor":13.0,"key":"Strength Potion"},{"floor":14.0,"key":"DuplicationPotion"},{"floor":16.0,"key":"SneckoOil"},{"floor":18.0,"key":"Explosive Potion"},{"floor":20.0,"key":"LiquidMemories"},{"floor":22.0,"key":"Explosive Potion"},{"floor":23.0,"key":"EssenceOfDarkness"},{"floor":25.0,"key":"GamblersBrew"},{"floor":28.0,"key":"LiquidBronze"},{"floor":30.0,"key":"Energy Potion"},{"floor":31.0,"key":"LiquidBronze"},{"floor":33.0,"key":"Strength Potion"},{"floor":35.0,"key":"SneckoOil"},{"floor":39.0,"key":"LiquidMemories"},{"floor":41.0,"key":"DistilledChaos"},{"floor":45.0,"key":"SmokeBomb"},{"floor":47.0,"key":"Block Potion"},{"floor":48.0,"key":"Dexterity Potion"}],"is_trial":false,"path_per_floor":["M","M","M","M","M","R","E","R","T","M","M","E","M","E","R","B",null,"M","?","M","$","M","E","R","E","T","R","M","?","E","M","R","B",null,"M","?","?","$","M","R","E","R","T","R","E","$","M","M","R","B",null],"character_chosen":"DEFECT","items_purchased":["DataDisk","Defragment","Art of War","Ice Cream","Runic Capacitor"],"campfire_rested":3,"item_purchase_floors":[21,21,21,38,46],"current_hp_per_floor":[50,50,50,49,38,38,25,47,47,47,45,35,35,33,33,31,64,64,64,46,46,40,1,23,15,15,39,36,36,25,25,25,32,70,70,61,61,61,64,64,40,40,40,40,24,24,44,64,64,56],"gold":36,"neow_bonus":"ONE_RARE_RELIC","is_daily":false,"chose_seed":false,"campfire_upgraded":7,"win_rate":0.0,"timestamp":1612327682,"path_taken":["M","M","?","M","M","R","E","R","T","M","M","E","M","E","R","BOSS","M","?","M","$","M","E","R","E","T","R","M","?","E","?","R","BOSS","M","?","?","$","M","R","E","R","T","R","E","$","M","?","R","BOSS"],"items_purchased_type":["Relic","Card","Relic","Relic","Relic"],"build_version":"2020-12-22","purchased_purges":2,"victory":true,"max_hp_per_floor":[75,75,75,75,75,75,75,75,75,75,75,75,75,75,75,75,75,75,75,75,75,75,75,75,82,82,82,82,82,82,82,82,82,82,82,82,82,82,82,82,82,82,82,82,82,82,82,82,82,82],"relic_stats":{"counters":[28,155],"CeramicFish":207,"War Paint":["Dualcast","Coolheaded"],"Cursed Key":1,"Cables":[98,34,62,2,0],"Mercury Hourglass":[237],"Gambling Chip":[10],"Bronze Scales":[105],"Black Star":5,"Art of War":[20],"Kunai":[19],"obtain_stats":[{"Ice Cream":38,"CeramicFish":7,"Thread and Needle":0,"The Courier":41,"Omamori":23,"Incense Burner":43,"Runic Capacitor":46,"War Paint":25,"Ancient Tea Set":30,"Cursed Key":34,"White Beast Statue":9,"Cables":14,"Mercury Hourglass":30,"DataDisk":21,"Strawberry":25,"Gambling Chip":41,"Bronze Scales":45,"Molten Egg 2":23,"Black Star":17,"Art of War":21,"Kunai":26,"Cracked Core":0,"TungstenRod":12,"Pocketwatch":45},{"Ice Cream":22,"CeramicFish":6,"Thread and Needle":0,"The Courier":24,"Omamori":16,"Incense Burner":24,"Runic Capacitor":25,"War Paint":17,"Ancient Tea Set":19,"Cursed Key":21,"White Beast Statue":6,"Cables":11,"Mercury Hourglass":19,"DataDisk":14,"Strawberry":17,"Gambling Chip":24,"Bronze Scales":25,"Molten Egg 2":16,"Black Star":12,"Art of War":14,"Kunai":17,"Cracked Core":0,"TungstenRod":9,"Pocketwatch":25},{"Ice Cream":112,"CeramicFish":24,"Thread and Needle":0,"The Courier":125,"Omamori":78,"Incense Burner":125,"Runic Capacitor":130,"War Paint":83,"Ancient Tea Set":94,"Cursed Key":109,"White Beast Statue":24,"Cables":43,"Mercury Hourglass":94,"DataDisk":68,"Strawberry":83,"Gambling Chip":125,"Bronze Scales":130,"Molten Egg 2":78,"Black Star":56,"Art of War":68,"Kunai":83,"Cracked Core":0,"TungstenRod":32,"Pocketwatch":130}],"TungstenRod":30,"Pocketwatch":[15]},"card_choices":[{"not_picked":["Scrape","Beam Cell"],"picked":"Sweeping Beam","floor":1.0},{"not_picked":["Beam Cell","Steam"],"picked":"Turbo","floor":2.0},{"not_picked":["Beam Cell","Gash"],"picked":"Hologram","floor":3.0},{"not_picked":["Gash","Fusion"],"picked":"Ball Lightning","floor":4.0},{"not_picked":["Blizzard","Chill"],"picked":"Static Discharge","floor":5.0},{"not_picked":["Consume","Turbo","Beam Cell"],"picked":"SKIP","floor":7.0},{"not_picked":["Steam","Beam Cell"],"picked":"Cold Snap","floor":10.0},{"not_picked":["Gash","Stack"],"picked":"Coolheaded","floor":11.0},{"not_picked":["All For One","Gash"],"picked":"Loop","floor":12.0},{"not_picked":["Redo","Coolheaded"],"picked":"Compile Driver","floor":13.0},{"not_picked":["Hello World","Go for the Eyes"],"picked":"Capacitor","floor":14.0},{"not_picked":["All For One","Hyperbeam"],"picked":"Echo Form","floor":16.0},{"not_picked":["Scrape","Reprogram"],"picked":"White Noise","floor":18.0},{"not_picked":["Cold Snap","Undo"],"picked":"Steam Power","floor":20.0},{"not_picked":["Rebound","Steam"],"picked":"Conserve Battery+1","floor":22.0},{"not_picked":["Meteor Strike+1","Go for the Eyes+1"],"picked":"Coolheaded","floor":23.0},{"not_picked":["Auto Shields","FTL+1"],"picked":"Lockon+1","floor":25.0},{"not_picked":["Recycle","Sweeping Beam+1","Gash+1"],"picked":"SKIP","floor":28.0},{"not_picked":["Rebound+1","Conserve Battery"],"picked":"Chill","floor":30.0},{"not_picked":["Recycle","Aggregate"],"picked":"Self Repair","floor":31.0},{"not_picked":["All For One+1","Biased Cognition"],"picked":"Amplify","floor":33.0},{"not_picked":["Reinforced Body","Blizzard+1"],"picked":"Glacier+1","floor":35.0},{"not_picked":["Secret Weapon","Purity"],"picked":"Flash of Steel+1","floor":36.0},{"not_picked":["Forethought","Purity"],"picked":"Finesse","floor":36.0},{"not_picked":["Mayhem","Master of Strategy"],"picked":"Apotheosis","floor":36.0},{"not_picked":["Doom and Gloom+1","Gash+1"],"picked":"Tempest+1","floor":39.0},{"not_picked":["Ball Lightning+1","Steam+1"],"picked":"Barrage+1","floor":41.0},{"not_picked":["Ball Lightning+1","Meteor Strike+1"],"picked":"Stack","floor":45.0},{"not_picked":["Hologram","Gash+1","Leap"],"picked":"SKIP","floor":47.0},{"not_picked":["Rebound+1","Go for the Eyes+1","Hologram"],"picked":"SKIP","floor":48.0}],"player_experience":489536,"relics_obtained":[{"floor":7.0,"key":"CeramicFish"},{"floor":9.0,"key":"White Beast Statue"},{"floor":12.0,"key":"TungstenRod"},{"floor":14.0,"key":"Cables"},{"floor":23.0,"key":"Omamori"},{"floor":23.0,"key":"Molten Egg 2"},{"floor":25.0,"key":"Strawberry"},{"floor":25.0,"key":"War Paint"},{"floor":26.0,"key":"Kunai"},{"floor":30.0,"key":"Ancient Tea Set"},{"floor":30.0,"key":"Mercury Hourglass"},{"floor":41.0,"key":"The Courier"},{"floor":41.0,"key":"Gambling Chip"},{"floor":43.0,"key":"Incense Burner"},{"floor":45.0,"key":"Bronze Scales"},{"floor":45.0,"key":"Pocketwatch"}],"event_choices":[{"cards_removed":["Strike_B"],"damage_healed":0.0,"max_hp_gain":0.0,"max_hp_loss":0.0,"gold_gain":0.0,"event_name":"Beggar","player_choice":"Gave Gold","floor":19.0,"gold_loss":75.0,"damage_taken":0.0},{"damage_healed":0.0,"max_hp_gain":0.0,"max_hp_loss":0.0,"gold_gain":0.0,"event_name":"Match and Keep!","player_choice":"1 cards matched","floor":29.0,"gold_loss":0.0,"damage_taken":0.0,"cards_obtained":["Multi-Cast"]},{"damage_healed":0.0,"max_hp_gain":0.0,"max_hp_loss":0.0,"gold_gain":0.0,"event_name":"SensoryStone","player_choice":"Memory 3","floor":36.0,"gold_loss":0.0,"damage_taken":10.0},{"damage_healed":0.0,"max_hp_gain":0.0,"max_hp_loss":0.0,"gold_gain":0.0,"event_name":"The Woman in Blue","player_choice":"Bought 0 Potions","floor":37.0,"gold_loss":0.0,"damage_taken":0.0}],"is_beta":false,"boss_relics":[{"not_picked":["Ectoplasm","Velvet Choker"],"picked":"Black Star"},{"not_picked":["Empty Cage","Astrolabe"],"picked":"Cursed Key"}],"items_purged_floors":[21,46],"is_endless":false,"potions_floor_spawned":[1,4,7,10,11,12,13,14,16,18,20,22,23,25,28,30,31,33,35,39,41,45,47,48],"ascension_level":12}}