{"host":"ftw8honmdnhsve3j","time":1612383535,"event":{"mods":["BaseMod","Colored Powertips","Minty Spire (QoL Compilation)","StSLib","The Wild Card"],"gold_per_floor":[113,127,9,27,27,27,50,12,24,311,338,350,54,68,68,68,68],"floor_reached":16,"language":"ENG","playtime":494,"items_purged":["Regret"],"score":113,"play_id":"c3ae5c9f-e0d7-4e59-bd3f-56b8795d64de","local_time":"20210203211855","is_ascension_mode":true,"campfire_choices":[{"data":"theWildCard:Attunement","floor":6,"key":"SMITH"},{"floor":12,"key":"REST"},{"data":"theWildCard:Michael","floor":15,"key":"SMITH"}],"circlet_count":0,"master_deck":["theWildCard:BasicStrike","theWildCard:BasicStrike","theWildCard:BasicStrike","theWildCard:BasicDefend","theWildCard:BasicDefend","theWildCard:BasicDefend","theWildCard:BasicDefend","theWildCard:CallToAdventure","theWildCard:Arsene","theWildCard:Michael+1","theWildCard:ArcaneArts","theWildCard:ArcaneArts","theWildCard:Attunement+1","theWildCard:MaskChange","theWildCard:SeveringSlash","theWildCard:Attunement","theWildCard:ArcanaArtistry"],"relics":["theWildCard:VelvetContract","Blue Candle","MawBank","Juzu Bracelet","HandDrill"],"acts_visited":["Exordium"],"potions_floor_usage":[16,16],"damage_taken":[{"damage":0,"enemies":"2 Louse","floor":1,"turns":2},{"damage":2,"enemies":"Jaw Worm","floor":2,"turns":3},{"damage":18,"enemies":"Cultist","floor":4,"turns":6},{"damage":30,"enemies":"Lots of Slimes","floor":11,"turns":4},{"damage":0,"enemies":"3 Louse","floor":14,"turns":1},{"damage":26,"enemies":"The Guardian","floor":16,"turns":5}],"seed_played":"2574816933133508834","potions_obtained":[{"floor":2,"key":"DuplicationPotion"},{"floor":11,"key":"Energy Potion"}],"is_trial":false,"path_per_floor":["M","M","$","M","?","R","T","?","T","?","M","R","$","M","R","B"],"character_chosen":"THE_WILD_CARD","items_purchased":["theWildCard:Attunement","theWildCard:MaskChange","theWildCard:Attunement","HandDrill"],"campfire_rested":1,"item_purchase_floors":[3,3,13,13],"current_hp_per_floor":[60,58,58,40,33,33,33,33,33,33,3,21,21,21,21,0,0],"gold":68,"neow_bonus":"THREE_CARDS","is_daily":false,"chose_seed":false,"campfire_upgraded":2,"win_rate":0.0,"timestamp":1612383535,"path_taken":["M","M","$","M","?","R","?","?","T","?","M","R","$","M","R","BOSS"],"items_purchased_type":["Card","Card","Card","Relic"],"build_version":"2020-12-22","purchased_purges":1,"victory":false,"max_hp_per_floor":[60,60,60,60,60,60,60,60,60,60,60,60,60,60,60,60,60],"card_choices":[{"not_picked":["theWildCard:Metatron","theWildCard:MasterPlan"],"picked":"theWildCard:Michael","floor":0},{"not_picked":["theWildCard:SeveringSlash","theWildCard:LadyLuck"],"picked":"theWildCard:ArcaneArts","floor":1},{"not_picked":["theWildCard:MaskChange","theWildCard:StalwartBlade"],"picked":"theWildCard:ArcaneArts","floor":2},{"not_picked":["theWildCard:EnergizedStroke","theWildCard:SacrificialStroke"],"picked":"theWildCard:SeveringSlash","floor":4},{"not_picked":["theWildCard:SacrificialStroke","theWildCard:EnergyTheft","theWildCard:BladeOfGenerations"],"picked":"SKIP","floor":11},{"not_picked":["theWildCard:Unburden","theWildCard:Proficiency"],"picked":"theWildCard:ArcanaArtistry","floor":14}],"player_experience":549566,"relics_obtained":[{"floor":7,"key":"MawBank"},{"floor":9,"key":"Juzu Bracelet"}],"event_choices":[{"damage_healed":0,"gold_gain":0,"player_choice":"Success","damage_taken":7,"relics_obtained":["Blue Candle"],"max_hp_gain":0,"max_hp_loss":0,"event_name":"Scrap Ooze","floor":5,"gold_loss":0},{"cards_removed":["theWildCard:BasicStrike"],"damage_healed":0,"gold_gain":0,"player_choice":"Card Removal","damage_taken":0,"max_hp_gain":0,"max_hp_loss":0,"event_name":"The Cleric","floor":8,"gold_loss":50},{"damage_healed":0,"gold_gain":275,"player_choice":"Desecrate","damage_taken":0,"max_hp_gain":0,"max_hp_loss":0,"event_name":"Golden Shrine","floor":10,"gold_loss":0,"cards_obtained":["Regret"]}],"is_beta":false,"boss_relics":[],"items_purged_floors":[13],"is_endless":false,"potions_floor_spawned":[2,11],"killed_by":"The Guardian","ascension_level":5}}