{"host":"p9vmbvw2hh2n16dn","time":1612356595,"event":{"mods":["AchievementEnabler","BaseMod","Block Reminder","Minty Spire (QoL Compilation)","Relic Stats","SuperFastMode"],"gold_per_floor":[119,138,63,74,88,88,118,130,157,184,198,208,208,243,243,346,346,363,4,20,20,20,45,45,78,101,131,131,148,148,148,148,251,251,271,321,271,271,271,298,298,333,333,333,61,96,146,165,165,165,165,165,12,43,43],"floor_reached":56,"language":"ENG","playtime":3797,"items_purged":["Strike_G","Defend_G","Defend_G"],"score":1786,"play_id":"53846945-3613-4bc9-a556-c57ff116cd08","local_time":"20210203134955","is_ascension_mode":true,"campfire_choices":[{"data":"After Image","floor":6.0,"key":"SMITH"},{"floor":13.0,"key":"REST"},{"floor":15.0,"key":"REST"},{"floor":28.0,"key":"REST"},{"data":"Envenom","floor":32,"key":"SMITH"},{"data":"Strike_G","floor":41,"key":"PURGE"},{"data":"Apotheosis","floor":44,"key":"SMITH"},{"floor":49,"key":"RECALL"},{"data":"Strike_G","floor":52,"key":"PURGE"}],"circlet_count":0,"master_deck":["Defend_G","Defend_G","Survivor","Neutralize","Poisoned Stab","Blade Dance","After Image+1","Slice","Venomology","Blade Dance","A Thousand Cuts","Slice","Finisher","Envenom+1","Dagger Spray+1","After Image+1","Die Die Die+1","Slice","Concentrate+1","After Image","Unload","Terror+1","Apotheosis+1","Adrenaline","Footwork"],"relics":["Ring of the Snake","NeowsBlessing","InkBottle","Nunchaku","Smiling Mask","Boot","Astrolabe","Unceasing Top","Question Card","Sundial","MealTicket","Philosopher\u0027s Stone","Peace Pipe","Bottled Tornado","Pen Nib","Snake Skull","Sling","PreservedInsect","Du-Vu Doll","Bag of Preparation","Vajra"],"acts_visited":["Exordium","TheCity","TheBeyond","TheEnding"],"potions_floor_usage":[29,33,33,33,36,40,42,42,46,47,50,55,55,55,55,55,55,55],"damage_taken":[{"damage":0.0,"enemies":"Cultist","floor":1.0,"turns":1.0},{"damage":0.0,"enemies":"Jaw Worm","floor":2.0,"turns":1.0},{"damage":0.0,"enemies":"Small Slimes","floor":4.0,"turns":1.0},{"damage":7.0,"enemies":"3 Louse","floor":5.0,"turns":4.0},{"damage":29.0,"enemies":"Gremlin Nob","floor":7.0,"turns":5.0},{"damage":0.0,"enemies":"Looter","floor":8.0,"turns":3.0},{"damage":6.0,"enemies":"Lagavulin","floor":10.0,"turns":8.0},{"damage":2.0,"enemies":"2 Fungi Beasts","floor":11.0,"turns":3.0},{"damage":0.0,"enemies":"Large Slime","floor":12.0,"turns":6.0},{"damage":35.0,"enemies":"Gremlin Nob","floor":14.0,"turns":5.0},{"damage":13.0,"enemies":"Hexaghost","floor":16.0,"turns":7.0},{"damage":0.0,"enemies":"3 Byrds","floor":18.0,"turns":3.0},{"damage":0.0,"enemies":"Shell Parasite","floor":20.0,"turns":4.0},{"damage":0.0,"enemies":"Snake Plant","floor":21.0,"turns":1.0},{"damage":0.0,"enemies":"Centurion and Healer","floor":22.0,"turns":1.0},{"damage":17.0,"enemies":"Gremlin Leader","floor":23.0,"turns":6.0},{"damage":29.0,"enemies":"Slavers","floor":25.0,"turns":5.0},{"damage":6.0,"enemies":"Book of Stabbing","floor":27.0,"turns":5.0},{"damage":9,"enemies":"Cultist and Chosen","floor":29,"turns":5},{"damage":0,"enemies":"Champ","floor":33,"turns":6},{"damage":0,"enemies":"3 Darklings","floor":35,"turns":4},{"damage":14,"enemies":"2 Orb Walkers","floor":36,"turns":5},{"damage":0,"enemies":"Giant Head","floor":40,"turns":5},{"damage":25,"enemies":"Nemesis","floor":42,"turns":3},{"damage":2,"enemies":"Giant Head","floor":46,"turns":3},{"damage":0,"enemies":"Mind Bloom Boss Battle","floor":47,"turns":3},{"damage":0,"enemies":"Orb Walker","floor":48,"turns":2},{"damage":37,"enemies":"Time Eater","floor":50,"turns":5},{"damage":0,"enemies":"Shield and Spear","floor":54,"turns":2},{"damage":37,"enemies":"The Heart","floor":55,"turns":5}],"seed_played":"7118503983004311545","potions_obtained":[{"floor":1.0,"key":"Energy Potion"},{"floor":4.0,"key":"Block Potion"},{"floor":5.0,"key":"Swift Potion"},{"floor":7.0,"key":"Energy Potion"},{"floor":14.0,"key":"AttackPotion"},{"floor":23.0,"key":"CultistPotion"},{"floor":25.0,"key":"LiquidBronze"},{"floor":29,"key":"Dexterity Potion"},{"floor":33,"key":"LiquidBronze"},{"floor":40,"key":"LiquidMemories"},{"floor":42,"key":"DistilledChaos"},{"floor":47,"key":"PowerPotion"}],"is_trial":false,"path_per_floor":["M","M","$","M","M","R","E","M","T","E","M","M","R","E","R","B",null,"M","$","M","M","M","E","$","E","T","E","R","M","?","?","R","B",null,"M","?","$","?","?","E","R","E","T","R","$","E","?","M","R","B",null,"R","$","E","B",null],"character_chosen":"THE_SILENT","items_purchased":["After Image","Unceasing Top","Sling","Footwork","Bag of Preparation"],"campfire_rested":3,"item_purchase_floors":[3,19,45,45,53],"current_hp_per_floor":[63,63,63,63,56,56,27,27,27,21,19,19,40,5,26,13,56,56,56,56,56,56,39,39,10,10,4,25,16,39,39,39,39,62,62,48,63,63,63,63,63,38,38,38,53,51,51,51,51,14,53,53,66,66,29],"gold":43,"neow_bonus":"THREE_ENEMY_KILL","is_daily":false,"chose_seed":false,"campfire_upgraded":3,"win_rate":0.0,"timestamp":1612356595,"path_taken":["M","M","$","?","M","R","E","M","T","E","M","M","R","E","R","BOSS","M","$","M","M","M","E","$","E","T","E","R","M","?","?","R","BOSS","M","?","$","?","?","E","R","E","T","R","$","E","?","M","R","BOSS","R","$","E","BOSS"],"items_purchased_type":["Card","Relic","Relic","Card","Relic"],"build_version":"2020-12-22","purchased_purges":3,"victory":true,"max_hp_per_floor":[70,70,70,70,70,70,70,70,70,70,70,70,70,70,70,70,70,70,70,70,70,70,70,70,70,70,70,70,70,70,70,70,70,70,70,70,70,70,66,66,66,66,66,66,66,66,66,66,66,66,66,66,66,66,66],"relic_stats":{"counters":[30,117],"Astrolabe":["Dagger Spray","After Image","Die Die Die"],"Pen Nib":[11],"Snake Skull":[152],"PreservedInsect":68,"Bag of Preparation":[4],"Smiling Mask":150,"Boot":[211],"Question Card":13,"Peace Pipe":2,"Nunchaku":[46],"Sundial":[10],"MealTicket":43,"obtain_stats":[{"NeowsBlessing":0,"Astrolabe":17,"Vajra":54,"Pen Nib":42,"Snake Skull":43,"PreservedInsect":46,"Bag of Preparation":53,"Bottled Tornado":40,"Smiling Mask":10,"Boot":14,"Question Card":23,"Sling":45,"Peace Pipe":36,"Du-Vu Doll":47,"Nunchaku":9,"Sundial":25,"MealTicket":27,"Philosopher\u0027s Stone":34,"InkBottle":7,"Unceasing Top":19,"Ring of the Snake":0},{"NeowsBlessing":0,"Astrolabe":11,"Vajra":29,"Pen Nib":24,"Snake Skull":24,"PreservedInsect":25,"Bag of Preparation":28,"Bottled Tornado":23,"Smiling Mask":7,"Boot":10,"Question Card":16,"Sling":24,"Peace Pipe":22,"Du-Vu Doll":26,"Nunchaku":6,"Sundial":17,"MealTicket":18,"Philosopher\u0027s Stone":20,"InkBottle":5,"Unceasing Top":12,"Ring of the Snake":0},{"NeowsBlessing":0,"Astrolabe":44,"Vajra":112,"Pen Nib":97,"Snake Skull":97,"PreservedInsect":100,"Bag of Preparation":110,"Bottled Tornado":94,"Smiling Mask":23,"Boot":37,"Question Card":59,"Sling":97,"Peace Pipe":89,"Du-Vu Doll":103,"Nunchaku":15,"Sundial":64,"MealTicket":69,"Philosopher\u0027s Stone":80,"InkBottle":12,"Unceasing Top":47,"Ring of the Snake":0}],"InkBottle":[76],"Unceasing Top":[117],"Ring of the Snake":[60]},"card_choices":[{"not_picked":["Reflex","Catalyst"],"picked":"Poisoned Stab","floor":1.0},{"not_picked":["Dodge and Roll","Cloak And Dagger"],"picked":"Blade Dance","floor":2.0},{"not_picked":["Quick Slash","Bouncing Flask","Crippling Poison"],"picked":"SKIP","floor":4.0},{"not_picked":["Dodge and Roll","Backflip"],"picked":"Slice","floor":5.0},{"not_picked":["Dodge and Roll","Backflip"],"picked":"Venomology","floor":7.0},{"not_picked":["PiercingWail","Outmaneuver","Tactician"],"picked":"SKIP","floor":8.0},{"not_picked":["Acrobatics","Dagger Spray"],"picked":"Blade Dance","floor":10.0},{"not_picked":["Tactician","Backflip"],"picked":"A Thousand Cuts","floor":11.0},{"not_picked":["Sucker Punch","Underhanded Strike"],"picked":"Slice","floor":12.0},{"not_picked":["Distraction","Poisoned Stab"],"picked":"Finisher","floor":14.0},{"not_picked":["Glass Knife","Bullet Time"],"picked":"Envenom","floor":16.0},{"not_picked":["Poisoned Stab","Riddle With Holes","Sucker Punch+1"],"picked":"SKIP","floor":18.0},{"not_picked":["Bane","Dodge and Roll+1"],"picked":"Slice","floor":20.0},{"not_picked":["Dash","Malaise"],"picked":"Concentrate+1","floor":23.0},{"not_picked":["Poisoned Stab","Predator","Leg Sweep"],"picked":"After Image","floor":25.0},{"not_picked":["Predator","Sucker Punch","Dash","Underhanded Strike"],"picked":"SKIP","floor":27.0},{"not_picked":["Cloak And Dagger","Flying Knee","Eviscerate","Backflip"],"picked":"SKIP","floor":29},{"not_picked":["Envenom","A Thousand Cuts","Bullet Time"],"picked":"Unload","floor":33},{"not_picked":["Well Laid Plans+1","Slice+1","Quick Slash+1"],"picked":"Terror+1","floor":35},{"not_picked":["Secret Technique","Impatience","Dramatic Entrance"],"picked":"Apotheosis","floor":38},{"not_picked":["Riddle With Holes","Outmaneuver+1","Bouncing Flask+1","Cloak And Dagger"],"picked":"SKIP","floor":40},{"not_picked":["Riddle With Holes+1","Prepared+1","Backstab+1"],"picked":"Adrenaline","floor":42},{"not_picked":["Prepared","Accuracy","Dagger Spray","Heel Hook"],"picked":"SKIP","floor":46},{"not_picked":["Underhanded Strike","Deflect","Noxious Fumes+1","Dagger Spray+1"],"picked":"SKIP","floor":48},{"not_picked":["Bane+1","Expertise","Heel Hook","Outmaneuver+1"],"picked":"SKIP","floor":54}],"player_experience":286875,"relics_obtained":[{"floor":7.0,"key":"InkBottle"},{"floor":9.0,"key":"Nunchaku"},{"floor":10.0,"key":"Smiling Mask"},{"floor":14.0,"key":"Boot"},{"floor":23.0,"key":"Question Card"},{"floor":25.0,"key":"Sundial"},{"floor":27.0,"key":"MealTicket"},{"floor":36,"key":"Peace Pipe"},{"floor":40,"key":"Bottled Tornado"},{"floor":42,"key":"Pen Nib"},{"floor":43,"key":"Snake Skull"},{"floor":46,"key":"PreservedInsect"},{"floor":47,"key":"Du-Vu Doll"},{"floor":54,"key":"Vajra"}],"event_choices":[{"damage_healed":23,"gold_gain":0,"player_choice":"Heal","damage_taken":0,"max_hp_gain":0,"max_hp_loss":0,"event_name":"The Library","floor":30,"gold_loss":0},{"damage_healed":0,"gold_gain":0,"player_choice":"Ignored","damage_taken":0,"max_hp_gain":0,"max_hp_loss":0,"event_name":"Vampires","floor":31,"gold_loss":0},{"damage_healed":0,"gold_gain":0,"player_choice":"Fight","damage_taken":0,"max_hp_gain":0,"max_hp_loss":0,"event_name":"Mysterious Sphere","floor":36,"gold_loss":0},{"damage_healed":0,"gold_gain":0,"player_choice":"Memory 1","damage_taken":0,"max_hp_gain":0,"max_hp_loss":0,"event_name":"SensoryStone","floor":38,"gold_loss":0},{"damage_healed":0,"gold_gain":0,"player_choice":"Max HP","damage_taken":0,"max_hp_gain":0,"max_hp_loss":4,"event_name":"Winding Halls","floor":39,"gold_loss":0},{"damage_healed":0,"gold_gain":0,"player_choice":"Fight","damage_taken":0,"max_hp_gain":0,"max_hp_loss":0,"event_name":"MindBloom","floor":47,"gold_loss":0}],"is_beta":false,"boss_relics":[{"not_picked":["Velvet Choker","SacredBark"],"picked":"Astrolabe"},{"not_picked":["SlaversCollar","Coffee Dripper"],"picked":"Philosopher\u0027s Stone"}],"items_purged_floors":[19,37,45],"is_endless":false,"potions_floor_spawned":[1,4,5,7,14,22,23,25,29,33,40,42,47,48,54],"ascension_level":7}}