{"host":"52lujqhsyicpcskq","time":1612374056,"event":{"mods":["BaseMod","Colored Map","Minty Spire (QoL Compilation)","Permanent Neow","StSLib","SuperFastMode","everything is the same but u backflip on backflip"],"gold_per_floor":[112,124,124,138,148,148,182,182,182,201,229,245,245,93,93,194,194,206,218,218,238,153,153,172,172,226,236,335,355,355,395,395,505,505,530,350,373,432,432,468,468,487,487,487,516,516,538,564,564,564],"floor_reached":51,"language":"KOR","playtime":1163,"items_purged":[],"score":1113,"play_id":"bb79a414-9f76-49e0-a2ed-9ffc47e2e7cc","local_time":"20210204024056","is_ascension_mode":true,"campfire_choices":[{"data":"Wild Strike","floor":6,"key":"SMITH"},{"data":"Immolate","floor":8,"key":"SMITH"},{"floor":15,"key":"REST"},{"data":"Flame Barrier","floor":23,"key":"SMITH"},{"data":"Double Tap","floor":25,"key":"SMITH"},{"data":"Bludgeon","floor":30,"key":"SMITH"},{"data":"Metallicize","floor":32,"key":"SMITH"},{"floor":41,"key":"REST"},{"data":"Barricade","floor":44,"key":"SMITH"},{"floor":46,"key":"REST"},{"floor":49,"key":"REST"}],"circlet_count":0,"master_deck":["AscendersBane","Strike_R+1","Strike_R","Strike_R","Strike_R","Strike_R","Defend_R","Defend_R","Defend_R","Defend_R","Bash+1","Wild Strike+1","Twin Strike+1","Bludgeon+1","Carnage","Immolate+1","Headbutt","Flex","Double Tap+1","Flame Barrier+1","Shrug It Off+1","Metallicize+1","Cleave+1","Thunderclap+1","Barricade+1","Perfected Strike+1","Power Through","Pommel Strike","Rage+1","Perfected Strike","Wild Strike+1","Pommel Strike+1","Pommel Strike+1","Uppercut+1"],"relics":["Burning Blood","Anchor","Whetstone","Omamori","Self Forming Clay","Potion Belt","Velvet Choker","Centennial Puzzle","CeramicFish","Incense Burner","SlaversCollar","ClockworkSouvenir","Lizard Tail","StrikeDummy","Pen Nib"],"acts_visited":["Exordium","TheCity","TheBeyond"],"potions_floor_usage":[7,16,27,29,31,38,40,50,50],"damage_taken":[{"damage":11,"enemies":"Jaw Worm","floor":1,"turns":4},{"damage":1,"enemies":"Cultist","floor":2,"turns":3},{"damage":0,"enemies":"Small Slimes","floor":4,"turns":3},{"damage":2,"enemies":"Exordium Wildlife","floor":5,"turns":3},{"damage":30,"enemies":"Lagavulin","floor":7,"turns":5},{"damage":0,"enemies":"2 Fungi Beasts","floor":10,"turns":2},{"damage":16,"enemies":"Gremlin Nob","floor":11,"turns":3},{"damage":2,"enemies":"3 Louse","floor":12,"turns":3},{"damage":37,"enemies":"Slime Boss","floor":16,"turns":8},{"damage":10,"enemies":"Shell Parasite","floor":18,"turns":4},{"damage":2,"enemies":"Chosen","floor":19,"turns":3},{"damage":0,"enemies":"Centurion and Healer","floor":21,"turns":2},{"damage":9,"enemies":"Snake Plant","floor":24,"turns":2},{"damage":4,"enemies":"3 Cultists","floor":27,"turns":4},{"damage":0,"enemies":"Snecko","floor":29,"turns":3},{"damage":0,"enemies":"Slavers","floor":31,"turns":3},{"damage":23,"enemies":"Automaton","floor":33,"turns":10},{"damage":10,"enemies":"3 Shapes","floor":35,"turns":3},{"damage":0,"enemies":"3 Darklings","floor":37,"turns":1},{"damage":14,"enemies":"Mind Bloom Boss Battle","floor":38,"turns":6},{"damage":50,"enemies":"Giant Head","floor":40,"turns":8},{"damage":0,"enemies":"Sphere and 2 Shapes","floor":42,"turns":3},{"damage":22,"enemies":"Jaw Worm Horde","floor":45,"turns":2},{"damage":22,"enemies":"Transient","floor":47,"turns":5},{"damage":0,"enemies":"Maw","floor":48,"turns":5},{"damage":51,"enemies":"Time Eater","floor":50,"turns":7}],"seed_played":"-7316643655720930630","potions_obtained":[{"floor":2,"key":"FearPotion"},{"floor":4,"key":"BlessingOfTheForge"},{"floor":5,"key":"DuplicationPotion"},{"floor":7,"key":"SpeedPotion"},{"floor":16,"key":"Fire Potion"},{"floor":24,"key":"Fire Potion"},{"floor":27,"key":"Block Potion"},{"floor":33,"key":"Energy Potion"},{"floor":35,"key":"SkillPotion"},{"floor":40,"key":"Regen Potion"},{"floor":45,"key":"Strength Potion"}],"is_trial":false,"path_per_floor":["M","M","?","M","M","R","E","R","T","M","E","M","$","$","R","B",null,"M","M","?","M","?","R","M","R","T","M","?","M","R","E","R","B",null,"M","$","M","?","?","E","R","M","T","R","M","R","M","M","R","B",null],"character_chosen":"IRONCLAD","items_purchased":["Potion Belt","ClockworkSouvenir","Power Through"],"campfire_rested":4,"item_purchase_floors":[14,36,36],"current_hp_per_floor":[67,72,72,78,80,80,56,56,56,62,52,56,56,56,80,49,72,68,72,72,78,78,78,75,75,75,77,77,80,80,80,80,63,76,72,72,78,70,70,26,50,56,56,56,40,64,48,54,78,45],"gold":564,"neow_bonus":"RANDOM_COMMON_RELIC","is_daily":false,"chose_seed":false,"campfire_upgraded":7,"win_rate":0.0,"timestamp":1612374056,"path_taken":["M","M","?","M","M","R","E","R","T","M","E","M","?","$","R","BOSS","M","M","?","M","?","R","M","R","T","M","?","M","R","E","R","BOSS","M","$","M","?","?","E","R","?","T","R","M","R","M","M","R","BOSS"],"items_purchased_type":["Relic","Relic","Card"],"build_version":"2020-12-22","purchased_purges":0,"victory":true,"max_hp_per_floor":[80,80,80,80,80,80,80,80,80,80,80,80,80,80,80,80,80,80,80,80,80,80,80,80,80,80,80,80,80,80,80,80,80,80,80,80,80,80,80,80,80,80,80,80,80,80,80,80,80,80],"card_choices":[{"not_picked":["Entrench","Spot Weakness"],"picked":"Wild Strike","floor":1},{"not_picked":["Sword Boomerang","Iron Wave"],"picked":"Twin Strike","floor":2},{"not_picked":["Havoc","Clothesline"],"picked":"Bludgeon","floor":4},{"not_picked":["Thunderclap","Dropkick"],"picked":"Carnage","floor":5},{"not_picked":["Anger","Headbutt"],"picked":"Immolate","floor":7},{"not_picked":["Warcry","Sword Boomerang"],"picked":"Headbutt","floor":10},{"not_picked":["Headbutt","Havoc","Heavy Blade"],"picked":"SKIP","floor":11},{"not_picked":["Clash","Sword Boomerang"],"picked":"Flex","floor":12},{"not_picked":["Brutality","Impervious"],"picked":"Double Tap","floor":16},{"not_picked":["Clash","Havoc","Sword Boomerang"],"picked":"SKIP","floor":18},{"not_picked":["Cleave+1","Blood for Blood"],"picked":"Flame Barrier","floor":19},{"not_picked":["Cleave","Burning Pact"],"picked":"Shrug It Off+1","floor":21},{"not_picked":["Dark Embrace","Spot Weakness"],"picked":"Metallicize","floor":24},{"not_picked":["Thunderclap","Headbutt","Heavy Blade"],"picked":"SKIP","floor":27},{"not_picked":["Clash","Headbutt"],"picked":"Cleave+1","floor":29},{"not_picked":["Bludgeon","Twin Strike"],"picked":"Thunderclap+1","floor":31},{"not_picked":["Feed","Limit Break"],"picked":"Barricade","floor":33},{"not_picked":["Warcry+1","Clash"],"picked":"Perfected Strike+1","floor":35},{"not_picked":["Headbutt+1","Blood for Blood"],"picked":"Pommel Strike","floor":37},{"not_picked":["Warcry","Dropkick+1"],"picked":"Rage+1","floor":38},{"not_picked":["True Grit+1","Havoc"],"picked":"Perfected Strike","floor":40},{"not_picked":["Clash","Heavy Blade+1"],"picked":"Wild Strike+1","floor":42},{"not_picked":["Headbutt","Barricade"],"picked":"Pommel Strike+1","floor":45},{"not_picked":["Rampage+1","Rupture+1"],"picked":"Pommel Strike+1","floor":47},{"not_picked":["Flex+1","Dropkick"],"picked":"Uppercut+1","floor":48}],"player_experience":750591,"relics_obtained":[{"floor":7,"key":"Whetstone"},{"floor":9,"key":"Omamori"},{"floor":11,"key":"Self Forming Clay"},{"floor":26,"key":"CeramicFish"},{"floor":31,"key":"Incense Burner"},{"floor":38,"key":"Lizard Tail"},{"floor":40,"key":"StrikeDummy"},{"floor":43,"key":"Pen Nib"}],"event_choices":[{"damage_healed":0,"gold_gain":0,"player_choice":"Forge","damage_taken":0,"max_hp_gain":0,"max_hp_loss":0,"event_name":"Accursed Blacksmith","floor":3,"gold_loss":0,"cards_upgraded":["Twin Strike"]},{"damage_healed":0,"gold_gain":0,"player_choice":"Ignored","damage_taken":0,"max_hp_gain":0,"max_hp_loss":0,"event_name":"Ghosts","floor":20,"gold_loss":0},{"damage_healed":0,"gold_gain":0,"player_choice":"Obtained Relic","damage_taken":0,"relics_obtained":["Centennial Puzzle"],"max_hp_gain":0,"max_hp_loss":0,"event_name":"Addict","floor":22,"gold_loss":85},{"damage_healed":0,"gold_gain":99,"player_choice":"Stole From Cult","damage_taken":0,"max_hp_gain":0,"max_hp_loss":0,"event_name":"Nest","floor":28,"gold_loss":0},{"damage_healed":0,"gold_gain":0,"player_choice":"Fight","damage_taken":0,"max_hp_gain":0,"max_hp_loss":0,"event_name":"MindBloom","floor":38,"gold_loss":0},{"damage_healed":0,"gold_gain":0,"player_choice":"Ignored","damage_taken":0,"max_hp_gain":0,"max_hp_loss":0,"event_name":"SecretPortal","floor":39,"gold_loss":0}],"is_beta":false,"boss_relics":[{"not_picked":["Coffee Dripper","Tiny House"],"picked":"Velvet Choker"},{"not_picked":["SacredBark","Runic Pyramid"],"picked":"SlaversCollar"}],"items_purged_floors":[],"is_endless":false,"potions_floor_spawned":[2,4,5,7,11,16,24,27,33,35,40,45],"ascension_level":11}}