{"host":"0jile2yd1dg679g0","time":1612310957,"event":{"mods":["AchievementEnabler","Act Like it!","BaseMod","Better Third Choice","Colored Map","Colored Powertips","Gensokyo","Hermit","Luminous","Marisa????????","Minty Spire (QoL Compilation)","Random Character Button","Spicy Shops","StSLib","The Servant 0.9.4","Transform Curses","Waifu the Spire"],"gold_per_floor":[115,180,180,72,91,91,119,119,166,185,185,199,199,374,374,374,374],"floor_reached":16,"language":"ENG","playtime":1014,"items_purged":[],"score":132,"play_id":"1d5aaf1d-d244-446f-9779-220d07d8b1e6","local_time":"20210202190917","is_ascension_mode":true,"campfire_choices":[{"data":"Underhanded Strike","floor":6,"key":"SMITH"},{"floor":8,"key":"REST"},{"data":"Underhanded Strike","floor":11,"key":"SMITH"},{"data":"Concentrate","floor":13,"key":"SMITH"},{"data":"Blur","floor":15,"key":"SMITH"}],"circlet_count":0,"master_deck":["Strike_G","Strike_G","Strike_G","Strike_G","Strike_G","Defend_G","Defend_G","Defend_G","Defend_G","Defend_G","Survivor","Neutralize","Tools of the Trade+1","Underhanded Strike+1","Blade Dance","Expertise","Blur+1","Underhanded Strike+1","Concentrate+1","Doubt"],"relics":["Ring of the Snake","Happy Flower","Snake Skull"],"acts_visited":["Exordium"],"potions_floor_usage":[7,16],"damage_taken":[{"damage":3,"enemies":"2 Louse","floor":1,"turns":3},{"damage":10,"enemies":"Small Slimes","floor":5,"turns":3},{"damage":27,"enemies":"Lagavulin","floor":7,"turns":8},{"damage":0,"enemies":"Cultist","floor":10,"turns":3},{"damage":2,"enemies":"2 Fungi Beasts","floor":12,"turns":3},{"damage":47,"enemies":"Slime Boss","floor":16,"turns":10}],"seed_played":"-3276593136550217279","potions_obtained":[{"floor":5,"key":"Explosive Potion"},{"floor":10,"key":"Block Potion"}],"is_trial":false,"path_per_floor":["M","?","?","$","M","R","E","R","T","M","R","M","R","?","R","B"],"character_chosen":"THE_SILENT","items_purchased":["Blade Dance"],"campfire_rested":1,"item_purchase_floors":[4],"current_hp_per_floor":[60,60,60,60,50,50,23,44,44,44,44,42,42,42,42,0,0],"gold":374,"neow_bonus":"ONE_RANDOM_RARE_CARD","is_daily":false,"chose_seed":false,"campfire_upgraded":4,"win_rate":0.0,"timestamp":1612310957,"path_taken":["M","?","?","$","?","R","E","R","T","M","R","M","R","?","R","BOSS"],"items_purchased_type":["Card"],"build_version":"2020-12-22","purchased_purges":0,"victory":false,"max_hp_per_floor":[70,70,70,70,70,70,70,70,70,70,70,70,70,70,70,70,70],"card_choices":[{"not_picked":["Finisher","Flechettes"],"picked":"Underhanded Strike","floor":1},{"not_picked":["Dagger Spray","Slice"],"picked":"Expertise","floor":5},{"not_picked":["Acrobatics","Dodge and Roll"],"picked":"Blur","floor":7},{"not_picked":["Flying Knee","Tactician"],"picked":"Underhanded Strike","floor":10},{"not_picked":["Poisoned Stab","Prepared"],"picked":"Concentrate","floor":12}],"player_experience":297575,"relics_obtained":[{"floor":7,"key":"Happy Flower"},{"floor":9,"key":"Snake Skull"}],"event_choices":[{"damage_healed":0,"gold_gain":65,"player_choice":"Gained Gold","damage_taken":0,"max_hp_gain":0,"max_hp_loss":0,"event_name":"Golden Wing","floor":2,"gold_loss":0},{"damage_healed":0,"gold_gain":0,"player_choice":"Forge","damage_taken":0,"max_hp_gain":0,"max_hp_loss":0,"event_name":"Accursed Blacksmith","floor":3,"gold_loss":0,"cards_upgraded":["Tools of the Trade"]},{"damage_healed":0,"gold_gain":175,"player_choice":"AGREE","damage_taken":199,"max_hp_gain":0,"max_hp_loss":0,"event_name":"betterThird:BetterSerpent","floor":14,"gold_loss":0}],"is_beta":false,"boss_relics":[],"items_purged_floors":[],"is_endless":false,"potions_floor_spawned":[5,10],"killed_by":"Slime Boss","ascension_level":7}}