{"host":"Kdaddybrian","time":1612393450,"event":{"mods":["AchievementEnabler","BaseMod","Bestiary","Colored Powertips","Minty Spire (QoL Compilation)","Potion Indicator Mod","Quick Restart","Rare Cards Sparkle","Relic Stats","StSLib","Uncapped"],"gold_per_floor":[125,151,163,199,227,239,285,297,357,369,419,431,459,485,497,638,650,678,703,319,343,54,54,92,92,92,92,133,208,221,136,136,136,136],"floor_reached":33,"language":"ENG","playtime":1368,"items_purged":["Strike_P"],"score":398,"play_id":"06d25880-cc99-4796-8c04-eff8c7866c8d","local_time":"20210203180410","is_ascension_mode":true,"campfire_choices":[{"data":"Eruption","floor":6,"key":"SMITH"},{"floor":12,"key":"REST"},{"floor":15,"key":"REST"},{"floor":23,"key":"REST"},{"floor":25,"key":"REST"},{"floor":32,"key":"REST"}],"circlet_count":0,"master_deck":["Strike_P","Strike_P","Strike_P","Defend_P","Defend_P","Defend_P","Defend_P","Eruption+1","Vigilance","SashWhip","Consecrate","Crescendo","Weave","SpiritShield","WaveOfTheHand","EmptyBody","BattleHymn+1","ThirdEye","PathToVictory","LessonLearned+1","Halt","Evaluate","Adaptation+1","Headbutt","LikeWater+1","PathToVictory","ThirdEye","Steam+1","Indignation+1","MentalFortress+1","Writhe","Parasite","Reprogram","Conserve Battery"],"relics":["PureWater","MawBank","Golden Idol","Frozen Egg 2","Blood Vial","StrikeDummy","Dream Catcher","Cursed Key","PrismaticShard","Regal Pillow","Happy Flower","MealTicket","Singing Bowl","Yang","Bird Faced Urn"],"acts_visited":["Exordium","TheCity"],"potions_floor_usage":[11,24,24,33],"damage_taken":[{"damage":0,"enemies":"Small Slimes","floor":1,"turns":2},{"damage":0,"enemies":"2 Louse","floor":2,"turns":3},{"damage":3,"enemies":"Jaw Worm","floor":4,"turns":4},{"damage":4,"enemies":"Red Slaver","floor":5,"turns":4},{"damage":25,"enemies":"Gremlin Nob","floor":7,"turns":4},{"damage":17,"enemies":"Lagavulin","floor":11,"turns":4},{"damage":7,"enemies":"Blue Slaver","floor":13,"turns":3},{"damage":16,"enemies":"Lots of Slimes","floor":14,"turns":4},{"damage":33,"enemies":"Hexaghost","floor":16,"turns":11},{"damage":0,"enemies":"Spheric Guardian","floor":18,"turns":3},{"damage":7,"enemies":"Chosen","floor":19,"turns":4},{"damage":13,"enemies":"Centurion and Healer","floor":21,"turns":9},{"damage":39,"enemies":"Slavers","floor":24,"turns":6},{"damage":49,"enemies":"Book of Stabbing","floor":28,"turns":6},{"damage":48,"enemies":"Chosen and Byrds","floor":30,"turns":5},{"damage":51,"enemies":"Champ","floor":33,"turns":10}],"seed_played":"-1284491696368545741","potions_obtained":[{"floor":5,"key":"SmokeBomb"},{"floor":7,"key":"AttackPotion"},{"floor":13,"key":"BottledMiracle"},{"floor":16,"key":"AttackPotion"},{"floor":30,"key":"Energy Potion"}],"is_trial":false,"path_per_floor":["M","M","?","M","M","R","E","?","T","T","E","R","M","M","R","B",null,"M","M","$","M","$","R","E","R","T","T","E","?","M","?","R","B"],"character_chosen":"WATCHER","items_purchased":["Adaptation+1","FairyPotion","PrismaticShard","LikeWater+1","PathToVictory","Regal Pillow","ThirdEye"],"campfire_rested":5,"item_purchase_floors":[20,20,20,22,22,22,22],"current_hp_per_floor":[65,65,65,62,58,58,33,38,38,38,23,44,39,25,46,15,58,60,55,55,44,44,72,33,69,69,69,24,17,4,4,41,0,0],"gold":136,"neow_bonus":"RANDOM_COMMON_RELIC","is_daily":false,"chose_seed":false,"campfire_upgraded":1,"win_rate":0.0,"timestamp":1612393450,"path_taken":["M","M","?","M","M","R","E","?","T","?","E","R","M","M","R","BOSS","M","M","$","M","$","R","E","R","T","?","E","?","?","?","R","BOSS"],"items_purchased_type":["Card","Potion","Relic","Card","Card","Relic","Card"],"build_version":"2020-12-18","purchased_purges":1,"victory":false,"max_hp_per_floor":[72,72,67,67,67,67,67,72,72,72,72,72,72,72,72,72,72,72,72,72,72,72,72,72,72,72,72,74,74,74,74,74,74,74],"relic_stats":{"Regal Pillow":37,"Happy Flower":[7],"Singing Bowl":2,"counters":[16,82],"Golden Idol":85,"Yang":[34],"MawBank":240,"Cursed Key":2,"Blood Vial":20,"Dream Catcher":5,"Bird Faced Urn":[8],"MealTicket":0,"obtain_stats":[{"Regal Pillow":22,"Happy Flower":24,"Singing Bowl":27,"Golden Idol":3,"Yang":28,"Frozen Egg 2":7,"MawBank":0,"Cursed Key":17,"PrismaticShard":20,"Blood Vial":9,"Dream Catcher":11,"Bird Faced Urn":31,"MealTicket":26,"PureWater":0,"StrikeDummy":10},{"Regal Pillow":12,"Happy Flower":13,"Singing Bowl":13,"Golden Idol":2,"Yang":14,"Frozen Egg 2":5,"MawBank":0,"Cursed Key":9,"PrismaticShard":11,"Blood Vial":5,"Dream Catcher":6,"Bird Faced Urn":15,"MealTicket":13,"PureWater":0,"StrikeDummy":5},{"Regal Pillow":55,"Happy Flower":61,"Singing Bowl":61,"Golden Idol":5,"Yang":67,"Frozen Egg 2":17,"MawBank":0,"Cursed Key":39,"PrismaticShard":46,"Blood Vial":17,"Dream Catcher":21,"Bird Faced Urn":72,"MealTicket":61,"PureWater":0,"StrikeDummy":17}]},"card_choices":[{"not_picked":["Protect","EmptyFist"],"picked":"SashWhip","floor":1},{"not_picked":["SandsOfTime","EmptyFist"],"picked":"Consecrate","floor":2},{"not_picked":["Protect","ClearTheMind"],"picked":"Crescendo","floor":4},{"not_picked":["FollowUp","WaveOfTheHand"],"picked":"Weave","floor":5},{"not_picked":["ForeignInfluence","EmptyFist"],"picked":"SpiritShield","floor":7},{"not_picked":["Prostrate","Halt"],"picked":"WaveOfTheHand","floor":11},{"not_picked":["Vengeance","Study+1"],"picked":"EmptyBody","floor":12},{"not_picked":["Evaluate","ReachHeaven"],"picked":"BattleHymn+1","floor":13},{"not_picked":["Protect","Vengeance"],"picked":"ThirdEye","floor":14},{"not_picked":["Meditate","ClearTheMind"],"picked":"PathToVictory","floor":15},{"not_picked":["Scrawl","Judgement"],"picked":"LessonLearned","floor":16},{"not_picked":["FlyingSleeves","SashWhip"],"picked":"Halt","floor":18},{"not_picked":["Worship","Consecrate"],"picked":"Evaluate","floor":19},{"not_picked":["MasterReality+1","Swivel"],"picked":"Headbutt","floor":21},{"not_picked":["Dagger Throw","Cleave"],"picked":"Steam+1","floor":23},{"not_picked":["Redo","Sweeping Beam"],"picked":"Indignation+1","floor":24},{"not_picked":["Reflex","Deflect+1"],"picked":"MentalFortress+1","floor":25},{"not_picked":["WindmillStrike","Secret Weapon","EmptyBody"],"picked":"Singing Bowl","floor":28},{"not_picked":["Impatience","Poisoned Stab"],"picked":"Reprogram","floor":30},{"not_picked":["Hemokinesis+1","Streamline"],"picked":"Conserve Battery","floor":32}],"player_experience":3002815,"relics_obtained":[{"floor":7,"key":"Frozen Egg 2"},{"floor":9,"key":"Blood Vial"},{"floor":10,"key":"StrikeDummy"},{"floor":11,"key":"Dream Catcher"},{"floor":24,"key":"Happy Flower"},{"floor":26,"key":"MealTicket"},{"floor":27,"key":"Singing Bowl"},{"floor":28,"key":"Yang"}],"event_choices":[{"damage_healed":0,"gold_gain":0,"player_choice":"Lose Max HP","damage_taken":0,"relics_obtained":["Golden Idol"],"max_hp_gain":0,"max_hp_loss":5,"event_name":"Golden Idol","floor":3,"gold_loss":0},{"damage_healed":0,"gold_gain":0,"player_choice":"Donut","damage_taken":0,"max_hp_gain":5,"max_hp_loss":0,"event_name":"Big Fish","floor":8,"gold_loss":0},{"damage_healed":0,"gold_gain":75,"player_choice":"Touch","damage_taken":7,"max_hp_gain":0,"max_hp_loss":0,"event_name":"FaceTrader","floor":29,"gold_loss":0},{"damage_healed":0,"gold_gain":0,"player_choice":"Obtained Relic","damage_taken":0,"relics_obtained":["Bird Faced Urn"],"max_hp_gain":0,"max_hp_loss":0,"event_name":"Addict","floor":31,"gold_loss":85}],"is_beta":true,"boss_relics":[{"not_picked":["Black Star","VioletLotus"],"picked":"Cursed Key"}],"items_purged_floors":[20],"is_endless":false,"potions_floor_spawned":[5,7,13,16,21,30],"killed_by":"Champ","ascension_level":7}}