{"host":"hfxp6ue4pvwo3fit","time":1612390943,"event":{"mods":["AchievementEnabler","BaseMod","Colored Map","Colored Powertips","Highlight Path","Minty Spire (QoL Compilation)","Relic Stats","StSLib","SuperFastMode"],"gold_per_floor":[117,117,117,137,137,137,169,169,169,203,222,232,232,252,252,325,325,340,357,24,41,41,41,41],"floor_reached":23,"language":"ENG","playtime":617,"items_purged":["Strike_R"],"score":402,"play_id":"5cba1221-ac44-41d5-9abf-0ad6ae602209","local_time":"20210203162223","is_ascension_mode":true,"campfire_choices":[{"data":"Searing Blow","floor":6,"key":"SMITH"},{"data":"Searing Blow+1","floor":8,"key":"SMITH"},{"data":"Searing Blow+2","floor":15,"key":"SMITH"}],"circlet_count":0,"master_deck":["AscendersBane","Strike_R","Strike_R","Strike_R","Defend_R","Defend_R+1","Defend_R","Defend_R+1","Bash","CurseOfTheBell","Uppercut","Anger","Searing Blow+3","Metallicize","Whirlwind+1","Iron Wave+1","Cleave+1","Shrug It Off","Corruption","True Grit","Dark Embrace","Flame Barrier","Feel No Pain"],"relics":["Calling Bell","Strawberry","Paper Frog","Prayer Wheel","Juzu Bracelet","Eternal Feather","Molten Egg 2","War Paint","Cursed Key","Membership Card","Question Card"],"acts_visited":["Exordium","TheCity"],"potions_floor_usage":[7,13,23,23],"damage_taken":[{"damage":9,"enemies":"2 Louse","floor":1,"turns":4},{"damage":6,"enemies":"Cultist","floor":4,"turns":3},{"damage":14,"enemies":"Lagavulin","floor":7,"turns":7},{"damage":8,"enemies":"Gremlin Nob","floor":10,"turns":3},{"damage":4,"enemies":"Small Slimes","floor":11,"turns":3},{"damage":1,"enemies":"Looter","floor":12,"turns":3},{"damage":0,"enemies":"3 Louse","floor":14,"turns":1},{"damage":21,"enemies":"The Guardian","floor":16,"turns":11},{"damage":19,"enemies":"Spheric Guardian","floor":18,"turns":5},{"damage":32,"enemies":"Shell Parasite","floor":19,"turns":5},{"damage":6,"enemies":"Centurion and Healer","floor":21,"turns":7},{"damage":24,"enemies":"Book of Stabbing","floor":23,"turns":3}],"seed_played":"-711383551471108539","potions_obtained":[{"floor":1,"key":"Weak Potion"},{"floor":7,"key":"BloodPotion"},{"floor":10,"key":"SpeedPotion"},{"floor":21,"key":"AttackPotion"}],"is_trial":false,"path_per_floor":["M","?","$","M","?","R","E","R","T","E","M","M","?","M","R","B",null,"M","M","$","M","?","E"],"character_chosen":"IRONCLAD","items_purchased":["Membership Card","Question Card"],"campfire_rested":0,"item_purchase_floors":[20,20],"current_hp_per_floor":[66,66,66,60,60,60,46,46,46,38,34,33,31,31,40,19,66,47,15,15,9,9,0,0],"gold":41,"neow_bonus":"BOSS_RELIC","is_daily":false,"chose_seed":false,"campfire_upgraded":3,"win_rate":0.0,"timestamp":1612390943,"path_taken":["M","?","?","M","?","R","E","R","T","E","M","M","?","M","R","BOSS","M","M","$","M","?","E"],"items_purchased_type":["Relic","Relic"],"build_version":"2020-12-22","purchased_purges":1,"victory":false,"max_hp_per_floor":[82,82,82,82,82,82,82,82,82,82,82,82,82,82,82,82,82,82,82,82,82,82,82,82],"relic_stats":{"counters":[12,55],"Prayer Wheel":8,"Eternal Feather":9,"Juzu Bracelet":1,"War Paint":["Defend_R","Defend_R"],"Cursed Key":0,"Question Card":2,"obtain_stats":[{"Calling Bell":0,"Strawberry":0,"Prayer Wheel":0,"Eternal Feather":9,"Molten Egg 2":10,"Juzu Bracelet":7,"Membership Card":20,"War Paint":13,"Cursed Key":17,"Question Card":20,"Burning Blood":0,"Paper Frog":0},{"Calling Bell":0,"Strawberry":0,"Prayer Wheel":0,"Eternal Feather":3,"Molten Egg 2":4,"Juzu Bracelet":3,"Membership Card":10,"War Paint":6,"Cursed Key":8,"Question Card":10,"Burning Blood":0,"Paper Frog":0},{"Calling Bell":0,"Strawberry":0,"Prayer Wheel":0,"Eternal Feather":14,"Molten Egg 2":17,"Juzu Bracelet":14,"Membership Card":45,"War Paint":23,"Cursed Key":35,"Question Card":45,"Burning Blood":0,"Paper Frog":0}]},"card_choices":[{"not_picked":["Blood for Blood","Havoc"],"picked":"Uppercut","floor":1},{"not_picked":["Blood for Blood","Fire Breathing"],"picked":"Anger","floor":1},{"not_picked":["Thunderclap","Pummel"],"picked":"Metallicize","floor":4},{"not_picked":["Flex","Combust","Perfected Strike"],"picked":"SKIP","floor":4},{"not_picked":["Heavy Blade","Evolve","Carnage"],"picked":"SKIP","floor":7},{"not_picked":["Rampage+1","Juggernaut"],"picked":"Whirlwind+1","floor":10},{"not_picked":["Intimidate","Thunderclap+1"],"picked":"Iron Wave+1","floor":11},{"not_picked":["Headbutt+1","Heavy Blade+1","Body Slam+1"],"picked":"SKIP","floor":11},{"not_picked":["Thunderclap+1","Searing Blow+1"],"picked":"Cleave+1","floor":12},{"not_picked":["Ghostly Armor","Warcry","Sever Soul+1"],"picked":"SKIP","floor":12},{"not_picked":["Iron Wave+1","Anger+1"],"picked":"Shrug It Off","floor":14},{"not_picked":["Havoc","Wild Strike+1","Heavy Blade+1"],"picked":"SKIP","floor":14},{"not_picked":["Brutality","Juggernaut"],"picked":"Corruption","floor":16},{"not_picked":["Metallicize","Headbutt+1"],"picked":"True Grit","floor":18},{"not_picked":["Searing Blow+1","Fire Breathing","Clash+1"],"picked":"SKIP","floor":18},{"not_picked":["Flame Barrier","Wild Strike+1"],"picked":"Dark Embrace","floor":19},{"not_picked":["Rampage+1","Battle Trance"],"picked":"Flame Barrier","floor":19},{"not_picked":["Rupture","True Grit","Reckless Charge+1"],"picked":"Feel No Pain","floor":21},{"not_picked":["Wild Strike+1","Headbutt+1","Clash+1","Twin Strike+1"],"picked":"SKIP","floor":21}],"player_experience":516012,"relics_obtained":[{"floor":0,"key":"Strawberry"},{"floor":0,"key":"Paper Frog"},{"floor":0,"key":"Prayer Wheel"},{"floor":7,"key":"Juzu Bracelet"},{"floor":9,"key":"Eternal Feather"},{"floor":10,"key":"Molten Egg 2"}],"event_choices":[{"damage_healed":0,"gold_gain":0,"cards_transformed":["Strike_R"],"player_choice":"Transformed","damage_taken":0,"max_hp_gain":0,"max_hp_loss":0,"event_name":"Transmorgrifier","floor":2,"gold_loss":0,"cards_obtained":["Searing Blow"]},{"damage_healed":0,"gold_gain":0,"player_choice":"Leave","damage_taken":0,"max_hp_gain":0,"max_hp_loss":0,"event_name":"FaceTrader","floor":5,"gold_loss":0},{"damage_healed":0,"gold_gain":0,"player_choice":"Success","damage_taken":18,"relics_obtained":["War Paint"],"max_hp_gain":0,"max_hp_loss":0,"event_name":"Scrap Ooze","floor":13,"gold_loss":0},{"damage_healed":0,"gold_gain":0,"player_choice":"Ignored","damage_taken":0,"max_hp_gain":0,"max_hp_loss":0,"event_name":"The Mausoleum","floor":22,"gold_loss":0}],"is_beta":false,"boss_relics":[{"not_picked":["Busted Crown","Pandora\u0027s Box"],"picked":"Cursed Key"}],"items_purged_floors":[20],"is_endless":false,"potions_floor_spawned":[1,7,10,21],"killed_by":"Book of Stabbing","ascension_level":20}}