{"host":"qcf259yvvmr1jh6w","time":1612372528,"event":{"mods":["Act Like it!","Aspiration","BaseMod","Beaked The Cultist","Better Third Choice","BetterRewards","Colored Map","Conspire","Custom Start","Downfall","Energized Spire","Hubris","Infinite Spire","Mimic Mod","Minty Spire (QoL Compilation)","Relic Sorter","Replay The Spire","Reworked Bosses","StSLib","The Construct","The Jungle"],"gold_per_floor":[99,118,118,118,136,152,176,176,204,223,223,234,234,253,268,268,268,268],"floor_reached":16,"language":"ENG","playtime":1144,"items_purged":[],"score":129,"play_id":"cc98c502-6fb2-4e77-9035-dc1461b2264e","local_time":"20210203181528","is_ascension_mode":false,"campfire_choices":[{"data":"bronze:Goto","floor":1,"key":"SMITH"},{"data":"bronze:GetLatest","floor":8,"key":"SMITH"},{"floor":13,"key":"REST"}],"circlet_count":0,"master_deck":["bronze:Strike","bronze:Strike","bronze:Strike","bronze:Strike","bronze:Defend","bronze:Defend","bronze:Defend","bronze:Defend","bronze:Replicate","bronze:Goto+1","bronze:GetLatest+1","bronze:WhirlingStrike","bronze:CutThrough","bronze:Repair","bronze:Overheat","bronze:BitShift"],"relics":["bronze:BronzeCore","hubris:Icosahedron","infinitespire:Lucky Rock","Mango"],"acts_visited":["Exordium"],"potions_floor_usage":[16,16],"damage_taken":[{"damage":7,"enemies":"Small Slimes","floor":2,"turns":5},{"damage":4,"enemies":"Jaw Worm","floor":5,"turns":5},{"damage":0,"enemies":"Cultist","floor":6,"turns":2},{"damage":16,"enemies":"3 Sentries","floor":9,"turns":6},{"damage":0,"enemies":"Blue Slaver","floor":10,"turns":3},{"damage":23,"enemies":"conspire:2 RoseBushes","floor":12,"turns":7},{"damage":14,"enemies":"Exordium Wildlife","floor":14,"turns":3},{"damage":0,"enemies":"3 Louse","floor":15,"turns":2},{"damage":88,"enemies":"WA_ARCHETYPE_RETAIN","floor":16,"turns":7}],"seed_played":"-8307883827473041902","potions_obtained":[{"floor":2,"key":"DuplicationPotion"},{"floor":10,"key":"Doom Potion"},{"floor":14,"key":"SteroidPotion"}],"is_trial":false,"path_per_floor":["R","M","?","?","M","M","T","R","E","M","?","M","R","M","M","B"],"character_chosen":"THE_AUTOMATON","items_purchased":[],"campfire_rested":1,"item_purchase_floors":[],"current_hp_per_floor":[77,70,70,77,73,73,73,73,71,78,78,55,82,75,75,0,0,0],"gold":268,"neow_bonus":"TEN_PERCENT_HP_BONUS","is_daily":false,"chose_seed":false,"campfire_upgraded":2,"win_rate":0.0,"timestamp":1612372528,"path_taken":["R","M","?","?","M","?","T","R","E","M","?","M","R","M","M","BOSS"],"items_purchased_type":[],"build_version":"2020-12-22","purchased_purges":0,"victory":false,"max_hp_per_floor":[77,77,77,77,77,77,77,77,91,91,91,91,91,91,91,91,91,91],"card_choices":[{"not_picked":["bronze:Frontload","bronze:BronzeOrb"],"picked":"bronze:GetLatest","floor":2},{"not_picked":["bronze:DelayedSlice","bronze:Shield"],"picked":"bronze:CutThrough","floor":5},{"not_picked":["bronze:BugBarrage","bronze:Deprecate","bronze:Overheat"],"picked":"SKIP","floor":6},{"not_picked":["bronze:Deprecate","bronze:FineTuning"],"picked":"bronze:Repair","floor":9},{"not_picked":["bronze:DigitalCarnage","bronze:Deprecate"],"picked":"bronze:Overheat","floor":10},{"not_picked":["bronze:Overheat","bronze:BugBarrage","bronze:Deprecate"],"picked":"SKIP","floor":12},{"not_picked":["bronze:DelayedGuard","bronze:DelayedSlice"],"picked":"bronze:BitShift","floor":14},{"not_picked":["bronze:Safeguard","bronze:Deprecate","bronze:FindAndReplace"],"picked":"SKIP","floor":15}],"player_experience":147136,"relics_obtained":[{"floor":7,"key":"infinitespire:Lucky Rock"},{"floor":9,"key":"Mango"}],"event_choices":[],"is_beta":false,"boss_relics":[],"items_purged_floors":[],"is_endless":false,"potions_floor_spawned":[2,10,14,15],"killed_by":"WA_ARCHETYPE_RETAIN","ascension_level":0}}