{"host":"dhlnk6yox2l1s6up","time":1612388185,"event":{"mods":["BaseMod","Bestiary","Colored Map","Highlight Path","Minty Spire (QoL Compilation)","Relic Stats","StSLib"],"gold_per_floor":[117,392,411,3,18,18,44,58,85,85,96,96,176,205,205,301,301,301,7,0,0],"floor_reached":20,"language":"ENG","playtime":952,"items_purged":["Regret"],"score":273,"play_id":"c0500eb2-e742-4a8e-ad63-39df55544925","local_time":"20210203153625","is_ascension_mode":true,"campfire_choices":[{"data":"Underhanded Strike","floor":6.0,"key":"SMITH"},{"data":"Deadly Poison","floor":10,"key":"SMITH"},{"data":"Catalyst","floor":12,"key":"SMITH"},{"data":"Poisoned Stab","floor":15,"key":"SMITH"}],"circlet_count":0,"master_deck":["AscendersBane","Strike_G","Strike_G","Strike_G","Strike_G","Strike_G","Defend_G","Defend_G","Defend_G","Defend_G","Defend_G","Survivor","Neutralize","Underhanded Strike+1","Poisoned Stab+1","Backflip","All Out Attack","Deadly Poison+1","Catalyst+1","Slice","Tools of the Trade","Acrobatics","Noxious Fumes","Catalyst"],"relics":["Ring of the Snake","NeowsBlessing","Incense Burner","Blood Vial","Vajra","Ancient Tea Set","Ectoplasm","Oddly Smooth Stone"],"acts_visited":["Exordium","TheCity"],"potions_floor_usage":[14,16,20],"damage_taken":[{"damage":0.0,"enemies":"Jaw Worm","floor":1.0,"turns":1.0},{"damage":0.0,"enemies":"Cultist","floor":3.0,"turns":1.0},{"damage":0.0,"enemies":"2 Louse","floor":5.0,"turns":1.0},{"damage":45,"enemies":"3 Sentries","floor":7,"turns":15},{"damage":1,"enemies":"Looter","floor":8,"turns":3},{"damage":6,"enemies":"Gremlin Gang","floor":11,"turns":4},{"damage":10,"enemies":"Lagavulin","floor":14,"turns":3},{"damage":4,"enemies":"Hexaghost","floor":16,"turns":8},{"damage":19,"enemies":"Spheric Guardian","floor":18,"turns":4},{"damage":5,"enemies":"2 Thieves","floor":20,"turns":2}],"seed_played":"-9123918055309728073","potions_obtained":[{"floor":3.0,"key":"FairyPotion"},{"floor":7,"key":"Poison Potion"},{"floor":8,"key":"EssenceOfSteel"},{"floor":16,"key":"AttackPotion"},{"floor":18,"key":"Energy Potion"}],"is_trial":false,"path_per_floor":["M","?","M","$","M","R","E","M","T","R","M","R","?","E","R","B",null,"M","$","M"],"character_chosen":"THE_SILENT","items_purchased":["Incense Burner","Poisoned Stab","Oddly Smooth Stone","Noxious Fumes","Catalyst"],"campfire_rested":0,"item_purchase_floors":[4,4,19,19,19],"current_hp_per_floor":[63,63,63,63,63,63,18,19,19,19,15,15,15,7,7,5,54,37,37,34,34],"gold":0,"neow_bonus":"THREE_ENEMY_KILL","is_daily":false,"chose_seed":false,"campfire_upgraded":4,"win_rate":0.0,"timestamp":1612388185,"path_taken":["M","?","M","$","?","R","E","M","T","R","M","R","?","E","R","BOSS","M","$","M"],"items_purchased_type":["Relic","Card","Relic","Card","Card"],"build_version":"2020-12-22","purchased_purges":1,"victory":false,"max_hp_per_floor":[70,70,70,70,70,70,70,70,70,70,70,70,70,70,70,70,70,70,70,70,70],"relic_stats":{"Blood Vial":12,"counters":[10,42],"Ectoplasm":16,"obtain_stats":[{"Blood Vial":7,"NeowsBlessing":0,"Vajra":9,"Oddly Smooth Stone":19,"Ectoplasm":17,"Incense Burner":4,"Ancient Tea Set":14,"Ring of the Snake":0},{"Blood Vial":4,"NeowsBlessing":0,"Vajra":5,"Oddly Smooth Stone":9,"Ectoplasm":8,"Incense Burner":2,"Ancient Tea Set":7,"Ring of the Snake":0},{"Blood Vial":18,"NeowsBlessing":0,"Vajra":21,"Oddly Smooth Stone":40,"Ectoplasm":36,"Incense Burner":2,"Ancient Tea Set":28,"Ring of the Snake":0}],"Ring of the Snake":[20]},"card_choices":[{"not_picked":["Acrobatics","Backflip"],"picked":"Underhanded Strike","floor":1.0},{"not_picked":["Sucker Punch","Dash","Cloak And Dagger"],"picked":"SKIP","floor":3.0},{"not_picked":["Flechettes","Reflex"],"picked":"Backflip","floor":5.0},{"not_picked":["Eviscerate","Sucker Punch"],"picked":"All Out Attack","floor":7},{"not_picked":["Bane","Sucker Punch"],"picked":"Deadly Poison","floor":8},{"not_picked":["Sucker Punch","Cloak And Dagger"],"picked":"Catalyst","floor":11},{"not_picked":["Corpse Explosion","Dagger Spray"],"picked":"Slice","floor":14},{"not_picked":["Envenom","A Thousand Cuts"],"picked":"Tools of the Trade","floor":16},{"not_picked":["Reflex","Dodge and Roll+1"],"picked":"Acrobatics","floor":18}],"player_experience":6092816,"relics_obtained":[{"floor":7,"key":"Blood Vial"},{"floor":9,"key":"Vajra"},{"floor":14,"key":"Ancient Tea Set"}],"event_choices":[{"damage_healed":0.0,"max_hp_gain":0.0,"max_hp_loss":0.0,"gold_gain":275.0,"event_name":"Golden Shrine","player_choice":"Desecrate","floor":2.0,"gold_loss":0.0,"damage_taken":0.0,"cards_obtained":["Regret"]},{"damage_healed":0,"gold_gain":80,"player_choice":"Gained Gold","damage_taken":0,"max_hp_gain":0,"max_hp_loss":0,"event_name":"Golden Wing","floor":13,"gold_loss":0}],"is_beta":false,"boss_relics":[{"not_picked":["Busted Crown","Astrolabe"],"picked":"Ectoplasm"}],"items_purged_floors":[4],"is_endless":false,"potions_floor_spawned":[3,7,8,16,18],"killed_by":"2 Thieves","ascension_level":10}}