{"host":"e2ju6k0wppswbhbd","time":1612390243,"event":{"mods":["BaseMod","Minty Spire (QoL Compilation)","Rare Cards Sparkle","StSLib"],"gold_per_floor":[118,132,143,34,51,85,85,96,96,116,136,168,133,133,133,231,231,250,269,61,61,73,116,128,159,171,197,219,231,243,280,292,405,417,446,508,534,94,94,128,143,143,143],"floor_reached":42,"language":"FRA","playtime":8572,"items_purged":["Alpha"],"score":530,"play_id":"d8f1637d-c536-4e41-ade4-f2de8a405565","local_time":"20210203231043","is_ascension_mode":false,"campfire_choices":[{"floor":7.0,"key":"REST"},{"floor":15.0,"key":"RECALL"},{"floor":24.0,"key":"REST"},{"data":"LikeWater","floor":32.0,"key":"SMITH"}],"circlet_count":0,"master_deck":["Eruption","Vigilance","MentalFortress","FearNoEvil+1","ThirdEye","Alpha","ThirdEye","Protect+1","Evaluate","Prostrate","EmptyFist+1","Adaptation","Prostrate","BattleHymn","ClearTheMind","FlyingSleeves","EmptyBody","BowlingBash","LessonLearned","SashWhip","Vengeance+1","Weave","LikeWater+1","Crescendo","Crescendo+1","Nirvana+1","Devotion","JustLucky","FollowUp+1","Establishment","Madness","Madness","Vault"],"relics":["Pandora\u0027s Box","Bottled Tornado","Shuriken","VioletLotus","MawBank","CaptainsWheel","Kunai","Blood Vial","Sozu","Thread and Needle","Bag of Preparation","Akabeko","Peace Pipe"],"acts_visited":["Exordium","TheCity","TheBeyond"],"potions_floor_usage":[],"damage_taken":[{"damage":0.0,"enemies":"Small Slimes","floor":1.0,"turns":3.0},{"damage":3.0,"enemies":"Jaw Worm","floor":2.0,"turns":6.0},{"damage":0.0,"enemies":"Cultist","floor":3.0,"turns":5.0},{"damage":4.0,"enemies":"Exordium Wildlife","floor":5.0,"turns":8.0},{"damage":45.0,"enemies":"Gremlin Nob","floor":6.0,"turns":5.0},{"damage":7.0,"enemies":"Lots of Slimes","floor":8.0,"turns":6.0},{"damage":0.0,"enemies":"Looter","floor":10.0,"turns":4.0},{"damage":4.0,"enemies":"3 Louse","floor":11.0,"turns":4.0},{"damage":12.0,"enemies":"3 Sentries","floor":12.0,"turns":4.0},{"damage":0.0,"enemies":"Slime Boss","floor":16.0,"turns":6.0},{"damage":11.0,"enemies":"Spheric Guardian","floor":18.0,"turns":5.0},{"damage":1.0,"enemies":"Shell Parasite","floor":19.0,"turns":6.0},{"damage":33.0,"enemies":"Gremlin Leader","floor":23.0,"turns":7.0},{"damage":6.0,"enemies":"Centurion and Healer","floor":25.0,"turns":7.0},{"damage":4.0,"enemies":"Snecko","floor":27.0,"turns":6.0},{"damage":8.0,"enemies":"Snake Plant","floor":28.0,"turns":7.0},{"damage":19.0,"enemies":"Book of Stabbing","floor":31.0,"turns":7.0},{"damage":14.0,"enemies":"Collector","floor":33.0,"turns":9.0},{"damage":5.0,"enemies":"3 Darklings","floor":35.0,"turns":5.0},{"damage":12.0,"enemies":"Mind Bloom Boss Battle","floor":36.0,"turns":8.0},{"damage":0,"enemies":"3 Shapes","floor":37,"turns":7},{"damage":39,"enemies":"Reptomancer","floor":40,"turns":8},{"damage":0,"enemies":"3 Darklings","floor":41,"turns":5},{"damage":46,"enemies":"Nemesis","floor":42,"turns":8}],"seed_played":"-8491408196541206985","potions_obtained":[{"floor":2.0,"key":"AttackPotion"},{"floor":6.0,"key":"Energy Potion"},{"floor":10.0,"key":"Fruit Juice"},{"floor":12.0,"key":"BlessingOfTheForge"},{"floor":18.0,"key":"SkillPotion"}],"is_trial":false,"path_per_floor":["M","M","M","$","M","E","R","M","T","M","M","E","?","?","R","B",null,"M","M","$","?","?","E","R","M","T","M","M","?","?","E","R","B",null,"M","?","M","$","?","E","M","E"],"character_chosen":"WATCHER","items_purchased":["Adaptation","Weave","LikeWater","Fruit Juice","Establishment","Bag of Preparation","Akabeko"],"campfire_rested":2,"item_purchase_floors":[4,20,20,20,38,38,38],"current_hp_per_floor":[72,69,69,69,65,20,41,34,34,34,35,23,42,42,42,42,77,66,65,65,65,65,37,61,55,55,51,43,43,70,51,51,39,82,77,67,69,69,59,22,24,0,0],"gold":143,"neow_bonus":"BOSS_RELIC","is_daily":false,"chose_seed":false,"campfire_upgraded":1,"win_rate":0.0,"timestamp":1612390243,"path_taken":["M","M","M","$","M","E","R","M","T","M","M","E","?","?","R","BOSS","M","M","$","?","?","E","R","M","T","?","M","?","?","E","R","BOSS","M","?","M","$","?","E","M","E"],"items_purchased_type":["Card","Card","Card","Potion","Card","Relic","Relic"],"build_version":"2020-12-22","purchased_purges":1,"victory":false,"max_hp_per_floor":[72,72,72,72,72,72,72,72,72,72,77,77,77,77,77,77,77,77,77,77,77,77,82,82,82,82,82,82,82,82,82,82,82,82,82,82,82,82,82,82,82,82,82],"card_choices":[{"not_picked":["InnerPeace","WheelKick"],"picked":"Evaluate","floor":1.0},{"not_picked":["Pray","ClearTheMind"],"picked":"Prostrate","floor":2.0},{"not_picked":["Meditate","Vengeance"],"picked":"EmptyFist","floor":3.0},{"not_picked":["FlurryOfBlows","Alpha"],"picked":"Prostrate","floor":5.0},{"not_picked":["EmptyFist","Protect"],"picked":"BattleHymn","floor":6.0},{"not_picked":["WreathOfFlame","ThirdEye"],"picked":"ClearTheMind","floor":8.0},{"not_picked":["BowlingBash","Protect"],"picked":"FlyingSleeves","floor":10.0},{"not_picked":["FlurryOfBlows","Evaluate"],"picked":"EmptyBody","floor":11.0},{"not_picked":["Vault","Pray"],"picked":"BowlingBash","floor":12.0},{"not_picked":["Vault","Devotion"],"picked":"LessonLearned","floor":16.0},{"not_picked":["Indignation","Evaluate+1"],"picked":"SashWhip","floor":18.0},{"not_picked":["Wallop","JustLucky"],"picked":"Vengeance+1","floor":19.0},{"not_picked":["ThirdEye","FlyingSleeves+1"],"picked":"Crescendo","floor":23.0},{"not_picked":["PathToVictory","ThirdEye+1"],"picked":"Crescendo+1","floor":25.0},{"not_picked":["Halt","Weave","FlyingSleeves"],"picked":"SKIP","floor":27.0},{"not_picked":["Vengeance","BowlingBash","Evaluate"],"picked":"SKIP","floor":28.0},{"not_picked":["FlurryOfBlows","Halt"],"picked":"Nirvana+1","floor":31.0},{"not_picked":["MasterReality","Vault"],"picked":"Devotion","floor":33.0},{"not_picked":["EmptyFist+1","FlyingSleeves","Prostrate+1"],"picked":"SKIP","floor":35.0},{"not_picked":["Perseverance","FlyingSleeves"],"picked":"JustLucky","floor":36.0},{"not_picked":["Weave+1","Worship"],"picked":"FollowUp+1","floor":37},{"not_picked":["SandsOfTime+1","Indignation"],"picked":"Vault","floor":40},{"not_picked":["SashWhip","Meditate","FearNoEvil"],"picked":"SKIP","floor":41}],"player_experience":2778006,"relics_obtained":[{"floor":6.0,"key":"Bottled Tornado"},{"floor":12.0,"key":"Shuriken"},{"floor":23.0,"key":"CaptainsWheel"},{"floor":26.0,"key":"Kunai"},{"floor":31.0,"key":"Blood Vial"},{"floor":36.0,"key":"Thread and Needle"},{"floor":40,"key":"Peace Pipe"}],"event_choices":[{"damage_healed":19.0,"max_hp_gain":0.0,"max_hp_loss":0.0,"gold_gain":0.0,"event_name":"The Cleric","player_choice":"Healed","floor":13.0,"gold_loss":35.0,"damage_taken":0.0},{"cards_removed":["Blasphemy"],"damage_healed":0.0,"max_hp_gain":0.0,"max_hp_loss":0.0,"gold_gain":0.0,"event_name":"Purifier","player_choice":"Purged","floor":14.0,"gold_loss":0.0,"damage_taken":0.0},{"damage_healed":0.0,"max_hp_gain":0.0,"max_hp_loss":0.0,"gold_gain":0.0,"event_name":"The Mausoleum","player_choice":"Opened","floor":21.0,"gold_loss":0.0,"damage_taken":0.0,"relics_obtained":["MawBank"],"cards_obtained":["Writhe"]},{"cards_removed":["Writhe"],"damage_healed":0.0,"max_hp_gain":0.0,"max_hp_loss":0.0,"gold_gain":0.0,"event_name":"Fountain of Cleansing","player_choice":"Removed Curses","floor":22.0,"gold_loss":0.0,"damage_taken":0.0},{"damage_healed":0.0,"max_hp_gain":0.0,"max_hp_loss":0.0,"gold_gain":0.0,"event_name":"Vampires","player_choice":"Ignored","floor":29.0,"gold_loss":0.0,"damage_taken":0.0},{"damage_healed":27.0,"max_hp_gain":0.0,"max_hp_loss":0.0,"gold_gain":0.0,"event_name":"The Library","player_choice":"Heal","floor":30.0,"gold_loss":0.0,"damage_taken":0.0},{"damage_healed":0.0,"max_hp_gain":0.0,"max_hp_loss":0.0,"gold_gain":0.0,"event_name":"MindBloom","player_choice":"Fight","floor":36.0,"gold_loss":0.0,"damage_taken":0.0},{"damage_healed":0,"gold_gain":0,"player_choice":"Embrace Madness","damage_taken":10,"max_hp_gain":0,"max_hp_loss":0,"event_name":"Winding Halls","floor":39,"gold_loss":0,"cards_obtained":["Madness","Madness"]}],"is_beta":false,"boss_relics":[{"not_picked":["Black Star","Velvet Choker"],"picked":"VioletLotus"},{"not_picked":["Snecko Eye","SacredBark"],"picked":"Sozu"}],"items_purged_floors":[4],"is_endless":false,"potions_floor_spawned":[1,2,6,10,12,18,36,41],"killed_by":"Nemesis","ascension_level":0}}