{"host":"3j2m8n0ywf988fwb","time":1612387422,"event":{"mods":["2.2 Compatiblity","AchievementEnabler","Act Like it!","Aspiration","Astrologer","BaseMod","Better Altar","Better Match","Better Note","Better Sensory Stone","Better Skull","Better Third Choice","CCEM2","ChefMod","Colored Map","Colored Powertips","Conspire","Dark Map","Energized Spire","GifTheSpireLib","Halation","Hallownest","Highlight Path","Hubris","Infinite Spire","Jedi Mod","Marisa????????","Marked Mod","Mimic Mod","Minty Spire (QoL Compilation)","Monster B Gone","Random Character Button","Relic Filter Mod","Relic Stats","Reliquary","Replay The Spire","Robot Space Explorer","Shade Mod","Shop Mod","Somnambulant","StS++","StSLib","Stuff the Spire","The Bug Knight","The Elementalist","The Hierophant","The Runesmith","TheBandit","TheFirefly","TheSurvivalist","Unceasing Turn Reminder","Weighted Paths","everything is the same but u backflip on backflip"],"gold_per_floor":[118,118,118,118,128,128,162,162,209,219,238,8,8,0,0,126,126,140,151,161,161,161,161,189,214,214],"floor_reached":25,"language":"ENG","playtime":1372,"items_purged":[],"score":244,"play_id":"a05b3d83-1880-48b8-9abb-f7f2471b95c2","local_time":"20210203152342","is_ascension_mode":false,"campfire_choices":[{"data":"elementalist:Crystal_Chalk","floor":6,"key":"SMITH"},{"data":"elementalist:Magma_Shot","floor":8,"key":"SMITH"},{"data":"elementalist:Earth_Emblem","floor":13,"key":"SMITH"},{"data":"elementalist:Fission_Lance","floor":15,"key":"SMITH"},{"floor":23,"key":"REST"}],"circlet_count":0,"master_deck":["elementalist:Earth_Emblem+1","elementalist:Strike+Elemblue","elementalist:Defend_Elemblue","elementalist:Defend_Elemblue","elementalist:Defend_Elemblue","elementalist:Defend_Elemblue","elementalist:Defend_Elemblue","elementalist:Firestrike","elementalist:Earthstrike","elementalist:Waterstrike","elementalist:Airstrike","elementalist:Crystal_Chalk+1","elementalist:Magma_Shot+1","Regret","elementalist:Wards","elementalist:Fission_Lance+1","elementalist:Ferruchemy","elementalist:Spark","elementalist:Etherstrike","Enlightenment","elementalist:Absolute_Zero","elementalist:Widdershins_Conversion","elementalist:Water_Emblem","elementalist:Widdershins_Conversion+1"],"relics":["elementalistmod:MagusStaff","elementalistmod:YellowCirclet","NeowsBlessing","StuffTheSpire:RedRose","halation:BottledLove","Strawberry","MealTicket","Blue Doll","energizedSpire:DeadBattery","Bird Faced Urn"],"acts_visited":["Exordium","TheCity"],"potions_floor_usage":[18,25],"damage_taken":[{"damage":0,"enemies":"Jaw Worm","floor":1,"turns":1},{"damage":2,"enemies":"2 Louse","floor":5,"turns":1},{"damage":0,"enemies":"Gremlin Nob","floor":7,"turns":1},{"damage":2,"enemies":"conspire:RoseBush","floor":10,"turns":4},{"damage":3,"enemies":"conspire:2 RoseBushes","floor":11,"turns":5},{"damage":42,"enemies":"Fading Forest","floor":16,"turns":11},{"damage":19,"enemies":"2 Thieves","floor":18,"turns":5},{"damage":14,"enemies":"conspire:FuzzyDice","floor":19,"turns":8},{"damage":38,"enemies":"Snecko","floor":20,"turns":8},{"damage":29,"enemies":"conspire:Head Lice","floor":24,"turns":6},{"damage":13,"enemies":"Snake Plant","floor":25,"turns":1}],"seed_played":"8312587878317137054","potions_obtained":[{"floor":1,"key":"EssenceOfSteel"},{"floor":7,"key":"AttackPotion"},{"floor":16,"key":"Venom Potion"},{"floor":19,"key":"Fire Potion"}],"is_trial":false,"path_per_floor":["M","?","?","?","M","R","E","R","T","M","M","$","R","?","R_BF","B",null,"M","M","M","?","?","R","E","M"],"character_chosen":"THE_ELEMENTALIST","items_purchased":["elementalist:Spark","Blue Doll","elementalist:Etherstrike"],"campfire_rested":1,"item_purchase_floors":[12,12,12],"current_hp_per_floor":[70,70,70,70,68,68,75,75,75,73,70,77,77,83,83,41,83,65,51,13,13,13,38,9,0,0],"gold":214,"neow_bonus":"THREE_ENEMY_KILL","is_daily":false,"chose_seed":false,"campfire_upgraded":4,"win_rate":0.0,"timestamp":1612387422,"path_taken":["M","?","?","?","?","R","E","R","T","M","?","?","R","?","R_BF","BOSS","M","M","M","?","?","R","E","M"],"items_purchased_type":["Card","Relic","Card"],"build_version":"2020-12-22","purchased_purges":0,"victory":false,"max_hp_per_floor":[70,70,70,70,70,70,77,77,77,77,77,77,77,83,83,83,83,84,84,84,84,84,84,84,84,84],"relic_stats":{"counters":[11,51],"Bird Faced Urn":[0],"MealTicket":7,"obtain_stats":[{"NeowsBlessing":0,"halation:BottledLove":4,"Strawberry":7,"Bird Faced Urn":24,"elementalistmod:YellowCirclet":10,"MealTicket":9,"Blue Doll":12,"StuffTheSpire:RedRose":3,"energizedSpire:DeadBattery":17,"elementalistmod:MagusStaff":0,"elementalistmod:GraduationLetter":0},{"NeowsBlessing":0,"halation:BottledLove":1,"Strawberry":3,"Bird Faced Urn":10,"elementalistmod:YellowCirclet":4,"MealTicket":3,"Blue Doll":5,"StuffTheSpire:RedRose":1,"energizedSpire:DeadBattery":6,"elementalistmod:MagusStaff":0,"elementalistmod:GraduationLetter":0},{"NeowsBlessing":0,"halation:BottledLove":1,"Strawberry":3,"Bird Faced Urn":50,"elementalistmod:YellowCirclet":4,"MealTicket":3,"Blue Doll":12,"StuffTheSpire:RedRose":1,"energizedSpire:DeadBattery":23,"elementalistmod:MagusStaff":0,"elementalistmod:GraduationLetter":0}]},"card_choices":[{"not_picked":["elementalist:Lunar_Form","elementalist:Prepared_Sand"],"picked":"elementalist:Magma_Shot","floor":1},{"not_picked":["elementalist:Ignition","elementalist:Monument","elementalist:Emberveil"],"picked":"SKIP","floor":5},{"not_picked":["elementalist:Overheat","elementalist:Cyclone"],"picked":"elementalist:Fission_Lance","floor":7},{"not_picked":["elementalist:Confluence","elementalist:Wards","elementalist:Emberveil"],"picked":"SKIP","floor":10},{"not_picked":["elementalist:Gaian_Form","elementalist:Vaccuum"],"picked":"elementalist:Ferruchemy","floor":11},{"not_picked":["elementalist:Erosion","elementalist:Ferruchemy"],"picked":"elementalist:Absolute_Zero","floor":16},{"not_picked":["elementalist:Mage_Hand","elementalist:Blaze","elementalist:Monument+1"],"picked":"SKIP","floor":18},{"not_picked":["elementalist:Prepared_Sand","elementalist:Aero+1"],"picked":"elementalist:Widdershins_Conversion","floor":19},{"not_picked":["elementalist:Mage_Hand","elementalist:Stone_to_Mud","elementalist:Sidereal_Form+1"],"picked":"SKIP","floor":20},{"not_picked":["elementalist:Magma_Shot","elementalist:Prepared_Sand","elementalist:Monument"],"picked":"SKIP","floor":24}],"player_experience":1061157,"relics_obtained":[{"floor":7,"key":"Strawberry"},{"floor":9,"key":"MealTicket"},{"floor":24,"key":"Bird Faced Urn"}],"event_choices":[{"damage_healed":0,"gold_gain":0,"player_choice":"Gave Potion","damage_taken":0,"relics_obtained":["halation:BottledLove"],"max_hp_gain":0,"max_hp_loss":0,"event_name":"WeMeetAgain","floor":4,"gold_loss":0},{"damage_healed":0,"gold_gain":0,"player_choice":"RENOUNCE","damage_taken":8,"max_hp_gain":0,"max_hp_loss":0,"event_name":"betterThird:BetterSerpent","floor":14,"gold_loss":8,"cards_obtained":["Enlightenment"]},{"damage_healed":0,"gold_gain":0,"player_choice":"Ignored","damage_taken":0,"max_hp_gain":0,"max_hp_loss":0,"event_name":"betterNote:BetterNote","floor":21,"gold_loss":0,"cards_obtained":["Neutralize"]}],"is_beta":false,"boss_relics":[{"not_picked":["aspiration:SecretTechniqueScroll","Philosopher\u0027s Stone"],"picked":"energizedSpire:DeadBattery"}],"items_purged_floors":[],"is_endless":false,"potions_floor_spawned":[1,7,16,19],"killed_by":"Snake Plant","ascension_level":0}}