{"host":"v380u9jqfq8325l5","time":1612317555,"event":{"mods":["BaseMod","Bestiary","BetterRewards","Colored Map","Colored Powertips","Curses Come First","Evolution","Halation","Hubris","Infinite Spire","Minty Spire (QoL Compilation)","Reliquary","Spire Arcade","StSLib","SuperFastMode"],"gold_per_floor":[215,215,215,227,257,296,325,369,381,12,42,42,69,69,69,168,168,185,201,220,220,220,220,220],"floor_reached":23,"language":"ENG","playtime":636,"items_purged":["Strike_R"],"score":305,"play_id":"3e003970-6e16-4cf0-8058-a21feff2f36d","local_time":"20210203045915","is_ascension_mode":true,"campfire_choices":[{"data":"Barricade","floor":15,"key":"SMITH"}],"circlet_count":0,"master_deck":["Pommel Strike","Strike_R","Strike_R","Strike_R","Defend_R","Defend_R","Defend_R","Defend_R","Bash","Spot Weakness","Barricade+1","Twin Strike","Inflame","Sword Boomerang","Pummel","Juggernaut","Juggernaut","infinitespire:OneForAll","Armaments","Twin Strike","infinitespire:Execution"],"relics":["infinitespire:DarkRift","EVO:Axolotl","infinitespire:Cubic Diamond","MawBank","Mango","infinitespire:Lucky Rock","Ornamental Fan","reliquary:BallBearing","Prayer Wheel","reliquary:MedicineBall","Cursed Key","hubris:Icosahedron"],"acts_visited":["Exordium","TheCity"],"potions_floor_usage":[6,16],"damage_taken":[{"damage":1,"enemies":"Cultist","floor":1,"turns":3},{"damage":3,"enemies":"Small Slimes","floor":5,"turns":3},{"damage":30,"enemies":"3 Sentries","floor":6,"turns":8},{"damage":6,"enemies":"Jaw Worm","floor":7,"turns":2},{"damage":0,"enemies":"Lagavulin","floor":8,"turns":3},{"damage":34,"enemies":"3 Sentries","floor":11,"turns":8},{"damage":0,"enemies":"Lagavulin","floor":13,"turns":5},{"damage":13,"enemies":"Hexaghost","floor":16,"turns":9},{"damage":5,"enemies":"Chosen","floor":18,"turns":3},{"damage":11,"enemies":"3 Byrds","floor":19,"turns":4},{"damage":19,"enemies":"Centurion and Healer","floor":20,"turns":5},{"damage":47,"enemies":"Book of Stabbing","floor":23,"turns":3}],"seed_played":"2067086190848518590","potions_obtained":[{"floor":5,"key":"CultistPotion"},{"floor":7,"key":"Ancient Potion"},{"floor":11,"key":"BloodPotion"},{"floor":16,"key":"Swift Potion"},{"floor":20,"key":"SteroidPotion"}],"is_trial":false,"path_per_floor":["M","?","?","T","M","E","M","E","T","$","E","$","E","?","R","B",null,"M","M","M","?","?","E"],"character_chosen":"IRONCLAD","items_purchased":["reliquary:BallBearing","Sword Boomerang"],"campfire_rested":0,"item_purchase_floors":[10,10],"current_hp_per_floor":[80,80,80,80,77,61,55,55,55,55,21,21,21,26,26,32,99,94,83,64,40,40,0,0],"gold":220,"neow_bonus":"HUNDRED_GOLD","is_daily":false,"chose_seed":false,"campfire_upgraded":1,"win_rate":0.0,"timestamp":1612317555,"path_taken":["M","?","?","?","M","E","?","E","T","$","E","?","E","?","R","BOSS","M","M","M","?","?","E"],"items_purchased_type":["Relic","Card"],"build_version":"2020-12-22","purchased_purges":1,"victory":false,"max_hp_per_floor":[80,80,80,80,80,94,94,94,94,94,94,94,94,99,99,99,99,99,99,99,99,99,99,99],"card_choices":[{"not_picked":["Second Wind","hubris:ReadiedAction"],"picked":"Spot Weakness","floor":1},{"not_picked":["Flame Barrier","Iron Wave"],"picked":"Barricade","floor":5},{"not_picked":["Pommel Strike","Blood for Blood"],"picked":"Twin Strike","floor":6},{"not_picked":["Perfected Strike","Iron Wave"],"picked":"Inflame","floor":7},{"not_picked":["Second Wind","Barricade","Searing Blow"],"picked":"SKIP","floor":8},{"not_picked":["Spot Weakness","Clothesline"],"picked":"Pummel","floor":11},{"not_picked":["Bloodletting","Evolve"],"picked":"Juggernaut","floor":13},{"not_picked":["Corruption","Brutality"],"picked":"Juggernaut","floor":16},{"not_picked":["Twin Strike","Second Wind+1"],"picked":"infinitespire:OneForAll","floor":18},{"not_picked":["Dual Wield","hubris:ReadiedAction","Headbutt+1"],"picked":"SKIP","floor":18},{"not_picked":["Headbutt+1","Flame Barrier"],"picked":"Armaments","floor":19},{"not_picked":["Sword Boomerang","Fire Breathing","Thunderclap"],"picked":"SKIP","floor":19},{"not_picked":["Cleave","Sever Soul"],"picked":"Twin Strike","floor":20},{"not_picked":["Anger","Pommel Strike+1","Havoc+1"],"picked":"SKIP","floor":20},{"not_picked":["infinitespire:Punishment","infinitespire:FinalStrike"],"picked":"infinitespire:Execution","floor":21}],"player_experience":214464,"relics_obtained":[{"floor":3,"key":"MawBank"},{"floor":6,"key":"Mango"},{"floor":8,"key":"infinitespire:Lucky Rock"},{"floor":9,"key":"Ornamental Fan"},{"floor":11,"key":"Prayer Wheel"},{"floor":13,"key":"reliquary:MedicineBall"}],"event_choices":[{"damage_healed":0,"gold_gain":0,"player_choice":"Donut","damage_taken":0,"max_hp_gain":5,"max_hp_loss":0,"event_name":"Big Fish","floor":14,"gold_loss":0}],"is_beta":false,"boss_relics":[{"not_picked":["halation:PlatinumPhoenix","halation:MonkeysPaw"],"picked":"Cursed Key"}],"items_purged_floors":[10],"is_endless":false,"potions_floor_spawned":[5,7,11,16,20],"killed_by":"Book of Stabbing","ascension_level":1}}