{"host":"b9sas8jv6tsy9swm","time":1612315908,"event":{"mods":["AchievementEnabler","BaseMod","Minty Spire (QoL Compilation)","Permanent Neow","Quick Restart","Replay The Spire","StSLib"],"gold_per_floor":[113,113,38,58,74,118,118,154,222,242,142,142,181,204,204,329,329,348,364,103,121,121,121,142,182,230,253,253,253,269,293,293,293,293],"floor_reached":33,"language":"ZHS","playtime":1508,"items_purged":["Normality","Strike_R"],"score":376,"play_id":"1d396f2f-7641-4cdb-b1b9-09e632f3d3df","local_time":"20210203093148","is_ascension_mode":true,"campfire_choices":[{"data":"Apotheosis","floor":7.0,"key":"SMITH"},{"floor":15.0,"key":"REST"},{"floor":28,"key":"REST"},{"floor":32,"key":"REST"}],"circlet_count":0,"master_deck":["Strike_R","Strike_R","Strike_R","Strike_R","Defend_R","Defend_R","Defend_R","Defend_R","Bash","Apotheosis+1","Cleave","Body Slam","Fire Breathing","Shrug It Off","Corruption","Shrug It Off","Offering","Defy Death","ReplayReversal"],"relics":["Burning Blood","Golden Idol","Bird Faced Urn","Replay:Wax Seal","Quantum Egg","Replay:Arrowhead","Fusion Hammer","Mummified Hand","Replay:Bottled Snecko","MealTicket"],"acts_visited":["Exordium","TheCity"],"potions_floor_usage":[27,31],"damage_taken":[{"damage":2.0,"enemies":"Cultist","floor":1.0,"turns":4.0},{"damage":0.0,"enemies":"Small Slimes","floor":4.0,"turns":3.0},{"damage":4.0,"enemies":"Jaw Worm","floor":5.0,"turns":3.0},{"damage":36.0,"enemies":"Gremlin Nob","floor":6.0,"turns":4.0},{"damage":6.0,"enemies":"3 Sentries","floor":8.0,"turns":4.0},{"damage":0.0,"enemies":"2 Fungi Beasts","floor":10.0,"turns":3.0},{"damage":21.0,"enemies":"Lagavulin","floor":13.0,"turns":7.0},{"damage":5.0,"enemies":"Exordium Wildlife","floor":14.0,"turns":4.0},{"damage":4.0,"enemies":"Fading Forest","floor":16.0,"turns":11.0},{"damage":6.0,"enemies":"3 Byrds","floor":18.0,"turns":4.0},{"damage":15.0,"enemies":"2 Thieves","floor":19.0,"turns":4.0},{"damage":15.0,"enemies":"Shelled Parasite and Fungi","floor":21.0,"turns":2.0},{"damage":27.0,"enemies":"Cultist and Chosen","floor":24.0,"turns":6.0},{"damage":32.0,"enemies":"Slavers","floor":25.0,"turns":3.0},{"damage":6,"enemies":"Centurion and Healer","floor":27,"turns":4},{"damage":6,"enemies":"Sentry and Sphere","floor":30,"turns":4},{"damage":14,"enemies":"Chosen and Byrds","floor":31,"turns":4},{"damage":84,"enemies":"Champ","floor":33,"turns":9}],"seed_played":"-5454498406927195656","potions_obtained":[{"floor":4.0,"key":"Strength Potion"},{"floor":6.0,"key":"ColorlessPotion"},{"floor":8.0,"key":"Flashbang"},{"floor":14.0,"key":"AttackPotion"},{"floor":19.0,"key":"SkillPotion"},{"floor":21.0,"key":"CultistPotion"},{"floor":27,"key":"EssenceOfSteel"}],"is_trial":false,"path_per_floor":["M","?","$","M","M","E","R","E","T","M","$","?","E","M","R","B",null,"M","M","$","M","?","?","M","E","T","M","R","?","M","M","R","B"],"character_chosen":"IRONCLAD","items_purchased":["Mummified Hand"],"campfire_rested":3,"item_purchase_floors":[20],"current_hp_per_floor":[76,56,56,62,64,34,34,36,36,42,42,42,29,32,56,64,76,80,71,71,66,51,51,34,12,12,12,37,37,39,35,60,0,0],"gold":293,"neow_bonus":"RANDOM_COLORLESS_2","is_daily":false,"chose_seed":false,"campfire_upgraded":1,"win_rate":0.0,"timestamp":1612315908,"path_taken":["M","?","$","M","M","E","R","E","T","M","$","?","E","M","R","BOSS","M","M","$","?","?","?","M","E","T","M","R","?","?","M","R","BOSS"],"items_purchased_type":["Relic"],"build_version":"2020-12-22","purchased_purges":2,"victory":false,"max_hp_per_floor":[80,80,80,80,80,80,80,80,80,80,80,80,80,80,80,80,80,80,80,80,80,85,85,85,85,85,85,85,85,85,85,85,85,85],"card_choices":[{"not_picked":["ReplayUltimateDefense","The Bomb"],"picked":"Apotheosis","floor":0.0},{"not_picked":["Blood for Blood","Clash"],"picked":"Cleave","floor":1.0},{"not_picked":["Entrench","Feel No Pain"],"picked":"Body Slam","floor":4.0},{"not_picked":["Anger","Wild Strike"],"picked":"Fire Breathing","floor":5.0},{"not_picked":["Anger","Clash"],"picked":"Shrug It Off","floor":6.0},{"not_picked":["Disarm","Feel No Pain","Bludgeon"],"picked":"SKIP","floor":8.0},{"not_picked":["Warcry","Armaments","Anger"],"picked":"SKIP","floor":10.0},{"not_picked":["Havoc","Inflame","Fire Breathing"],"picked":"SKIP","floor":13.0},{"not_picked":["Anger","Headbutt"],"picked":"Shrug It Off","floor":14.0},{"not_picked":["Juggernaut","Reaper"],"picked":"Offering","floor":16.0},{"not_picked":["Replay:Undeath\u0027s Touch+1","Clash","Thunderclap"],"picked":"SKIP","floor":18.0},{"not_picked":["Flex","ReplayTheSpireMod:Muscle Training"],"picked":"Defy Death","floor":19.0},{"not_picked":["Pommel Strike","Clothesline","Run Through"],"picked":"SKIP","floor":21.0},{"not_picked":["Perfected Strike","Armaments","Second Wind+1"],"picked":"SKIP","floor":24.0},{"not_picked":["Sever Soul","Pommel Strike+1","Life Link"],"picked":"SKIP","floor":25.0},{"not_picked":["Brutality","Pommel Strike+1","Warcry"],"picked":"SKIP","floor":27},{"not_picked":["Rupture","Pommel Strike"],"picked":"ReplayReversal","floor":30},{"not_picked":["Hemokinesis","Clash","Fire Breathing"],"picked":"SKIP","floor":31}],"player_experience":430991,"relics_obtained":[{"floor":6.0,"key":"Bird Faced Urn"},{"floor":8.0,"key":"Replay:Wax Seal"},{"floor":9.0,"key":"Quantum Egg"},{"floor":13.0,"key":"Replay:Arrowhead"},{"floor":25.0,"key":"Replay:Bottled Snecko"},{"floor":26.0,"key":"MealTicket"}],"event_choices":[{"damage_healed":0.0,"max_hp_gain":0.0,"max_hp_loss":0.0,"gold_gain":0.0,"event_name":"Golden Idol","player_choice":"Take Damage","floor":2.0,"gold_loss":0.0,"damage_taken":20.0,"relics_obtained":["Golden Idol"]},{"damage_healed":0.0,"max_hp_gain":0.0,"max_hp_loss":0.0,"gold_gain":0.0,"event_name":"Match and Keep!","player_choice":"1 cards matched","floor":12.0,"gold_loss":0.0,"damage_taken":0.0,"cards_obtained":["Corruption"]},{"damage_healed":0.0,"max_hp_gain":5.0,"max_hp_loss":0.0,"gold_gain":0.0,"event_name":"Forgotten Altar","player_choice":"Shed Blood","floor":22.0,"gold_loss":0.0,"damage_taken":20.0},{"damage_healed":0.0,"max_hp_gain":0.0,"max_hp_loss":0.0,"gold_gain":0.0,"event_name":"Vampires","player_choice":"Ignored","floor":23.0,"gold_loss":0.0,"damage_taken":0.0},{"damage_healed":0,"gold_gain":0,"player_choice":"Ignored","damage_taken":0,"max_hp_gain":0,"max_hp_loss":0,"event_name":"Ghosts","floor":29,"gold_loss":0}],"is_beta":false,"boss_relics":[{"not_picked":["Black Star","Replay:Drink Me"],"picked":"Fusion Hammer"}],"items_purged_floors":[3,11],"is_endless":false,"potions_floor_spawned":[4,6,8,14,18,19,21,27],"killed_by":"Champ","ascension_level":6}}