{"host":"w8jq41i5zn1fudf9","time":1612319476,"event":{"mods":["AchievementEnabler","BaseMod","Colored Map","Colored Powertips","Curses Come First","GifTheSpireLib","Googly Eyes","Minty Spire (QoL Compilation)","Quick Restart","Rare Cards Sparkle","Relic Stats","StSLib","The Awakened One except there are too many feathers","egg","everything is the same but u backflip on backflip","slay the spire mod where everything is the same but ironclad has a cowboy hat"],"gold_per_floor":[117,117,135,135,147,147,171,246,246,246,246,262,27,38,38,140,140,158,14,14,14,24,50,50,81,163,181,96,96,96,123,123,228,228,246,151,151,129,148,148,166,179,231,54,69,69,79,96,96,96,96],"floor_reached":50,"language":"ENG","playtime":1638,"items_purged":["Strike_B"],"score":588,"play_id":"e5ec1c8c-a937-45dc-839a-76d50a1ab743","local_time":"20210202193116","is_ascension_mode":true,"campfire_choices":[{"data":"Electrodynamics","floor":6,"key":"SMITH"},{"data":"Dualcast","floor":11,"key":"SMITH"},{"floor":15,"key":"REST"},{"floor":24,"key":"REST"},{"floor":30,"key":"REST"},{"floor":32,"key":"REST"},{"floor":40,"key":"REST"},{"floor":46,"key":"REST"},{"floor":49,"key":"REST"}],"circlet_count":0,"master_deck":["Strike_B","Strike_B","Defend_B","Defend_B","Defend_B","Defend_B","Zap+1","Dualcast+1","Electrodynamics+1","BootSequence","Sweeping Beam","Cold Snap","Conserve Battery","Redo","Echo Form","Glacier","Capacitor","Loop+1","Streamline+1","Zap+1","Melter+1","Reinforced Body","Thunder Strike","Ball Lightning+1","Discovery","Transmutation","Ball Lightning","Chaos+1","Doom and Gloom","Core Surge","Rainbow"],"relics":["Cracked Core","Odd Mushroom","Cables","Chemical X","Fusion Hammer","Bronze Scales","Bottled Tornado","Dream Catcher","Question Card","Regal Pillow","Omamori","Calling Bell","Happy Flower","Mummified Hand","Thread and Needle","Smiling Mask"],"acts_visited":["Exordium","TheCity","TheBeyond"],"potions_floor_usage":[16,16,23,33,39,41,50,50],"damage_taken":[{"damage":7,"enemies":"Jaw Worm","floor":1,"turns":2},{"damage":0,"enemies":"2 Louse","floor":3,"turns":2},{"damage":1,"enemies":"Cultist","floor":5,"turns":3},{"damage":0,"enemies":"The Mushroom Lair","floor":7,"turns":2},{"damage":3,"enemies":"Blue Slaver","floor":12,"turns":2},{"damage":1,"enemies":"Exordium Wildlife","floor":14,"turns":2},{"damage":6,"enemies":"Slime Boss","floor":16,"turns":6},{"damage":6,"enemies":"Spheric Guardian","floor":18,"turns":3},{"damage":0,"enemies":"Chosen","floor":22,"turns":4},{"damage":8,"enemies":"Slavers","floor":23,"turns":4},{"damage":19,"enemies":"Gremlin Leader","floor":25,"turns":6},{"damage":20,"enemies":"Snake Plant","floor":27,"turns":3},{"damage":34,"enemies":"Book of Stabbing","floor":31,"turns":5},{"damage":42,"enemies":"Collector","floor":33,"turns":8},{"damage":3,"enemies":"Orb Walker","floor":35,"turns":3},{"damage":36,"enemies":"3 Darklings","floor":39,"turns":4},{"damage":21,"enemies":"Sphere and 2 Shapes","floor":41,"turns":4},{"damage":0,"enemies":"Spire Growth","floor":42,"turns":3},{"damage":18,"enemies":"Maw","floor":45,"turns":7},{"damage":10,"enemies":"4 Shapes","floor":47,"turns":3},{"damage":22,"enemies":"Writhing Mass","floor":48,"turns":4},{"damage":89,"enemies":"Awakened One","floor":50,"turns":9}],"seed_played":"-2855160924688382354","potions_obtained":[{"floor":1,"key":"Explosive Potion"},{"floor":3,"key":"AttackPotion"},{"floor":16,"key":"DuplicationPotion"},{"floor":18,"key":"LiquidBronze"},{"floor":22,"key":"Block Potion"},{"floor":31,"key":"Explosive Potion"},{"floor":42,"key":"SteroidPotion"},{"floor":45,"key":"SkillPotion"},{"floor":47,"key":"Fire Potion"}],"is_trial":false,"path_per_floor":["M","$","M","?","M","R","?","?","T","?","R","M","$","M","R","B",null,"M","$","?","$","M","E","R","E","T","M","?","?","R","E","R","B",null,"M","$","?","$","M","R","M","M","T","$","M","R","M","M","R","B"],"character_chosen":"DEFECT","items_purchased":["Chemical X","Conserve Battery","Redo","Bronze Scales","Discovery","Ball Lightning","Doom and Gloom","SpeedPotion"],"campfire_rested":7,"item_purchase_floors":[13,13,13,19,36,38,44,44],"current_hp_per_floor":[68,68,68,68,67,67,67,56,56,49,49,46,46,45,67,61,75,69,69,69,69,69,61,75,56,56,36,36,36,73,39,75,33,75,72,72,72,72,36,73,52,52,52,52,34,71,61,39,75,0,0],"gold":96,"neow_bonus":"ONE_RANDOM_RARE_CARD","is_daily":false,"chose_seed":false,"campfire_upgraded":2,"win_rate":0.0,"timestamp":1612319476,"path_taken":["M","$","M","?","M","R","?","?","T","?","R","?","$","M","R","BOSS","M","$","?","$","M","E","R","E","T","M","?","?","R","E","R","BOSS","M","?","?","?","M","R","M","M","T","$","M","R","?","?","R","BOSS"],"items_purchased_type":["Relic","Card","Card","Relic","Card","Card","Card","Potion"],"build_version":"2020-12-22","purchased_purges":1,"victory":false,"max_hp_per_floor":[75,75,75,75,75,75,75,75,75,75,75,75,75,75,75,75,75,75,75,75,75,75,75,75,75,75,75,75,75,75,75,75,75,75,75,75,75,75,75,75,75,75,75,75,75,75,75,75,75,75,75],"relic_stats":{"Dream Catcher":5,"Regal Pillow":73,"Happy Flower":[12],"counters":[22,88],"Mummified Hand":[32],"Bronze Scales":[228],"Chemical X":[10],"Question Card":17,"Smiling Mask":25,"obtain_stats":[{"Regal Pillow":28,"Happy Flower":34,"Thread and Needle":34,"Omamori":31,"Odd Mushroom":7,"Bottled Tornado":23,"Question Card":26,"Smiling Mask":43,"Cables":9,"Calling Bell":34,"Dream Catcher":25,"Mummified Hand":34,"Bronze Scales":19,"Fusion Hammer":17,"Chemical X":13,"Cracked Core":0},{"Regal Pillow":12,"Happy Flower":14,"Thread and Needle":14,"Omamori":13,"Odd Mushroom":4,"Bottled Tornado":10,"Question Card":11,"Smiling Mask":18,"Cables":4,"Calling Bell":14,"Dream Catcher":11,"Mummified Hand":14,"Bronze Scales":8,"Fusion Hammer":7,"Chemical X":5,"Cracked Core":0},{"Regal Pillow":39,"Happy Flower":52,"Thread and Needle":52,"Omamori":44,"Odd Mushroom":9,"Bottled Tornado":30,"Question Card":36,"Smiling Mask":66,"Cables":9,"Calling Bell":52,"Dream Catcher":36,"Mummified Hand":52,"Bronze Scales":22,"Fusion Hammer":19,"Chemical X":11,"Cracked Core":0}],"Cables":[62,48,12,2,0]},"card_choices":[{"not_picked":["Coolheaded","Go for the Eyes"],"picked":"BootSequence","floor":1},{"not_picked":["Self Repair","Leap"],"picked":"Sweeping Beam","floor":3},{"not_picked":["Beam Cell","Sunder"],"picked":"Cold Snap","floor":5},{"not_picked":["Steam Power","Sweeping Beam","Beam Cell"],"picked":"SKIP","floor":12},{"not_picked":["Rip and Tear","Barrage","Self Repair"],"picked":"SKIP","floor":14},{"not_picked":["Creative AI","Electrodynamics"],"picked":"Echo Form","floor":16},{"not_picked":["Storm+1","White Noise"],"picked":"Glacier","floor":18},{"not_picked":["Skim","Consume","Compile Driver"],"picked":"SKIP","floor":22},{"not_picked":["Cold Snap+1","Steam"],"picked":"Loop+1","floor":23},{"not_picked":["Double Energy","Chill"],"picked":"Streamline+1","floor":25},{"not_picked":["Steam Power","Streamline+1","Gash","Compile Driver"],"picked":"SKIP","floor":27},{"not_picked":["Coolheaded","Stack","Cold Snap"],"picked":"Melter+1","floor":30},{"not_picked":["Force Field","White Noise","Scrape"],"picked":"Reinforced Body","floor":31},{"not_picked":["Core Surge","Reboot","Biased Cognition"],"picked":"Thunder Strike","floor":33},{"not_picked":["Hologram+1","Compile Driver+1","Barrage+1"],"picked":"Ball Lightning+1","floor":35},{"not_picked":["Good Instincts","PanicButton","Thinking Ahead"],"picked":"Transmutation","floor":37},{"not_picked":["Beam Cell+1","Stack+1","Sweeping Beam"],"picked":"Chaos+1","floor":39},{"not_picked":["Gash+1","Barrage+1","Cold Snap+1","Leap+1"],"picked":"SKIP","floor":41},{"not_picked":["Conserve Battery+1","Self Repair","Redo+1","Scrape"],"picked":"SKIP","floor":42},{"not_picked":["Barrage+1","Hologram","Rebound+1","Rip and Tear+1"],"picked":"SKIP","floor":45},{"not_picked":["Redo+1","Cold Snap","Recycle"],"picked":"Core Surge","floor":46},{"not_picked":["Stack+1","Darkness+1","Genetic Algorithm+1","Cold Snap+1"],"picked":"SKIP","floor":47},{"not_picked":["Storm","Turbo+1","FTL","Stack+1"],"picked":"SKIP","floor":48},{"not_picked":["Leap+1","Aggregate+1","Gash"],"picked":"Rainbow","floor":49}],"player_experience":82525,"relics_obtained":[{"floor":7,"key":"Odd Mushroom"},{"floor":9,"key":"Cables"},{"floor":23,"key":"Bottled Tornado"},{"floor":25,"key":"Dream Catcher"},{"floor":26,"key":"Question Card"},{"floor":31,"key":"Omamori"},{"floor":34,"key":"Happy Flower"},{"floor":34,"key":"Mummified Hand"},{"floor":34,"key":"Thread and Needle"},{"floor":43,"key":"Smiling Mask"}],"event_choices":[{"damage_healed":0,"gold_gain":0,"player_choice":"Grow","damage_taken":0,"max_hp_gain":0,"max_hp_loss":0,"event_name":"Living Wall","floor":4,"gold_loss":0,"cards_upgraded":["Zap"]},{"damage_healed":0,"gold_gain":0,"player_choice":"Fought Mushrooms","damage_taken":0,"max_hp_gain":0,"max_hp_loss":0,"event_name":"Mushrooms","floor":7,"gold_loss":0},{"damage_healed":0,"gold_gain":75,"player_choice":"Gather Gold","damage_taken":11,"max_hp_gain":0,"max_hp_loss":0,"event_name":"World of Goop","floor":8,"gold_loss":0},{"cards_removed":["Strike_B"],"damage_healed":0,"gold_gain":0,"player_choice":"Card Removal","damage_taken":7,"max_hp_gain":0,"max_hp_loss":0,"event_name":"Golden Wing","floor":10,"gold_loss":0},{"damage_healed":0,"gold_gain":0,"player_choice":"Read","damage_taken":0,"max_hp_gain":0,"max_hp_loss":0,"event_name":"The Library","floor":20,"gold_loss":0,"cards_obtained":["Capacitor"]},{"damage_healed":0,"gold_gain":0,"player_choice":"Obtained Relic","damage_taken":0,"relics_obtained":["Regal Pillow"],"max_hp_gain":0,"max_hp_loss":0,"event_name":"Addict","floor":28,"gold_loss":85},{"damage_healed":0,"gold_gain":0,"player_choice":"Copied","damage_taken":0,"max_hp_gain":0,"max_hp_loss":0,"event_name":"Duplicator","floor":29,"gold_loss":0,"cards_obtained":["Zap"]},{"damage_healed":0,"gold_gain":0,"player_choice":"Memory 1","damage_taken":0,"max_hp_gain":0,"max_hp_loss":0,"event_name":"SensoryStone","floor":37,"gold_loss":0}],"is_beta":false,"boss_relics":[{"not_picked":["Snecko Eye","SacredBark"],"picked":"Fusion Hammer"},{"not_picked":["Tiny House","Empty Cage"],"picked":"Calling Bell"}],"items_purged_floors":[44],"is_endless":false,"potions_floor_spawned":[1,3,16,18,22,31,42,45,47],"killed_by":"Awakened One","ascension_level":4}}