{"host":"farxtl2u8hmkbdo2","time":1612331383,"event":{"mods":["A Magickal Journey","Ascension Reborn","BaseMod","Better Altar","Better Note","Better Sensory Stone","Better Skull","Better Third Choice","Challenge The Spire","Colored Map","Colored Powertips","Current Relic Mod","Downfall","Energized Spire","Fox Events","Gremlin Mod","Hermit","Hubris","Mimic Mod","Minty Spire (QoL Compilation)","Prisma Mod","Quick Restart","READ ME - Guardian Mod","READ ME - Snecko Mod","Rare Cards Sparkle","StSLib","The Bladedancer","The Bug Knight","The Cursed","The Disciple","The Hierophant","The Marked","The Necromancer","The Runesmith","Transform Curses"],"gold_per_floor":[99,115,132,145,163,176,201,201,211,136,164,198,148,182,193,290,417,367,383,383,396,26,26,130,160,110,125,125,158,108,108,122,221,298,248,260,274,293,1,1,126,126,160,173,187,287,312,212,228,228],"floor_reached":51,"language":"SPA","playtime":5029,"items_purged":[],"score":846,"play_id":"c9624241-6e6c-40e9-b276-c37db1507a0c","local_time":"20210203024943","is_ascension_mode":true,"campfire_choices":[{"data":"Slimebound:Tackle","floor":1,"key":"SMITH"},{"data":"Slimebound:SlimeSlap","floor":13,"key":"SMITH"},{"data":"Slimebound:Split","floor":18,"key":"SMITH"},{"floor":23,"key":"REST"},{"data":"expansioncontent:QuickStudy","floor":26,"key":"SMITH"},{"data":"Slimebound:MassRepurpose","floor":30,"key":"SMITH"},{"data":"Slimebound:Repurpose","floor":35,"key":"SMITH"}],"circlet_count":0,"master_deck":["Slimebound:Strike_Slimebound","Slimebound:Tackle+1","Slimebound:Defend_Slimebound","Slimebound:Defend_Slimebound","Slimebound:Defend_Slimebound","Slimebound:Defend_Slimebound","Slimebound:Split+1","Slimebound:CorrosiveSpit","Slimebound:RollThrough","Slimebound:Repurpose+1","Slimebound:SlimeSlap+1","Slimebound:GoopSpray","Slimebound:Prepare+1","Slimebound:Repurpose","Slimebound:SamplingLick","Slimebound:LevelUp","Slimebound:FormOfPuddle","Slimebound:MassFeed+1","Slimebound:RainOfGoop","Slimebound:LeadByExample","Slimebound:GoopTackle+1","Slimebound:SlimeSpikes+1","expansioncontent:QuickStudy+1","Slimebound:RainOfGoop","Slimebound:ViciousTackle+1","Slimebound:Nibble+1","Slimebound:MassRepurpose+1","downfall:Bewildered","Slimebound:LevelUp","Slimebound:Teamwork","Slimebound:SlimeTap+1","Slimebound:SlimeSpikes+1","Parasite","Slimebound:SpikyOuterGoop","Slimebound:Dissolve","Slimebound:SplitMire","Slimebound:LeadByExample","Slimebound:LeechEnergy","expansioncontent:HyperBeam","expansioncontent:AwakenDeath","expansioncontent:Chronoboost","AscendersBane","Slimebound:SelfFormingGoo+1","Slimebound:SelfFormingGoo","Slimebound:Prepare+1","Slimebound:HauntingLick","Slimebound:MegaLick","Slimebound:SamplingLick"],"relics":["Slimebound:AbsorbEndCombat","Runesmith:AutoHammer","Slimebound:GreedOozeRelic","foxEvents:LuckyCharm","hubris:OldNail","Slimebound:MaxSlimesRelic","Tiny House","Bloody Idol","Blood Vial","Whetstone","Art of War","hubris:MysteriousPyramids","hubris:BundleOfHerbs","sneckomod:BabySnecko","Sozu","Centennial Puzzle","Juzu Bracelet","Shovel","White Beast Statue","hubris:PeanutButter"],"acts_visited":["Exordium","TheCity","TheBeyond"],"potions_floor_usage":[11,11,12,16,25,29,33,33,33,47],"damage_taken":[{"damage":3,"enemies":"Small Slimes","floor":2,"turns":2},{"damage":5,"enemies":"Cultist","floor":3,"turns":4},{"damage":1,"enemies":"Jaw Worm","floor":4,"turns":4},{"damage":21,"enemies":"Blue Slaver","floor":5,"turns":4},{"damage":1,"enemies":"3 Louse","floor":6,"turns":3},{"damage":13,"enemies":"Large Slime","floor":9,"turns":5},{"damage":7,"enemies":"Colosseum Slavers","floor":11,"turns":2},{"damage":8,"enemies":"HollowMod:MossKnight","floor":12,"turns":7},{"damage":11,"enemies":"Lagavulin","floor":14,"turns":5},{"damage":4,"enemies":"Red Slaver","floor":15,"turns":3},{"damage":26,"enemies":"IC_STATUS_ARCHETYPE","floor":16,"turns":7},{"damage":10,"enemies":"3 Byrds","floor":19,"turns":4},{"damage":9,"enemies":"3 Cultists","floor":21,"turns":5},{"damage":2,"enemies":"downfall:FleeingMerchant","floor":22,"turns":4},{"damage":24,"enemies":"Slavers","floor":25,"turns":4},{"damage":17,"enemies":"Centurion and Healer","floor":27,"turns":6},{"damage":28,"enemies":"Gremlin Leader","floor":29,"turns":6},{"damage":8,"enemies":"Sentry and Sphere","floor":32,"turns":3},{"damage":34,"enemies":"DF_ARCHETYPE_CLAW","floor":33,"turns":4},{"damage":2,"enemies":"Orb Walker","floor":36,"turns":3},{"damage":3,"enemies":"3 Darklings","floor":37,"turns":5},{"damage":0,"enemies":"Writhing Mass","floor":38,"turns":3},{"damage":0,"enemies":"downfall:FleeingMerchant","floor":39,"turns":4},{"damage":30,"enemies":"Nemesis","floor":43,"turns":7},{"damage":19,"enemies":"Transient","floor":44,"turns":5},{"damage":3,"enemies":"4 Shapes","floor":45,"turns":3},{"damage":7,"enemies":"downfall:LadyInBlue","floor":46,"turns":8},{"damage":25,"enemies":"HollowMod:StalkingDevout","floor":47,"turns":6},{"damage":0,"enemies":"Maw","floor":49,"turns":5},{"damage":36,"enemies":"WA_ARCHETYPE_DIVINITY","floor":50,"turns":7}],"seed_played":"7827589264625795449","potions_obtained":[{"floor":5,"key":"AttackPotion"},{"floor":6,"key":"Explosive Potion"},{"floor":9,"key":"ColorlessPotion"},{"floor":12,"key":"champ:CounterPotion"},{"floor":15,"key":"Slimebound:ThreeZeroPotion"},{"floor":16,"key":"Dexterity Potion"},{"floor":17,"key":"Strength Potion"},{"floor":19,"key":"Energy Potion"},{"floor":25,"key":"Guardian:BlockOnCardUsePotion"},{"floor":28,"key":"CultistPotion"},{"floor":29,"key":"CultistPotion"},{"floor":33,"key":"Ancient Potion"}],"is_trial":false,"path_per_floor":["R","M","M","M","M","M","T","?","M","?","?","E","R","E","M","B",null,"R","M","?","M","$","R","T","E","R","M","?","E","R","?","M","B",null,"R","M","M","M","$","?","T","?","E","M","M","?","E","NS","M","B",null],"character_chosen":"SLIMEBOUND","items_purchased":["expansioncontent:QuickStudy","Slimebound:RainOfGoop","Whetstone","Centennial Puzzle","Slimebound:SplitMire","Slimebound:LeadByExample","Slimebound:LeechEnergy"],"campfire_rested":1,"item_purchase_floors":[22,22,22,39,39,39,39],"current_hp_per_floor":[71,70,67,66,49,54,54,54,47,47,42,42,42,37,35,17,76,76,72,14,18,24,46,56,45,45,45,45,26,26,26,36,32,84,84,84,84,84,84,74,84,84,63,59,63,71,61,61,72,44],"gold":228,"neow_bonus":"TEN_PERCENT_HP_BONUS","is_daily":false,"chose_seed":false,"campfire_upgraded":6,"win_rate":0.0,"timestamp":1612331383,"path_taken":["R","M","M","M","M","M","T","?","?","?","?","E","R","E","M","BOSS","R","M","?","M","$","R","T","E","R","M","?","E","R","?","M","BOSS","R","M","M","M","$","?","T","?","E","M","M","?","E","NS","M","BOSS"],"items_purchased_type":["Card","Card","Relic","Relic","Card","Card","Card"],"build_version":"2020-12-22","purchased_purges":0,"victory":true,"max_hp_per_floor":[71,71,71,71,71,71,71,71,71,71,71,71,71,71,71,71,76,76,76,76,76,76,76,76,76,76,80,80,80,80,80,84,84,84,84,84,84,84,84,84,84,84,84,84,84,84,84,84,84,84],"card_choices":[{"not_picked":["Slimebound:Prepare","Slimebound:LeechEnergy"],"picked":"Slimebound:RollThrough","floor":2},{"not_picked":["Slimebound:FinishingTackle","Slimebound:GoopSpray"],"picked":"Slimebound:Repurpose","floor":3},{"not_picked":["Slimebound:Repurpose","Slimebound:Dissolve"],"picked":"Slimebound:SlimeSlap","floor":4},{"not_picked":["Slimebound:RollThrough","Slimebound:ItLooksTasty"],"picked":"Slimebound:GoopSpray","floor":5},{"not_picked":["Slimebound:Schlurp","Slimebound:PressTheAttack"],"picked":"Slimebound:Prepare","floor":6},{"not_picked":["Slimebound:Prepare","Slimebound:LeechingTouch"],"picked":"Slimebound:Repurpose","floor":9},{"not_picked":["Slimebound:FinishingTackle","Slimebound:SlimeBrawl"],"picked":"Slimebound:SamplingLick","floor":12},{"not_picked":["Slimebound:GoopTackle","Slimebound:RollThrough"],"picked":"Slimebound:LevelUp","floor":14},{"not_picked":["Slimebound:SplitAcid","Slimebound:RollThrough"],"picked":"Slimebound:FormOfPuddle","floor":15},{"not_picked":["Slimebound:MassRepurpose","Slimebound:WasteNot"],"picked":"Slimebound:MassFeed","floor":16},{"not_picked":["Slimebound:LeechingTouch","Slimebound:PressTheAttack"],"picked":"Slimebound:RainOfGoop","floor":17},{"not_picked":["Slimebound:SplitMire","Slimebound:PressTheAttack+1"],"picked":"Slimebound:LeadByExample","floor":19},{"not_picked":["Slimebound:PressTheAttack+1","Slimebound:Repurpose"],"picked":"Slimebound:GoopTackle+1","floor":21},{"not_picked":["Slimebound:DisruptingSlam","Slimebound:MegaLick"],"picked":"Slimebound:SlimeSpikes+1","floor":22},{"not_picked":["Slimebound:PressTheAttack+1","Slimebound:LeadByExample"],"picked":"Slimebound:ViciousTackle+1","floor":25},{"not_picked":["Slimebound:ItLooksTasty","Slimebound:LivingWall"],"picked":"Slimebound:Nibble+1","floor":27},{"not_picked":["Slimebound:RollThrough","Slimebound:AcidTongue+1"],"picked":"Slimebound:MassRepurpose","floor":29},{"not_picked":["Slimebound:SplitBruiser","Slimebound:FinishingTackle"],"picked":"Slimebound:LevelUp","floor":32},{"not_picked":["Slimebound:MassFeed","Slimebound:SlimeSlap"],"picked":"Slimebound:Teamwork","floor":33},{"not_picked":["Slimebound:Grow+1","Slimebound:MegaLick+1"],"picked":"Slimebound:SlimeTap+1","floor":36},{"not_picked":["Slimebound:Gluttony","Slimebound:ForwardTackle"],"picked":"Slimebound:SlimeSpikes+1","floor":37},{"not_picked":["Slimebound:LevelUp","Slimebound:TongueLash"],"picked":"Slimebound:SpikyOuterGoop","floor":38},{"not_picked":["Slimebound:SplitLeeching","Slimebound:Prepare"],"picked":"Slimebound:Dissolve","floor":39},{"not_picked":["expansioncontent:Chronoboost","expansioncontent:LastStand"],"picked":"expansioncontent:HyperBeam","floor":40},{"not_picked":["expansioncontent:YouAreMine","expansioncontent:HyperBeam"],"picked":"expansioncontent:AwakenDeath","floor":40},{"not_picked":["expansioncontent:YouAreMine","expansioncontent:AwakenDeath"],"picked":"expansioncontent:Chronoboost","floor":40},{"not_picked":["Slimebound:ComboTackle+1","Slimebound:ForwardTackle+1"],"picked":"Slimebound:SelfFormingGoo","floor":43},{"not_picked":["Slimebound:GoopTackle","Slimebound:Nibble+1"],"picked":"Slimebound:Prepare+1","floor":44},{"not_picked":["Slimebound:SplitBruiser","Slimebound:SpikyOuterGoop+1"],"picked":"Slimebound:HauntingLick","floor":45},{"not_picked":["Slimebound:ViciousTackle","Slimebound:Overexert"],"picked":"Slimebound:MegaLick","floor":47},{"not_picked":["Slimebound:Prepare+1","Slimebound:RollThrough"],"picked":"Slimebound:SamplingLick","floor":49}],"player_experience":2026366,"relics_obtained":[{"floor":7,"key":"Runesmith:AutoHammer"},{"floor":11,"key":"foxEvents:LuckyCharm"},{"floor":12,"key":"hubris:OldNail"},{"floor":14,"key":"Slimebound:MaxSlimesRelic"},{"floor":24,"key":"Art of War"},{"floor":25,"key":"hubris:MysteriousPyramids"},{"floor":29,"key":"hubris:BundleOfHerbs"},{"floor":41,"key":"Juzu Bracelet"},{"floor":43,"key":"Shovel"},{"floor":46,"key":"White Beast Statue"},{"floor":47,"key":"hubris:PeanutButter"}],"event_choices":[{"damage_healed":0,"gold_gain":0,"player_choice":" Idol Vial ","damage_taken":58,"relics_obtained":["Bloody Idol","Blood Vial"],"max_hp_gain":72,"max_hp_loss":14,"event_name":"betterAltar:BetterAltar","floor":20,"potions_obtained":[],"relics_lost":[],"gold_loss":0},{"damage_healed":0,"gold_gain":3,"player_choice":"3","damage_taken":0,"max_hp_gain":0,"max_hp_loss":0,"event_name":"betterStone:BetterStone","floor":42,"gold_loss":0,"cards_obtained":["Slimebound:SelfFormingGoo"]}],"is_beta":false,"boss_relics":[{"not_picked":["Philosopher\u0027s Stone","Fusion Hammer"],"picked":"Tiny House"},{"not_picked":["hubris:RunicObelisk","Coffee Dripper"],"picked":"Sozu"}],"items_purged_floors":[],"is_endless":false,"potions_floor_spawned":[5,6,9,12,15,16,19,25,29,33,36,37,38,43,47,49],"ascension_level":1}}