{"host":"08yfhu6uhosdn245","time":1612370087,"event":{"mods":["2.2 Compatiblity","BaseMod","Bestiary","Colored Map","Colored Powertips","Curses Come First","Highlight Path","Minty Spire (QoL Compilation)","Quick Restart","Relic Stats","StSLib"],"gold_per_floor":[112,112,61,236,236,270,270,304,304,337,355,355,388,400,400,502,502,517,517,517,141,151,185,185,185,185,200,230,230,249,284,284,380,380,391,391,404,404,420,453,453,479,479,510,529,529,564,575,575,575,575,575,12,39,39],"floor_reached":56,"language":"ENG","playtime":4573,"items_purged":["Doubt"],"score":1736,"play_id":"b9da3612-86ec-4773-9329-772e56f53eb3","local_time":"20210203113447","is_ascension_mode":true,"campfire_choices":[{"data":"Evaluate","floor":7.0,"key":"SMITH"},{"data":"Fasting2","floor":15.0,"key":"SMITH"},{"data":"Blasphemy","floor":24.0,"key":"SMITH"},{"data":"CrushJoints","floor":29.0,"key":"SMITH"},{"data":"Perseverance","floor":32.0,"key":"SMITH"},{"floor":41.0,"key":"RECALL"},{"floor":46.0,"key":"REST"},{"floor":49,"key":"REST"},{"floor":52,"key":"REST"}],"circlet_count":0,"master_deck":["Strike_P","Strike_P+1","Strike_P","Defend_P","Defend_P","Defend_P","Defend_P+1","Eruption","Vigilance","CrushJoints+1","Evaluate+1","Blasphemy+1","FlyingSleeves","Fasting2+1","SashWhip","Perseverance+1","DevaForm","EmptyBody+1","TalkToTheHand","SandsOfTime+1","Halt","CarveReality","SandsOfTime+1","ForeignInfluence+1","Ragnarok","Madness","Madness+1","Mind Blast+1","Consecrate+1","Devotion","Prostrate+1"],"relics":["PureWater","NeowsBlessing","Orichalcum","White Beast Statue","Akabeko","Bottled Flame","Torii","Dead Branch","Black Star","Enchiridion","Damaru","Sling","Lantern","Strawberry","Ornamental Fan","Happy Flower","Omamori","StrikeDummy","Ancient Tea Set","InkBottle","Fusion Hammer","Centennial Puzzle","Blood Vial","MealTicket","The Courier","Pen Nib","Bag of Preparation","Meat on the Bone","Gambling Chip","Ice Cream","War Paint","Whetstone","Nunchaku","Bronze Scales"],"acts_visited":["Exordium","TheCity","TheBeyond","TheEnding"],"potions_floor_usage":[50,50,54,55,55,55],"damage_taken":[{"damage":0.0,"enemies":"Jaw Worm","floor":1.0,"turns":1.0},{"damage":0.0,"enemies":"Lagavulin","floor":6.0,"turns":1.0},{"damage":0.0,"enemies":"3 Sentries","floor":8.0,"turns":1.0},{"damage":0.0,"enemies":"Lagavulin","floor":10.0,"turns":3.0},{"damage":0.0,"enemies":"Small Slimes","floor":11.0,"turns":2.0},{"damage":1.0,"enemies":"Gremlin Nob","floor":13.0,"turns":3.0},{"damage":0.0,"enemies":"2 Louse","floor":14.0,"turns":2.0},{"damage":2.0,"enemies":"Slime Boss","floor":16.0,"turns":8.0},{"damage":26.0,"enemies":"Shell Parasite","floor":18.0,"turns":8.0},{"damage":0.0,"enemies":"3 Byrds","floor":22.0,"turns":4.0},{"damage":2.0,"enemies":"Book of Stabbing","floor":23.0,"turns":3.0},{"damage":0.0,"enemies":"Centurion and Healer","floor":27.0,"turns":3.0},{"damage":0.0,"enemies":"Gremlin Leader","floor":28.0,"turns":5.0},{"damage":0.0,"enemies":"Snecko","floor":30.0,"turns":4.0},{"damage":2.0,"enemies":"Slavers","floor":31.0,"turns":3.0},{"damage":2.0,"enemies":"Champ","floor":33.0,"turns":5.0},{"damage":1.0,"enemies":"3 Darklings","floor":35.0,"turns":6.0},{"damage":12.0,"enemies":"3 Shapes","floor":37.0,"turns":5.0},{"damage":0.0,"enemies":"3 Darklings","floor":39.0,"turns":1.0},{"damage":1.0,"enemies":"Giant Head","floor":40.0,"turns":5.0},{"damage":0.0,"enemies":"Reptomancer","floor":42.0,"turns":2.0},{"damage":0.0,"enemies":"Nemesis","floor":44.0,"turns":1.0},{"damage":1.0,"enemies":"Jaw Worm Horde","floor":45.0,"turns":4.0},{"damage":0.0,"enemies":"Giant Head","floor":47.0,"turns":3.0},{"damage":0,"enemies":"Transient","floor":48,"turns":5},{"damage":2,"enemies":"Time Eater","floor":50,"turns":5},{"damage":0,"enemies":"Shield and Spear","floor":54,"turns":3},{"damage":56,"enemies":"The Heart","floor":55,"turns":6}],"seed_played":"-4410897051171877294","potions_obtained":[{"floor":6.0,"key":"AttackPotion"},{"floor":8.0,"key":"Strength Potion"},{"floor":10.0,"key":"Dexterity Potion"},{"floor":11.0,"key":"Weak Potion"},{"floor":13.0,"key":"SmokeBomb"},{"floor":14.0,"key":"Regen Potion"},{"floor":16.0,"key":"Strength Potion"},{"floor":18.0,"key":"Swift Potion"},{"floor":22.0,"key":"LiquidMemories"},{"floor":23.0,"key":"Explosive Potion"},{"floor":25.0,"key":"DistilledChaos"},{"floor":25.0,"key":"BlessingOfTheForge"},{"floor":27.0,"key":"Ambrosia"},{"floor":28.0,"key":"DistilledChaos"},{"floor":30.0,"key":"DuplicationPotion"},{"floor":31.0,"key":"EssenceOfSteel"},{"floor":33.0,"key":"FearPotion"},{"floor":35.0,"key":"Weak Potion"},{"floor":37.0,"key":"SkillPotion"},{"floor":39.0,"key":"Ambrosia"},{"floor":40.0,"key":"SteroidPotion"},{"floor":42.0,"key":"GamblersBrew"},{"floor":44.0,"key":"Regen Potion"},{"floor":45.0,"key":"EssenceOfSteel"},{"floor":47.0,"key":"BlessingOfTheForge"},{"floor":54,"key":"PowerPotion"}],"is_trial":false,"path_per_floor":["M","?","$","?","?","E","R","E","T","E","M","?","E","M","R","B",null,"M","?","T","$","M","E","R","?","T","M","E","R","M","E","R","B",null,"M","?","M","?","M","E","R","E","T","E","M","R","E","M","R","B",null,"R","$","E","B",null],"character_chosen":"WATCHER","items_purchased":["Swift Potion","Sling","Lantern","Ice Cream","War Paint","Whetstone","AttackPotion","FearPotion"],"campfire_rested":3,"item_purchase_floors":[3,21,21,53,53,53,53,53],"current_hp_per_floor":[72,72,72,72,65,65,65,65,65,65,65,51,50,50,50,63,72,46,30,30,30,30,35,35,35,35,35,35,35,35,33,33,31,79,78,68,56,56,56,55,55,57,57,59,60,79,79,79,79,79,79,79,79,79,35],"gold":39,"neow_bonus":"THREE_ENEMY_KILL","is_daily":false,"chose_seed":false,"campfire_upgraded":5,"win_rate":0.0,"timestamp":1612370087,"path_taken":["M","?","$","?","?","E","R","E","T","E","?","?","E","M","R","BOSS","M","?","?","$","?","E","R","?","T","M","E","R","?","E","R","BOSS","M","?","M","?","M","E","R","E","T","E","?","R","E","M","R","BOSS","R","$","E","BOSS"],"items_purchased_type":["Potion","Relic","Relic","Relic","Relic","Relic","Potion","Potion"],"build_version":"2020-12-22","purchased_purges":1,"victory":true,"max_hp_per_floor":[72,72,72,72,72,72,72,72,72,72,72,72,72,72,72,72,72,72,72,72,72,72,79,79,79,79,79,79,79,79,79,79,79,79,79,79,79,79,79,79,79,79,79,79,79,79,79,79,79,79,79,79,79,79,79],"relic_stats":{"Torii":54,"Happy Flower":[22],"counters":[28,102],"Dead Branch":[99],"Pen Nib":[7],"Bag of Preparation":[12],"Whetstone":["Consecrate","Mind Blast"],"Orichalcum":[66],"War Paint":["EmptyBody","Madness"],"Blood Vial":6,"Centennial Puzzle":[8],"Nunchaku":[1],"Ornamental Fan":[140],"Gambling Chip":[12],"Bronze Scales":[75],"MealTicket":0,"Black Star":8,"obtain_stats":[{"Ice Cream":53,"Lantern":21,"Torii":10,"Enchiridion":19,"Bag of Preparation":44,"Whetstone":53,"Sling":21,"Ancient Tea Set":31,"Blood Vial":40,"Centennial Puzzle":40,"Nunchaku":54,"Strawberry":23,"Gambling Chip":47,"MealTicket":42,"Fusion Hammer":34,"InkBottle":31,"NeowsBlessing":0,"Happy Flower":26,"Dead Branch":13,"Damaru":20,"The Courier":42,"Pen Nib":44,"Omamori":28,"Orichalcum":5,"War Paint":53,"White Beast Statue":6,"Akabeko":8,"Bottled Flame":9,"Ornamental Fan":23,"Bronze Scales":54,"Black Star":17,"PureWater":0,"StrikeDummy":28,"Meat on the Bone":47},{"Ice Cream":26,"Lantern":9,"Torii":4,"Enchiridion":9,"Bag of Preparation":22,"Whetstone":26,"Sling":9,"Ancient Tea Set":15,"Blood Vial":20,"Centennial Puzzle":20,"Nunchaku":27,"Strawberry":11,"Gambling Chip":24,"MealTicket":21,"Fusion Hammer":16,"InkBottle":15,"NeowsBlessing":0,"Happy Flower":11,"Dead Branch":6,"Damaru":9,"The Courier":21,"Pen Nib":22,"Omamori":13,"Orichalcum":1,"War Paint":26,"White Beast Statue":2,"Akabeko":3,"Bottled Flame":3,"Ornamental Fan":11,"Bronze Scales":27,"Black Star":8,"PureWater":0,"StrikeDummy":13,"Meat on the Bone":24},{"Ice Cream":93,"Lantern":29,"Torii":6,"Enchiridion":29,"Bag of Preparation":76,"Whetstone":93,"Sling":29,"Ancient Tea Set":51,"Blood Vial":73,"Centennial Puzzle":73,"Nunchaku":96,"Strawberry":36,"Gambling Chip":83,"MealTicket":75,"Fusion Hammer":56,"InkBottle":51,"NeowsBlessing":0,"Happy Flower":36,"Dead Branch":11,"Damaru":29,"The Courier":75,"Pen Nib":76,"Omamori":44,"Orichalcum":1,"War Paint":93,"White Beast Statue":2,"Akabeko":3,"Bottled Flame":3,"Ornamental Fan":36,"Bronze Scales":96,"Black Star":21,"PureWater":0,"StrikeDummy":44,"Meat on the Bone":83}],"InkBottle":[28],"Meat on the Bone":12},"card_choices":[{"not_picked":["Halt","MentalFortress"],"picked":"CrushJoints","floor":1.0},{"not_picked":["Sanctity","CutThroughFate"],"picked":"Evaluate","floor":6.0},{"not_picked":["PathToVictory","Pray"],"picked":"Blasphemy","floor":8.0},{"not_picked":["ForeignInfluence","Prostrate"],"picked":"FlyingSleeves","floor":10.0},{"not_picked":["WaveOfTheHand","Pray"],"picked":"Fasting2","floor":11.0},{"not_picked":["Conclude","DeceiveReality"],"picked":"SashWhip","floor":13.0},{"not_picked":["CutThroughFate","Crescendo"],"picked":"Perseverance","floor":14.0},{"not_picked":["SpiritShield","Ragnarok"],"picked":"DevaForm","floor":16.0},{"not_picked":["ThirdEye","Prostrate"],"picked":"EmptyBody","floor":18.0},{"not_picked":["ClearTheMind+1","Crescendo+1"],"picked":"TalkToTheHand","floor":22.0},{"not_picked":["Adaptation","SignatureMove"],"picked":"SandsOfTime+1","floor":23.0},{"not_picked":["ClearTheMind","Crescendo"],"picked":"Halt","floor":27.0},{"not_picked":["FlurryOfBlows+1","Pray"],"picked":"CarveReality","floor":28.0},{"not_picked":["ThirdEye","CrushJoints"],"picked":"SandsOfTime+1","floor":30.0},{"not_picked":["Worship","Blasphemy"],"picked":"ForeignInfluence+1","floor":31.0},{"not_picked":["Establishment","MasterReality"],"picked":"Ragnarok","floor":33.0},{"not_picked":["SashWhip","EmptyMind","Swivel+1"],"picked":"SKIP","floor":35.0},{"not_picked":["InnerPeace","EmptyMind","Meditate+1"],"picked":"SKIP","floor":37.0},{"not_picked":["Sanctity","Weave"],"picked":"Consecrate","floor":39.0},{"not_picked":["FollowUp","Swivel+1"],"picked":"Devotion","floor":40.0},{"not_picked":["CutThroughFate+1","Sanctity+1"],"picked":"Prostrate+1","floor":42.0},{"not_picked":["ClearTheMind","WaveOfTheHand","Prostrate+1"],"picked":"SKIP","floor":44.0},{"not_picked":["ClearTheMind","BowlingBash+1","Prostrate"],"picked":"SKIP","floor":45.0},{"not_picked":["Evaluate","InnerPeace","Crescendo+1"],"picked":"SKIP","floor":47.0},{"not_picked":["EmptyFist+1","WaveOfTheHand","EmptyBody+1"],"picked":"SKIP","floor":48},{"not_picked":["ClearTheMind+1","Crescendo","Perseverance+1"],"picked":"SKIP","floor":54}],"player_experience":346752,"relics_obtained":[{"floor":6.0,"key":"White Beast Statue"},{"floor":8.0,"key":"Akabeko"},{"floor":9.0,"key":"Bottled Flame"},{"floor":10.0,"key":"Torii"},{"floor":13.0,"key":"Dead Branch"},{"floor":19.0,"key":"Enchiridion"},{"floor":20.0,"key":"Damaru"},{"floor":23.0,"key":"Strawberry"},{"floor":23.0,"key":"Ornamental Fan"},{"floor":26.0,"key":"Happy Flower"},{"floor":28.0,"key":"Omamori"},{"floor":28.0,"key":"StrikeDummy"},{"floor":31.0,"key":"Ancient Tea Set"},{"floor":31.0,"key":"InkBottle"},{"floor":40.0,"key":"Centennial Puzzle"},{"floor":40.0,"key":"Blood Vial"},{"floor":42.0,"key":"MealTicket"},{"floor":42.0,"key":"The Courier"},{"floor":44.0,"key":"Pen Nib"},{"floor":44.0,"key":"Bag of Preparation"},{"floor":47.0,"key":"Meat on the Bone"},{"floor":47.0,"key":"Gambling Chip"},{"floor":54,"key":"Nunchaku"},{"floor":54,"key":"Bronze Scales"}],"event_choices":[{"cards_removed":["Strike_P"],"damage_healed":0.0,"max_hp_gain":0.0,"max_hp_loss":0.0,"gold_gain":0.0,"event_name":"Living Wall","player_choice":"Forget","floor":2.0,"gold_loss":0.0,"damage_taken":0.0},{"damage_healed":0.0,"max_hp_gain":0.0,"max_hp_loss":0.0,"gold_gain":175.0,"event_name":"Liars Game","player_choice":"AGREE","floor":4.0,"gold_loss":0.0,"damage_taken":0.0,"cards_obtained":["Doubt"]},{"damage_healed":0.0,"max_hp_gain":0.0,"max_hp_loss":0.0,"gold_gain":0.0,"event_name":"Scrap Ooze","player_choice":"Success","floor":5.0,"gold_loss":0.0,"damage_taken":7.0,"relics_obtained":["Orichalcum"]},{"damage_healed":0.0,"max_hp_gain":0.0,"max_hp_loss":0.0,"gold_gain":0.0,"event_name":"Shining Light","player_choice":"Entered Light","floor":12.0,"gold_loss":0.0,"damage_taken":14.0,"cards_upgraded":["Defend_P","Strike_P"]},{"damage_healed":0.0,"max_hp_gain":0.0,"max_hp_loss":0.0,"gold_gain":0.0,"event_name":"Cursed Tome","player_choice":"Obtained Book","floor":19.0,"gold_loss":0.0,"damage_taken":16.0},{"damage_healed":0.0,"max_hp_gain":0.0,"max_hp_loss":0.0,"gold_gain":0.0,"event_name":"Lab","player_choice":"Got Potions","floor":25.0,"gold_loss":0.0,"damage_taken":0.0},{"damage_healed":0.0,"max_hp_gain":0.0,"max_hp_loss":0.0,"gold_gain":0.0,"event_name":"Winding Halls","player_choice":"Embrace Madness","floor":36.0,"gold_loss":0.0,"damage_taken":10.0,"cards_obtained":["Madness","Madness"]},{"damage_healed":0.0,"max_hp_gain":0.0,"max_hp_loss":0.0,"gold_gain":0.0,"event_name":"Match and Keep!","player_choice":"2 cards matched","floor":38.0,"gold_loss":0.0,"damage_taken":0.0,"cards_obtained":["Mind Blast","Regret"]}],"is_beta":false,"boss_relics":[{"not_picked":["SlaversCollar","Sozu"],"picked":"Black Star"},{"not_picked":["Coffee Dripper","Velvet Choker"],"picked":"Fusion Hammer"}],"items_purged_floors":[21],"is_endless":false,"potions_floor_spawned":[6,8,10,11,13,14,16,18,22,23,27,28,30,31,33,35,37,39,40,42,44,45,47,48,54],"ascension_level":3}}