{"host":"x5w9zppki4gdwvc7","time":1612385477,"event":{"mods":["AchievementEnabler","BaseMod","DeckTracker","Minty Spire (QoL Compilation)","Relic Sorter"],"gold_per_floor":[112,187,187,204,204,232,232,250,250,273,304,269,13,28,28,28,28],"floor_reached":16,"language":"ENG","playtime":601,"items_purged":["Strike_R"],"score":158,"play_id":"1f22659b-f7d0-47a1-9726-ca89cf7564ac","local_time":"20210203215117","daily_mods":["Colorless Cards","Heirloom","Time Dilation","Flight"],"is_ascension_mode":false,"campfire_choices":[{"floor":7,"key":"REST"},{"data":"1","floor":15,"key":"LIFT"}],"circlet_count":0,"master_deck":["Strike_R","Strike_R","Strike_R+1","Defend_R+1","Defend_R","Defend_R","Defend_R","Bash","Heavy Blade","Cleave","Dark Shackles","Whirlwind","Blind"],"relics":["Burning Blood","Peace Pipe","Champion Belt","The Courier","Odd Mushroom","Girya","Bag of Preparation"],"acts_visited":["Exordium"],"potions_floor_usage":[16],"damage_taken":[{"damage":11,"enemies":"Jaw Worm","floor":1,"turns":2},{"damage":10,"enemies":"Small Slimes","floor":4,"turns":3},{"damage":26,"enemies":"3 Sentries","floor":6,"turns":8},{"damage":5,"enemies":"2 Louse","floor":8,"turns":2},{"damage":10,"enemies":"The Mushroom Lair","floor":10,"turns":4},{"damage":27,"enemies":"Gremlin Nob","floor":11,"turns":5},{"damage":2,"enemies":"Looter","floor":14,"turns":4},{"damage":48,"enemies":"Hexaghost","floor":16,"turns":12}],"seed_played":"6592555981842173901","potions_obtained":[{"floor":8,"key":"Swift Potion"},{"floor":11,"key":"SpeedPotion"}],"is_trial":true,"path_per_floor":["M","?","?","M","?","E","R","M","T","?","E","?","$","M","R","B"],"character_chosen":"IRONCLAD","items_purchased":["Blind","Bag of Preparation"],"campfire_rested":1,"item_purchase_floors":[13,13],"current_hp_per_floor":[75,64,48,44,44,24,48,49,49,45,24,44,44,48,48,0,0],"gold":28,"neow_bonus":"","is_daily":false,"chose_seed":false,"campfire_upgraded":0,"win_rate":0.0,"timestamp":1612385477,"path_taken":["M","?","?","?","?","E","R","M","T","?","E","?","?","M","R","BOSS"],"items_purchased_type":["Card","Relic"],"build_version":"2020-12-22","purchased_purges":1,"victory":false,"max_hp_per_floor":[80,80,80,80,80,80,80,80,80,80,80,80,80,80,80,80,80],"card_choices":[{"not_picked":["Perfected Strike","Sword Boomerang"],"picked":"Heavy Blade","floor":1},{"not_picked":["Twin Strike","Pommel Strike"],"picked":"Cleave","floor":4},{"not_picked":["Clash","Wild Strike","Armaments"],"picked":"SKIP","floor":6},{"not_picked":["Disarm","Carnage","Perfected Strike"],"picked":"SKIP","floor":8},{"not_picked":["Cleave","Iron Wave"],"picked":"Whirlwind","floor":10},{"not_picked":["Heavy Blade","Jack Of All Trades","Armaments"],"picked":"SKIP","floor":11},{"not_picked":["Headbutt","Body Slam","Metamorphosis"],"picked":"SKIP","floor":14}],"player_experience":413786,"relics_obtained":[{"floor":6,"key":"Champion Belt"},{"floor":9,"key":"The Courier"},{"floor":10,"key":"Odd Mushroom"},{"floor":11,"key":"Girya"}],"event_choices":[{"damage_healed":0,"gold_gain":75,"player_choice":"Gather Gold","damage_taken":11,"max_hp_gain":0,"max_hp_loss":0,"event_name":"World of Goop","floor":2,"gold_loss":0},{"damage_healed":0,"gold_gain":0,"player_choice":"Entered Light","damage_taken":16,"max_hp_gain":0,"max_hp_loss":0,"event_name":"Shining Light","floor":3,"gold_loss":0,"cards_upgraded":["Strike_R","Defend_R"]},{"damage_healed":0,"gold_gain":0,"cards_transformed":["Strike_R"],"player_choice":"Change","damage_taken":0,"max_hp_gain":0,"max_hp_loss":0,"event_name":"Living Wall","floor":5,"gold_loss":0,"cards_obtained":["Dark Shackles"]},{"damage_healed":0,"gold_gain":0,"player_choice":"Fought Mushrooms","damage_taken":0,"max_hp_gain":0,"max_hp_loss":0,"event_name":"Mushrooms","floor":10,"gold_loss":0},{"damage_healed":20,"gold_gain":0,"player_choice":"Healed","damage_taken":0,"max_hp_gain":0,"max_hp_loss":0,"event_name":"The Cleric","floor":12,"gold_loss":35}],"is_beta":false,"boss_relics":[],"items_purged_floors":[13],"is_endless":true,"potions_floor_spawned":[8,11],"killed_by":"Hexaghost","ascension_level":0}}