{"host":"5k8z1fa9dl1t3vzb","time":1612330275,"event":{"mods":["Act Like it!","BaseMod","Better Match","Better Note","Better Third Choice","Custom Start","Downfall","Highlight Path","Marisa????????","Minty Spire (QoL Compilation)","Quick Restart","StSLib","The Servant 0.9.4"],"gold_per_floor":[10,25,25,0,0,0,25,25,78,410,360,58,68,83,83,186,186,205,205,205,218,238,264,116,31,31,45,45,45,55,75,75,172,172,190,207,10,10,25,53,65,65,118,118,37,57,0,18,18,18],"floor_reached":51,"language":"ENG","playtime":4872,"items_purged":[],"score":671,"play_id":"bcae6ae2-d3a8-476f-8efe-b73576523c9f","local_time":"20210202213115","is_ascension_mode":false,"campfire_choices":[{"floor":6,"key":"REST"},{"floor":8,"key":"REST"},{"data":"RefractionSpark","floor":15,"key":"SMITH"},{"floor":29,"key":"REST"},{"floor":32,"key":"REST"},{"floor":44,"key":"REST"},{"floor":49,"key":"REST"}],"circlet_count":0,"master_deck":["Strike_MRS","Strike_MRS","Strike_MRS","Strike_MRS","Defend_MRS","Defend_MRS","Defend_MRS","Defend_MRS","MasterSpark","UpSweep","Acceleration","LuminesStrike","MillisecondPulsars","BinaryStars","NonDirectionalLaser","RefractionSpark+1","MaximisePower","Acceleration+1","GalacticHalo","DeepEcoloBomb","JA","CurseOfTheBell","SprinkleStarSeal","FairyDestructionRay+1"],"relics":["MiniHakkero","betterThird:SlimedRelic","Blue Candle","ShroomBag","Lantern","Old Coin","Fusion Hammer","Spirit Poop","White Beast Statue","Medical Kit","Lizard Tail","Du-Vu Doll","betterThird:NestCultRelic","Calling Bell","Oddly Smooth Stone","The Courier","Thread and Needle","Potion Belt","Mercury Hourglass","Happy Flower","Red Mask"],"acts_visited":["Exordium","TheCity","TheBeyond"],"potions_floor_usage":[16,16,22,23,23,33,33,33,35,36,39,39,39,40,40,41,46,50,50,50,50],"damage_taken":[{"damage":8,"enemies":"2 Louse","floor":1,"turns":3},{"damage":3,"enemies":"Jaw Worm","floor":2,"turns":5},{"damage":22,"enemies":"The Mushroom Lair","floor":7,"turns":4},{"damage":15,"enemies":"3 Sentries","floor":10,"turns":8},{"damage":1,"enemies":"Small Slimes","floor":13,"turns":2},{"damage":6,"enemies":"Exordium Wildlife","floor":14,"turns":3},{"damage":38,"enemies":"The Guardian","floor":16,"turns":8},{"damage":3,"enemies":"3 Byrds","floor":18,"turns":4},{"damage":0,"enemies":"Chosen","floor":21,"turns":4},{"damage":11,"enemies":"Shelled Parasite and Fungi","floor":22,"turns":4},{"damage":15,"enemies":"Book of Stabbing","floor":23,"turns":4},{"damage":5,"enemies":"Sentry and Sphere","floor":27,"turns":3},{"damage":6,"enemies":"Cultist and Chosen","floor":30,"turns":3},{"damage":29,"enemies":"Snake Plant","floor":31,"turns":3},{"damage":56,"enemies":"Champ","floor":33,"turns":9},{"damage":21,"enemies":"Orb Walker","floor":35,"turns":3},{"damage":15,"enemies":"3 Shapes","floor":36,"turns":3},{"damage":17,"enemies":"Transient","floor":39,"turns":5},{"damage":5,"enemies":"Reptomancer","floor":40,"turns":3},{"damage":3,"enemies":"4 Shapes","floor":41,"turns":10},{"damage":2,"enemies":"Maw","floor":46,"turns":6},{"damage":21,"enemies":"Spire Growth","floor":48,"turns":5},{"damage":71,"enemies":"Donu and Deca","floor":50,"turns":7}],"seed_played":"4940879813584784580","potions_obtained":[{"floor":1,"key":"Swift Potion"},{"floor":2,"key":"DistilledChaos"},{"floor":16,"key":"Dexterity Potion"},{"floor":21,"key":"PowerPotion"},{"floor":22,"key":"Block Potion"},{"floor":23,"key":"PowerPotion"},{"floor":27,"key":"Explosive Potion"},{"floor":30,"key":"BottledSpark"},{"floor":33,"key":"AttackPotion"},{"floor":35,"key":"Explosive Potion"},{"floor":36,"key":"ShroomBrew"},{"floor":39,"key":"Guardian:BlockOnCardUsePotion"},{"floor":40,"key":"EssenceOfSteel"},{"floor":41,"key":"LiquidBronze"},{"floor":46,"key":"FearPotion"},{"floor":48,"key":"Explosive Potion"}],"is_trial":false,"path_per_floor":["M","M","?","?","?","R","?","R","T","E","?","$","M","M","R","B",null,"M","?","?","M","M","E","$","?","T","M","?","R","M","M","R","B",null,"M","M","$","?","M","E","M","?","T","R","$","M","?","M","R","B",null],"character_chosen":"MARISA","items_purchased":["BinaryStars","NonDirectionalLaser","StarNLove","Medical Kit","Potion Belt","Block Potion","Energy Potion","hexamod:SoulburnPotion","hexamod:SoulburnPotion"],"campfire_rested":6,"item_purchase_floors":[12,12,12,24,37,37,37,45,45],"current_hp_per_floor":[81,78,78,67,62,88,66,89,89,75,75,75,76,72,72,36,86,85,85,83,83,72,57,57,57,57,52,52,76,70,41,65,9,83,62,47,47,35,18,13,10,73,73,73,73,71,71,50,71,36],"gold":18,"neow_bonus":"TWENTY_PERCENT_HP_BONUS","is_daily":false,"chose_seed":false,"campfire_upgraded":1,"win_rate":0.0,"timestamp":1612330275,"path_taken":["M","M","?","?","?","R","?","R","T","E","?","$","M","M","R","BOSS","M","?","?","M","?","E","$","?","T","M","?","R","M","M","R","BOSS","M","M","$","?","?","E","M","?","T","R","$","M","?","M","R","BOSS"],"items_purchased_type":["Card","Card","Potion","Relic","Relic","Potion","Potion","Potion","Potion"],"build_version":"2020-12-22","purchased_purges":0,"victory":true,"max_hp_per_floor":[89,89,89,89,89,89,89,89,89,89,86,86,86,86,86,86,86,86,86,83,83,83,83,83,83,83,83,83,83,83,83,83,83,83,83,83,83,83,83,83,83,73,73,73,73,73,73,73,73,73],"card_choices":[{"not_picked":["DragonMeteor","WitchLeyline"],"picked":"Acceleration","floor":1},{"not_picked":["WitchOfGreed","IllusionStar"],"picked":"LuminesStrike","floor":2},{"not_picked":["PowerUp","AlicesGift"],"picked":"MillisecondPulsars","floor":10},{"not_picked":["GravityBeat","Acceleration"],"picked":"RefractionSpark","floor":13},{"not_picked":["OneTimeOff","SporeBomb","IllusionStar"],"picked":"SKIP","floor":14},{"not_picked":["BinaryStars","UltimateShortwave"],"picked":"MaximisePower","floor":16},{"not_picked":["MysteriousBeam","LuminesStrike"],"picked":"Acceleration+1","floor":18},{"not_picked":["UnstableBomb+1","ChargeUpSpray+1","MilkyWay"],"picked":"SKIP","floor":21},{"not_picked":["LuminesStrike","DarkSpark"],"picked":"GalacticHalo","floor":22},{"not_picked":["ChargingUp","6A","SuperPerseids+1"],"picked":"SKIP","floor":23},{"not_picked":["6A","LuminesStrike","PowerUp"],"picked":"SKIP","floor":27},{"not_picked":["WitchLeyline","DC+1"],"picked":"DeepEcoloBomb","floor":30},{"not_picked":["WitchLeyline","LuminesStrike","ShootingEcho"],"picked":"SKIP","floor":31},{"not_picked":["TreasureHunter","SatelliteIllusion"],"picked":"JA","floor":33},{"not_picked":["Occultation","GrandCross","LuminesStrike+1"],"picked":"SKIP","floor":35},{"not_picked":["LuminesStrike","EventHorizon","UnstableBomb"],"picked":"SKIP","floor":36},{"not_picked":["LuminesStrike","DC","MagicChant"],"picked":"SKIP","floor":39},{"not_picked":["IllusionStar+1","CollectingQuirk"],"picked":"SprinkleStarSeal","floor":40},{"not_picked":["MysteriousBeam+1","SuperPerseids+1","ShootingEcho"],"picked":"SKIP","floor":41},{"not_picked":["MilkyWay","SuperPerseids","GrandCross"],"picked":"SKIP","floor":46},{"not_picked":["ShootingEcho","GravityBeat+1"],"picked":"FairyDestructionRay+1","floor":48}],"player_experience":133040,"relics_obtained":[{"floor":7,"key":"ShroomBag"},{"floor":9,"key":"Lantern"},{"floor":10,"key":"Old Coin"},{"floor":23,"key":"White Beast Statue"},{"floor":26,"key":"Du-Vu Doll"},{"floor":34,"key":"Oddly Smooth Stone"},{"floor":34,"key":"The Courier"},{"floor":34,"key":"Thread and Needle"},{"floor":40,"key":"Mercury Hourglass"},{"floor":43,"key":"Happy Flower"}],"event_choices":[{"damage_healed":0,"gold_gain":0,"player_choice":"Ignored","damage_taken":0,"max_hp_gain":0,"max_hp_loss":0,"event_name":"Golden Idol","floor":3,"gold_loss":0},{"damage_healed":0,"gold_gain":0,"player_choice":"Slimed","damage_taken":11,"max_hp_gain":0,"max_hp_loss":0,"event_name":"betterThird:BetterGoop","floor":4,"gold_loss":25},{"damage_healed":0,"gold_gain":0,"player_choice":"Fought Mushrooms","damage_taken":0,"max_hp_gain":0,"max_hp_loss":0,"event_name":"Mushrooms_MRS","floor":7,"gold_loss":0},{"cards_removed":["Parasite"],"damage_healed":0,"gold_gain":0,"player_choice":"Card Removal","damage_taken":0,"max_hp_gain":0,"max_hp_loss":0,"event_name":"The Cleric","floor":11,"gold_loss":50},{"cards_removed":["Parasite"],"damage_healed":0,"gold_gain":0,"player_choice":"Give","damage_taken":0,"max_hp_gain":0,"max_hp_loss":0,"event_name":"betterNote:BetterNote","floor":19,"gold_loss":0,"cards_obtained":["Streamline"]},{"cards_removed":["Parasite"],"damage_healed":0,"gold_gain":0,"player_choice":"Offered Curse","damage_taken":0,"relics_obtained":["Spirit Poop"],"max_hp_gain":0,"max_hp_loss":0,"event_name":"Bonfire Elementals","floor":20,"gold_loss":0},{"damage_healed":0,"gold_gain":0,"player_choice":"Obtained Relic","damage_taken":0,"relics_obtained":["Lizard Tail"],"max_hp_gain":0,"max_hp_loss":0,"event_name":"Addict","floor":25,"gold_loss":85},{"damage_healed":0,"gold_gain":0,"player_choice":"Madness","damage_taken":0,"relics_obtained":["betterThird:NestCultRelic"],"max_hp_gain":0,"max_hp_loss":0,"event_name":"betterThird:BetterNest","floor":28,"gold_loss":0},{"damage_healed":0,"gold_gain":0,"player_choice":"Random: Green","damage_taken":0,"max_hp_gain":0,"max_hp_loss":0,"event_name":"betterThird:BetterPortal","floor":38,"gold_loss":0},{"damage_healed":0,"gold_gain":0,"player_choice":"POTION ","damage_taken":12,"max_hp_gain":0,"max_hp_loss":0,"event_name":"Knowing Skull","floor":38,"potions_obtained":["GamblersBrew"],"gold_loss":0,"cards_obtained":[]},{"damage_healed":73,"gold_gain":0,"player_choice":"Heal","damage_taken":0,"max_hp_gain":0,"max_hp_loss":10,"event_name":"The Moai Head","floor":42,"gold_loss":0},{"damage_healed":0,"gold_gain":0,"player_choice":"Paid","damage_taken":0,"relics_obtained":["Red Mask"],"max_hp_gain":0,"max_hp_loss":0,"event_name":"Tomb of Lord Red Mask","floor":47,"gold_loss":57}],"is_beta":false,"boss_relics":[{"not_picked":["Busted Crown","Astrolabe"],"picked":"Fusion Hammer"},{"not_picked":["RampagingMagicTools","Snecko Eye"],"picked":"Calling Bell"}],"items_purged_floors":[],"is_endless":false,"potions_floor_spawned":[1,2,14,16,21,22,23,27,30,31,33,35,36,39,40,41,46,48],"ascension_level":0}}