{"host":"dvpvhz1t6etneyb3","time":1612367776,"event":{"mods":["AchievementEnabler","BaseMod","Colored Map","Highlight Path","Minty Spire (QoL Compilation)","Permanent Neow","Quick Restart"],"gold_per_floor":[115,130,144,69,69,96,96,126,175,207,254,266,278,37,37,110,110,122,134,153,167,167,167],"floor_reached":22,"language":"ENG","playtime":1050,"items_purged":[],"score":412,"play_id":"ec09b80c-67c5-46e8-893f-bbc256bde88b","local_time":"20210203105616","is_ascension_mode":true,"campfire_choices":[{"floor":7.0,"key":"REST"},{"floor":12.0,"key":"REST"},{"data":"Glass Knife","floor":15.0,"key":"SMITH"}],"circlet_count":0,"master_deck":["AscendersBane","Strike_G","Strike_G","Strike_G","Strike_G","Defend_G","Defend_G","Defend_G","Defend_G","Defend_G","Survivor","Neutralize+1","Dagger Spray","Skewer+1","Glass Knife+1","Noxious Fumes","Well Laid Plans","Bouncing Flask","Blade Dance","PiercingWail","Backstab"],"relics":["Ring of the Snake","Meat on the Bone","Art of War","MawBank","White Beast Statue","Centennial Puzzle","SlaversCollar"],"acts_visited":["TheCity"],"potions_floor_usage":[20,21,22],"damage_taken":[{"damage":0.0,"enemies":"Jaw Worm","floor":1.0,"turns":6.0},{"damage":1.0,"enemies":"Small Slimes","floor":2.0,"turns":3.0},{"damage":3.0,"enemies":"2 Louse","floor":3.0,"turns":2.0},{"damage":26.0,"enemies":"Gremlin Nob","floor":6.0,"turns":4.0},{"damage":41.0,"enemies":"Lagavulin","floor":8.0,"turns":7.0},{"damage":5.0,"enemies":"Lots of Slimes","floor":10.0,"turns":5.0},{"damage":24.0,"enemies":"Gremlin Nob","floor":11.0,"turns":4.0},{"damage":30.0,"enemies":"Slime Boss","floor":16.0,"turns":7.0},{"damage":11.0,"enemies":"2 Thieves","floor":18.0,"turns":3.0},{"damage":16.0,"enemies":"Shell Parasite","floor":19.0,"turns":6.0},{"damage":10,"enemies":"Centurion and Healer","floor":20,"turns":6},{"damage":25,"enemies":"Cultist and Chosen","floor":21,"turns":7},{"damage":36,"enemies":"Snecko","floor":22,"turns":5}],"seed_played":"-936648360515437624","potions_obtained":[{"floor":3.0,"key":"Energy Potion"},{"floor":8.0,"key":"LiquidBronze"},{"floor":10.0,"key":"Swift Potion"},{"floor":11.0,"key":"CultistPotion"},{"floor":16.0,"key":"DuplicationPotion"},{"floor":18.0,"key":"Weak Potion"},{"floor":19.0,"key":"FearPotion"},{"floor":20,"key":"LiquidBronze"},{"floor":21,"key":"LiquidBronze"}],"is_trial":false,"path_per_floor":["M","M","M","?","?","E","R","E","T","M","E","R","?","$","R","B",null,"M","M","M","M","M"],"character_chosen":"THE_SILENT","items_purchased":["Centennial Puzzle","Well Laid Plans"],"campfire_rested":2,"item_purchase_floors":[14,14],"current_hp_per_floor":[59,58,55,55,55,29,48,19,19,26,14,33,33,33,33,15,53,42,38,40,27,0,0],"gold":167,"neow_bonus":"UPGRADE_CARD","is_daily":false,"chose_seed":false,"campfire_upgraded":1,"win_rate":0.0,"timestamp":1612367776,"path_taken":["M","M","M","?","?","E","R","E","T","M","E","R","?","$","R","BOSS","M","M","M","M","M"],"items_purchased_type":["Relic","Card"],"build_version":"2020-12-22","purchased_purges":0,"victory":false,"max_hp_per_floor":[66,66,66,66,66,66,66,66,66,66,66,66,66,66,66,66,66,66,66,66,66,66,66],"card_choices":[{"not_picked":["Blade Dance","Underhanded Strike"],"picked":"Dagger Spray","floor":1.0},{"not_picked":["Deadly Poison","Endless Agony"],"picked":"Skewer","floor":2.0},{"not_picked":["Outmaneuver","PiercingWail","Finisher"],"picked":"SKIP","floor":3.0},{"not_picked":["Dash","Outmaneuver"],"picked":"Glass Knife","floor":6.0},{"not_picked":["Outmaneuver","Dagger Throw"],"picked":"Noxious Fumes","floor":8.0},{"not_picked":["Dagger Spray","Slice","Catalyst"],"picked":"SKIP","floor":10.0},{"not_picked":["Outmaneuver","Quick Slash","Slice"],"picked":"SKIP","floor":11.0},{"not_picked":["Infinite Blades","Bane"],"picked":"Bouncing Flask","floor":18.0},{"not_picked":["Poisoned Stab+1","Backstab"],"picked":"Blade Dance","floor":19.0},{"not_picked":["Slice","Catalyst"],"picked":"PiercingWail","floor":20},{"not_picked":["Sucker Punch","Dash"],"picked":"Backstab","floor":21}],"player_experience":2132494,"relics_obtained":[{"floor":6.0,"key":"Meat on the Bone"},{"floor":8.0,"key":"Art of War"},{"floor":9.0,"key":"MawBank"},{"floor":11.0,"key":"White Beast Statue"}],"event_choices":[{"cards_removed":["Strike_G"],"damage_healed":0.0,"max_hp_gain":0.0,"max_hp_loss":0.0,"gold_gain":0.0,"event_name":"The Cleric","player_choice":"Card Removal","floor":4.0,"gold_loss":75.0,"damage_taken":0.0},{"damage_healed":0.0,"max_hp_gain":0.0,"max_hp_loss":0.0,"gold_gain":0.0,"event_name":"Liars Game","player_choice":"Ignored","floor":5.0,"gold_loss":0.0,"damage_taken":0.0},{"damage_healed":0.0,"max_hp_gain":0.0,"max_hp_loss":0.0,"gold_gain":0.0,"event_name":"Living Wall","player_choice":"Grow","floor":13.0,"gold_loss":0.0,"damage_taken":0.0,"cards_upgraded":["Skewer"]}],"is_beta":false,"boss_relics":[{"not_picked":["Sozu","Tiny House"],"picked":"SlaversCollar"}],"items_purged_floors":[],"is_endless":false,"potions_floor_spawned":[3,8,10,11,16,18,19,20,21],"killed_by":"Snecko","ascension_level":20}}