{"host":"fwes8e3a36usabj9","time":1612315905,"event":{"mods":["BaseMod","Colored Map","Colored Powertips","Minty Spire (QoL Compilation)"],"gold_per_floor":[109,121,138,158,173,173,173,193,193,227,71,104,121,296,296,392,392,412,337,55,73,88,88,133,133,133,0,0,0],"floor_reached":28,"language":"ENG","playtime":1828,"items_purged":[],"score":332,"play_id":"b520c81d-cc40-4018-97e6-2765da060ea2","local_time":"20210202173145","is_ascension_mode":true,"campfire_choices":[{"floor":6,"key":"REST"},{"data":"Doubt","floor":15,"key":"PURGE"},{"floor":23,"key":"REST"},{"floor":25,"key":"REST"}],"circlet_count":0,"master_deck":["Strike_G","Strike_G","Defend_G","Defend_G","Defend_G","Defend_G","Survivor","Neutralize","Noxious Fumes+1","Die Die Die+1","Outmaneuver+1","Poisoned Stab","Footwork","Bane","Quick Slash","Malaise+1","Leg Sweep","Deadly Poison","Well Laid Plans","Bane+1","Venomology","Backflip+1","Prepared","Good Instincts","Dodge and Roll","Distraction","Pain","Normality"],"relics":["Astrolabe","Molten Egg 2","Peace Pipe","Blood Vial","Question Card","Cursed Key","Oddly Smooth Stone","Snake Skull","The Courier"],"acts_visited":["Exordium","TheCity"],"potions_floor_usage":[10,12,16,16,22,22],"damage_taken":[{"damage":0.0,"enemies":"2 Louse","floor":1.0,"turns":1.0},{"damage":0.0,"enemies":"Jaw Worm","floor":2.0,"turns":4.0},{"damage":4,"enemies":"Small Slimes","floor":3,"turns":3},{"damage":11,"enemies":"Looter","floor":4,"turns":3},{"damage":13,"enemies":"Blue Slaver","floor":5,"turns":3},{"damage":0,"enemies":"3 Louse","floor":8,"turns":2},{"damage":0,"enemies":"Lagavulin","floor":10,"turns":11},{"damage":7,"enemies":"3 Sentries","floor":12,"turns":10},{"damage":0,"enemies":"2 Fungi Beasts","floor":13,"turns":2},{"damage":54,"enemies":"Slime Boss","floor":16,"turns":9},{"damage":30,"enemies":"Spheric Guardian","floor":18,"turns":6},{"damage":2,"enemies":"Chosen","floor":21,"turns":6},{"damage":18,"enemies":"Snake Plant","floor":22,"turns":5},{"damage":14,"enemies":"3 Cultists","floor":28,"turns":4}],"seed_played":"3596073430922986808","potions_obtained":[{"floor":3,"key":"Energy Potion"},{"floor":8,"key":"Weak Potion"},{"floor":10,"key":"EssenceOfSteel"},{"floor":13,"key":"Regen Potion"},{"floor":18,"key":"BlessingOfTheForge"},{"floor":21,"key":"AttackPotion"}],"is_trial":false,"path_per_floor":["M","M","M","M","M","R","?","M","T","E","$","E","M","?","R","B",null,"M","?","$","M","M","R","T","R","T","?","M"],"character_chosen":"THE_SILENT","items_purchased":["Blood Vial","Oddly Smooth Stone","Prepared","Good Instincts"],"campfire_rested":3,"item_purchase_floors":[11,20,20,20],"current_hp_per_floor":[63,63,59,48,35,56,56,56,56,56,56,51,53,53,53,16,57,29,29,29,29,13,34,34,55,55,55,43,43],"gold":0,"neow_bonus":"BOSS_RELIC","is_daily":false,"chose_seed":false,"campfire_upgraded":0,"win_rate":0.0,"timestamp":1612315905,"path_taken":["M","M","M","M","M","R","?","M","T","E","$","E","M","?","R","BOSS","M","?","$","M","M","R","?","R","T","?","M"],"items_purchased_type":["Relic","Relic","Card","Card"],"build_version":"2020-12-22","purchased_purges":0,"victory":false,"max_hp_per_floor":[70,70,70,70,70,70,70,70,70,70,70,70,70,70,70,70,70,70,70,70,70,70,70,70,70,70,70,70,70],"card_choices":[{"not_picked":["Dagger Spray","Flying Knee"],"picked":"Poisoned Stab","floor":1.0},{"not_picked":["Dodge and Roll","Poisoned Stab"],"picked":"Footwork","floor":2.0},{"not_picked":["Underhanded Strike","Distraction"],"picked":"Bane","floor":3},{"not_picked":["Poisoned Stab","Flying Knee"],"picked":"Quick Slash","floor":4},{"not_picked":["Slice","Choke"],"picked":"Malaise","floor":5},{"not_picked":["Endless Agony","Cloak And Dagger"],"picked":"Leg Sweep","floor":8},{"not_picked":["Backflip","Glass Knife+1"],"picked":"Deadly Poison","floor":10},{"not_picked":["Bouncing Flask","Deadly Poison"],"picked":"Well Laid Plans","floor":12},{"not_picked":["Deflect","Leg Sweep","Accuracy"],"picked":"Bane+1","floor":13},{"not_picked":["Grand Finale+1","Unload+1","Night Terror"],"picked":"Venomology","floor":16},{"not_picked":["Skewer+1","Outmaneuver","Blade Dance"],"picked":"Backflip+1","floor":18},{"not_picked":["Cloak And Dagger","Prepared+1","Underhanded Strike+1"],"picked":"Dodge and Roll","floor":21},{"not_picked":["Infinite Blades","Backflip","Accuracy"],"picked":"Distraction","floor":22}],"player_experience":709939,"relics_obtained":[{"floor":9,"key":"Molten Egg 2"},{"floor":10,"key":"Peace Pipe"},{"floor":12,"key":"Question Card"},{"floor":24,"key":"Snake Skull"},{"floor":26,"key":"The Courier"}],"event_choices":[{"damage_healed":0,"gold_gain":0,"player_choice":"Grow","damage_taken":0,"max_hp_gain":0,"max_hp_loss":0,"event_name":"Living Wall","floor":7,"gold_loss":0,"cards_upgraded":["Malaise"]},{"damage_healed":0,"gold_gain":175,"player_choice":"AGREE","damage_taken":0,"max_hp_gain":0,"max_hp_loss":0,"event_name":"Liars Game","floor":14,"gold_loss":0,"cards_obtained":["Doubt"]},{"cards_removed":["Strike_G"],"damage_healed":0,"gold_gain":0,"player_choice":"Gave Gold","damage_taken":0,"max_hp_gain":0,"max_hp_loss":0,"event_name":"Beggar","floor":19,"gold_loss":75},{"damage_healed":0,"gold_gain":0,"player_choice":"Paid Fearfully","damage_taken":0,"max_hp_gain":0,"max_hp_loss":0,"event_name":"Masked Bandits","floor":27,"gold_loss":133}],"is_beta":false,"boss_relics":[{"not_picked":["Runic Pyramid","Ectoplasm"],"picked":"Cursed Key"}],"items_purged_floors":[],"is_endless":false,"potions_floor_spawned":[3,8,10,13,18,21],"killed_by":"3 Cultists","ascension_level":6}}