{"host":"vqgrg90fv56geajp","time":1612373166,"event":{"mods":["BaseMod","Colored Map","Colored Powertips","Minty Spire (QoL Compilation)","Quick Restart","Rare Cards Sparkle","Relic Stats"],"gold_per_floor":[116,129,129,49,67,100,112,112,112,126,126,12,24,34,34,113,113,127,147,49,60,60,60,95,95,95,106,106,106,106],"floor_reached":29,"language":"ENG","playtime":2019,"items_purged":[],"score":494,"play_id":"aeac8790-9e25-4167-848c-36529cdec313","local_time":"20210203192606","is_ascension_mode":true,"campfire_choices":[{"floor":8,"key":"REST"},{"floor":11,"key":"REST"},{"floor":15,"key":"REST"},{"floor":23,"key":"REST"},{"floor":25,"key":"REST"},{"floor":28,"key":"REST"}],"circlet_count":0,"master_deck":["AscendersBane","Strike_G","Strike_G","Strike_G","Strike_G","Strike_G","Defend_G","Defend_G","Defend_G","Defend_G","Defend_G","Survivor","Neutralize","Tactician","Well Laid Plans","Riddle With Holes","Dagger Throw","After Image","Blade Dance","Dagger Throw","Infinite Blades","Tactician","After Image","Envenom","Tactician","Prepared","Footwork","Acrobatics","Dagger Throw","PiercingWail","Underhanded Strike"],"relics":["Ring of the Snake","Torii","Mummified Hand","InkBottle","HoveringKite","Ginger","Meat on the Bone"],"acts_visited":["Exordium","TheCity"],"potions_floor_usage":[6,6,16,16,29,29],"damage_taken":[{"damage":2,"enemies":"2 Louse","floor":1,"turns":4},{"damage":2,"enemies":"Jaw Worm","floor":2,"turns":5},{"damage":0,"enemies":"Small Slimes","floor":5,"turns":4},{"damage":24,"enemies":"3 Sentries","floor":6,"turns":13},{"damage":13,"enemies":"Exordium Wildlife","floor":7,"turns":8},{"damage":23,"enemies":"Exordium Thugs","floor":10,"turns":5},{"damage":9,"enemies":"2 Fungi Beasts","floor":13,"turns":4},{"damage":12,"enemies":"Exordium Wildlife","floor":14,"turns":6},{"damage":27,"enemies":"Hexaghost","floor":16,"turns":11},{"damage":21,"enemies":"3 Byrds","floor":18,"turns":5},{"damage":0,"enemies":"Chosen","floor":19,"turns":4},{"damage":8,"enemies":"Shelled Parasite and Fungi","floor":21,"turns":6},{"damage":49,"enemies":"Slavers","floor":24,"turns":8},{"damage":32,"enemies":"Cultist and Chosen","floor":27,"turns":9},{"damage":44,"enemies":"Gremlin Leader","floor":29,"turns":4}],"seed_played":"2103647809912546150","potions_obtained":[{"floor":1,"key":"Regen Potion"},{"floor":5,"key":"Dexterity Potion"},{"floor":13,"key":"BlessingOfTheForge"},{"floor":14,"key":"EssenceOfSteel"},{"floor":24,"key":"Dexterity Potion"},{"floor":27,"key":"AttackPotion"}],"is_trial":false,"path_per_floor":["M","M","?","$","M","E","M","R","T","M","R","$","M","M","R","B",null,"M","M","$","M","?","R","E","R","T","M","R","E"],"character_chosen":"THE_SILENT","items_purchased":["Riddle With Holes","Infinite Blades","Tactician","Footwork","Acrobatics"],"campfire_rested":6,"item_purchase_floors":[4,12,12,20,20],"current_hp_per_floor":[63,61,56,56,56,47,34,55,55,32,53,53,44,32,53,26,61,40,40,40,32,46,67,18,39,39,19,40,0,0],"gold":106,"neow_bonus":"TEN_PERCENT_HP_BONUS","is_daily":false,"chose_seed":false,"campfire_upgraded":0,"win_rate":0.0,"timestamp":1612373166,"path_taken":["M","M","?","$","M","E","M","R","T","M","R","$","M","M","R","BOSS","M","M","$","M","?","R","E","R","T","M","R","E"],"items_purchased_type":["Card","Card","Card","Card","Card"],"build_version":"2020-12-22","purchased_purges":0,"victory":false,"max_hp_per_floor":[72,72,72,72,72,72,72,72,72,72,72,72,72,72,72,72,72,72,72,72,72,72,72,72,72,72,72,72,72,72],"relic_stats":{"Torii":36,"counters":[15,96],"Mummified Hand":[45],"HoveringKite":[24],"Ginger":[12],"obtain_stats":[{"Torii":3,"Mummified Hand":6,"HoveringKite":17,"Ginger":24,"InkBottle":9,"Ring of the Snake":0,"Meat on the Bone":26},{"Torii":2,"Mummified Hand":4,"HoveringKite":9,"Ginger":13,"InkBottle":5,"Ring of the Snake":0,"Meat on the Bone":13},{"Torii":9,"Mummified Hand":26,"HoveringKite":60,"Ginger":83,"InkBottle":34,"Ring of the Snake":0,"Meat on the Bone":83}],"InkBottle":[31],"Ring of the Snake":[30],"Meat on the Bone":12},"card_choices":[{"not_picked":["Distraction","Dagger Spray"],"picked":"Tactician","floor":1},{"not_picked":["Slice","Dodge and Roll"],"picked":"Well Laid Plans","floor":2},{"not_picked":["Dash","Dodge and Roll"],"picked":"Dagger Throw","floor":5},{"not_picked":["Dagger Throw","Caltrops"],"picked":"After Image","floor":6},{"not_picked":["Expertise","Poisoned Stab"],"picked":"Blade Dance","floor":7},{"not_picked":["Calculated Gamble","Bane"],"picked":"Dagger Throw","floor":10},{"not_picked":["Endless Agony","Blur"],"picked":"After Image","floor":13},{"not_picked":["Masterful Stab","Deflect","Bouncing Flask"],"picked":"SKIP","floor":14},{"not_picked":["Phantasmal Killer","Adrenaline"],"picked":"Envenom","floor":16},{"not_picked":["Flying Knee","Calculated Gamble"],"picked":"Tactician","floor":18},{"not_picked":["Calculated Gamble","Flying Knee"],"picked":"Prepared","floor":19},{"not_picked":["Prepared","Predator"],"picked":"Dagger Throw","floor":21},{"not_picked":["Leg Sweep","Dodge and Roll+1"],"picked":"PiercingWail","floor":24},{"not_picked":["Outmaneuver","Heel Hook"],"picked":"Underhanded Strike","floor":27}],"player_experience":2544816,"relics_obtained":[{"floor":6,"key":"Mummified Hand"},{"floor":9,"key":"InkBottle"},{"floor":24,"key":"Ginger"},{"floor":26,"key":"Meat on the Bone"}],"event_choices":[{"damage_healed":0,"gold_gain":0,"player_choice":"Success","damage_taken":5,"relics_obtained":["Torii"],"max_hp_gain":0,"max_hp_loss":0,"event_name":"Scrap Ooze","floor":3,"gold_loss":0},{"damage_healed":14,"gold_gain":0,"player_choice":"Heal","damage_taken":0,"max_hp_gain":0,"max_hp_loss":0,"event_name":"The Library","floor":22,"gold_loss":0}],"is_beta":false,"boss_relics":[{"not_picked":["SacredBark","Calling Bell"],"picked":"HoveringKite"}],"items_purged_floors":[],"is_endless":false,"potions_floor_spawned":[1,5,13,14,24,27],"killed_by":"Gremlin Leader","ascension_level":20}}