{"host":"Ruben","time":1612377162,"event":{"mods":["AchievementEnabler","Aspiration","BaseMod","Better Altar","Better Match","Better Note","Better Sensory Stone","Better Skull","Better Third Choice","BetterRewards","Colored Map","Conspire","Downfall","GifTheSpireLib","Googly Eyes","Highlight Path","Hubris","Minty Spire (QoL Compilation)","Permanent Neow","Shop Mod","Spicy Shops","StSLib","Stuff the Spire","The IronCluck","everything is the same but u backflip on backflip","slay the spire mod where everything is the same but ironclad has a cowboy hat"],"gold_per_floor":[114,134,134,134,134,160,160,194,217,251,281,296,310,321,321,426,426,444,23,33,48,48,48,77,77,77,104,104,104,104,120,120,219,219,237,254,254,254],"floor_reached":37,"language":"ENG","playtime":3964,"items_purged":["Defend_P","Defend_P"],"score":475,"play_id":"5811b5f6-54dc-47c6-bb31-8cd5e25ba3be","local_time":"20210203193242","is_ascension_mode":true,"campfire_choices":[{"floor":7,"key":"REST"},{"floor":15,"key":"REST"},{"floor":23,"key":"REST"},{"floor":28,"key":"REST"},{"floor":32,"key":"REST"}],"circlet_count":0,"master_deck":["Strike_P","Strike_P","Strike_P","Defend_P","Defend_P","Eruption","Vigilance","Perseverance","FlyingSleeves","DevaForm","WreathOfFlame","FlurryOfBlows","BattleHymn","Weave","ThirdEye","DeceiveReality","FollowUp","TalkToTheHand","Brilliance","JustLucky+1","Brilliance","Tantrum","Adaptation","Weave","Prostrate","CutThroughFate","Prostrate+1","Prostrate","Heavy Blade","Halt+1"],"relics":["StuffTheSpire:OccultApparatus","Dream Catcher","Gremlin Horn","hubris:Metronome","Peace Pipe","Pear","Runic Dome","Anchor","hubris:DisguiseKit","hubris:SlimyHat","betterThird:NestCultRelic","hubris:ScarierMask"],"acts_visited":["Exordium","TheCity","TheBeyond"],"potions_floor_usage":[6,6,8,14,24,24,35,35],"damage_taken":[{"damage":16,"enemies":"Small Slimes","floor":1,"turns":3},{"damage":1,"enemies":"2 Louse","floor":2,"turns":2},{"damage":35,"enemies":"Lagavulin","floor":6,"turns":4},{"damage":35,"enemies":"Gremlin Nob","floor":8,"turns":5},{"damage":4,"enemies":"Lagavulin","floor":10,"turns":5},{"damage":7,"enemies":"conspire:MimicChest","floor":11,"turns":6},{"damage":0,"enemies":"Cultist","floor":12,"turns":2},{"damage":3,"enemies":"Red Slaver","floor":13,"turns":3},{"damage":6,"enemies":"Exordium Wildlife","floor":14,"turns":6},{"damage":14,"enemies":"Slime Boss","floor":16,"turns":8},{"damage":34,"enemies":"2 Thieves","floor":18,"turns":4},{"damage":20,"enemies":"Chosen","floor":20,"turns":3},{"damage":0,"enemies":"Sentry and Sphere","floor":21,"turns":2},{"damage":0,"enemies":"conspire:Head Lice","floor":24,"turns":2},{"damage":43,"enemies":"Book of Stabbing","floor":27,"turns":4},{"damage":0,"enemies":"conspire:HollyBat","floor":31,"turns":5},{"damage":60,"enemies":"Collector","floor":33,"turns":7},{"damage":9,"enemies":"3 Shapes","floor":35,"turns":3},{"damage":26,"enemies":"Orb Walker","floor":36,"turns":4},{"damage":68,"enemies":"Transient","floor":37,"turns":5}],"seed_played":"-5389050445901552764","potions_obtained":[{"floor":1,"key":"champ:CounterPotion"},{"floor":2,"key":"AttackPotion"},{"floor":6,"key":"FearPotion"},{"floor":11,"key":"FairyPotion"},{"floor":12,"key":"PowerPotion"},{"floor":16,"key":"SteroidPotion"},{"floor":21,"key":"Block Potion"},{"floor":24,"key":"ColorlessPotion"},{"floor":33,"key":"Block Potion"},{"floor":35,"key":"SteroidPotion"}],"is_trial":false,"path_per_floor":["M","M","?","?","?","E","R","E","T","E","?","M","M","M","R","B",null,"M","$","M","M","$","R","E","$","T","E","R","?","?","M","R","B",null,"M","M","M"],"character_chosen":"WATCHER","items_purchased":["Brilliance"],"campfire_rested":5,"item_purchase_floors":[19],"current_hp_per_floor":[56,55,48,63,63,28,49,14,14,10,13,13,10,4,28,14,82,48,48,28,28,28,52,52,52,52,9,33,33,33,33,57,24,82,73,47,0,0],"gold":254,"neow_bonus":"RANDOM_COMMON_RELIC","is_daily":false,"chose_seed":false,"campfire_upgraded":0,"win_rate":0.0,"timestamp":1612377162,"path_taken":["M","M","?","?","?","E","R","E","T","E","?","M","M","M","R","BOSS","M","$","?","M","?","R","E","$","T","E","R","?","?","M","R","BOSS","M","M","M"],"items_purchased_type":["Card"],"build_version":"2020-12-18","purchased_purges":2,"victory":false,"max_hp_per_floor":[72,72,72,72,72,72,72,72,72,72,82,82,82,82,82,82,82,82,82,82,82,82,82,82,82,82,82,82,82,82,82,82,82,82,82,82,82,82],"card_choices":[{"not_picked":["EmptyMind","Conclude"],"picked":"Perseverance","floor":1},{"not_picked":["EmptyMind","SashWhip"],"picked":"FlyingSleeves","floor":2},{"not_picked":["FollowUp","Study"],"picked":"DevaForm","floor":6},{"not_picked":["EmptyBody","BowlingBash"],"picked":"WreathOfFlame","floor":7},{"not_picked":["Judgement","Worship"],"picked":"FlurryOfBlows","floor":8},{"not_picked":["SashWhip","Swivel"],"picked":"BattleHymn","floor":10},{"not_picked":["TalkToTheHand","PathToVictory"],"picked":"Weave","floor":11},{"not_picked":["FlyingSleeves","Halt"],"picked":"ThirdEye","floor":12},{"not_picked":["WheelKick","Pray"],"picked":"DeceiveReality","floor":13},{"not_picked":["EmptyBody","Swivel"],"picked":"FollowUp","floor":14},{"not_picked":["ClearTheMind","LessonLearned"],"picked":"TalkToTheHand","floor":15},{"not_picked":["ConjureBlade","Judgement"],"picked":"Brilliance","floor":16},{"not_picked":["ThirdEye","Crescendo"],"picked":"JustLucky+1","floor":18},{"not_picked":["CrushJoints","BowlingBash"],"picked":"Tantrum","floor":20},{"not_picked":["JustLucky","PathToVictory"],"picked":"Adaptation","floor":21},{"not_picked":["Halt","Study"],"picked":"Weave","floor":23},{"not_picked":["FlyingSleeves","EmptyMind"],"picked":"Prostrate","floor":24},{"not_picked":["EmptyFist","Scrawl","Warcry"],"picked":"CutThroughFate","floor":27},{"not_picked":["JustLucky","SignatureMove","Sword Boomerang"],"picked":"Prostrate+1","floor":28},{"not_picked":["Halt+1","Wish","StuffTheSpire:Incineration"],"picked":"Prostrate","floor":31},{"not_picked":["CrushJoints","Meditate","EmptyBody"],"picked":"Heavy Blade","floor":32},{"not_picked":["Swivel+1","Evaluate+1","StuffTheSpire:Slingshot"],"picked":"Halt+1","floor":35},{"not_picked":["InnerPeace+1","BowlingBash+1","Evaluate","Armaments"],"picked":"SKIP","floor":36}],"player_experience":301185,"relics_obtained":[{"floor":6,"key":"Gremlin Horn"},{"floor":8,"key":"hubris:Metronome"},{"floor":10,"key":"Peace Pipe"},{"floor":11,"key":"Pear"},{"floor":24,"key":"Anchor"},{"floor":26,"key":"hubris:DisguiseKit"},{"floor":27,"key":"hubris:SlimyHat"}],"event_choices":[{"cards_removed":["Strike_P"],"damage_healed":0,"gold_gain":0,"player_choice":"Card Removal","damage_taken":7,"max_hp_gain":0,"max_hp_loss":0,"event_name":"Golden Wing","floor":3,"gold_loss":0},{"damage_healed":0,"gold_gain":0,"player_choice":"Ignored","damage_taken":0,"max_hp_gain":0,"max_hp_loss":0,"event_name":"Ghosts","floor":29,"gold_loss":0},{"damage_healed":0,"gold_gain":0,"player_choice":"Madness","damage_taken":0,"relics_obtained":["betterThird:NestCultRelic"],"max_hp_gain":0,"max_hp_loss":0,"event_name":"betterThird:BetterNest","floor":30,"gold_loss":0}],"is_beta":true,"boss_relics":[{"not_picked":["VioletLotus","conspire:SpecialSausage"],"picked":"Runic Dome"},{"not_picked":["bronze:MakeshiftBattery","conspire:SeveredTorchhead"],"picked":"hubris:ScarierMask"}],"items_purged_floors":[19,19],"is_endless":false,"potions_floor_spawned":[1,2,6,11,12,16,21,24,33,35],"killed_by":"Transient","ascension_level":1}}