{"host":"q6r63elxu27obe7v","time":1612374761,"event":{"mods":["2.2 Compatiblity","AchievementEnabler","BaseMod","CapriCore","Colored Map","DeckTracker","KOR Keyword Fix","Keyboard Shortcuts","Marisa£¨Ùöéë¡¡Øª×âÞÞ£©","Minty Spire (QoL Compilation)","Permanent Neow","Quick Restart","StSLib","SuperFastMode","everything is the same but u backflip on backflip"],"gold_per_floor":[119,137,148,163,163,192,204,204,256,256,270,38,57,57,57,154,154,168,168,0,0,0,31,31,31,31],"floor_reached":25,"language":"KOR","playtime":870,"items_purged":["Defend_R"],"score":276,"play_id":"dbbddb8d-37bc-43a6-87e9-e5698ed02d1d","local_time":"20210204025241","is_ascension_mode":true,"campfire_choices":[{"data":"Blood for Blood","floor":8,"key":"SMITH"},{"floor":15,"key":"REST"},{"floor":24,"key":"REST"}],"circlet_count":0,"master_deck":["Strike_R+1","Strike_R+1","Strike_R+1","Strike_R+1","Defend_R+1","Defend_R+1","Defend_R+1","Bash","Shrug It Off","Wild Strike","Disarm","Blood for Blood+1","Carnage","Cleave","Shrug It Off","Pommel Strike","Offering","Dropkick+1","RitualDagger","Battle Trance","Uppercut"],"relics":["Burning Blood","Mummified Hand","Juzu Bracelet","SlaversCollar","Blue Candle"],"acts_visited":["Exordium","TheCity"],"potions_floor_usage":[16,18],"damage_taken":[{"damage":0,"enemies":"Jaw Worm","floor":1,"turns":5},{"damage":1,"enemies":"Cultist","floor":2,"turns":4},{"damage":0,"enemies":"Small Slimes","floor":3,"turns":3},{"damage":15,"enemies":"Exordium Wildlife","floor":4,"turns":5},{"damage":49,"enemies":"3 Sentries","floor":6,"turns":10},{"damage":5,"enemies":"Blue Slaver","floor":7,"turns":4},{"damage":0,"enemies":"Large Slime","floor":11,"turns":4},{"damage":8,"enemies":"3 Louse","floor":13,"turns":3},{"damage":38,"enemies":"The Guardian","floor":16,"turns":12},{"damage":22,"enemies":"Spheric Guardian","floor":18,"turns":4},{"damage":23,"enemies":"Book of Stabbing","floor":23,"turns":5},{"damage":50,"enemies":"Slavers","floor":25,"turns":3}],"seed_played":"-1464820533718128485","potions_obtained":[{"floor":2,"key":"Energy Potion"},{"floor":7,"key":"Dexterity Potion"},{"floor":16,"key":"SkillPotion"}],"is_trial":false,"path_per_floor":["M","M","M","M","?","E","M","R","T","?","M","$","M","$","R","B",null,"M","?","?","?","?","E","R","E"],"character_chosen":"IRONCLAD","items_purchased":["Juzu Bracelet"],"campfire_rested":2,"item_purchase_floors":[12],"current_hp_per_floor":[80,80,80,71,63,20,21,21,21,14,20,20,18,18,42,10,63,47,47,47,41,41,24,48,0,0],"gold":31,"neow_bonus":"THREE_CARDS","is_daily":false,"chose_seed":false,"campfire_upgraded":1,"win_rate":0.0,"timestamp":1612374761,"path_taken":["M","M","M","M","?","E","?","R","T","?","M","$","M","?","R","BOSS","M","?","?","?","?","E","R","E"],"items_purchased_type":["Relic"],"build_version":"2020-12-22","purchased_purges":1,"victory":false,"max_hp_per_floor":[80,80,80,80,80,80,80,80,80,80,80,80,80,80,80,80,80,80,80,80,80,80,80,80,80,80],"card_choices":[{"not_picked":["Burning Pact","Thunderclap"],"picked":"Shrug It Off","floor":0},{"not_picked":["Twin Strike","Sever Soul"],"picked":"Wild Strike","floor":1},{"not_picked":["Armaments","Warcry"],"picked":"Disarm","floor":2},{"not_picked":["Pommel Strike","Anger"],"picked":"Blood for Blood","floor":3},{"not_picked":["Thunderclap","Warcry"],"picked":"Carnage","floor":4},{"not_picked":["Pummel","Anger"],"picked":"Cleave","floor":6},{"not_picked":["Rampage","Sever Soul"],"picked":"Shrug It Off","floor":7},{"not_picked":["Rupture","Thunderclap"],"picked":"Pommel Strike","floor":11},{"not_picked":["Combust","Heavy Blade"],"picked":"Offering","floor":13},{"not_picked":["Anger","Warcry+1"],"picked":"Dropkick+1","floor":18},{"not_picked":["Metallicize","Heavy Blade+1"],"picked":"Uppercut","floor":23}],"player_experience":141557,"relics_obtained":[{"floor":6,"key":"Mummified Hand"},{"floor":23,"key":"Blue Candle"}],"event_choices":[{"damage_healed":0,"gold_gain":0,"player_choice":"Damaged","damage_taken":8,"max_hp_gain":0,"max_hp_loss":0,"event_name":"Wheel of Change","floor":5,"gold_loss":0},{"cards_removed":["Strike_R"],"damage_healed":0,"gold_gain":0,"player_choice":"Card Removal","damage_taken":7,"max_hp_gain":0,"max_hp_loss":0,"event_name":"Golden Wing","floor":10,"gold_loss":0},{"damage_healed":0,"gold_gain":0,"player_choice":"Simplicity","damage_taken":0,"max_hp_gain":0,"max_hp_loss":0,"event_name":"Back to Basics","floor":19,"gold_loss":0,"cards_upgraded":["Strike_R","Strike_R","Strike_R","Strike_R","Defend_R","Defend_R","Defend_R"]},{"damage_healed":0,"gold_gain":0,"player_choice":"Paid Fearfully","damage_taken":0,"max_hp_gain":0,"max_hp_loss":0,"event_name":"Masked Bandits","floor":20,"gold_loss":168},{"damage_healed":0,"gold_gain":0,"player_choice":"Joined the Cult","damage_taken":6,"max_hp_gain":0,"max_hp_loss":0,"event_name":"Nest","floor":21,"gold_loss":0,"cards_obtained":["RitualDagger"]},{"damage_healed":0,"gold_gain":0,"player_choice":"Read","damage_taken":0,"max_hp_gain":0,"max_hp_loss":0,"event_name":"The Library","floor":22,"gold_loss":0,"cards_obtained":["Battle Trance"]}],"is_beta":false,"boss_relics":[{"not_picked":["Fusion Hammer","Busted Crown"],"picked":"SlaversCollar"}],"items_purged_floors":[12],"is_endless":false,"potions_floor_spawned":[2,7,16],"killed_by":"Slavers","ascension_level":5}}