{"host":"n605f8gctjc87d7h","time":1612375091,"event":{"mods":["Aspiration","Bard","BaseMod","Better Match","Better Note","Better Skull","Better Third Choice","Conspire","Downfall","Halation","Hermit","Infinite Spire","Minty Spire (QoL Compilation)","Replay The Spire","Retaliation","Shade Mod","Spicy Shops","StSLib","The IronCluck","The Jungle"],"gold_per_floor":[115,115,129,304,304,304,333,176,201,201,213,233,267,279,279,350,350,363,376,376,5,5,17,17,17,17,35,35,35],"floor_reached":28,"language":"ENG","playtime":1413,"items_purged":["Doubt"],"score":388,"play_id":"84cceaeb-22be-4ac7-97b5-678ead23082b","local_time":"20210203095811","is_ascension_mode":true,"campfire_choices":[{"data":"Metallicize","floor":6.0,"key":"SMITH"},{"data":"Carnage","floor":10.0,"key":"SMITH"},{"floor":15.0,"key":"REST"},{"floor":24.0,"key":"REST"}],"circlet_count":0,"master_deck":["AscendersBane","Strike_R+1","Strike_R","Strike_R","Strike_R","Strike_R","Defend_R","Defend_R","Defend_R","Defend_R","Bash","Carnage+1","Metallicize+1","Flex+1","conspire:Banana+1","Inflame","DDmod:PokeAttack","Offering","Warcry","DDmod:UnstoppableAttack","DDmod:BurningFumesPowerCard","Iron Wave","Ghostly Armor"],"relics":["Burning Blood","ReplayFunnel","halation:YellowSoulGem","infinitespire:Eraser","War Paint","Ginger","Gremlin Food","Dream Catcher","Gambling Chip"],"acts_visited":["Exordium","TheCity"],"potions_floor_usage":[28],"damage_taken":[{"damage":2.0,"enemies":"2 Louse","floor":1.0,"turns":4.0},{"damage":0.0,"enemies":"conspire:RoseBush","floor":3.0,"turns":3.0},{"damage":30.0,"enemies":"Gremlin Nob","floor":7.0,"turns":6.0},{"damage":0.0,"enemies":"Jaw Worm","floor":11.0,"turns":3.0},{"damage":0.0,"enemies":"Large Slime","floor":12.0,"turns":3.0},{"damage":22.0,"enemies":"Lagavulin","floor":13.0,"turns":5.0},{"damage":2.0,"enemies":"Looter","floor":14.0,"turns":3.0},{"damage":70.0,"enemies":"Hexaghost","floor":16.0,"turns":12.0},{"damage":26.0,"enemies":"Shell Parasite","floor":18.0,"turns":5.0},{"damage":8.0,"enemies":"Spheric Guardian","floor":19.0,"turns":3.0},{"damage":12.0,"enemies":"conspire:HollyBat","floor":23.0,"turns":8.0},{"damage":24.0,"enemies":"Cultist and Chosen","floor":27.0,"turns":6.0},{"damage":91,"enemies":"Book of Stabbing","floor":28,"turns":7}],"seed_played":"920325285499537381","potions_obtained":[{"floor":3.0,"key":"champ:CounterPotion"},{"floor":11.0,"key":"bronze:BurnAndBuffPotion"},{"floor":13.0,"key":"Weak Potion"},{"floor":16.0,"key":"SteroidPotion"},{"floor":18.0,"key":"BloodPotion"}],"is_trial":false,"path_per_floor":["M","?","M","?","?","R","E","$","T","R","M","M","E","M","R","B",null,"M","M","?","$","?","M","R","?","T","M","E"],"character_chosen":"IRONCLAD","items_purchased":["conspire:Banana","Gremlin Food","DDmod:BurningFumesPowerCard","Dream Catcher"],"campfire_rested":2,"item_purchase_floors":[8,21,21,21],"current_hp_per_floor":[72,72,75,75,75,75,51,51,51,51,59,65,51,57,81,19,67,49,49,49,49,49,45,71,71,71,61,0,0],"gold":35,"neow_bonus":"RANDOM_COMMON_RELIC","is_daily":false,"chose_seed":false,"campfire_upgraded":2,"win_rate":0.0,"timestamp":1612375091,"path_taken":["M","?","M","?","?","R","E","$","T","R","M","M","E","M","R","BOSS","M","M","?","$","?","M","R","?","T","M","E"],"items_purchased_type":["Card","Relic","Card","Relic"],"build_version":"2020-12-22","purchased_purges":1,"victory":false,"max_hp_per_floor":[75,75,75,75,75,75,75,75,75,75,77,77,79,81,81,83,83,85,87,87,87,87,89,89,89,89,91,93,93],"card_choices":[{"not_picked":["Rage","Body Slam"],"picked":"Carnage","floor":1.0},{"not_picked":["Flame Barrier","Iron Wave"],"picked":"Metallicize","floor":3.0},{"not_picked":["DDmod:RapidStrikeAttack","Metallicize"],"picked":"Flex","floor":7.0},{"not_picked":["Replay:Undeath\u0027s Touch","Shrug It Off"],"picked":"Inflame","floor":11.0},{"not_picked":["Dark Embrace","Defy Death","Reckless Charge"],"picked":"SKIP","floor":12.0},{"not_picked":["Twin Strike","DDmod:CallousedSkill"],"picked":"DDmod:PokeAttack","floor":13.0},{"not_picked":["Feel No Pain","Blood for Blood","Cleave"],"picked":"SKIP","floor":14.0},{"not_picked":["Corruption","DDmod:AllInSkill"],"picked":"Offering","floor":16.0},{"not_picked":["Spot Weakness","Life Link"],"picked":"Warcry","floor":18.0},{"not_picked":["Rupture","Evolve"],"picked":"DDmod:UnstoppableAttack","floor":19.0},{"not_picked":["Havoc","DDmod:UnstoppableAttack","Life Link"],"picked":"SKIP","floor":23.0},{"not_picked":["Anger","DDmod:SpikeInjectionSkill"],"picked":"Iron Wave","floor":24.0},{"not_picked":["Armaments","ReplayTheSpireMod:Corrosion Curse"],"picked":"Ghostly Armor","floor":27.0}],"player_experience":802228,"relics_obtained":[{"floor":7.0,"key":"infinitespire:Eraser"},{"floor":9.0,"key":"War Paint"},{"floor":13.0,"key":"Ginger"},{"floor":26.0,"key":"Gambling Chip"}],"event_choices":[{"damage_healed":0.0,"max_hp_gain":0.0,"max_hp_loss":0.0,"gold_gain":175.0,"event_name":"betterThird:BetterSerpent","player_choice":"AGREE","floor":4.0,"gold_loss":0.0,"damage_taken":129.0},{"damage_healed":0.0,"max_hp_gain":0.0,"max_hp_loss":0.0,"gold_gain":0.0,"event_name":"conspire:LoneGhost","player_choice":"Disagree","floor":5.0,"gold_loss":0.0,"damage_taken":0.0},{"damage_healed":0.0,"max_hp_gain":0.0,"max_hp_loss":0.0,"gold_gain":0.0,"event_name":"conspire:Investor","player_choice":"Leave","floor":20.0,"gold_loss":0.0,"damage_taken":0.0}],"is_beta":false,"boss_relics":[{"not_picked":["Velvet Choker","halation:Yufonium","halation:HeavySnake"]}],"items_purged_floors":[8],"is_endless":false,"potions_floor_spawned":[3,11,13,16,18,23],"killed_by":"Book of Stabbing","ascension_level":14}}