{"host":"wuernuywc9gl215o","time":1612347831,"event":{"mods":["AchievementEnabler","BaseMod","Block Reminder","Highlight Path","Key Reminder","Minty Spire (QoL Compilation)","Permanent Neow","Potion Indicator Mod","Quick Restart","Relic Stats"],"gold_per_floor":[115,115,127,141,160,160,160,192,192,28,56,113,113,144,144,218,218,234,250,250,267,277,277,306,306,331,361,72,72,99,24,24,101,101,117,133,133,150,166,199,210,210,210,262,6,41,54,54,54,54,54,54,54,26,59,59],"floor_reached":57,"language":"ENG","playtime":4557,"items_purged":["Strike_R"],"score":2736,"play_id":"fa2b17a7-8544-4df6-afb5-d9a20e5f789c","local_time":"20210203102351","is_ascension_mode":true,"campfire_choices":[{"floor":6.0,"key":"REST"},{"floor":13.0,"key":"REST"},{"floor":15.0,"key":"REST"},{"floor":23.0,"key":"REST"},{"floor":25.0,"key":"RECALL"},{"floor":29.0,"key":"REST"},{"floor":32.0,"key":"REST"},{"floor":42.0,"key":"REST"},{"floor":49.0,"key":"REST"},{"floor":53.0,"key":"REST"}],"circlet_count":0,"master_deck":["AscendersBane","Strike_R","Strike_R+1","Strike_R+1","Defend_R+1","Defend_R","Defend_R+1","Defend_R","Bash","Clothesline","Dark Embrace","Shrug It Off","Disarm+1","Inflame","Feed+1","Dropkick+1","Carnage+1","Exhume","Offering","RitualDagger+1","Metallicize","Armaments","Armaments+1","Inflame","Limit Break+1","Bloodletting+1","True Grit+1","Entrench+1","Whirlwind+1","Disarm+1","Feel No Pain","Shrug It Off+1","Flame Barrier+1","Headbutt+1"],"relics":["Fusion Hammer","Molten Egg 2","Eternal Feather","Bag of Marbles","Anchor","Singing Bowl","Bronze Scales","Runic Pyramid","Unceasing Top","Vajra","Red Mask","Toxic Egg 2","Centennial Puzzle","Sozu","Boot","Du-Vu Doll","War Paint","Whetstone","Bird Faced Urn"],"acts_visited":["Exordium","TheCity","TheBeyond","TheEnding"],"potions_floor_usage":[],"damage_taken":[{"damage":5.0,"enemies":"Small Slimes","floor":1.0,"turns":3.0},{"damage":0.0,"enemies":"Cultist","floor":3.0,"turns":3.0},{"damage":1.0,"enemies":"Jaw Worm","floor":4.0,"turns":6.0},{"damage":19.0,"enemies":"3 Louse","floor":5.0,"turns":4.0},{"damage":15.0,"enemies":"Lagavulin","floor":8.0,"turns":8.0},{"damage":24.0,"enemies":"Gremlin Nob","floor":11.0,"turns":4.0},{"damage":22.0,"enemies":"Gremlin Nob","floor":12.0,"turns":4.0},{"damage":7.0,"enemies":"3 Sentries","floor":14.0,"turns":6.0},{"damage":2.0,"enemies":"Hexaghost","floor":16.0,"turns":9.0},{"damage":16.0,"enemies":"Chosen","floor":18.0,"turns":4.0},{"damage":7.0,"enemies":"2 Thieves","floor":19.0,"turns":3.0},{"damage":0.0,"enemies":"Centurion and Healer","floor":21.0,"turns":5.0},{"damage":8.0,"enemies":"3 Cultists","floor":22.0,"turns":5.0},{"damage":24.0,"enemies":"Book of Stabbing","floor":24.0,"turns":4.0},{"damage":26.0,"enemies":"Masked Bandits","floor":27.0,"turns":4.0},{"damage":45.0,"enemies":"Slavers","floor":30.0,"turns":7.0},{"damage":53.0,"enemies":"Champ","floor":33.0,"turns":11.0},{"damage":26.0,"enemies":"3 Darklings","floor":35.0,"turns":5.0},{"damage":6.0,"enemies":"Orb Walker","floor":36.0,"turns":3.0},{"damage":9.0,"enemies":"Sphere and 2 Shapes","floor":38.0,"turns":6.0},{"damage":3.0,"enemies":"Maw","floor":39.0,"turns":6.0},{"damage":56.0,"enemies":"Giant Head","floor":40.0,"turns":8.0},{"damage":5.0,"enemies":"Writhing Mass","floor":41.0,"turns":5.0},{"damage":36.0,"enemies":"2 Orb Walkers","floor":44.0,"turns":4.0},{"damage":10.0,"enemies":"Nemesis","floor":46.0,"turns":5.0},{"damage":3.0,"enemies":"Sphere and 2 Shapes","floor":47.0,"turns":6.0},{"damage":29.0,"enemies":"Time Eater","floor":50.0,"turns":8.0},{"damage":47.0,"enemies":"Awakened One","floor":51.0,"turns":12.0},{"damage":44.0,"enemies":"Shield and Spear","floor":55.0,"turns":9.0},{"damage":140,"enemies":"The Heart","floor":56,"turns":11}],"seed_played":"5836604658165578973","potions_obtained":[{"floor":3.0,"key":"Regen Potion"},{"floor":8.0,"key":"EntropicBrew"},{"floor":12.0,"key":"Swift Potion"},{"floor":16.0,"key":"DistilledChaos"},{"floor":27.0,"key":"Fire Potion"},{"floor":30.0,"key":"Dexterity Potion"},{"floor":33.0,"key":"DistilledChaos"}],"is_trial":false,"path_per_floor":["M","?","M","M","M","R","?","E","T","$","E","?","R","E","R","B",null,"M","M","?","M","M","R","E","R","T","?","$","R","E","$","R","B",null,"M","M","?","M","M","E","M","R","T","?","$","E","M","?","R","B","B",null,"R","$","E","B",null],"character_chosen":"IRONCLAD","items_purchased":["Bag of Marbles","Toxic Egg 2","Armaments+1","Feel No Pain","Shrug It Off+1","War Paint","Headbutt+1"],"campfire_rested":9,"item_purchase_floors":[10,28,28,45,45,45,54],"current_hp_per_floor":[63,63,63,75,56,75,75,60,60,60,36,14,45,42,74,76,81,71,70,64,68,66,105,87,99,99,77,77,115,78,78,123,74,114,94,92,92,93,94,42,41,101,101,73,73,69,74,74,144,119,76,156,182,182,144,14],"gold":59,"neow_bonus":"BOSS_RELIC","is_daily":false,"chose_seed":false,"campfire_upgraded":0,"win_rate":0.0,"timestamp":1612347831,"path_taken":["M","?","M","M","?","R","?","E","T","$","E","?","R","E","R","BOSS","M","M","?","M","M","R","E","R","T","?","$","R","E","?","R","BOSS","M","M","?","M","M","E","M","R","T","?","$","E","M","?","R","BOSS","BOSS","R","$","E","BOSS"],"items_purchased_type":["Relic","Relic","Card","Card","Card","Relic","Card"],"build_version":"2020-12-22","purchased_purges":1,"victory":true,"max_hp_per_floor":[75,75,75,75,75,75,75,75,75,75,75,75,75,79,79,83,83,89,95,95,99,105,105,111,111,111,115,115,115,123,123,123,127,127,133,137,130,140,144,148,152,152,152,160,160,166,174,174,174,178,182,182,182,182,188,188],"relic_stats":{"Sozu":6,"Centennial Puzzle":[42],"Singing Bowl":16,"counters":[30,178],"Bronze Scales":[546],"Bird Faced Urn":[10],"Eternal Feather":117,"Whetstone":["Strike_R","Strike_R"],"War Paint":["Defend_R","Defend_R"],"Boot":[3],"obtain_stats":[{"Singing Bowl":12,"Vajra":26,"Eternal Feather":9,"Whetstone":46,"War Paint":45,"Boot":40,"Burning Blood":0,"keyreminder:keyreminder":25,"Sozu":34,"Du-Vu Doll":44,"Anchor":11,"Centennial Puzzle":30,"Bronze Scales":14,"Bird Faced Urn":55,"Molten Egg 2":8,"Fusion Hammer":0,"Bag of Marbles":10,"Red Mask":27,"Toxic Egg 2":28,"Unceasing Top":24,"Runic Pyramid":17},{"Singing Bowl":7,"Vajra":14,"Eternal Feather":5,"Whetstone":25,"War Paint":24,"Boot":22,"Burning Blood":0,"keyreminder:keyreminder":14,"Sozu":17,"Du-Vu Doll":24,"Anchor":6,"Centennial Puzzle":16,"Bronze Scales":8,"Bird Faced Urn":29,"Molten Egg 2":5,"Fusion Hammer":0,"Bag of Marbles":5,"Red Mask":15,"Toxic Egg 2":15,"Unceasing Top":14,"Runic Pyramid":9},{"Singing Bowl":32,"Vajra":68,"Eternal Feather":24,"Whetstone":132,"War Paint":127,"Boot":118,"Burning Blood":0,"keyreminder:keyreminder":68,"Sozu":90,"Du-Vu Doll":127,"Anchor":28,"Centennial Puzzle":79,"Bronze Scales":38,"Bird Faced Urn":167,"Molten Egg 2":24,"Fusion Hammer":0,"Bag of Marbles":24,"Red Mask":72,"Toxic Egg 2":72,"Unceasing Top":68,"Runic Pyramid":47}],"Unceasing Top":[1]},"card_choices":[{"not_picked":["Flex","Armaments"],"picked":"Clothesline","floor":1.0},{"not_picked":["Flex","Anger"],"picked":"Shrug It Off","floor":3.0},{"not_picked":["Body Slam","Warcry"],"picked":"Disarm","floor":4.0},{"not_picked":["Armaments","Reckless Charge"],"picked":"Inflame","floor":5.0},{"not_picked":["Double Tap","Metallicize"],"picked":"Feed+1","floor":8.0},{"not_picked":["Havoc","Thunderclap+1"],"picked":"Dropkick+1","floor":11.0},{"not_picked":["Blood for Blood+1","Bloodletting"],"picked":"Carnage+1","floor":12.0},{"not_picked":["Seeing Red","Thunderclap+1"],"picked":"Exhume","floor":14.0},{"not_picked":["Exhume","Brutality"],"picked":"Offering","floor":16.0},{"not_picked":["Combust","Rupture","Rampage+1"],"picked":"Singing Bowl","floor":18.0},{"not_picked":["Sword Boomerang+1","Clash+1","Rupture"],"picked":"Singing Bowl","floor":19.0},{"not_picked":["Perfected Strike+1","Cleave+1"],"picked":"Metallicize","floor":21.0},{"not_picked":["Entrench","Flex","Heavy Blade+1"],"picked":"Singing Bowl","floor":22.0},{"not_picked":["Hemokinesis+1","Dark Embrace+1","Body Slam+1"],"picked":"Singing Bowl","floor":24.0},{"not_picked":["Pommel Strike+1","Anger+1"],"picked":"Armaments","floor":27.0},{"not_picked":["Berserk","Clash+1"],"picked":"Inflame","floor":30.0},{"not_picked":["Impervious+1","Demon Form"],"picked":"Limit Break+1","floor":33.0},{"not_picked":["Sword Boomerang+1","Thunderclap+1","Burning Pact+1"],"picked":"Singing Bowl","floor":35.0},{"not_picked":["Pummel+1","Pommel Strike+1"],"picked":"Bloodletting+1","floor":36.0},{"not_picked":["Armaments+1","Dual Wield+1","Iron Wave+1"],"picked":"Singing Bowl","floor":38.0},{"not_picked":["Dropkick+1","Clothesline+1"],"picked":"True Grit+1","floor":39.0},{"not_picked":["Power Through+1","Thunderclap+1"],"picked":"Entrench+1","floor":40.0},{"not_picked":["Dark Embrace+1","Inflame"],"picked":"Whirlwind+1","floor":41.0},{"not_picked":["Havoc+1","Anger+1"],"picked":"Disarm+1","floor":44.0},{"not_picked":["Pommel Strike+1","Searing Blow+1","Sever Soul+1"],"picked":"Singing Bowl","floor":46.0},{"not_picked":["Carnage+1","Hemokinesis+1"],"picked":"Flame Barrier+1","floor":47.0},{"not_picked":["Hemokinesis+1","Anger+1","Infernal Blade+1"],"picked":"Singing Bowl","floor":55.0}],"player_experience":785856,"relics_obtained":[{"floor":8.0,"key":"Molten Egg 2"},{"floor":9.0,"key":"Eternal Feather"},{"floor":11.0,"key":"Anchor"},{"floor":12.0,"key":"Singing Bowl"},{"floor":14.0,"key":"Bronze Scales"},{"floor":24.0,"key":"Unceasing Top"},{"floor":26.0,"key":"Vajra"},{"floor":27.0,"key":"Red Mask"},{"floor":30.0,"key":"Centennial Puzzle"},{"floor":40.0,"key":"Boot"},{"floor":44.0,"key":"Du-Vu Doll"},{"floor":46.0,"key":"Whetstone"},{"floor":55.0,"key":"Bird Faced Urn"}],"event_choices":[{"damage_healed":0.0,"max_hp_gain":0.0,"max_hp_loss":0.0,"gold_gain":0.0,"cards_transformed":["Strike_R"],"event_name":"Transmorgrifier","player_choice":"Transformed","floor":2.0,"gold_loss":0.0,"damage_taken":0.0,"cards_obtained":["Dark Embrace"]},{"damage_healed":0.0,"max_hp_gain":0.0,"max_hp_loss":0.0,"gold_gain":0.0,"event_name":"Living Wall","player_choice":"Grow","floor":7.0,"gold_loss":0.0,"damage_taken":0.0,"cards_upgraded":["Disarm"]},{"damage_healed":0.0,"max_hp_gain":0.0,"max_hp_loss":0.0,"gold_gain":0.0,"event_name":"Dead Adventurer","player_choice":"Searched \u00272\u0027 times","floor":12.0,"gold_loss":0.0,"damage_taken":0.0},{"damage_healed":0.0,"max_hp_gain":0.0,"max_hp_loss":0.0,"gold_gain":0.0,"event_name":"Nest","player_choice":"Joined the Cult","floor":20.0,"gold_loss":0.0,"damage_taken":6.0,"cards_obtained":["RitualDagger"]},{"damage_healed":0.0,"max_hp_gain":0.0,"max_hp_loss":0.0,"gold_gain":0.0,"event_name":"Masked Bandits","player_choice":"Fought Bandits","floor":27.0,"gold_loss":0.0,"damage_taken":0.0},{"damage_healed":0.0,"max_hp_gain":0.0,"max_hp_loss":7.0,"gold_gain":0.0,"event_name":"Winding Halls","player_choice":"Max HP","floor":37.0,"gold_loss":0.0,"damage_taken":0.0},{"damage_healed":0.0,"max_hp_gain":0.0,"max_hp_loss":0.0,"gold_gain":0.0,"event_name":"Mysterious Sphere","player_choice":"Fight","floor":44.0,"gold_loss":0.0,"damage_taken":0.0},{"damage_healed":0.0,"max_hp_gain":0.0,"max_hp_loss":0.0,"gold_gain":0.0,"event_name":"The Moai Head","player_choice":"Ignored","floor":48.0,"gold_loss":0.0,"damage_taken":0.0}],"is_beta":false,"boss_relics":[{"not_picked":["Astrolabe","Cursed Key"],"picked":"Runic Pyramid"},{"not_picked":["Runic Cube","Calling Bell"],"picked":"Sozu"}],"items_purged_floors":[31],"is_endless":false,"potions_floor_spawned":[3,8,12,16,21,22,27,30,33,35,38,39,46,47,55],"ascension_level":20}}