{"host":"zx10cf1fsoa3eqiy","time":1612347081,"event":{"mods":["BaseMod","Colored Powertips","Downfall","Highlight Path","Minty Spire (QoL Compilation)","Quick Restart","Replay The Spire","Shop Mod","StSLib","Td1madao Mod","The Servant 0.9.4","Yuri Mod"],"gold_per_floor":[99,99,99,99,99,99,124,124,141,170,345,369,384,412,112,112,112,112],"floor_reached":16,"language":"ZHS","playtime":462,"items_purged":[],"score":109,"play_id":"1fe88dba-74a1-4bee-b2a4-ea95ee3b9f96","local_time":"20210203181121","is_ascension_mode":true,"campfire_choices":[{"floor":6,"key":"RECALL"},{"floor":15,"key":"REST"}],"circlet_count":0,"master_deck":["bronze:Strike","bronze:Strike","bronze:Strike","bronze:Strike","bronze:Defend","bronze:Defend","bronze:Defend","bronze:Defend","bronze:Replicate","bronze:Flail","bronze:TinkerersToolbox","bronze:Overheat","bronze:Repulsor+1","Doubt","bronze:OilSpill","bronze:ThunderWave"],"relics":["bronze:BronzeCore","downfall:HeartsMalice","Blue Doll","Simple Rune","Dream Catcher","downfall:HeartBlessingRed","downfall:HeartBlessingGreen","downfall:HeartBlessingBlue"],"acts_visited":["Exordium"],"potions_floor_usage":[10,14,16],"damage_taken":[{"damage":0.0,"enemies":"Cultist","floor":1.0,"turns":1.0},{"damage":0.0,"enemies":"2 Louse","floor":2.0,"turns":1.0},{"damage":0.0,"enemies":"Small Slimes","floor":3.0,"turns":1.0},{"damage":0,"enemies":"3 Louse","floor":9,"turns":1},{"damage":31,"enemies":"3 Sentries","floor":10,"turns":7},{"damage":3,"enemies":"Large Slime","floor":13,"turns":4},{"damage":18,"enemies":"Lagavulin","floor":14,"turns":5},{"damage":37,"enemies":"WA_ARCHETYPE_RETAIN","floor":16,"turns":7}],"seed_played":"-8641131289990862560","potions_obtained":[{"floor":9,"key":"Fire Potion"},{"floor":10,"key":"Energy Potion"},{"floor":14,"key":"AttackPotion"}],"is_trial":false,"path_per_floor":["M","M","M","?","?","R","T","?","M","E","?","T","M","E","R","B"],"character_chosen":"THE_AUTOMATON","items_purchased":[],"campfire_rested":1,"item_purchase_floors":[],"current_hp_per_floor":[70,70,70,70,70,70,70,70,70,39,39,39,36,18,52,15,15,15],"gold":112,"neow_bonus":"THREE_ENEMY_KILL","is_daily":false,"chose_seed":false,"campfire_upgraded":0,"win_rate":0.0,"timestamp":1612347081,"path_taken":["M","M","?","?","?","R","T","?","M","E","?","?","M","E","R","BOSS"],"items_purchased_type":[],"build_version":"2020-12-22","purchased_purges":0,"victory":false,"max_hp_per_floor":[70,70,70,70,70,70,70,70,70,70,70,70,70,70,80,80,80,80],"card_choices":[{"not_picked":["bronze:Overheat","bronze:Shield"],"picked":"bronze:Flail","floor":1.0},{"not_picked":["bronze:Overheat","bronze:BitShift"],"picked":"bronze:TinkerersToolbox","floor":2.0},{"not_picked":["bronze:Invalidate","bronze:Repair"],"picked":"bronze:Overheat","floor":3.0},{"not_picked":["bronze:Invalidate","bronze:Turbo","bronze:DelayedGuard"],"picked":"SKIP","floor":9},{"not_picked":["bronze:Shield","bronze:DelayedGuard","bronze:Invalidate"],"picked":"SKIP","floor":10},{"not_picked":["bronze:Turbo","bronze:WildBeam"],"picked":"bronze:OilSpill","floor":13},{"not_picked":["bronze:Separator","bronze:DelayedSlice"],"picked":"bronze:ThunderWave","floor":14}],"player_experience":334082,"relics_obtained":[{"floor":10,"key":"Simple Rune"},{"floor":12,"key":"Dream Catcher"}],"event_choices":[{"damage_healed":0.0,"max_hp_gain":0.0,"max_hp_loss":0.0,"gold_gain":0.0,"event_name":"Big Fish","player_choice":"Box","floor":4.0,"gold_loss":0.0,"damage_taken":0.0,"relics_obtained":["Blue Doll"],"cards_obtained":["Regret"]},{"cards_removed":["Regret"],"damage_healed":0,"gold_gain":0,"player_choice":"Card Removal","damage_taken":0,"max_hp_gain":0,"max_hp_loss":0,"event_name":"The Cleric","floor":8,"gold_loss":0}],"is_beta":false,"boss_relics":[],"items_purged_floors":[],"is_endless":false,"potions_floor_spawned":[9,10,14],"killed_by":"WA_ARCHETYPE_RETAIN","ascension_level":1}}