{"host":"74dg6ta44i9qan6e","time":1612394187,"event":{"mods":["Act Like it!","BaseMod","Downfall","Hubris","Infinite Spire","Minty Spire (QoL Compilation)","Replay The Spire","StSLib","Waifu the Spire"],"gold_per_floor":[99,30,30,130,130,149,174,192,205,216,116,143,43,70,83,83,83,83],"floor_reached":16,"language":"ENG","playtime":989,"items_purged":[],"score":241,"play_id":"ae9bf403-3c49-468e-8a66-4f96b1d0f0b3","local_time":"20210203181627","is_ascension_mode":true,"campfire_choices":[{"data":"champ:Taunt","floor":1,"key":"SMITH"},{"floor":11,"key":"RECALL"},{"data":"champ:Devastate","floor":13,"key":"SMITH"}],"circlet_count":0,"master_deck":["champ:Strike","champ:Strike","champ:Strike","champ:Strike","champ:Defend","champ:Defend","champ:Defend","champ:Defend","champ:Execute","champ:Taunt+1","champ:AdrenalArmor","champ:AdrenalArmor","CurseOfTheBell","CurseOfTheBell","hubris:Despair","Voices","hubris:Compulsion","champ:Devastate+1","champ:BerserkersShout","champ:StanceDance","champ:EnGarde","champ:BladeFlurry","champ:EndlessRage","champ:FlashCut","champ:BerserkerStyle"],"relics":["Busted Crown","Regal Pillow","downfall:ExtraCursedBell","hubris:SlimyHat","Iron Hammer","hubris:CuriousFeather","hexamod:BolsterEngine","downfall:HeartBlessingBlue","hubris:FunFungus","downfall:HeartBlessingRed","Tiny Chest"],"acts_visited":["Exordium"],"potions_floor_usage":[12,12,14,16],"damage_taken":[{"damage":20,"enemies":"downfall:FleeingMerchant","floor":2,"turns":4},{"damage":20,"enemies":"Cultist","floor":6,"turns":4},{"damage":20,"enemies":"Jaw Worm","floor":8,"turns":4},{"damage":28,"enemies":"Small Slimes","floor":9,"turns":5},{"damage":19,"enemies":"Blue Slaver","floor":10,"turns":5},{"damage":55,"enemies":"Lagavulin","floor":12,"turns":6},{"damage":79,"enemies":"3 Sentries","floor":14,"turns":7},{"damage":0,"enemies":"Exordium Wildlife","floor":15,"turns":4},{"damage":150,"enemies":"DF_ARCHETYPE_STREAMLINE","floor":16,"turns":9}],"seed_played":"-662800129341453302","potions_obtained":[{"floor":8,"key":"Regen Potion"},{"floor":9,"key":"ColorlessPotion"},{"floor":10,"key":"PowerPotion"},{"floor":15,"key":"PowerPotion"}],"is_trial":false,"path_per_floor":["R","$","?","?","?","M","T","M","M","M","R","E","R","E","M","B"],"character_chosen":"THE_CHAMP","items_purchased":["champ:AdrenalArmor"],"campfire_rested":0,"item_purchase_floors":[2],"current_hp_per_floor":[90,90,78,83,83,83,83,83,80,76,86,80,80,76,80,0,0,0],"gold":83,"neow_bonus":"BOSS_RELIC","is_daily":false,"chose_seed":false,"campfire_upgraded":2,"win_rate":0.0,"timestamp":1612394187,"path_taken":["R","$","?","?","?","M","T","M","M","M","R","E","R","E","M","BOSS"],"items_purchased_type":["Card"],"build_version":"2020-12-22","purchased_purges":0,"victory":false,"max_hp_per_floor":[90,90,90,95,95,95,95,95,95,95,105,105,105,105,105,105,105,105],"card_choices":[{"not_picked":[],"picked":"champ:AdrenalArmor","floor":2},{"not_picked":[],"picked":"champ:BerserkersShout","floor":6},{"not_picked":[],"picked":"champ:StanceDance","floor":8},{"not_picked":[],"picked":"champ:EnGarde","floor":9},{"not_picked":[],"picked":"champ:BladeFlurry","floor":10},{"not_picked":[],"picked":"champ:EndlessRage","floor":12},{"not_picked":[],"picked":"champ:FlashCut","floor":14},{"not_picked":[],"picked":"champ:BerserkerStyle","floor":15}],"player_experience":553633,"relics_obtained":[{"floor":4,"key":"hubris:SlimyHat"},{"floor":4,"key":"Iron Hammer"},{"floor":4,"key":"hubris:CuriousFeather"},{"floor":12,"key":"hubris:FunFungus"},{"floor":14,"key":"Tiny Chest"}],"event_choices":[{"damage_healed":0,"gold_gain":0,"player_choice":"Success","damage_taken":12,"relics_obtained":["Regal Pillow"],"max_hp_gain":0,"max_hp_loss":0,"event_name":"Scrap Ooze","floor":3,"gold_loss":0}],"is_beta":false,"boss_relics":[],"items_purged_floors":[],"is_endless":false,"potions_floor_spawned":[8,9,10,15],"killed_by":"DF_ARCHETYPE_STREAMLINE","ascension_level":1}}