{"host":"pgm1p3lvdjflie30","time":1612361545,"event":{"mods":["ATMod(阿瑾Mod)","AchievementEnabler","Aspiration","BaseMod","Challenge The Spire","Colored Map","Colored Powertips","Conspire","Dark Map","Dota2Spire","Downfall","Energized Spire","GungeonMod","Hermit","Highlight Path","HornydragonMod","Minty Spire (QoL Compilation)","MostiFishMod","Quarter Circle Forward PUNCH!","Quick Restart","Reimu（博???）","Relic Stats","Replay The Spire","Robot Space Explorer","Spicy Shops","StSLib","TestMod","The Blackbeard","The Bug Knight","The Cursed","The Hayseed","The IronCluck","The Jungle","The Runesmith","Waifu the Spire","Yakumo Yukari mod","【?物卡牌】REMEMod","篝火指南"],"gold_per_floor":[110,14,14,29,79,79,104,142,142,159,170,170,44,2,2,104,104,114,133,500,500,511,228,255,255,255,255,255],"floor_reached":27,"language":"ZHS","playtime":1863,"items_purged":["REME_CurseOfMatryoshka"],"score":372,"play_id":"7e328c3c-191e-4d6a-9eb9-2af9bc479fb2","local_time":"20210203221225","is_ascension_mode":true,"campfire_choices":[{"floor":6,"key":"RECALL"},{"data":"TheSimpletonMod:Sunchoke","floor":12,"key":"SMITH"},{"data":"TheSimpletonMod:OnionBloom","floor":15,"key":"SMITH"}],"circlet_count":0,"master_deck":["TheSimpletonMod:Strike_TheSimpleton","TheSimpletonMod:Strike_TheSimpleton","TheSimpletonMod:Strike_TheSimpleton","TheSimpletonMod:Strike_TheSimpleton","TheSimpletonMod:Defend_TheSimpleton","TheSimpletonMod:Defend_TheSimpleton","TheSimpletonMod:Defend_TheSimpleton","TheSimpletonMod:Defend_TheSimpleton","TheSimpletonMod:Haymaker","TheSimpletonMod:ReapAndSow","TheSimpletonMod:FanTheFlames+1","AT_FamilyPortrait","TheSimpletonMod:OnionBloom+1","Doubt","Regret","TheSimpletonMod:RootDown","Delirium","TheSimpletonMod:SaladShooter","TheSimpletonMod:KeenEdge","TheSimpletonMod:SlashAndBurn","TheSimpletonMod:Sunchoke+1","downfall:Aged","TheSimpletonMod:SaltTheEarth","TheSimpletonMod:ControlledBurn","TheSimpletonMod:VineRipen","TheSimpletonMod:Nettles","Decay","TheSimpletonMod:Sunseed+1","TheSimpletonMod:PestManagement","TheSimpletonMod:Biorefinement"],"relics":["TheSimpletonMod:SpudOfTheInnocent","TheSimpletonMod:NightSoil","TheSimpletonMod:TheHarvester","AT_ATBox","REME_ComplimentaryCards","DaveBox","testmod-TestBox","ChiXiaoBlade","testmod-BouquetWithThorns","DemoMod:ClearGuonStone","SynthV:TestCard","Chameleon Ring","Smiling Mask","Ring of Greed","Ring of Misfortune","Tiny Chest","Membership Card","White Beast Statue","Matryoshka","Mummified Hand","Replay:Wax Seal","energizedSpire:SpiderWeb","conspire:TreasureMap","TheSimpletonMod:SpudOfTheMartyr","TheAbacus","REME_HandOfSuture","ImprovedEquipment","AT_SunfireAegis"],"acts_visited":["Exordium","Exordium"],"potions_floor_usage":[7,16,19,19,19,19,19,19,19,22,27,27],"damage_taken":[{"damage":9,"enemies":"Jaw Worm","floor":1,"turns":4},{"damage":9,"enemies":"2 Louse","floor":4,"turns":2},{"damage":3,"enemies":"Lagavulin","floor":7,"turns":5},{"damage":3,"enemies":"conspire:RoseBush","floor":8,"turns":2},{"damage":10,"enemies":"Blue Slaver","floor":10,"turns":3},{"damage":0,"enemies":"Looter","floor":11,"turns":2},{"damage":13,"enemies":"Slime Boss","floor":16,"turns":7},{"damage":18,"enemies":"theJungle:GiantWrat","floor":18,"turns":5},{"damage":2,"enemies":"theJungle:5_Spyders","floor":19,"turns":5},{"damage":34,"enemies":"theJungle:2_Snecko_Cultists","floor":22,"turns":4},{"damage":4,"enemies":"theJungle:2_Flameangoes","floor":27,"turns":3}],"seed_played":"2486044048464882995","potions_obtained":[{"floor":1,"key":"AttackPotion"},{"floor":8,"key":"SmokeBomb"},{"floor":10,"key":"champ:CounterPotion"},{"floor":11,"key":"EntropicBrew"},{"floor":16,"key":"EntropicBrew"},{"floor":18,"key":"Block Potion"},{"floor":19,"key":"Swift Potion"},{"floor":22,"key":"Fire Potion"}],"is_trial":false,"path_per_floor":["M","$","?","M","?","R","E","M","T","M","M","R","$","$","R","B",null,"M","M","?","?","M","R","T","T","T","M"],"character_chosen":"THE_SIMPLETON","items_purchased":["Chameleon Ring","Mummified Hand","Replay:Wax Seal","conspire:TreasureMap","TheSimpletonMod:SpudOfTheMartyr","TheAbacus"],"campfire_rested":0,"item_purchase_floors":[2,13,14,23,23,23],"current_hp_per_floor":[66,66,66,61,61,61,62,59,59,53,53,53,53,53,53,44,75,61,63,33,33,3,3,3,3,3,0,0],"gold":255,"neow_bonus":"RANDOM_COMMON_RELIC","is_daily":false,"chose_seed":false,"campfire_upgraded":2,"win_rate":0.0,"timestamp":1612361545,"path_taken":["M","$","?","M","?","R","E","M","T","M","M","R","?","$","R","BOSS","M","M","?","?","M","R","?","?","T","M"],"items_purchased_type":["Relic","Relic","Relic","Relic","Relic","Relic"],"build_version":"2020-12-22","purchased_purges":1,"victory":false,"max_hp_per_floor":[75,75,75,75,75,75,75,75,75,75,75,75,75,75,75,75,75,75,75,75,75,75,75,75,75,75,75,75],"relic_stats":{"TheAbacus":[0],"counters":[11,40],"Mummified Hand":[4],"Tiny Chest":1,"Smiling Mask":-12,"obtain_stats":[{"AT_ATBox":0,"DaveBox":0,"TheSimpletonMod:SpudOfTheMartyr":23,"DemoMod:GlassGuonStoneRelic":1,"testmod-BouquetWithThorns":0,"Smiling Mask":3,"TheSimpletonMod:TheHarvester":0,"Chameleon Ring":2,"Matryoshka":9,"TheAbacus":23,"Mummified Hand":13,"Tiny Chest":5,"TheSimpletonMod:SpudOfTheInnocent":0,"DemoMod:ClearGuonStone":0,"Replay:Wax Seal":14,"TheSimpletonMod:NightSoil":0,"conspire:TreasureMap":23,"testmod-TestBox":0,"ImprovedEquipment":25,"Ring of Greed":5,"energizedSpire:SpiderWeb":17,"White Beast Statue":7,"SynthV:TestCard":1,"Ring of Misfortune":5,"ChiXiaoBlade":0,"REME_HandOfSuture":24,"Membership Card":5,"AT_SunfireAegis":26,"REME_ComplimentaryCards":0},{"AT_ATBox":0,"DaveBox":0,"TheSimpletonMod:SpudOfTheMartyr":10,"DemoMod:GlassGuonStoneRelic":1,"testmod-BouquetWithThorns":0,"Smiling Mask":1,"TheSimpletonMod:TheHarvester":0,"Chameleon Ring":1,"Matryoshka":4,"TheAbacus":10,"Mummified Hand":6,"Tiny Chest":2,"TheSimpletonMod:SpudOfTheInnocent":0,"DemoMod:ClearGuonStone":0,"Replay:Wax Seal":6,"TheSimpletonMod:NightSoil":0,"conspire:TreasureMap":10,"testmod-TestBox":0,"ImprovedEquipment":10,"Ring of Greed":2,"energizedSpire:SpiderWeb":7,"White Beast Statue":3,"SynthV:TestCard":1,"Ring of Misfortune":2,"ChiXiaoBlade":0,"REME_HandOfSuture":10,"Membership Card":2,"AT_SunfireAegis":10,"REME_ComplimentaryCards":0},{"AT_ATBox":0,"DaveBox":0,"TheSimpletonMod:SpudOfTheMartyr":37,"DemoMod:GlassGuonStoneRelic":4,"testmod-BouquetWithThorns":0,"Smiling Mask":4,"TheSimpletonMod:TheHarvester":0,"Chameleon Ring":4,"Matryoshka":11,"TheAbacus":37,"Mummified Hand":16,"Tiny Chest":5,"TheSimpletonMod:SpudOfTheInnocent":0,"DemoMod:ClearGuonStone":0,"Replay:Wax Seal":16,"TheSimpletonMod:NightSoil":0,"conspire:TreasureMap":37,"testmod-TestBox":0,"ImprovedEquipment":37,"Ring of Greed":5,"energizedSpire:SpiderWeb":23,"White Beast Statue":9,"SynthV:TestCard":4,"Ring of Misfortune":5,"ChiXiaoBlade":0,"REME_HandOfSuture":37,"Membership Card":5,"AT_SunfireAegis":37,"REME_ComplimentaryCards":0}]},"card_choices":[{"not_picked":["TheSimpletonMod:Aerate","TheSimpletonMod:BumperCrop"],"picked":"TheSimpletonMod:OnionBloom","floor":1},{"not_picked":["TheSimpletonMod:SoilSample","TheSimpletonMod:StockTheCellar","TheSimpletonMod:CullingStrike","TheSimpletonMod:Pruning"],"picked":"TheSimpletonMod:RootDown","floor":4},{"not_picked":["TheSimpletonMod:BumperCrop","TheSimpletonMod:CullingStrike","TheSimpletonMod:Potatoes","TheSimpletonMod:Aerate"],"picked":"TheSimpletonMod:SaladShooter","floor":7},{"not_picked":["TheSimpletonMod:SlashAndBurn","TheSimpletonMod:Thresh","TheSimpletonMod:Germinate","TheSimpletonMod:Fertilaser"],"picked":"TheSimpletonMod:KeenEdge","floor":8},{"not_picked":["TheSimpletonMod:BumperCrop","TheSimpletonMod:SaladShooter","TheSimpletonMod:Ferment","TheSimpletonMod:Rototilling"],"picked":"TheSimpletonMod:SlashAndBurn","floor":10},{"not_picked":["TheSimpletonMod:CullingStrike","TheSimpletonMod:Pruning","TheSimpletonMod:CloseScrape","TheSimpletonMod:ToughenUp"],"picked":"TheSimpletonMod:Sunchoke","floor":11},{"not_picked":["TheSimpletonMod:BuzzBomb","TheSimpletonMod:ErosionControl","TheSimpletonMod:Surplus","TheSimpletonMod:HitTheSack"],"picked":"TheSimpletonMod:SaltTheEarth","floor":16},{"not_picked":["TheSimpletonMod:Fertilaser","TheSimpletonMod:OnionBloom+1","TheSimpletonMod:SlashAndBurn+1","TheSimpletonMod:ToughenUp"],"picked":"TheSimpletonMod:ControlledBurn","floor":18},{"not_picked":["TheSimpletonMod:SaladShooter","TheSimpletonMod:SoilSample","TheSimpletonMod:DigIn","TheSimpletonMod:Germinate"],"picked":"TheSimpletonMod:VineRipen","floor":19},{"not_picked":["TheSimpletonMod:Pruning","TheSimpletonMod:Sunchoke","TheSimpletonMod:SpiceUp","TheSimpletonMod:CloseScrape"],"picked":"TheSimpletonMod:Sunseed+1","floor":20},{"not_picked":["TheSimpletonMod:KeenEdge","TheSimpletonMod:CloseScrape","TheSimpletonMod:ControlledBurn","TheSimpletonMod:Potatoes+1"],"picked":"TheSimpletonMod:Biorefinement","floor":22}],"player_experience":374415,"relics_obtained":[{"floor":1,"key":"SynthV:TestCard"},{"floor":5,"key":"Ring of Greed"},{"floor":5,"key":"Ring of Misfortune"},{"floor":5,"key":"Tiny Chest"},{"floor":5,"key":"Membership Card"},{"floor":7,"key":"White Beast Statue"},{"floor":9,"key":"Matryoshka"},{"floor":24,"key":"REME_HandOfSuture"},{"floor":25,"key":"ImprovedEquipment"},{"floor":26,"key":"AT_SunfireAegis"}],"event_choices":[{"damage_healed":0,"gold_gain":0,"player_choice":"Box","damage_taken":0,"relics_obtained":["Smiling Mask"],"max_hp_gain":0,"max_hp_loss":0,"event_name":"Big Fish","floor":3,"gold_loss":0,"cards_obtained":["Regret"]},{"damage_healed":0,"gold_gain":0,"player_choice":"1 cards matched","damage_taken":0,"max_hp_gain":0,"max_hp_loss":0,"event_name":"Match and Keep!","floor":21,"gold_loss":0,"cards_obtained":["TheSimpletonMod:PestManagement"]}],"is_beta":false,"boss_relics":[{"not_picked":["TimeKeys","Replay:Ancient Bell"],"picked":"energizedSpire:SpiderWeb"}],"items_purged_floors":[23],"is_endless":false,"potions_floor_spawned":[1,8,10,11,16,18,19,22],"killed_by":"theJungle:2_Flameangoes","ascension_level":1}}