{"host":"6h0diz2ap0m56grs","time":1612333344,"event":{"mods":["2.2 Compatiblity","BaseMod","Colored Map","Marisa????????","Minty Spire (QoL Compilation)","Quick Restart","Replay The Spire","Shop Mod","StSLib","The Servant 0.9.4"],"gold_per_floor":[413,429,129,148,356,384,12,41,41,68,100,100,100,100,100,210,210,227,251,431,447,407,407,407],"floor_reached":23,"language":"ENG","playtime":704,"items_purged":[],"score":304,"play_id":"8c9d1932-331f-4da3-ab48-208b7050b1cc","local_time":"20210203002224","daily_mods":["SealedDeck","Heirloom","Time Dilation","Flight"],"is_ascension_mode":true,"campfire_choices":[{"data":"BasicCrystalCard","floor":12,"key":"SMITH"},{"data":"Defragment","floor":13,"key":"SMITH"},{"data":"Consume","floor":15,"key":"SMITH"}],"circlet_count":0,"master_deck":["Coolheaded","Barrage","FIFO Queue","BasicCrystalCard+1","Cold Snap","Doom and Gloom","Cold Snap","Conserve Battery","Conserve Battery","Conserve Battery","Electrodynamics","Seek","Consume+1","Defragment+1","ReplayTheSpireMod:Calculation Training","Seek","Ball Lightning","Biased Cognition","Glacier","Conserve Battery"],"relics":["Cracked Core","replay:Trail_Library","Question Card","MerchantsRug","CeramicFish","Replay:Accelerometer","Ancient Tea Set","Pen Nib","Philosopher\u0027s Stone"],"acts_visited":["Exordium","TheCity"],"potions_floor_usage":[],"damage_taken":[{"damage":0,"enemies":"Small Slimes","floor":1,"turns":3},{"damage":0,"enemies":"2 Louse","floor":2,"turns":2},{"damage":0,"enemies":"Cultist","floor":4,"turns":2},{"damage":6,"enemies":"3 Sentries","floor":6,"turns":5},{"damage":14,"enemies":"Gremlin Nob","floor":8,"turns":5},{"damage":0,"enemies":"Lagavulin","floor":10,"turns":6},{"damage":12,"enemies":"3 Sentries","floor":11,"turns":3},{"damage":19,"enemies":"Slime Boss","floor":16,"turns":6},{"damage":0,"enemies":"Chosen","floor":18,"turns":3},{"damage":14,"enemies":"3 Byrds","floor":19,"turns":2},{"damage":0,"enemies":"Snake Plant","floor":21,"turns":4},{"damage":0,"enemies":"Gremlin Leader","floor":23,"turns":3}],"seed_played":"5238918564271092857","potions_obtained":[{"floor":1,"key":"Dexterity Potion"},{"floor":4,"key":"SkillPotion"},{"floor":6,"key":"Energy Potion"},{"floor":11,"key":"FocusPotion"},{"floor":16,"key":"FocusPotion"}],"is_trial":true,"path_per_floor":["M","M","$","M","?","E","$","E","T","E","E","R","R","?","R","B",null,"M","M","?","M","$","E"],"character_chosen":"DEFECT","items_purchased":["Electrodynamics","Seek","Defragment","ReplayTheSpireMod:Calculation Training","Seek","MerchantsRug","Ball Lightning","Conserve Battery"],"campfire_rested":0,"item_purchase_floors":[3,3,7,7,7,7,7,22],"current_hp_per_floor":[75,75,75,75,57,51,51,37,37,37,25,25,25,30,30,11,80,80,66,47,47,47,47,47],"gold":407,"neow_bonus":"","is_daily":false,"chose_seed":false,"campfire_upgraded":3,"win_rate":0.0,"timestamp":1612333344,"path_taken":["M","M","$","M","?","E","$","E","T","E","E","R","R","?","R","BOSS","M","M","?","?","$","E"],"items_purchased_type":["Card","Card","Card","Card","Card","Relic","Card","Card"],"build_version":"2020-12-22","purchased_purges":0,"victory":false,"max_hp_per_floor":[75,75,75,75,75,75,75,75,75,75,75,75,75,80,80,80,80,80,80,80,80,80,80,80],"card_choices":[{"not_picked":["Leap","Gash","ReplayTheSpireMod:GoodbyeWorld"],"picked":"SKIP","floor":1},{"not_picked":["Stack","ReplayTheSpireMod:GoodbyeWorld","Compile Driver"],"picked":"SKIP","floor":2},{"not_picked":["Stack","Crystallizer","Storm"],"picked":"SKIP","floor":4},{"not_picked":["Storm","Steam"],"picked":"Consume","floor":5},{"not_picked":["Force Field","Compile Driver","White Noise"],"picked":"SKIP","floor":6},{"not_picked":["ReplayTheSpireMod:Calculation Training","Rebound","FIFO Queue","Cold Snap"],"picked":"SKIP","floor":8},{"not_picked":["Conserve Battery","Hologram","Machine Learning","Double Energy"],"picked":"SKIP","floor":10},{"not_picked":["Meteor Strike","Beam Cell","Rebound","Rip and Tear"],"picked":"SKIP","floor":11},{"not_picked":["Echo Form","Buffer","Rainbow"],"picked":"Biased Cognition","floor":16},{"not_picked":["Redo","ReplaySolidLightProjector+1","Go for the Eyes","Steam"],"picked":"SKIP","floor":18},{"not_picked":["Doom and Gloom","FIFO Queue+1","Lockon"],"picked":"Glacier","floor":19},{"not_picked":["Capacitor","Conserve Battery","Compile Driver+1","Go for the Eyes"],"picked":"SKIP","floor":21}],"player_experience":244359,"relics_obtained":[{"floor":6,"key":"Question Card"},{"floor":8,"key":"CeramicFish"},{"floor":9,"key":"Replay:Accelerometer"},{"floor":10,"key":"Ancient Tea Set"},{"floor":11,"key":"Pen Nib"}],"event_choices":[{"damage_healed":0,"gold_gain":0,"player_choice":"Donut","damage_taken":0,"max_hp_gain":5,"max_hp_loss":0,"event_name":"Big Fish","floor":14,"gold_loss":0},{"damage_healed":0,"gold_gain":180,"player_choice":"GOLD GOLD ","damage_taken":19,"max_hp_gain":0,"max_hp_loss":0,"event_name":"Knowing Skull","floor":20,"potions_obtained":[],"gold_loss":0,"cards_obtained":[]}],"is_beta":false,"boss_relics":[{"not_picked":["Astrolabe","Calling Bell"],"picked":"Philosopher\u0027s Stone"}],"items_purged_floors":[],"is_endless":false,"potions_floor_spawned":[1,4,6,11,16,18,21],"killed_by":"Gremlin Leader","ascension_level":1}}