{"host":"jo2hy1cuyjtes46m","time":1612329015,"event":{"mods":["BaseMod","Challenge The Spire","Downfall","Minty Spire (QoL Compilation)","Quick Restart","StSLib"],"gold_per_floor":[99,110,124,135,310,322,376,376,376,387,108,108,134,134,145,241,241,241,255,265,277,296,306,306,333,133,146,165,165,180,13,23,118,118,118,131,141,241,258,258,258,258,258,292,312,332,332,378,397,397],"floor_reached":51,"language":"ENG","playtime":3828,"items_purged":["Doubt"],"score":951,"play_id":"c28c00a6-024a-4144-81cb-a5fec0d1447b","local_time":"20210203051015","is_ascension_mode":true,"campfire_choices":[{"data":"champ:Taunt","floor":1,"key":"SMITH"},{"data":"champ:SkillfulDodge","floor":9,"key":"SMITH"},{"data":"expansioncontent:QuickStudy","floor":12,"key":"SMITH"},{"data":"champ:UltimateStance","floor":18,"key":"SMITH"},{"data":"champ:UltimateStance","floor":26,"key":"SMITH"},{"floor":29,"key":"REST"},{"floor":35,"key":"DIG"},{"floor":42,"key":"REST"},{"floor":47,"key":"REST"}],"circlet_count":0,"master_deck":["champ:Strike","champ:Strike","champ:Strike","champ:Strike","champ:Defend","champ:Defend","champ:Defend","champ:Defend","champ:Execute+1","champ:Taunt+1","champ:PerfectedStrike","champ:SkillfulDodge+1","champ:FlashCut","expansioncontent:QuickStudy+1","champ:StanceDance","champ:UltimateStance+1","champ:ArenaPreparation+1","champ:Shatter+1","champ:UltimateStance+1","champ:CheapShot","champ:Taunt","champ:EnGarde","champ:FalseCounter","champ:LastStand","Blind","Regret"],"relics":["champ:ChampionCrown","Vajra","Tiny Chest","Bronze Scales","SacredBark","Shovel","downfall:HeartBlessingGreen","downfall:HeartBlessingBlue","Oddly Smooth Stone","Philosopher\u0027s Stone","The Courier","downfall:GremlinSack","Blue Candle","Ornamental Fan","Bottled Flame","Happy Flower","Dead Branch"],"acts_visited":["Exordium","TheCity","TheBeyond"],"potions_floor_usage":[4,25,30,33,33,37,44,46,46,46,50,50],"damage_taken":[{"damage":10,"enemies":"Small Slimes","floor":2,"turns":4},{"damage":0,"enemies":"Jaw Worm","floor":3,"turns":3},{"damage":12,"enemies":"2 Louse","floor":4,"turns":2},{"damage":0,"enemies":"Red Slaver","floor":6,"turns":3},{"damage":0,"enemies":"Large Slime","floor":10,"turns":4},{"damage":0,"enemies":"downfall:FleeingMerchant","floor":11,"turns":4},{"damage":10,"enemies":"Gremlin Nob","floor":13,"turns":3},{"damage":4,"enemies":"3 Louse","floor":15,"turns":3},{"damage":75,"enemies":"WA_ARCHETYPE_RETAIN","floor":16,"turns":11},{"damage":21,"enemies":"Shell Parasite","floor":19,"turns":5},{"damage":17,"enemies":"3 Byrds","floor":20,"turns":4},{"damage":20,"enemies":"Snecko","floor":21,"turns":3},{"damage":25,"enemies":"Snake Plant","floor":22,"turns":2},{"damage":20,"enemies":"Centurion and Healer","floor":23,"turns":3},{"damage":85,"enemies":"Book of Stabbing","floor":25,"turns":4},{"damage":40,"enemies":"Sentry and Sphere","floor":27,"turns":5},{"damage":14,"enemies":"Snake Plant","floor":28,"turns":2},{"damage":37,"enemies":"Centurion and Healer","floor":30,"turns":3},{"damage":25,"enemies":"downfall:FleeingMerchant","floor":31,"turns":4},{"damage":25,"enemies":"Snecko","floor":32,"turns":4},{"damage":114,"enemies":"SI_MIRROR_ARCHETYPE","floor":33,"turns":13},{"damage":29,"enemies":"3 Shapes","floor":36,"turns":4},{"damage":61,"enemies":"3 Darklings","floor":37,"turns":4},{"damage":10,"enemies":"3 Darklings","floor":38,"turns":3},{"damage":26,"enemies":"Sphere and 2 Shapes","floor":39,"turns":4},{"damage":46,"enemies":"Nemesis","floor":44,"turns":7},{"damage":42,"enemies":"Spire Growth","floor":45,"turns":5},{"damage":78,"enemies":"3 Darklings","floor":46,"turns":3},{"damage":81,"enemies":"2 Orb Walkers","floor":48,"turns":6},{"damage":0,"enemies":"Sphere and 2 Shapes","floor":49,"turns":3},{"damage":155,"enemies":"DF_ARCHETYPE_ORBS","floor":50,"turns":16}],"seed_played":"5265524057319442013","potions_obtained":[{"floor":2,"key":"GamblersBrew"},{"floor":3,"key":"sneckomod:MuddlingPotion"},{"floor":13,"key":"champ:TechniquePotion"},{"floor":15,"key":"SpeedPotion"},{"floor":20,"key":"SkillPotion"},{"floor":21,"key":"CultistPotion"},{"floor":28,"key":"DistilledChaos"},{"floor":33,"key":"champ:TechniquePotion"},{"floor":36,"key":"champ:OpenerPotion"},{"floor":37,"key":"Fire Potion"},{"floor":44,"key":"EntropicBrew"},{"floor":46,"key":"EssenceOfSteel"},{"floor":49,"key":"DistilledChaos"}],"is_trial":false,"path_per_floor":["R","M","M","M","?","M","T","?","R","M","$","R","E","?","M","B",null,"R","M","M","M","M","M","T","E","R","M","M","R","M","$","M","B",null,"R","M","M","?","M","T","T","R","?","E","M","M","R","?","M","B",null],"character_chosen":"THE_CHAMP","items_purchased":["expansioncontent:QuickStudy","Oddly Smooth Stone"],"campfire_rested":3,"item_purchase_floors":[11,31],"current_hp_per_floor":[90,90,90,88,88,88,88,88,88,88,88,88,88,93,89,14,95,95,79,77,77,62,57,57,42,52,37,33,64,52,52,52,63,105,105,96,65,65,59,59,59,90,90,79,62,59,90,101,101,20],"gold":397,"neow_bonus":"UPGRADE_CARD","is_daily":false,"chose_seed":false,"campfire_upgraded":5,"win_rate":0.0,"timestamp":1612329015,"path_taken":["R","M","M","M","?","M","T","?","R","M","$","R","E","?","M","BOSS","R","M","M","M","M","M","T","E","R","M","M","R","M","$","M","BOSS","R","M","M","?","?","?","T","R","?","E","M","M","R","?","M","BOSS"],"items_purchased_type":["Card","Relic"],"build_version":"2020-12-22","purchased_purges":1,"victory":true,"max_hp_per_floor":[90,90,90,90,90,90,90,90,90,90,90,90,90,95,95,95,95,95,95,95,95,95,95,95,95,105,105,105,105,105,105,105,105,105,105,105,105,105,105,105,105,105,105,105,105,105,105,105,105,105],"card_choices":[{"not_picked":["champ:FlashCut","champ:FancyFootwork"],"picked":"champ:PerfectedStrike","floor":2},{"not_picked":["champ:FancyFootwork","champ:BringItOn"],"picked":"champ:SkillfulDodge","floor":3},{"not_picked":["champ:TornadoPunch","champ:GutPunch"],"picked":"champ:FlashCut","floor":4},{"not_picked":["champ:FlashCut","champ:Backstep","champ:Endure"],"picked":"SKIP","floor":6},{"not_picked":["champ:Encircle","champ:SkillfulDodge","champ:CrownThrow"],"picked":"SKIP","floor":10},{"not_picked":["champ:RecklessLeap","champ:DancingMaster","champ:SkillfulDodge"],"picked":"SKIP","floor":11},{"not_picked":["champ:BringItOn","champ:Parry","champ:FanOfKnives"],"picked":"SKIP","floor":13},{"not_picked":["champ:Backstep","champ:Encircle"],"picked":"champ:StanceDance","floor":15},{"not_picked":["champ:TripleStrike","champ:SteelEdge"],"picked":"champ:UltimateStance","floor":16},{"not_picked":["champ:GutPunch","champ:AdrenalArmor"],"picked":"champ:ArenaPreparation+1","floor":19},{"not_picked":["champ:EnGarde","champ:FanOfKnives","champ:CrookedStrike"],"picked":"SKIP","floor":20},{"not_picked":["champ:FanOfKnives","champ:PreemptiveStrike+1","champ:CalledShot"],"picked":"SKIP","floor":21},{"not_picked":["champ:GladiatorForm","champ:BringItOn"],"picked":"champ:Shatter+1","floor":22},{"not_picked":["champ:Parry","champ:Shatter","champ:BringItOn"],"picked":"SKIP","floor":23},{"not_picked":["champ:CrookedStrike+1","champ:EnGarde"],"picked":"champ:UltimateStance","floor":25},{"not_picked":["champ:Duel","champ:TornadoPunch","champ:FlashCut"],"picked":"SKIP","floor":27},{"not_picked":["champ:IronFortress","champ:Parry","champ:BladeFlurry"],"picked":"SKIP","floor":28},{"not_picked":["champ:FalseCounter","champ:GladiatorStyle","champ:AdrenalArmor"],"picked":"SKIP","floor":30},{"not_picked":["champ:EnGarde","champ:BerserkersShout+1","champ:IronFortress"],"picked":"SKIP","floor":31},{"not_picked":["champ:RecklessLeap","champ:FalseCounter","champ:EndlessRage+1"],"picked":"SKIP","floor":32},{"not_picked":["champ:VampiricStrike","champ:StrikeOfGenius"],"picked":"champ:CheapShot","floor":33},{"not_picked":["champ:FaceSlap","champ:AdrenalArmor","champ:RisingSlash"],"picked":"SKIP","floor":36},{"not_picked":["champ:CrownThrow+1","champ:BringItOn","champ:TornadoPunch"],"picked":"SKIP","floor":37},{"not_picked":["champ:TornadoPunch+1","champ:PreemptiveStrike","champ:PerfectedStrike+1"],"picked":"SKIP","floor":39},{"not_picked":["champ:PerfectedStrike","champ:FocusedBerserking","champ:Haymaker+1"],"picked":"SKIP","floor":44},{"not_picked":["champ:DefensiveShout+1","champ:TornadoPunch","champ:StanceDance"],"picked":"SKIP","floor":45},{"not_picked":["champ:Circumvent","champ:BerserkersShout","champ:RecklessLeap"],"picked":"SKIP","floor":46},{"not_picked":["champ:SetATrap+1","champ:Backstep+1","champ:CrownThrow"],"picked":"SKIP","floor":49}],"player_experience":301539,"relics_obtained":[{"floor":7,"key":"Vajra"},{"floor":13,"key":"Bronze Scales"},{"floor":25,"key":"Shovel"},{"floor":35,"key":"The Courier"},{"floor":38,"key":"downfall:GremlinSack"},{"floor":40,"key":"Blue Candle"},{"floor":41,"key":"Ornamental Fan"},{"floor":43,"key":"Bottled Flame"},{"floor":44,"key":"Happy Flower"},{"floor":48,"key":"Dead Branch"}],"event_choices":[{"damage_healed":0,"gold_gain":0,"player_choice":"Donut","damage_taken":0,"max_hp_gain":5,"max_hp_loss":0,"event_name":"Big Fish","floor":14,"gold_loss":0},{"damage_healed":0,"gold_gain":0,"player_choice":"Fight","damage_taken":0,"max_hp_gain":0,"max_hp_loss":0,"event_name":"Mysterious Sphere","floor":48,"gold_loss":0}],"is_beta":false,"boss_relics":[{"not_picked":["bronze:MakeshiftBattery","Tiny House"],"picked":"SacredBark"},{"not_picked":["SlaversCollar","Sozu"],"picked":"Philosopher\u0027s Stone"}],"items_purged_floors":[11],"is_endless":false,"potions_floor_spawned":[2,3,13,15,20,21,23,28,33,36,37,44,46,49],"ascension_level":1}}