{"host":"zrtolk9726p85qr7","time":1612313147,"event":{"mods":["Ascension Reborn","BaseMod","BetterRewards","Colored Powertips","Minty Spire (QoL Compilation)","Permanent Neow","Quick Restart","Spire Arcade","StSLib","The Animator","The Necromancer","The Wild Card"],"gold_per_floor":[117,117,117,131,56,56,82,99,99,110,126,126,146,146,146,246,246,263,281,206,206,206,206],"floor_reached":22,"language":"ENG","playtime":762,"items_purged":[],"score":186,"play_id":"f648b4f9-9aff-4a94-8e9b-61021f0807eb","local_time":"20210203014547","is_ascension_mode":false,"campfire_choices":[{"data":"Ragnarok","floor":6.0,"key":"SMITH"},{"floor":12.0,"key":"REST"},{"data":"Eruption","floor":15.0,"key":"SMITH"}],"circlet_count":0,"master_deck":["Strike_P","Strike_P","Strike_P","Strike_P","Defend_P","Defend_P","Defend_P","Defend_P","Eruption+1","Vigilance","Ragnarok+1","Consecrate","FearNoEvil","EmptyBody","Establishment","Worship+1"],"relics":["PureWater","CaptainsWheel","The Courier","Bottled Flame","VioletLotus"],"acts_visited":[],"potions_floor_usage":[],"damage_taken":[{"damage":0.0,"enemies":"2 Louse","floor":1.0,"turns":2.0},{"damage":3.0,"enemies":"Jaw Worm","floor":4.0,"turns":2.0},{"damage":8.0,"enemies":"Lagavulin","floor":7.0,"turns":3.0},{"damage":0.0,"enemies":"Cultist","floor":8.0,"turns":3.0},{"damage":14.0,"enemies":"Gremlin Gang","floor":10.0,"turns":5.0},{"damage":1.0,"enemies":"Exordium Thugs","floor":11.0,"turns":4.0},{"damage":0.0,"enemies":"Large Slime","floor":13.0,"turns":4.0},{"damage":44.0,"enemies":"Slime Boss","floor":16.0,"turns":11.0},{"damage":40.0,"enemies":"2 Thieves","floor":18.0,"turns":5.0},{"damage":15.0,"enemies":"Spheric Guardian","floor":19.0,"turns":6.0},{"damage":0,"enemies":"Centurion and Healer","floor":22,"turns":1}],"seed_played":"-3485957398066087353","potions_obtained":[{"floor":7.0,"key":"CultistPotion"},{"floor":8.0,"key":"Weak Potion"},{"floor":10.0,"key":"Regen Potion"}],"is_trial":false,"path_per_floor":["M","?","?","M","$","R","E","M","T","M","M","R","M","T","R","B",null,"M","M","?","?","M"],"character_chosen":"WATCHER","items_purchased":["FearNoEvil"],"campfire_rested":1,"item_purchase_floors":[5],"current_hp_per_floor":[72,72,72,69,69,69,61,61,61,47,46,67,67,67,67,23,72,32,17,17,17,17,17],"gold":206,"neow_bonus":"ONE_RANDOM_RARE_CARD","is_daily":false,"chose_seed":false,"campfire_upgraded":2,"win_rate":0.0,"timestamp":1612313147,"path_taken":["M","?","?","M","?","R","E","M","T","?","M","R","?","?","R","BOSS","M","M","?","?","M"],"items_purchased_type":["Card"],"build_version":"2020-12-22","purchased_purges":0,"victory":false,"max_hp_per_floor":[72,72,72,72,72,72,72,72,72,72,72,72,72,72,72,72,72,72,72,72,72,72,72],"card_choices":[{"not_picked":["Crescendo","Study","ThirdEye"],"picked":"SKIP","floor":1.0},{"not_picked":["Crescendo","EmptyFist"],"picked":"Consecrate","floor":4.0},{"not_picked":["Vault","PathToVictory"],"picked":"EmptyBody","floor":7.0},{"not_picked":["ThirdEye","Halt","CrushJoints"],"picked":"SKIP","floor":8.0},{"not_picked":["CrushJoints","CutThroughFate","JustLucky"],"picked":"SKIP","floor":10.0},{"not_picked":["Indignation","InnerPeace","PathToVictory"],"picked":"SKIP","floor":11.0},{"not_picked":["CrushJoints","Nirvana"],"picked":"ConjureBlade","floor":13.0},{"not_picked":["DeusExMachina","LessonLearned"],"picked":"Establishment","floor":16.0},{"not_picked":["InnerPeace","ClearTheMind"],"picked":"Worship+1","floor":18.0},{"not_picked":["Tantrum","Consecrate","CrushJoints"],"picked":"SKIP","floor":19.0}],"player_experience":143962,"relics_obtained":[{"floor":7.0,"key":"CaptainsWheel"},{"floor":9.0,"key":"The Courier"},{"floor":14.0,"key":"Bottled Flame"}],"event_choices":[{"damage_healed":0.0,"max_hp_gain":0.0,"max_hp_loss":0.0,"gold_gain":0.0,"event_name":"The Cleric","player_choice":"Leave","floor":2.0,"gold_loss":0.0,"damage_taken":0.0},{"damage_healed":0.0,"max_hp_gain":0.0,"max_hp_loss":0.0,"gold_gain":0.0,"event_name":"Liars Game","player_choice":"Ignored","floor":3.0,"gold_loss":0.0,"damage_taken":0.0},{"cards_removed":["ConjureBlade"],"damage_healed":0.0,"max_hp_gain":0.0,"max_hp_loss":0.0,"gold_gain":0.0,"event_name":"Beggar","player_choice":"Gave Gold","floor":20.0,"gold_loss":75.0,"damage_taken":0.0},{"damage_healed":0.0,"max_hp_gain":0.0,"max_hp_loss":0.0,"gold_gain":0.0,"event_name":"Vampires","player_choice":"Ignored","floor":21.0,"gold_loss":0.0,"damage_taken":0.0}],"is_beta":false,"boss_relics":[{"not_picked":["Philosopher\u0027s Stone","Ectoplasm"],"picked":"VioletLotus"}],"items_purged_floors":[],"is_endless":false,"potions_floor_spawned":[7,8,10,11,19],"killed_by":"Centurion and Healer","ascension_level":0}}