{"host":"hfxp6ue4pvwo3fit","time":1612360723,"event":{"mods":["AchievementEnabler","BaseMod","Colored Map","Colored Powertips","Highlight Path","Minty Spire (QoL Compilation)","Relic Stats","StSLib","SuperFastMode"],"gold_per_floor":[114,129,129,140,140,168,168,202,202,202,219,254,16,16,16,90,90,104,104,136,136,136],"floor_reached":21,"language":"ENG","playtime":560,"items_purged":[],"score":390,"play_id":"555ecb92-b8de-46fe-8573-3ff9f53f50cb","local_time":"20210203075843","is_ascension_mode":true,"campfire_choices":[{"data":"Predator","floor":7,"key":"SMITH"},{"floor":10,"key":"REST"},{"floor":15,"key":"REST"}],"circlet_count":0,"master_deck":["AscendersBane","Strike_G","Strike_G","Strike_G","Strike_G","Strike_G","Defend_G","Defend_G","Defend_G","Defend_G","Defend_G","Survivor","Neutralize","Deadly Poison+1","Crippling Poison","Leg Sweep","Predator+1","Corpse Explosion","Caltrops","Bouncing Flask","Night Terror","Cloak And Dagger","Writhe","PiercingWail+1"],"relics":["Ring of the Snake","NeowsBlessing","Art of War","Ornamental Fan","Boot","Pantograph","Medical Kit","Matryoshka","Runic Dome","Toy Ornithopter","Red Mask"],"acts_visited":["Exordium","TheCity"],"potions_floor_usage":[6,8,8,16,20,20],"damage_taken":[{"damage":0,"enemies":"Small Slimes","floor":1,"turns":1},{"damage":0,"enemies":"Cultist","floor":2,"turns":1},{"damage":0,"enemies":"Jaw Worm","floor":4,"turns":1},{"damage":25,"enemies":"Lagavulin","floor":6,"turns":8},{"damage":6,"enemies":"Gremlin Nob","floor":8,"turns":3},{"damage":6,"enemies":"Blue Slaver","floor":11,"turns":5},{"damage":38,"enemies":"3 Sentries","floor":12,"turns":7},{"damage":30,"enemies":"The Guardian","floor":16,"turns":10},{"damage":22,"enemies":"Spheric Guardian","floor":18,"turns":4},{"damage":36,"enemies":"Masked Bandits","floor":20,"turns":4},{"damage":9,"enemies":"Shell Parasite","floor":21,"turns":1}],"seed_played":"-4829946326024598165","potions_obtained":[{"floor":1,"key":"Ancient Potion"},{"floor":5,"key":"Fire Potion"},{"floor":5,"key":"Weak Potion"},{"floor":6,"key":"Poison Potion"},{"floor":12,"key":"SpeedPotion"},{"floor":16,"key":"SpeedPotion"},{"floor":18,"key":"Energy Potion"}],"is_trial":false,"path_per_floor":["M","M","?","M","?","E","R","E","T","R","M","E","$","?","R","B",null,"M","?","?","M"],"character_chosen":"THE_SILENT","items_purchased":["Medical Kit","Bouncing Flask"],"campfire_rested":2,"item_purchase_floors":[13,13],"current_hp_per_floor":[59,59,59,59,59,34,34,28,28,47,41,3,3,3,22,17,54,32,32,6,0,0],"gold":136,"neow_bonus":"THREE_ENEMY_KILL","is_daily":false,"chose_seed":false,"campfire_upgraded":1,"win_rate":0.0,"timestamp":1612360723,"path_taken":["M","M","?","M","?","E","R","E","T","R","?","E","$","?","R","BOSS","M","?","?","M"],"items_purchased_type":["Relic","Card"],"build_version":"2020-12-22","purchased_purges":0,"victory":false,"max_hp_per_floor":[66,66,66,66,66,66,66,66,66,66,66,66,66,66,66,66,66,66,66,66,66,66],"relic_stats":{"counters":[11,45],"Ornamental Fan":[4],"Pantograph":25,"Art of War":[6],"Boot":[18],"Medical Kit":[0],"obtain_stats":[{"Runic Dome":17,"Matryoshka":14,"NeowsBlessing":0,"Ornamental Fan":8,"Pantograph":12,"Art of War":6,"Red Mask":20,"Boot":9,"Medical Kit":13,"Toy Ornithopter":19,"Ring of the Snake":0},{"Runic Dome":8,"Matryoshka":7,"NeowsBlessing":0,"Ornamental Fan":5,"Pantograph":7,"Art of War":4,"Red Mask":10,"Boot":5,"Medical Kit":7,"Toy Ornithopter":9,"Ring of the Snake":0},{"Runic Dome":36,"Matryoshka":26,"NeowsBlessing":0,"Ornamental Fan":14,"Pantograph":26,"Art of War":11,"Red Mask":44,"Boot":14,"Medical Kit":26,"Toy Ornithopter":40,"Ring of the Snake":0}],"Toy Ornithopter":10,"Ring of the Snake":[22]},"card_choices":[{"not_picked":["Terror","Tactician"],"picked":"Deadly Poison","floor":1},{"not_picked":["Sucker Punch","Prepared"],"picked":"Crippling Poison","floor":2},{"not_picked":["Slice","Dodge and Roll"],"picked":"Leg Sweep","floor":4},{"not_picked":["Slice","Sucker Punch"],"picked":"Predator","floor":6},{"not_picked":["Choke","Outmaneuver"],"picked":"Corpse Explosion","floor":8},{"not_picked":["Blur","Flechettes","Prepared"],"picked":"SKIP","floor":11},{"not_picked":["Dodge and Roll","Accuracy"],"picked":"Caltrops","floor":12},{"not_picked":["Grand Finale","Glass Knife"],"picked":"Night Terror","floor":16},{"not_picked":["Dodge and Roll","Terror+1"],"picked":"Cloak And Dagger","floor":18},{"not_picked":["Skewer","Prepared"],"picked":"PiercingWail+1","floor":20}],"player_experience":514724,"relics_obtained":[{"floor":6,"key":"Art of War"},{"floor":8,"key":"Ornamental Fan"},{"floor":9,"key":"Boot"},{"floor":12,"key":"Pantograph"},{"floor":20,"key":"Red Mask"}],"event_choices":[{"damage_healed":0,"gold_gain":0,"player_choice":"Grow","damage_taken":0,"max_hp_gain":0,"max_hp_loss":0,"event_name":"Living Wall","floor":3,"gold_loss":0,"cards_upgraded":["Deadly Poison"]},{"damage_healed":0,"gold_gain":0,"player_choice":"Got Potions","damage_taken":0,"max_hp_gain":0,"max_hp_loss":0,"event_name":"Lab","floor":5,"gold_loss":0},{"damage_healed":0,"gold_gain":0,"player_choice":"Searched \u00271\u0027 times","damage_taken":0,"relics_obtained":["Matryoshka"],"max_hp_gain":0,"max_hp_loss":0,"event_name":"Dead Adventurer","floor":14,"gold_loss":0},{"damage_healed":0,"gold_gain":0,"player_choice":"Opened","damage_taken":0,"relics_obtained":["Toy Ornithopter"],"max_hp_gain":0,"max_hp_loss":0,"event_name":"The Mausoleum","floor":19,"gold_loss":0,"cards_obtained":["Writhe"]},{"damage_healed":0,"gold_gain":0,"player_choice":"Fought Bandits","damage_taken":0,"max_hp_gain":0,"max_hp_loss":0,"event_name":"Masked Bandits","floor":20,"gold_loss":0}],"is_beta":false,"boss_relics":[{"not_picked":["Empty Cage","SacredBark"],"picked":"Runic Dome"}],"items_purged_floors":[],"is_endless":false,"potions_floor_spawned":[1,6,12,16,18],"killed_by":"Shell Parasite","ascension_level":20}}