{"host":"ttx8tv95o5vka1nm","time":1612334970,"event":{"mods":["AchievementEnabler","BaseMod","Colored Map","Downfall","Infinite Spire","Minty Spire (QoL Compilation)","Relic Filter Mod","Replay The Spire","Shop Mod","StSLib","The Jungle"],"gold_per_floor":[99,113,124,142,157,7,32,67,85,96,96,96,96,122,138,238,238,138,153,170,190,190,209,209,219,119,154,167,182,279,279,279,279],"floor_reached":31,"language":"ENG","playtime":2562,"items_purged":["bronze:Strike","bronze:Strike"],"score":323,"play_id":"4e44e50e-4a2b-4809-bd29-763f73c25d09","local_time":"20210203164930","is_ascension_mode":false,"campfire_choices":[{"data":"bronze:InfiniteLoop","floor":1,"key":"SMITH"},{"floor":11,"key":"REST"},{"data":"bronze:BronzeOrb","floor":13,"key":"SMITH"},{"floor":18,"key":"RECALL"},{"floor":26,"key":"REST"}],"circlet_count":0,"master_deck":["bronze:Strike","bronze:Defend","bronze:Defend","bronze:Defend","bronze:Replicate","bronze:Goto+1","bronze:InfiniteLoop+1","bronze:Flail","bronze:Iterate+1","bronze:CloningBeam","bronze:CutThrough","bronze:BronzeOrb+1","bronze:Flail+1","bronze:BronzeArmor+1","bronze:ClassDefault","bronze:WhirlingStrike","bronze:Frontload","bronze:Return","bronze:Format","bronze:DelayedSlice","bronze:Boost","bronze:Overload","bronze:Philosophize","bronze:FineTuning","bronze:FindAndReplace","bronze:Branch","bronze:ForceShield"],"relics":["bronze:BronzeCore","Ancient Tea Set","Iron Hammer","infinitespire:Bottled Soul","Empty Cage","downfall:HeartBlessingGreen","Replay:Bronze Core","Replay:Bottled Steam","infinitespire:Broken Mirror","downfall:HeartBlessingRed","StoneCalendar"],"acts_visited":["Exordium","TheCity"],"potions_floor_usage":[10,16,21,23,31],"damage_taken":[{"damage":0,"enemies":"2 Louse","floor":2,"turns":3},{"damage":6,"enemies":"Cultist","floor":3,"turns":3},{"damage":1,"enemies":"Jaw Worm","floor":4,"turns":3},{"damage":0,"enemies":"3 Louse","floor":5,"turns":1},{"damage":0,"enemies":"downfall:FleeingMerchant","floor":6,"turns":4},{"damage":29,"enemies":"Lagavulin","floor":8,"turns":7},{"damage":0,"enemies":"Exordium Wildlife","floor":9,"turns":2},{"damage":0,"enemies":"Exordium Thugs","floor":10,"turns":5},{"damage":0,"enemies":"Gremlin Nob","floor":14,"turns":2},{"damage":0,"enemies":"2 Fungi Beasts","floor":15,"turns":1},{"damage":16,"enemies":"WA_ARCHETYPE_RETAIN","floor":16,"turns":10},{"damage":0,"enemies":"Spheric Guardian","floor":19,"turns":2},{"damage":17,"enemies":"Shell Parasite","floor":20,"turns":6},{"damage":29,"enemies":"Snake Plant","floor":21,"turns":4},{"damage":4,"enemies":"Shelled Parasite and Fungi","floor":23,"turns":5},{"damage":0,"enemies":"Sentry and Sphere","floor":25,"turns":3},{"damage":0,"enemies":"Slavers","floor":27,"turns":1},{"damage":3,"enemies":"3 Cultists","floor":28,"turns":3},{"damage":15,"enemies":"Snake Plant","floor":29,"turns":4},{"damage":4,"enemies":"Nightmare","floor":31,"turns":5}],"seed_played":"2880150845271324315","potions_obtained":[{"floor":8,"key":"Block Potion"},{"floor":10,"key":"BlessingOfTheForge"},{"floor":14,"key":"Explosive Potion"},{"floor":15,"key":"SkillPotion"},{"floor":19,"key":"SteroidPotion"},{"floor":21,"key":"Dexterity Potion"},{"floor":23,"key":"Fruit Juice"}],"is_trial":false,"path_per_floor":["R","M","M","M","M","$","T","E","M","M","R","?","R","E","M","B",null,"R_BF","M","M","M","AVR","M","T","M","R","E","M","M","?","NM"],"character_chosen":"THE_AUTOMATON","items_purchased":["bronze:Flail+1"],"campfire_rested":2,"item_purchase_floors":[6],"current_hp_per_floor":[63,63,57,56,56,56,56,27,27,27,45,45,45,45,45,29,63,63,63,46,17,17,18,18,18,38,38,35,20,3,0,0,0],"gold":279,"neow_bonus":"THREE_RARE_CARDS","is_daily":false,"chose_seed":false,"campfire_upgraded":2,"win_rate":0.0,"timestamp":1612334970,"path_taken":["R","M","M","M","M","$","T","E","M","M","R","?","R","E","M","BOSS","R_BF","M","M","?","AVR","M","T","M","R","E","M","M","?","NM"],"items_purchased_type":["Card"],"build_version":"2020-12-22","purchased_purges":2,"victory":false,"max_hp_per_floor":[63,63,63,63,63,63,63,63,63,63,63,63,63,63,63,63,63,63,63,63,63,63,68,68,68,68,68,68,68,68,68,68,68],"card_choices":[{"not_picked":["bronze:Mutator","bronze:HardenedForm"],"picked":"bronze:InfiniteLoop","floor":0},{"not_picked":["bronze:BronzeArmor","bronze:CutThrough"],"picked":"bronze:Flail","floor":2},{"not_picked":["bronze:Invalidate","bronze:WildBeam"],"picked":"bronze:Iterate","floor":3},{"not_picked":["bronze:WildBeam","bronze:Backtrace"],"picked":"bronze:CloningBeam","floor":4},{"not_picked":["bronze:BuggyMess","bronze:DarkDash"],"picked":"bronze:CutThrough","floor":5},{"not_picked":["bronze:BuggyMess","bronze:OilSpill"],"picked":"bronze:BronzeOrb","floor":6},{"not_picked":["bronze:Constructor","bronze:Invalidate"],"picked":"bronze:BronzeArmor","floor":8},{"not_picked":["bronze:BugBarrage","bronze:Separator"],"picked":"bronze:ClassDefault","floor":9},{"not_picked":["bronze:GetLatest","bronze:NullPointer"],"picked":"bronze:WhirlingStrike","floor":10},{"not_picked":["bronze:CutThrough","bronze:OilSpill"],"picked":"bronze:Frontload","floor":14},{"not_picked":["bronze:Constructor","bronze:NullPointer"],"picked":"bronze:Return","floor":15},{"not_picked":["bronze:ThunderWave","bronze:TinkerersToolbox"],"picked":"bronze:Format","floor":16},{"not_picked":["bronze:Constructor+1","bronze:Deprecate"],"picked":"bronze:DelayedSlice","floor":19},{"not_picked":["bronze:OilSpill","bronze:DelayedGuard"],"picked":"bronze:Boost","floor":20},{"not_picked":["bronze:WildBeam","bronze:BitShift","bronze:InfiniteLoop"],"picked":"SKIP","floor":21},{"not_picked":["bronze:BuggyMess","bronze:Constructor","bronze:WildBeam"],"picked":"SKIP","floor":23},{"not_picked":["bronze:ItsAFeature","bronze:Frontload"],"picked":"bronze:Overload","floor":25},{"not_picked":["bronze:Separator+1","bronze:Safeguard"],"picked":"bronze:Philosophize","floor":27},{"not_picked":["bronze:Overheat","bronze:Backtrace+1"],"picked":"bronze:FineTuning","floor":28},{"not_picked":["bronze:ItsAFeature","bronze:DelayedSlice","bronze:Safeguard"],"picked":"SKIP","floor":29},{"not_picked":["bronze:ForLoop","bronze:BugBarrage"],"picked":"bronze:FindAndReplace","floor":30},{"not_picked":["bronze:Philosophize","bronze:DelayedSlice+1"],"picked":"bronze:Branch","floor":30},{"not_picked":["bronze:Overheat","bronze:Repulsor"],"picked":"bronze:ForceShield","floor":30}],"player_experience":976874,"relics_obtained":[{"floor":7,"key":"Ancient Tea Set"},{"floor":8,"key":"Iron Hammer"},{"floor":14,"key":"infinitespire:Bottled Soul"},{"floor":24,"key":"infinitespire:Broken Mirror"},{"floor":27,"key":"StoneCalendar"}],"event_choices":[],"is_beta":false,"boss_relics":[{"not_picked":["Painkiller Herb","ReplayTheSpireMod:SealedPack"],"picked":"Empty Cage"}],"items_purged_floors":[6,22],"is_endless":false,"potions_floor_spawned":[8,10,14,15,19,21,23],"killed_by":"Nightmare","ascension_level":0}}