{"host":"dlre6nluqh4zuhws","time":1612326878,"event":{"mods":["BaseMod","Colored Powertips","Highlight Path","Minty Spire (QoL Compilation)","Quick Restart","Replay The Spire","StSLib"],"gold_per_floor":[109,109,125,142,142,168,168,168,182,182,234,244,244,244,43,77,77,172,172,184,198,215,18,18,18,46,46,46,46,76,76,76],"floor_reached":31,"language":"ENG","playtime":1881,"items_purged":[],"score":323,"play_id":"26693d8a-81c6-4560-a2a5-ce34486cc1eb","local_time":"20210203113438","is_ascension_mode":true,"campfire_choices":[{"data":"Inflame","floor":10,"key":"SMITH"},{"data":"Heavy Blade","floor":13,"key":"SMITH"},{"floor":17,"key":"REST"},{"data":"Armaments","floor":25,"key":"SMITH"},{"floor":27,"key":"REST"},{"data":"Demon Form","floor":29,"key":"SMITH"}],"circlet_count":0,"master_deck":["Strike_R","Strike_R","Strike_R","Defend_R","Defend_R","Defend_R","Defend_R","Bash","Dropkick","Heavy Blade+1","ReplayTheSpireMod:Muscle Training","Inflame+1","Iron Wave","Sword Boomerang","Shrug It Off","Heavy Blade","Demon Form+1","CurseOfTheBell","Battle Trance","Iron Wave+1","ReplayTheSpireMod:Stacked","Reaper","Armaments+1","Rage+1","Clothesline"],"relics":["Burning Blood","Vajra","Darkstone Periapt","ReplayFunnel","Centennial Puzzle","Red Skull","Magic Flower","Calling Bell","Tiny Chest","Eternal Feather","Another Sword","Iron Hammer","Toxic Egg 2","Pen Nib"],"acts_visited":["Exordium","TheCity"],"potions_floor_usage":[1,12,12,18,26,26],"damage_taken":[{"damage":3,"enemies":"Small Slimes","floor":1,"turns":4},{"damage":0,"enemies":"Cultist","floor":3,"turns":2},{"damage":5,"enemies":"Jaw Worm","floor":4,"turns":3},{"damage":32,"enemies":"3 Sentries","floor":6,"turns":6},{"damage":26,"enemies":"Gremlin Gang","floor":9,"turns":6},{"damage":2,"enemies":"2 Fungi Beasts","floor":12,"turns":3},{"damage":7,"enemies":"Replay:BlueRogue","floor":16,"turns":5},{"damage":16,"enemies":"Fading Forest","floor":18,"turns":11},{"damage":16,"enemies":"Shell Parasite","floor":20,"turns":4},{"damage":31,"enemies":"Spheric Guardian","floor":21,"turns":5},{"damage":24,"enemies":"Snecko","floor":22,"turns":4},{"damage":61,"enemies":"Book of Stabbing","floor":26,"turns":7},{"damage":115,"enemies":"Gremlin Leader","floor":30,"turns":9},{"damage":15,"enemies":"3 Cultists","floor":31,"turns":3}],"seed_played":"3916953790860600106","potions_obtained":[{"floor":1,"key":"Fruit Juice"},{"floor":3,"key":"LiquidMemories"},{"floor":12,"key":"EntropicBrew"},{"floor":21,"key":"Swift Potion"},{"floor":26,"key":"GamblersBrew"}],"is_trial":false,"path_per_floor":["M","?","M","M","?","E","PTL","PTL","M","R","T","M","R","?","$","E","R","B",null,"M","M","M","$","?","R","E","R","T","R","E","M"],"character_chosen":"IRONCLAD","items_purchased":["Red Skull","Shrug It Off","Reaper","Armaments"],"campfire_rested":2,"item_purchase_floors":[15,15,23,23],"current_hp_per_floor":[85,85,85,85,85,59,59,59,39,39,39,43,43,43,43,42,67,72,91,84,62,47,47,47,59,27,66,66,78,13,0,0],"gold":76,"neow_bonus":"RANDOM_COMMON_RELIC","is_daily":false,"chose_seed":false,"campfire_upgraded":4,"win_rate":0.0,"timestamp":1612326878,"path_taken":["M","?","M","?","?","E","PTL","PTL","?","R","T","M","R","?","$","E","R","BOSS","M","M","?","$","?","R","E","R","T","R","E","M"],"items_purchased_type":["Relic","Card","Card","Card"],"build_version":"2020-12-13","purchased_purges":0,"victory":false,"max_hp_per_floor":[85,85,85,85,85,85,85,85,85,85,85,85,85,85,85,85,85,85,91,91,91,91,91,91,91,91,91,91,91,91,91,91],"card_choices":[{"not_picked":["Whirlwind","Run Through"],"picked":"Dropkick","floor":1},{"not_picked":["Blood for Blood","Wild Strike"],"picked":"ReplayTheSpireMod:Muscle Training","floor":3},{"not_picked":["Entrench","Shrug It Off"],"picked":"Inflame","floor":4},{"not_picked":["Seeing Red","Flex"],"picked":"Iron Wave","floor":6},{"not_picked":["Twin Strike","Dual Wield"],"picked":"Sword Boomerang","floor":9},{"not_picked":["Thunderclap","Headbutt","Perfected Strike"],"picked":"SKIP","floor":12},{"not_picked":["Intimidate","True Grit"],"picked":"Heavy Blade","floor":16},{"not_picked":["Impervious","Bludgeon"],"picked":"Demon Form","floor":18},{"not_picked":["Clash","Run Through"],"picked":"Battle Trance","floor":20},{"not_picked":["Heavy Blade","Thunderclap"],"picked":"Iron Wave+1","floor":21},{"not_picked":["Dropkick","Iron Wave"],"picked":"ReplayTheSpireMod:Stacked","floor":22},{"not_picked":["Dual Wield","Replay:Many Hands"],"picked":"Rage+1","floor":26},{"not_picked":["Twin Strike+1","Clash"],"picked":"Clothesline","floor":30}],"player_experience":51151,"relics_obtained":[{"floor":5,"key":"Darkstone Periapt"},{"floor":6,"key":"ReplayFunnel"},{"floor":11,"key":"Centennial Puzzle"},{"floor":16,"key":"Magic Flower"},{"floor":19,"key":"Tiny Chest"},{"floor":19,"key":"Eternal Feather"},{"floor":19,"key":"Another Sword"},{"floor":26,"key":"Iron Hammer"},{"floor":28,"key":"Toxic Egg 2"},{"floor":30,"key":"Pen Nib"}],"event_choices":[{"damage_healed":0,"gold_gain":0,"cards_transformed":["Strike_R"],"player_choice":"Transformed","damage_taken":0,"max_hp_gain":0,"max_hp_loss":0,"event_name":"Transmorgrifier","floor":2,"gold_loss":0,"cards_obtained":["Heavy Blade"]},{"damage_healed":0,"gold_gain":0,"player_choice":"Relic","damage_taken":0,"max_hp_gain":0,"max_hp_loss":0,"event_name":"Wheel of Change","floor":5,"gold_loss":0},{"cards_removed":["Strike_R"],"damage_healed":0,"gold_gain":0,"player_choice":"Purged","damage_taken":0,"max_hp_gain":0,"max_hp_loss":0,"event_name":"Purifier","floor":14,"gold_loss":0},{"damage_healed":0,"gold_gain":0,"player_choice":"Ignored","damage_taken":0,"max_hp_gain":0,"max_hp_loss":0,"event_name":"Ghosts","floor":24,"gold_loss":0}],"is_beta":false,"boss_relics":[{"not_picked":["Coffee Dripper","Empty Cage"],"picked":"Calling Bell"}],"items_purged_floors":[],"is_endless":false,"potions_floor_spawned":[1,3,12,21,26],"killed_by":"3 Cultists","ascension_level":3}}