{"host":"q6r63elxu27obe7v","time":1612356259,"event":{"mods":["2.2 Compatiblity","AchievementEnabler","BaseMod","CapriCore","Colored Map","DeckTracker","KOR Keyword Fix","Keyboard Shortcuts","Minty Spire (QoL Compilation)","Permanent Neow","Quick Restart","Replay The Spire","StSLib","SuperFastMode","everything is the same but u backflip on backflip","¡¼?Úª?ø«¡½REMEMod"],"gold_per_floor":[109,122,133,133,148,148,181,181,181,181,181],"floor_reached":10,"language":"KOR","playtime":300,"items_purged":[],"score":82,"play_id":"257cc6af-87df-4b79-a99f-bc8450bbacb5","local_time":"20210203214419","is_ascension_mode":true,"campfire_choices":[{"data":"Strike_R","floor":6,"key":"PURGE"}],"circlet_count":0,"master_deck":["Strike_R","Strike_R","Strike_R","Strike_R","Defend_R","Defend_R","Defend_R","Defend_R","Bash","Jack Of All Trades","Armaments","Battle Trance","Fire Breathing","REME_Fury","REME_SingleHolding"],"relics":["Burning Blood","REME_ComplimentaryCards","Peace Pipe","Bag of Marbles"],"acts_visited":["Exordium"],"potions_floor_usage":[7,7],"damage_taken":[{"damage":0,"enemies":"Cultist","floor":1,"turns":3},{"damage":0,"enemies":"2 Louse","floor":2,"turns":4},{"damage":12,"enemies":"Jaw Worm","floor":3,"turns":3},{"damage":20,"enemies":"Looter","floor":5,"turns":4},{"damage":12,"enemies":"Gremlin Nob","floor":7,"turns":4},{"damage":62,"enemies":"Lagavulin","floor":10,"turns":6}],"seed_played":"-8656616823721667465","potions_obtained":[{"floor":2,"key":"SkillPotion"},{"floor":3,"key":"DistilledChaos"}],"is_trial":false,"path_per_floor":["M","M","M","T","M","R","E","?","T","E"],"character_chosen":"IRONCLAD","items_purchased":[],"campfire_rested":0,"item_purchase_floors":[],"current_hp_per_floor":[80,80,74,74,60,60,54,54,54,0,0],"gold":181,"neow_bonus":"RANDOM_COLORLESS","is_daily":false,"chose_seed":false,"campfire_upgraded":0,"win_rate":0.0,"timestamp":1612356259,"path_taken":["M","M","M","?","?","R","E","?","T","E"],"items_purchased_type":[],"build_version":"2020-12-22","purchased_purges":0,"victory":false,"max_hp_per_floor":[80,80,80,80,80,80,80,80,80,80,80],"card_choices":[{"not_picked":["Impatience","Mind Blast"],"picked":"Jack Of All Trades","floor":0},{"not_picked":["Iron Wave","Uppercut"],"picked":"Armaments","floor":1},{"not_picked":["Headbutt","Run Through"],"picked":"Battle Trance","floor":2},{"not_picked":["Flex","Clash"],"picked":"Fire Breathing","floor":3},{"not_picked":["Havoc","Replay:Undeath\u0027s Touch","Thunderclap"],"picked":"SKIP","floor":5},{"not_picked":["Body Slam","Run Through"],"picked":"REME_SingleHolding","floor":7}],"player_experience":124456,"relics_obtained":[{"floor":4,"key":"Peace Pipe"},{"floor":7,"key":"Bag of Marbles"}],"event_choices":[],"is_beta":false,"boss_relics":[],"items_purged_floors":[],"is_endless":false,"potions_floor_spawned":[2,3],"killed_by":"Lagavulin","ascension_level":4}}