{"host":"zwuytn9vh5b8tdl7","time":1612322142,"event":{"mods":["AchievementEnabler","BaseMod","Colored Powertips","GifTheSpireLib","Minty Spire (QoL Compilation)","Rare Cards Sparkle","StSLib","The Animator"],"gold_per_floor":[229,229,252,6,81,115,140,164,189,189,189,189,202,221,221,221,221],"floor_reached":16,"language":"ENG","playtime":473,"items_purged":[],"score":102,"play_id":"804b191d-5376-4e01-afe5-4ed8dbaab1ba","local_time":"20210202221542","is_ascension_mode":false,"campfire_choices":[{"floor":10,"key":"REST"},{"floor":15,"key":"REST"}],"circlet_count":0,"master_deck":["animator:Strike_Fate","animator:Defend_Fate","animator:Strike","animator:Strike","animator:Strike","animator:Defend","animator:Defend","animator:Defend","animator:Alexander","animator:Rider","animator:DolaStephanie","animator:Kuribayashi","animator:Canti+1","animator:ItamiYouji","animator:Berserker","animator:YaoHaDucy","Pain","animator:DolaRiku","animator:Kuribayashi"],"relics":["animator:LivingPicture","animator:TheMissingPiece","Blood Vial","Vajra","Bag of Preparation","WarpedTongs"],"acts_visited":["Exordium"],"potions_floor_usage":[16],"damage_taken":[{"damage":11.0,"enemies":"Jaw Worm","floor":1.0,"turns":4.0},{"damage":2.0,"enemies":"Small Slimes","floor":3.0,"turns":3.0},{"damage":40.0,"enemies":"Gremlin Nob","floor":6.0,"turns":6.0},{"damage":1.0,"enemies":"Cultist","floor":7.0,"turns":3.0},{"damage":0,"enemies":"3 Louse","floor":8,"turns":3},{"damage":6,"enemies":"Exordium Wildlife","floor":13,"turns":3},{"damage":13,"enemies":"Blue Slaver","floor":14,"turns":2},{"damage":41,"enemies":"Hexaghost","floor":16,"turns":11}],"seed_played":"-5553869676815535308","potions_obtained":[{"floor":1.0,"key":"BlessingOfTheForge"},{"floor":3.0,"key":"Dexterity Potion"},{"floor":13,"key":"Energy Potion"}],"is_trial":false,"path_per_floor":["M","?","M","$","?","E","M","M","T","R","?","?","M","M","R","B"],"character_chosen":"THE_ANIMATOR","items_purchased":["Blood Vial","animator:Canti"],"campfire_rested":2,"item_purchase_floors":[4,4],"current_hp_per_floor":[55,55,53,53,42,5,6,8,8,28,28,28,25,14,34,0,0],"gold":221,"neow_bonus":"HUNDRED_GOLD","is_daily":false,"chose_seed":false,"campfire_upgraded":0,"win_rate":0.0,"timestamp":1612322142,"path_taken":["M","?","M","$","?","E","M","M","T","R","?","?","?","M","R","BOSS"],"items_purchased_type":["Relic","Card"],"build_version":"2020-12-22","purchased_purges":0,"victory":false,"max_hp_per_floor":[66,66,66,66,66,67,67,67,67,67,67,67,68,68,68,68,68],"card_choices":[{"not_picked":["animator:Rider","animator:Assassin"],"picked":"animator:DolaStephanie","floor":1.0},{"not_picked":["animator:Verdia","animator:Kazuma"],"picked":"animator:Kuribayashi","floor":3.0},{"not_picked":["animator:AcuraAkari","animator:Vanir"],"picked":"animator:ItamiYouji","floor":6.0},{"not_picked":["animator:ShinjiMatou","animator:RinTohsaka"],"picked":"animator:Berserker","floor":7.0},{"not_picked":["animator:ShinjiMatou","animator:Gillette"],"picked":"animator:YaoHaDucy","floor":8},{"not_picked":["animator:MetalKnight","animator:AcuraAkari"],"picked":"animator:DolaRiku","floor":13},{"not_picked":["animator:Greed","animator:ElricEdward"],"picked":"animator:Kuribayashi","floor":14}],"player_experience":365162,"relics_obtained":[{"floor":6.0,"key":"Vajra"},{"floor":9,"key":"Bag of Preparation"}],"event_choices":[{"damage_healed":0.0,"max_hp_gain":0.0,"max_hp_loss":0.0,"gold_gain":75.0,"event_name":"World of Goop","player_choice":"Gather Gold","floor":5.0,"gold_loss":0.0,"damage_taken":11.0},{"damage_healed":0,"gold_gain":0,"player_choice":"Grow","damage_taken":0,"max_hp_gain":0,"max_hp_loss":0,"event_name":"Living Wall","floor":11,"gold_loss":0,"cards_upgraded":["animator:Canti"]},{"damage_healed":0,"gold_gain":0,"player_choice":"Rummage","damage_taken":0,"relics_obtained":["WarpedTongs"],"max_hp_gain":0,"max_hp_loss":0,"event_name":"Accursed Blacksmith","floor":12,"gold_loss":0,"cards_obtained":["Pain"]}],"is_beta":false,"boss_relics":[],"items_purged_floors":[],"is_endless":false,"potions_floor_spawned":[1,3,13],"killed_by":"Hexaghost","ascension_level":0}}