{"host":"phniwng9zo19jwdb","time":1612380104,"event":{"mods":["AchievementEnabler","BaseMod","Colored Powertips","Dark Map","Faster Ascension Climbing","GifTheSpireLib","Minty Spire (QoL Compilation)","Permanent Neow","Rare Cards Sparkle","Relic Filter Mod","StSLib","Weighted Paths"],"gold_per_floor":[118,118,118,135,149,180,180,206,231,245,277,242,261,75,75,148,148,160,174,174,174,192,225,245,295,320,320,320,320],"floor_reached":28,"language":"ENG","playtime":1445,"items_purged":["Strike_G"],"score":791,"play_id":"04dac555-d5db-473c-8f4a-f869eb7d3f56","local_time":"20210203202144","is_ascension_mode":true,"campfire_choices":[{"data":"Terror","floor":7.0,"key":"SMITH"},{"data":"Deep Breath","floor":15.0,"key":"SMITH"},{"floor":27,"key":"REST"}],"circlet_count":0,"master_deck":["AscendersBane","Defend_G","Defend_G","Defend_G","Defend_G","Defend_G","Survivor","Neutralize","Leg Sweep","Predator","Infinite Blades","Predator","Terror+1","Well Laid Plans","Backflip","Corpse Explosion","Underhanded Strike","Deep Breath+1","Footwork","Bullet Time","Dodge and Roll+1","Tactician","Bite","Bite","Bite","Bite","Bite","Dash","Escape Plan+1","Riddle With Holes+1","A Thousand Cuts"],"relics":["Ring of the Snake","Tough Bandages","Ancient Tea Set","Smiling Mask","Pen Nib","Centennial Puzzle","HoveringKite","Bottled Tornado","Bag of Marbles"],"acts_visited":["Exordium","TheCity"],"potions_floor_usage":[],"damage_taken":[{"damage":4.0,"enemies":"Small Slimes","floor":1.0,"turns":4.0},{"damage":0.0,"enemies":"Jaw Worm","floor":4.0,"turns":5.0},{"damage":0.0,"enemies":"2 Louse","floor":5.0,"turns":2.0},{"damage":0.0,"enemies":"Lagavulin","floor":6.0,"turns":7.0},{"damage":11.0,"enemies":"3 Sentries","floor":8.0,"turns":10.0},{"damage":0.0,"enemies":"Blue Slaver","floor":10.0,"turns":5.0},{"damage":0.0,"enemies":"Lagavulin","floor":11.0,"turns":8.0},{"damage":2.0,"enemies":"Exordium Wildlife","floor":13.0,"turns":5.0},{"damage":0.0,"enemies":"The Guardian","floor":16.0,"turns":10.0},{"damage":17.0,"enemies":"Chosen","floor":18.0,"turns":4.0},{"damage":5.0,"enemies":"3 Byrds","floor":19.0,"turns":4.0},{"damage":31.0,"enemies":"Centurion and Healer","floor":22.0,"turns":16.0},{"damage":41,"enemies":"Gremlin Leader","floor":23,"turns":10},{"damage":18,"enemies":"Snake Plant","floor":24,"turns":5},{"damage":0,"enemies":"Book of Stabbing","floor":28,"turns":1}],"seed_played":"4686508318087935471","potions_obtained":[{"floor":1.0,"key":"ColorlessPotion"},{"floor":4.0,"key":"BlessingOfTheForge"},{"floor":5.0,"key":"LiquidMemories"},{"floor":6.0,"key":"GamblersBrew"},{"floor":16.0,"key":"Dexterity Potion"},{"floor":19.0,"key":"Ancient Potion"},{"floor":24,"key":"Poison Potion"}],"is_trial":false,"path_per_floor":["M","?","?","M","M","E","R","E","T","M","E","?","M","$","R","B",null,"M","M","?","?","M","E","M","?","T","R","E"],"character_chosen":"THE_SILENT","items_purchased":["Deep Breath","Footwork"],"campfire_rested":1,"item_purchase_floors":[14,14],"current_hp_per_floor":[40,33,33,33,33,33,33,22,22,22,22,38,36,36,36,36,59,42,37,37,37,38,15,3,3,3,16,16,16],"gold":320,"neow_bonus":"ONE_RARE_RELIC","is_daily":false,"chose_seed":false,"campfire_upgraded":2,"win_rate":0.0,"timestamp":1612380104,"path_taken":["M","?","?","?","M","E","R","E","T","M","E","?","M","$","R","BOSS","M","M","?","?","M","E","M","?","T","R","E"],"items_purchased_type":["Card","Card"],"build_version":"2020-12-22","purchased_purges":1,"victory":false,"max_hp_per_floor":[66,66,66,66,66,66,66,66,66,66,66,66,66,66,66,66,66,66,66,46,46,46,46,46,46,46,46,46,46],"card_choices":[{"not_picked":["Blur","Bane"],"picked":"Leg Sweep","floor":1.0},{"not_picked":["Dagger Spray","Underhanded Strike"],"picked":"Infinite Blades","floor":4.0},{"not_picked":["Outmaneuver","Bane"],"picked":"Predator","floor":5.0},{"not_picked":["Quick Slash","Catalyst"],"picked":"Terror","floor":6.0},{"not_picked":["Wraith Form v2","Sucker Punch"],"picked":"Well Laid Plans","floor":8.0},{"not_picked":["Prepared","Crippling Poison"],"picked":"Backflip","floor":10.0},{"not_picked":["Dagger Throw","Eviscerate"],"picked":"Corpse Explosion","floor":11.0},{"not_picked":["Well Laid Plans","Slice"],"picked":"Underhanded Strike","floor":13.0},{"not_picked":["Venomology","Unload"],"picked":"Bullet Time","floor":16.0},{"not_picked":["Deflect","Bane"],"picked":"Dodge and Roll+1","floor":18.0},{"not_picked":["Quick Slash","Well Laid Plans"],"picked":"Tactician","floor":19.0},{"not_picked":["Dagger Throw","Blade Dance"],"picked":"Escape Plan+1","floor":22.0},{"not_picked":["Bane","Cloak And Dagger"],"picked":"Riddle With Holes+1","floor":23},{"not_picked":["Well Laid Plans","Sucker Punch"],"picked":"A Thousand Cuts","floor":24}],"player_experience":79677,"relics_obtained":[{"floor":6.0,"key":"Ancient Tea Set"},{"floor":8.0,"key":"Smiling Mask"},{"floor":9.0,"key":"Pen Nib"},{"floor":11.0,"key":"Centennial Puzzle"},{"floor":23,"key":"Bottled Tornado"},{"floor":26,"key":"Bag of Marbles"}],"event_choices":[{"cards_removed":["Strike_G"],"damage_healed":0.0,"max_hp_gain":0.0,"max_hp_loss":0.0,"gold_gain":0.0,"event_name":"Golden Wing","player_choice":"Card Removal","floor":2.0,"gold_loss":0.0,"damage_taken":7.0},{"damage_healed":0.0,"max_hp_gain":0.0,"max_hp_loss":0.0,"gold_gain":0.0,"cards_transformed":["Strike_G"],"event_name":"Living Wall","player_choice":"Change","floor":3.0,"gold_loss":0.0,"damage_taken":0.0,"cards_obtained":["Predator"]},{"damage_healed":16.0,"max_hp_gain":0.0,"max_hp_loss":0.0,"gold_gain":0.0,"event_name":"The Cleric","player_choice":"Healed","floor":12.0,"gold_loss":35.0,"damage_taken":0.0},{"damage_healed":0.0,"max_hp_gain":0.0,"max_hp_loss":20.0,"gold_gain":0.0,"event_name":"Vampires","player_choice":"Became a vampire","floor":20.0,"gold_loss":0.0,"damage_taken":0.0,"cards_obtained":["Bite","Bite","Bite","Bite","Bite"]},{"damage_healed":0.0,"max_hp_gain":0.0,"max_hp_loss":0.0,"gold_gain":0.0,"event_name":"The Library","player_choice":"Read","floor":21.0,"gold_loss":0.0,"damage_taken":0.0,"cards_obtained":["Dash"]},{"damage_healed":0,"gold_gain":50,"player_choice":"Stole From Cult","damage_taken":0,"max_hp_gain":0,"max_hp_loss":0,"event_name":"Nest","floor":25,"gold_loss":0}],"is_beta":false,"boss_relics":[{"not_picked":["Pandora\u0027s Box","Snecko Eye"],"picked":"HoveringKite"}],"items_purged_floors":[14],"is_endless":false,"potions_floor_spawned":[1,4,5,6,16,19,24],"killed_by":"Book of Stabbing","ascension_level":20}}