{"host":"hzswyuuwdl03wwzr","time":1612328433,"event":{"mods":["100% Spire Juice","ATMod(∞¢Ë™Mod)","AchievementEnabler","Act Like it!","BaseMod","Gensokyo","Hallownest","HololiveMod","Marisa£®ÏF”Í°°ƒß¿Ì…≥£©","Minty Spire (QoL Compilation)","Prisma Mod","Reliquary","Remilia_Scarlet Moed£®¿Ÿ√◊¿Ú—«°§Àπø®¿◊Ãÿ£©3.3.5","Replay The Spire","StSLib","The Animator","The Bug Knight","The Cursed","The Servant 0.9.4","Warlord Emblem","Yakumo Yukari mod","Youmu£®ªÍ∆«—˝√Œ£©","°æπ¶ƒ‹Mod°øªÏ„Á÷Æª∑–ﬁ∏¥≤π∂°","°æ“≈ŒÔø®≈∆°øREMEMod"],"gold_per_floor":[119,133,220,220,294,323,335,190,259,303,303,303,303],"floor_reached":12,"language":"ZHS","playtime":840,"items_purged":[],"score":103,"play_id":"e56cf81f-8d45-4b03-a3c6-33661b8f3a45","local_time":"20210203130033","is_ascension_mode":false,"campfire_choices":[],"circlet_count":0,"master_deck":["Strike_MRS","Strike_MRS","Strike_MRS","Strike_MRS","Defend_MRS","Defend_MRS","Defend_MRS","Defend_MRS","MasterSpark","UpSweep","Orbital","UnstableBomb","ManaConvection","PropBag"],"relics":["MiniHakkero","AT_ATBox","REME_ComplimentaryCards","NeowsBlessing","Replay:Wax Seal","Strawberry","AT_SilvercatRing"],"acts_visited":["Hallownest:Greenpath"],"potions_floor_usage":[10],"damage_taken":[{"damage":0,"enemies":"Hallownest:monsterHuskGuard","floor":1,"turns":1},{"damage":0,"enemies":"2_ Uuma","floor":2,"turns":1},{"damage":0,"enemies":"Hallownest:eliteMossKnight","floor":6,"turns":1},{"damage":0,"enemies":"Hallownest:monsterHuskWarrior","floor":7,"turns":3},{"damage":28,"enemies":"Hallownest:1_Ooma_and_2_Uuma","floor":10,"turns":10},{"damage":15,"enemies":"Hallownest:BossHornet","floor":12,"turns":1}],"seed_played":"-6902639255405493616","potions_obtained":[{"floor":1,"key":"REME_GoldPotion"},{"floor":7,"key":"Adrenaline Potion"},{"floor":10,"key":"CultistPotion"}],"is_trial":false,"path_per_floor":["M","M","?","?","T","E","M","$","T","M","?","B"],"character_chosen":"MARISA","items_purchased":["Strawberry"],"campfire_rested":0,"item_purchase_floors":[8],"current_hp_per_floor":[75,75,57,57,57,57,57,64,64,48,48,33,33],"gold":303,"neow_bonus":"THREE_ENEMY_KILL","is_daily":false,"chose_seed":false,"campfire_upgraded":0,"win_rate":0.0,"timestamp":1612328433,"path_taken":["M","M","?","?","?","E","M","?","T","?","?","BOSS"],"items_purchased_type":["Relic"],"build_version":"2020-12-22","purchased_purges":0,"victory":false,"max_hp_per_floor":[75,75,75,75,75,75,75,82,82,82,82,82,82],"card_choices":[{"not_picked":["DC","DoubleSpark"],"picked":"Orbital","floor":1},{"not_picked":["DarkSpark","GrandCross"],"picked":"UnstableBomb","floor":2},{"not_picked":["6A","NonDirectionalLaser"],"picked":"ManaConvection","floor":3},{"not_picked":["SatelliteIllusion","DC"],"picked":"PropBag","floor":6},{"not_picked":["GrandCross","AsteroidBelt","GalacticHalo"],"picked":"SKIP","floor":7},{"not_picked":["DC","ChargingUp","OrrerysSun"],"picked":"SKIP","floor":10}],"player_experience":56727,"relics_obtained":[{"floor":6,"key":"Replay:Wax Seal"},{"floor":9,"key":"AT_SilvercatRing"}],"event_choices":[],"is_beta":false,"boss_relics":[],"items_purged_floors":[],"is_endless":false,"potions_floor_spawned":[1,7,10],"killed_by":"Hallownest:BossHornet","ascension_level":0}}