{"host":"3azvxbhvx7nk2p5g","time":1612368887,"event":{"mods":["BaseMod","Minty Spire (QoL Compilation)","StSLib","The Poker Player","The Servant 0.9.4","WarShipGirlsR/’ΩΩ¢…Ÿ≈ÆR mod"],"gold_per_floor":[118,138,138,152,168,168,188,188,260,279,298,312,312,312,312,441,441,466,487,158,183,221,252,266,301,301,321,339,378,394,418,418,546,546,559,584,584,584,70,70,70,90,144,182,182,182,182,182],"floor_reached":46,"language":"ZHS","playtime":4550,"items_purged":["PokerPlayerMod:Club1","PokerPlayerMod:Spade2"],"score":533,"play_id":"7cd0daac-0255-4f0b-8a5f-2fa2d9b22956","local_time":"20210204001447","is_ascension_mode":false,"metric_token":406,"campfire_choices":[{"data":"PokerPlayerMod:Mulligan","floor":6.0,"key":"SMITH"},{"data":"PokerPlayerMod:Harden","floor":15.0,"key":"SMITH"},{"data":"PokerPlayerMod:ClubDance","floor":32.0,"key":"SMITH"},{"data":"Apotheosis","floor":40,"key":"SMITH"},{"floor":45,"key":"RECALL"}],"circlet_count":0,"master_deck":["PokerPlayerMod:Diamond3","PokerPlayerMod:Diamond4","PokerPlayerMod:Diamond5","PokerPlayerMod:Spade2","PokerPlayerMod:Spade3","PokerPlayerMod:Spade4","PokerPlayerMod:Club2","PokerPlayerMod:Heart2","PokerPlayerMod:TrumpStrike","PokerPlayerMod:BadJoker","PokerPlayerMod:Mulligan+1","PokerPlayerMod:CardBurn","PokerPlayerMod:Manipulation","PokerPlayerMod:Diamond5","PokerPlayerMod:Harden+1","PokerPlayerMod:Spade5","PokerPlayerMod:Diamond5","PokerPlayerMod:ClubShade","PokerPlayerMod:ClubDance+1","PokerPlayerMod:Spade7","PokerPlayerMod:Harden","PokerPlayerMod:Spade8","PokerPlayerMod:Heart9","PokerPlayerMod:Harden","PokerPlayerMod:Heart7","PokerPlayerMod:Spade5","PokerPlayerMod:Diamond8","PokerPlayerMod:Manipulation+1","PokerPlayerMod:Club8","PokerPlayerMod:SecondChance+1","PokerPlayerMod:ChangeRules","PokerPlayerMod:Raise+1","PokerPlayerMod:VarietyAttack","PokerPlayerMod:Sharpen","PokerPlayerMod:RiskyBet+1","Chrysalis","Apotheosis+1","PokerPlayerMod:Spade10+","PokerPlayerMod:JackOfSpades+1","PokerPlayerMod:Raise+1","PokerPlayerMod:HeartStrike+1","PokerPlayerMod:ClubDance+1","PokerPlayerMod:Configure+1"],"relics":["PokerPlayerMod:DeckCase","NeowsBlessing","Bottled Tornado","Golden Idol","Gambling Chip","Black Star","Red Mask","Orichalcum","Pear","Lantern","Oddly Smooth Stone","Mummified Hand","Potion Belt","Nunchaku","Empty Cage","Orrery","Blood Vial","Darkstone Periapt"],"acts_visited":["Exordium","TheCity","TheBeyond"],"potions_floor_usage":[],"damage_taken":[{"damage":0.0,"enemies":"Cultist","floor":1.0,"turns":1.0},{"damage":0.0,"enemies":"2 Louse","floor":2.0,"turns":1.0},{"damage":0.0,"enemies":"Jaw Worm","floor":4.0,"turns":1.0},{"damage":7.0,"enemies":"Large Slime","floor":5.0,"turns":3.0},{"damage":0.0,"enemies":"2 Fungi Beasts","floor":7.0,"turns":3.0},{"damage":0.0,"enemies":"3 Louse","floor":10.0,"turns":1.0},{"damage":0.0,"enemies":"Exordium Wildlife","floor":11.0,"turns":4.0},{"damage":2.0,"enemies":"Looter","floor":12.0,"turns":3.0},{"damage":9.0,"enemies":"The Guardian","floor":16.0,"turns":9.0},{"damage":8.0,"enemies":"Shell Parasite","floor":18.0,"turns":6.0},{"damage":0.0,"enemies":"Spheric Guardian","floor":19.0,"turns":4.0},{"damage":8.0,"enemies":"Centurion and Healer","floor":21.0,"turns":7.0},{"damage":33.0,"enemies":"Masked Bandits","floor":22.0,"turns":4.0},{"damage":51.0,"enemies":"Gremlin Leader","floor":23.0,"turns":11.0},{"damage":5.0,"enemies":"Shelled Parasite and Fungi","floor":24.0,"turns":8.0},{"damage":15.0,"enemies":"Book of Stabbing","floor":25.0,"turns":8.0},{"damage":10.0,"enemies":"3 Cultists","floor":27.0,"turns":5.0},{"damage":3.0,"enemies":"Centurion and Healer","floor":28.0,"turns":4.0},{"damage":25.0,"enemies":"Slavers","floor":29.0,"turns":5.0},{"damage":11.0,"enemies":"Snake Plant","floor":30.0,"turns":3.0},{"damage":0.0,"enemies":"Chosen and Byrds","floor":31.0,"turns":5.0},{"damage":18.0,"enemies":"Collector","floor":33.0,"turns":8.0},{"damage":0.0,"enemies":"Orb Walker","floor":35.0,"turns":3.0},{"damage":0.0,"enemies":"3 Shapes","floor":36.0,"turns":3.0},{"damage":23,"enemies":"Jaw Worm Horde","floor":42,"turns":4},{"damage":34,"enemies":"Nemesis","floor":44,"turns":9},{"damage":81,"enemies":"Reptomancer","floor":46,"turns":4}],"seed_played":"3253990244610779994","potions_obtained":[{"floor":2.0,"key":"Block Potion"},{"floor":7.0,"key":"Regen Potion"},{"floor":10.0,"key":"Block Potion"},{"floor":21.0,"key":"Ancient Potion"},{"floor":23.0,"key":"Regen Potion"},{"floor":29.0,"key":"FearPotion"},{"floor":33.0,"key":"SkillPotion"}],"is_trial":false,"path_per_floor":["M","M","?","M","M","R","M","?","T","M","M","M","?","?","R","B",null,"M","M","$","M","?","E","M","E","T","M","M","E","M","M","R","B",null,"M","M","?","?","$","R","$","M","T","E","R","E"],"character_chosen":"THE_POKER_PLAYER","items_purchased":["PokerPlayerMod:Heart9","PokerPlayerMod:Harden","PokerPlayerMod:Spade2","Apotheosis","PokerPlayerMod:Spade10+","Orrery"],"campfire_rested":0,"item_purchase_floors":[20,20,20,39,39,39],"current_hp_per_floor":[52,52,52,52,45,45,47,47,47,47,52,52,39,27,27,20,52,46,50,50,44,31,22,39,45,45,53,59,45,43,62,62,44,62,62,62,62,62,62,62,62,39,39,43,43,0,0,0],"gold":182,"neow_bonus":"THREE_ENEMY_KILL","is_daily":false,"chose_seed":false,"campfire_upgraded":4,"win_rate":0.0,"timestamp":1612368887,"path_taken":["M","?","?","M","?","R","M","?","T","M","M","M","?","?","R","BOSS","M","M","$","M","?","E","M","E","T","M","M","E","M","M","R","BOSS","M","M","?","?","$","R","$","?","T","E","R","E"],"items_purchased_type":["Card","Card","Card","Card","Undefined","Relic"],"build_version":"2020-12-22","purchased_purges":2,"victory":false,"max_hp_per_floor":[52,52,52,52,52,52,52,52,52,52,52,52,52,52,52,52,52,52,52,52,52,52,62,62,62,62,62,62,62,62,62,62,62,62,62,62,62,62,62,62,62,62,62,62,62,62,62,62],"card_choices":[{"not_picked":["PokerPlayerMod:Diamond3","PokerPlayerMod:SpadeStrike"],"picked":"PokerPlayerMod:CardBurn","floor":1.0},{"not_picked":["PokerPlayerMod:CardBurn","PokerPlayerMod:HotShotCut"],"picked":"PokerPlayerMod:Manipulation","floor":2.0},{"not_picked":["PokerPlayerMod:Diamond5","PokerPlayerMod:Spade3"],"picked":"PokerPlayerMod:Harden","floor":4.0},{"not_picked":["PokerPlayerMod:Club1","PokerPlayerMod:Club4"],"picked":"PokerPlayerMod:Spade5","floor":5.0},{"not_picked":["PokerPlayerMod:Diamond3","PokerPlayerMod:Club4"],"picked":"PokerPlayerMod:Diamond5","floor":7.0},{"not_picked":["PokerPlayerMod:Club3","PokerPlayerMod:CardPrinter"],"picked":"PokerPlayerMod:ClubShade","floor":10.0},{"not_picked":["PokerPlayerMod:Spade3","PokerPlayerMod:CardBurn"],"picked":"PokerPlayerMod:ClubDance","floor":11.0},{"not_picked":["PokerPlayerMod:Diamond4","PokerPlayerMod:Trickery","PokerPlayerMod:Spade4"],"picked":"SKIP","floor":12.0},{"not_picked":["PokerPlayerMod:FakeSymbols","PokerPlayerMod:Club8"],"picked":"PokerPlayerMod:Spade7","floor":16.0},{"not_picked":["PokerPlayerMod:ClubStrike+1","PokerPlayerMod:MagicTrick"],"picked":"PokerPlayerMod:Harden","floor":18.0},{"not_picked":["PokerPlayerMod:Heart2","PokerPlayerMod:ClubsClub"],"picked":"PokerPlayerMod:Spade8","floor":19.0},{"not_picked":["PokerPlayerMod:FillThePot","PokerPlayerMod:Club2"],"picked":"PokerPlayerMod:Heart7","floor":21.0},{"not_picked":["PokerPlayerMod:Spade2","PokerPlayerMod:Diamond4"],"picked":"PokerPlayerMod:Spade5","floor":22.0},{"not_picked":["PokerPlayerMod:Spade1","PokerPlayerMod:Club1"],"picked":"PokerPlayerMod:Diamond8","floor":23.0},{"not_picked":["PokerPlayerMod:Raise","PokerPlayerMod:Spade4"],"picked":"PokerPlayerMod:Manipulation+1","floor":24.0},{"not_picked":["PokerPlayerMod:DartThrow","PokerPlayerMod:Trickery"],"picked":"PokerPlayerMod:Club2","floor":25.0},{"not_picked":["PokerPlayerMod:Spade9","PokerPlayerMod:Club1"],"picked":"PokerPlayerMod:Club8","floor":27.0},{"not_picked":["PokerPlayerMod:Club4","PokerPlayerMod:Diamond4"],"picked":"PokerPlayerMod:SecondChance+1","floor":28.0},{"not_picked":["PokerPlayerMod:CloakAndDiamond","PokerPlayerMod:CardBurn"],"picked":"PokerPlayerMod:ChangeRules","floor":29.0},{"not_picked":["PokerPlayerMod:Heart1","PokerPlayerMod:Trickery","PokerPlayerMod:Club2"],"picked":"SKIP","floor":30.0},{"not_picked":["PokerPlayerMod:Diamond1","PokerPlayerMod:CardPrinter"],"picked":"PokerPlayerMod:Raise+1","floor":31.0},{"not_picked":["PokerPlayerMod:Diamond10+","PokerPlayerMod:WasteCollection"],"picked":"PokerPlayerMod:VarietyAttack","floor":33.0},{"not_picked":["PokerPlayerMod:Configure","PokerPlayerMod:Diamond4"],"picked":"PokerPlayerMod:Sharpen","floor":35.0},{"not_picked":["PokerPlayerMod:Diamond1","PokerPlayerMod:Harden+1"],"picked":"PokerPlayerMod:RiskyBet+1","floor":36.0},{"not_picked":["HandOfGreed","Discovery"],"picked":"Chrysalis","floor":37},{"not_picked":["PokerPlayerMod:SecretDealer","PokerPlayerMod:Diamond8"],"picked":"PokerPlayerMod:JackOfSpades+1","floor":39},{"not_picked":["PokerPlayerMod:Diamond6","PokerPlayerMod:SecondChance"],"picked":"PokerPlayerMod:Raise+1","floor":39},{"not_picked":["PokerPlayerMod:Diamond3","PokerPlayerMod:MagicTrick"],"picked":"PokerPlayerMod:HeartStrike+1","floor":39},{"not_picked":["PokerPlayerMod:Heart4","PokerPlayerMod:Spade2"],"picked":"PokerPlayerMod:ClubDance+1","floor":42},{"not_picked":["PokerPlayerMod:Spade4","PokerPlayerMod:Diamond4"],"picked":"PokerPlayerMod:Configure+1","floor":44}],"player_experience":93046,"relics_obtained":[{"floor":9.0,"key":"Bottled Tornado"},{"floor":22.0,"key":"Red Mask"},{"floor":23.0,"key":"Orichalcum"},{"floor":23.0,"key":"Pear"},{"floor":25.0,"key":"Lantern"},{"floor":25.0,"key":"Oddly Smooth Stone"},{"floor":26.0,"key":"Mummified Hand"},{"floor":29.0,"key":"Potion Belt"},{"floor":29.0,"key":"Nunchaku"},{"floor":44,"key":"Blood Vial"},{"floor":44,"key":"Darkstone Periapt"}],"event_choices":[{"damage_healed":0.0,"max_hp_gain":0.0,"max_hp_loss":0.0,"gold_gain":0.0,"cards_transformed":["PokerPlayerMod:Diamond1"],"event_name":"Transmorgrifier","player_choice":"Transformed","floor":3.0,"gold_loss":0.0,"damage_taken":0.0,"cards_obtained":["PokerPlayerMod:Diamond5"]},{"damage_healed":0.0,"max_hp_gain":0.0,"max_hp_loss":0.0,"gold_gain":0.0,"event_name":"Liars Game","player_choice":"Ignored","floor":8.0,"gold_loss":0.0,"damage_taken":0.0},{"damage_healed":0.0,"max_hp_gain":0.0,"max_hp_loss":0.0,"gold_gain":0.0,"event_name":"Golden Idol","player_choice":"Take Damage","floor":13.0,"gold_loss":0.0,"damage_taken":13.0,"relics_obtained":["Golden Idol"]},{"damage_healed":0.0,"max_hp_gain":0.0,"max_hp_loss":0.0,"gold_gain":0.0,"event_name":"Scrap Ooze","player_choice":"Success","floor":14.0,"gold_loss":0.0,"damage_taken":12.0,"relics_obtained":["Gambling Chip"]},{"damage_healed":0.0,"max_hp_gain":0.0,"max_hp_loss":0.0,"gold_gain":0.0,"event_name":"Masked Bandits","player_choice":"Fought Bandits","floor":22.0,"gold_loss":0.0,"damage_taken":0.0},{"damage_healed":0,"gold_gain":0,"player_choice":"Memory 1","damage_taken":0,"max_hp_gain":0,"max_hp_loss":0,"event_name":"SensoryStone","floor":37,"gold_loss":0},{"cards_removed":["PokerPlayerMod:Club2"],"damage_healed":0,"gold_gain":0,"player_choice":"Purged","damage_taken":0,"max_hp_gain":0,"max_hp_loss":0,"event_name":"Purifier","floor":38,"gold_loss":0}],"is_beta":false,"boss_relics":[{"not_picked":["Runic Dome","Sozu"],"picked":"Black Star"},{"not_picked":["Tiny House","Velvet Choker"],"picked":"Empty Cage"}],"items_purged_floors":[20,39],"is_endless":false,"potions_floor_spawned":[2,7,10,12,19,21,23,29,33,36,44],"killed_by":"Reptomancer","ascension_level":0}}