{"host":"72j3if4hls1tefkc","time":1612378124,"event":{"mods":["AchievementEnabler","Always Whale","Aspiration","BaseMod","Beaked The Cultist","Colored Map","Conspire","FetchMod","Halation","Hermit","Hubris","Infinite Spire","Minty Spire (QoL Compilation)","Reliquary","Replay The Spire","Shop Mod","StSLib","The Bug Knight","The Construct","The Cursed","The Jungle","The Marked","The Necromancer","The Poker Player"],"gold_per_floor":[109,6,18,38,58,58,58,58,82,82,99,23,23,23,23,125,125,139,155,0,0,12,12,12,12],"floor_reached":24,"language":"ENG","playtime":886,"items_purged":["conspire:GhostlyDefend"],"score":261,"play_id":"f08aae81-73e7-45c5-b2c8-1d33861abe8c","local_time":"20210203114844","is_ascension_mode":false,"campfire_choices":[{"data":"hermit:Headshot","floor":6.0,"key":"SMITH"},{"data":"hermit:Snapshot","floor":8.0,"key":"SMITH"},{"data":"hermit:Showdown","floor":10.0,"key":"SMITH"},{"data":"hermit:Brawl","floor":15.0,"key":"SMITH"},{"data":"hermit:ShadowCloak","floor":23,"key":"SMITH"}],"circlet_count":0,"master_deck":["conspire:GhostlyStrike","conspire:GhostlyStrike","conspire:GhostlyStrike","conspire:GhostlyStrike","conspire:GhostlyDefend","conspire:GhostlyDefend","conspire:GhostlyDefend","hermit:Snapshot+1","hermit:Covet","hermit:ShadowCloak","hermit:Showdown+1","hermit:Headshot+1","hermit:Enervate","hermit:ShadowCloak+1","hermit:Brawl+1","hermit:EternalForm","hermit:FullyLoaded","hermit:HoleUp+1"],"relics":["hermit:Momento","Sundial","reliquary:Boomerang","aspiration:PoetsPen_weak","infinitespire:Bottled Soul"],"acts_visited":["Exordium","TheCity"],"potions_floor_usage":[],"damage_taken":[{"damage":5.0,"enemies":"Cultist","floor":1.0,"turns":4.0},{"damage":0.0,"enemies":"Small Slimes","floor":3.0,"turns":4.0},{"damage":6.0,"enemies":"Jaw Worm","floor":4.0,"turns":3.0},{"damage":1.0,"enemies":"3 Louse","floor":5.0,"turns":3.0},{"damage":0.0,"enemies":"Exordium Thugs","floor":11.0,"turns":3.0},{"damage":0.0,"enemies":"Slime Boss","floor":16.0,"turns":6.0},{"damage":27,"enemies":"conspire:FuzzyDice","floor":18,"turns":4},{"damage":20,"enemies":"2 Thieves","floor":19,"turns":3},{"damage":9,"enemies":"Centurion and Healer","floor":22,"turns":4},{"damage":20,"enemies":"Sentry and Sphere","floor":24,"turns":3}],"seed_played":"6504930715075999723","potions_obtained":[{"floor":4.0,"key":"SkillPotion"},{"floor":5.0,"key":"SmokeBomb"},{"floor":16.0,"key":"Fire Potion"},{"floor":18,"key":"PowerPotion"}],"is_trial":false,"path_per_floor":["M","?","M","M","M","R","$","R","T","R","M","$","?","$","R","B",null,"M","M","?","AVR","M","R","M"],"character_chosen":"HERMIT","items_purchased":["hermit:Brawl"],"campfire_rested":0,"item_purchase_floors":[12],"current_hp_per_floor":[70,70,70,64,63,63,63,63,63,63,63,63,63,63,63,63,75,48,28,28,28,19,19,0,0],"gold":12,"neow_bonus":"THREE_CARDS","is_daily":false,"chose_seed":false,"campfire_upgraded":5,"win_rate":0.0,"timestamp":1612378124,"path_taken":["M","?","M","M","?","R","$","R","T","R","M","$","?","$","R","BOSS","M","M","?","AVR","M","R","M"],"items_purchased_type":["Card"],"build_version":"2020-12-22","purchased_purges":1,"victory":false,"max_hp_per_floor":[75,75,75,75,75,75,75,75,75,75,75,75,75,75,75,75,75,75,75,75,75,75,75,75,75],"card_choices":[{"not_picked":["hermit:TakeCover","hermit:Determination"],"picked":"hermit:ShadowCloak","floor":0.0},{"not_picked":["hermit:Misfire","hermit:ShadowCloak"],"picked":"hermit:Showdown","floor":1.0},{"not_picked":["hermit:EyeOfTheStorm","hermit:Combo"],"picked":"hermit:Headshot","floor":3.0},{"not_picked":["hermit:SprayPray","hermit:LowProfile","hermit:CalledShot"],"picked":"SKIP","floor":4.0},{"not_picked":["hermit:BodyArmor","hermit:Roulette"],"picked":"hermit:Enervate","floor":5.0},{"not_picked":["hermit:Magnum","hermit:BodyArmor"],"picked":"hermit:ShadowCloak","floor":11.0},{"not_picked":["hermit:FinalCanter","hermit:HeroicBravado"],"picked":"hermit:EternalForm","floor":16.0},{"not_picked":["hermit:Determination+1","hermit:LuckOfTheDraw+1"],"picked":"hermit:FullyLoaded","floor":18},{"not_picked":["hermit:ItchyTrigger","hermit:LoneWolf","hermit:Malice"],"picked":"SKIP","floor":19},{"not_picked":["hermit:LowProfile","hermit:Scavenge"],"picked":"hermit:HoleUp+1","floor":22}],"player_experience":367292,"relics_obtained":[{"floor":9.0,"key":"reliquary:Boomerang"}],"event_choices":[{"damage_healed":0.0,"max_hp_gain":0.0,"max_hp_loss":0.0,"gold_gain":0.0,"event_name":"WeMeetAgain","player_choice":"Paid Gold","floor":2.0,"gold_loss":103.0,"damage_taken":0.0,"relics_obtained":["Sundial"]},{"damage_healed":0.0,"max_hp_gain":0.0,"max_hp_loss":0.0,"gold_gain":0.0,"event_name":"conspire:LoneGhost","player_choice":"Agree","floor":13.0,"gold_loss":0.0,"damage_taken":0.0},{"damage_healed":0,"gold_gain":0,"player_choice":"Paid Fearfully","damage_taken":0,"max_hp_gain":0,"max_hp_loss":0,"event_name":"Masked Bandits","floor":20,"gold_loss":155}],"is_beta":false,"boss_relics":[{"not_picked":["reliquary:RedCape","SlaversCollar"],"picked":"aspiration:PoetsPen_weak"}],"items_purged_floors":[21],"is_endless":false,"potions_floor_spawned":[4,5,16,18],"killed_by":"Sentry and Sphere","ascension_level":0}}