{"host":"r0e4s450fexxrjel","time":1612377179,"event":{"mods":["AchievementEnabler","Act Like it!","Aspiration","BaseMod","Better Third Choice","Clawfect","Colored Map","Conspire","Dota2Spire","Downfall","Energized Spire","Friendly Minions","GifTheSpireLib","Gold Saver","Hubris","Infinite Spire","Minty Spire (QoL Compilation)","Pale of the Ancients","RRrroohrrRGHHhhh!!","Reliquary","Replay The Spire","Shop Mod","StSLib"],"gold_per_floor":[109,109,34,49,49,80,93,93,116,130,145,145,11,22,22,125,125,139,139,139,149,159,159,187,11,63,63,77,28,40,60,60,162,162,162],"floor_reached":34,"language":"DEU","playtime":2337,"items_purged":["Defend_B+1","Defend_B","Defend_B"],"score":449,"play_id":"469bd979-5da1-421e-ada3-fafa62f3113d","local_time":"20210203193259","is_ascension_mode":false,"campfire_choices":[{"floor":8,"key":"REST"},{"data":"Gash","floor":12,"key":"SMITH"},{"data":"Clawfect:ClawLightning","floor":15,"key":"SMITH"},{"data":"rorgmod:Leap","floor":23,"key":"SMITH"},{"floor":27,"key":"REST"},{"floor":32,"key":"REST"}],"circlet_count":0,"master_deck":["Gash+1","Gash","Gash","Gash+1","Gash","Defend_B","Clawfect:Clawter","Clawfect:ClawLightning+1","Clawfect:ClawLightning+1","rorgmod:Leap+1","Clawfect:ClawingBeam","Clawfect:ClawForTheEyes","Clawfect:ClawLightning"],"relics":["Runic Pyramid"],"acts_visited":["Exordium","TheCity","TheBeyond"],"potions_floor_usage":[11,16,16,24,30,30,31],"damage_taken":[{"damage":2,"enemies":"2 Louse","floor":1,"turns":4},{"damage":0,"enemies":"Cultist","floor":4,"turns":3},{"damage":14,"enemies":"Gremlin Nob","floor":6,"turns":3},{"damage":1,"enemies":"Jaw Worm","floor":7,"turns":3},{"damage":5,"enemies":"Looter","floor":10,"turns":3},{"damage":2,"enemies":"Large Slime","floor":11,"turns":3},{"damage":1,"enemies":"2 Fungi Beasts","floor":14,"turns":3},{"damage":0,"enemies":"Slime Boss","floor":16,"turns":3},{"damage":15,"enemies":"3 Byrds","floor":18,"turns":4},{"damage":1,"enemies":"Shell Parasite","floor":21,"turns":3},{"damage":9,"enemies":"Sentry and Sphere","floor":22,"turns":3},{"damage":17,"enemies":"Book of Stabbing","floor":24,"turns":4},{"damage":18,"enemies":"Snake Plant","floor":28,"turns":4},{"damage":28,"enemies":"Snecko","floor":30,"turns":6},{"damage":2,"enemies":"Centurion and Healer","floor":31,"turns":3},{"damage":28,"enemies":"conspire:MysteriousRune","floor":33,"turns":5}],"seed_played":"861187374002129712","potions_obtained":[{"floor":6,"key":"EssenceOfDarkness"},{"floor":7,"key":"SkillPotion"},{"floor":11,"key":"Strength Potion"},{"floor":22,"key":"LifebloodPotion"},{"floor":30,"key":"Dota2Spire:Clarity"},{"floor":33,"key":"BlessingOfTheForge"}],"is_trial":false,"path_per_floor":["M","?","$","M","?","E","M","R","T","M","M","R","$","M","R","B",null,"M","?","?","M","M","R","E","$","T","R","M","$","M","M","R","B",null],"character_chosen":"DEFECT","items_purchased":["Clawfect:ClawLightning","Adrenaline Potion","Energy Potion"],"campfire_rested":3,"item_purchase_floors":[13,25,29],"current_hp_per_floor":[73,58,58,58,58,44,43,65,65,60,58,58,58,57,57,57,75,60,60,60,59,50,50,33,33,33,55,37,37,9,7,29,1,75,75],"gold":162,"neow_bonus":"BOSS_RELIC","is_daily":false,"chose_seed":false,"campfire_upgraded":3,"win_rate":0.0,"timestamp":1612377179,"path_taken":["M","?","$","M","?","E","M","R","T","?","M","R","$","M","R","BOSS","M","?","?","?","?","R","E","$","T","R","M","$","M","M","R","BOSS"],"items_purchased_type":["Card","Potion","Potion"],"build_version":"2020-12-22","purchased_purges":3,"victory":false,"max_hp_per_floor":[75,75,75,75,75,75,75,75,75,75,75,75,75,75,75,75,75,75,75,75,75,75,75,75,75,75,75,75,75,75,75,75,75,75,75],"card_choices":[{"not_picked":["Genetic Algorithm","Stack"],"picked":"Clawfect:Clawter","floor":1},{"not_picked":["rorgmod:Hardcode","ReplayTheSpireMod:Calculation Training","rorgmod:SQL Injection"],"picked":"SKIP","floor":4},{"not_picked":["ReplayTheSpireMod:GoodbyeWorld","Darkness","Stack"],"picked":"SKIP","floor":6},{"not_picked":["rorgmod:Hardcode","Conserve Battery","conspire:Rain"],"picked":"SKIP","floor":7},{"not_picked":["rorgmod:Antivirus","Reinforced Body","Stack"],"picked":"SKIP","floor":10},{"not_picked":["BasicCrystalCard","BootSequence","ReplaySolidLightProjector"],"picked":"SKIP","floor":11},{"not_picked":["Machine Learning","rorgmod:Malware"],"picked":"rorgmod:Leap","floor":14},{"not_picked":["Redo","FIFO Queue","rorgmod:SQL Injection+1"],"picked":"SKIP","floor":18},{"not_picked":["Crystallizer","ReplayTheSpireMod:Repulse","Clawfect:Clawline"],"picked":"SKIP","floor":21},{"not_picked":["rorgmod:Black Ice","Clawfect:ScrapingClaw"],"picked":"Clawfect:ClawingBeam","floor":22},{"not_picked":["rorgmod:Hardcode","rorgmod:Zing-Zap","rorgmod:Ventilation Error"],"picked":"SKIP","floor":24},{"not_picked":["Stack","rorgmod:Fuse Blower"],"picked":"Clawfect:ClawForTheEyes","floor":28},{"not_picked":["rorgmod:Ventilation Error","Darkness","rorgmod:SQL Injection"],"picked":"SKIP","floor":30},{"not_picked":["ReplayTheSpireMod:Repulse","Glacier"],"picked":"Clawfect:ClawLightning","floor":31}],"player_experience":80311,"relics_obtained":[],"event_choices":[{"damage_healed":73,"gold_gain":0,"player_choice":"Upgrade","damage_taken":15,"max_hp_gain":0,"max_hp_loss":75,"event_name":"betterThird:BetterShining","floor":2,"gold_loss":0,"cards_upgraded":["Defend_B","Gash"]},{"cards_removed":["Defend_B"],"damage_healed":0,"gold_gain":0,"player_choice":"Offered Basic","damage_taken":0,"max_hp_gain":0,"max_hp_loss":0,"event_name":"Bonfire Elementals","floor":5,"gold_loss":0},{"damage_healed":0,"gold_gain":0,"player_choice":"Upgraded","damage_taken":0,"max_hp_gain":0,"max_hp_loss":0,"event_name":"Upgrade Shrine","floor":20,"gold_loss":0,"cards_upgraded":["Clawfect:ClawLightning"]}],"is_beta":false,"boss_relics":[{"not_picked":["Runic Pyramid","Black Star","aspiration:RunicSpoon"]},{"not_picked":["Runic Pyramid","Black Star","aspiration:RunicSpoon"]}],"items_purged_floors":[3,13,25],"is_endless":false,"potions_floor_spawned":[6,7,11,22,30,33],"ascension_level":0}}