{"host":"dpz73eeqf7w0eu85","time":1612375899,"event":{"mods":["Act Like it!","BaseMod","Gensokyo","Hallownest","Lobotomy","LobotomyExtend","Marisa£®ÏF”Í°°ƒß¿Ì…≥£©","Minty Spire (QoL Compilation)","Remilia£®¿Ÿ√◊¿Ú—«£©","StSLib","The Administrix","WarShipGirlsR/’ΩΩ¢…Ÿ≈ÆR mod","Youmu£®ªÍ∆«—˝√Œ£©","°æ“≈ŒÔø®≈∆°øREMEMod"],"gold_per_floor":[9999,9131,9148,9008,9008,9008,8479,8509,8509,8529,7707,7547,7547,6624,6624,6805,6805,6823,6823,6733,6733,6733,6733,6693,6099,6099,6099,6125,6125,5571,5641,5641,5756,5756,5803,5356,5356,5356,5356,5356,5206,5206,5252,5252,5252,4829,4413,4413,4413,4458],"floor_reached":51,"language":"ZHS","playtime":3727,"items_purged":["Defend_RM","Strike_RM","Defend_RM+1","Defend_RM","CharismaGuard"],"score":1002,"play_id":"c28a47f2-5ead-4047-91c8-5af4988b5b18","local_time":"20210204021139","is_ascension_mode":false,"campfire_choices":[{"data":"MillenniumVampire","floor":6,"key":"SMITH"},{"data":"DemonKingCradle","floor":15,"key":"SMITH"},{"floor":23,"key":"RECALL"},{"data":"REME_HeartOfCthun","floor":32,"key":"SMITH"},{"floor":40,"key":"REST"},{"data":"VampireClaw","floor":42,"key":"SMITH"},{"data":"Apotheosis","floor":49,"key":"SMITH"}],"circlet_count":0,"master_deck":["RedMoon","ScarletShoot+1","MillenniumVampire+1","ScarletCoffin","BloodAndWine","DiffusionOfMisfortune","DiffusionOfMisfortune","MillenniumVampire+1","DemonKingCradle+1","QueenOfMidnight+1","ScarletMeister","REME_HeartOfCthun+1","Gensokyo:ShootingStar","BloodHunter","Apotheosis+1","VampireClaw+1","BloodHunter","Stigmanizer","REME_Flogging","BombardNight"],"relics":["ScarletHat","REME_ComplimentaryCards","LetterFromLob","Darkstone Periapt","Potion Belt","REME_CardOfGreed","Calipers","Letter Opener","Omamori","Orrery","Juzu Bracelet","TheAbacus","Chemical X","Sling","DollysMirror","Necronomicon","Gensokyo:CelestialsFlawlessClothing","REME_ArchaeologicalTools","OrangePellets","ScarletDevilRocket","Busted Crown","Gensokyo:RedStar","HandDrill","ClockworkSouvenir","Medical Kit","Centennial Puzzle","Membership Card","Question Card","Dream Catcher","White Beast Statue","REME_HandOfSuture","Empty Cage","Dead Branch","Bag of Preparation","REME_OnlineShoppingPlatform","Pen Nib","WingedGreaves","Pantograph","MealTicket","Strange Spoon","Bottled Flame","Shuriken","Anchor","Thread and Needle","Toolbox"],"acts_visited":["Exordium","Gensokyo:Gensokyo","Gensokyo:Gensokyoer"],"potions_floor_usage":[8,14,31,31,33,33,33,33,33,33,35,41,41,41,41,41,41,41,41,41,41,51,51,51,51,51,51,51,51,51,51,51,51,51,51,51,51,51,51,51,51,51,51,51,51,51,51,51,51,51,51,51,51,51,51,51,51,51,51,51,51,51,51,51,51,51,51,51,51,51,51,51,51,51,51,51,51,51,51,51,51,51,51,51,51,51,51,51,51,51,51,51,51,51,51,51,51,51,51,51,51,51,51,51,51],"damage_taken":[{"damage":0,"enemies":"Gensokyo:3_Fairies","floor":1,"turns":4},{"damage":4,"enemies":"Gensokyo:2_Kodama","floor":3,"turns":4},{"damage":19,"enemies":"Gensokyo:Cirno","floor":8,"turns":8},{"damage":3,"enemies":"Gensokyo:Python","floor":10,"turns":4},{"damage":9,"enemies":"Gensokyo:Reimu","floor":16,"turns":12},{"damage":1,"enemies":"Gensokyo:3_Dogs","floor":18,"turns":4},{"damage":5,"enemies":"Gensokyo:CosmicMonolith","floor":28,"turns":2},{"damage":8,"enemies":"Gensokyo:Koishi","floor":31,"turns":5},{"damage":22,"enemies":"Gensokyo:Eiki","floor":33,"turns":5},{"damage":12,"enemies":"Gensokyo:AncientGuardian","floor":35,"turns":4},{"damage":4,"enemies":"Gensokyo:Kasen","floor":41,"turns":2},{"damage":22,"enemies":"Gensokyo:Shinki","floor":50,"turns":5},{"damage":3,"enemies":"Malkuth","floor":51,"turns":2},{"damage":93,"enemies":"Netzach","floor":51,"turns":3},{"damage":76,"enemies":"Geburah","floor":51,"turns":6},{"damage":159,"enemies":"Binah","floor":51,"turns":7},{"damage":75,"enemies":"Angela","floor":51,"turns":7}],"seed_played":"2041918457802020685","potions_obtained":[{"floor":1,"key":"Energy Potion"},{"floor":3,"key":"Dexterity Potion"},{"floor":33,"key":"Dexterity Potion"},{"floor":35,"key":"PowerPotion"}],"is_trial":false,"path_per_floor":["M","$","M","?","?","R","$","E","T","M","COS","?","?","$","R","B",null,"M","?","?","?","?","R","?","COS","T","?","M","?","$","E","R","B",null,"M","$","?","?","?","R","E","R","T","?","?","$","$","?","R","B",null],"character_chosen":"REMILIA","items_purchased":["Darkstone Periapt","Potion Belt","REME_CardOfGreed","Regen Potion","Dexterity Potion","Fire Potion","MillenniumVampire","Letter Opener","Omamori","Orrery","REME_ArchaeologicalTools","OrangePellets","ScarletDevilRocket","DemonKingCradle","REME_GoldPotion","SkillPotion","Membership Card","Question Card","Dream Catcher","EntropicBrew","REME_HeartOfCthun","Bag of Preparation","REME_OnlineShoppingPlatform","Pen Nib","Apotheosis","VampireClaw","BloodHunter","Strange Spoon","Bottled Flame","Shuriken","Stigmanizer","REME_Flogging","Anchor","Thread and Needle","Toolbox","BombardNight"],"campfire_rested":1,"item_purchase_floors":[2,2,2,2,2,2,2,7,7,7,14,14,14,14,14,14,30,30,30,30,30,36,36,36,36,36,36,46,46,46,46,46,47,47,47,47],"current_hp_per_floor":[82,82,78,78,78,78,78,60,60,57,57,57,37,37,37,34,82,82,82,82,82,82,82,82,82,82,76,71,71,71,73,73,76,76,67,67,67,37,26,48,66,66,66,66,66,79,79,79,79,83],"gold":3033,"neow_bonus":"TEN_PERCENT_HP_BONUS","is_daily":false,"chose_seed":false,"campfire_upgraded":5,"win_rate":0.0,"timestamp":1612375899,"path_taken":["M","$","M","?","?","R","$","E","T","M","COS","?","?","?","R","BOSS","M","?","?","?","?","R","?","COS","T","?","M","?","?","E","R","BOSS","M","$","?","?","?","R","E","R","T","?","?","?","$","?","R","BOSS"],"items_purchased_type":["Relic","Relic","Relic","Potion","Potion","Potion","Card","Relic","Relic","Relic","Relic","Relic","Relic","Card","Potion","Potion","Relic","Relic","Relic","Potion","Card","Relic","Relic","Relic","Card","Card","Card","Relic","Relic","Relic","Card","Card","Relic","Relic","Relic","Card"],"build_version":"2020-12-22","purchased_purges":5,"victory":true,"max_hp_per_floor":[82,82,82,82,82,82,82,82,82,82,82,82,82,82,82,82,82,82,82,82,82,82,82,82,82,82,76,76,76,76,76,76,76,76,76,76,76,76,76,76,79,79,79,79,79,79,79,79,79,83],"card_choices":[{"not_picked":["SuperhumanBloodyKnife","EternalNight","FitfulNightmare"],"picked":"SKIP","floor":1},{"not_picked":["ScarletSymphony","NightDance","UnstableMagic"],"picked":"SKIP","floor":3},{"not_picked":["ScarletGensokyo","AfternoonTea"],"picked":"ScarletCoffin","floor":7},{"not_picked":["VampireFantasy","Septette"],"picked":"BloodAndWine","floor":7},{"not_picked":["Stigmanizer","UnstableMagic"],"picked":"DiffusionOfMisfortune","floor":7},{"not_picked":["StarOfDavid","ReincarnationDial"],"picked":"DiffusionOfMisfortune","floor":8},{"not_picked":["TwelveNightmare","UnderTheZenith","MiserableFate"],"picked":"SKIP","floor":10},{"not_picked":["BloodyHallows","BloodyCatastrophe"],"picked":"QueenOfMidnight","floor":16},{"not_picked":["UnderTheZenith"],"picked":"SKIP","floor":18},{"not_picked":[],"picked":"CharismaGuard","floor":20},{"not_picked":[],"picked":"ScarletMeister","floor":20},{"not_picked":["UnstableMagic"],"picked":"SKIP","floor":28},{"not_picked":["BlasphemousPunishment+1","ScarletImprint"],"picked":"SKIP","floor":31},{"not_picked":[],"picked":"Gensokyo:ShootingStar","floor":33},{"not_picked":["ScarletDevil+1"],"picked":"BloodHunter","floor":35},{"not_picked":["ScarletCoffin","RedMagic"],"picked":"SKIP","floor":41}],"player_experience":178965,"relics_obtained":[{"floor":1,"key":"LetterFromLob"},{"floor":8,"key":"Juzu Bracelet"},{"floor":9,"key":"Kunai"},{"floor":31,"key":"White Beast Statue"},{"floor":41,"key":"Pantograph"},{"floor":43,"key":"MealTicket"}],"event_choices":[],"is_beta":false,"boss_relics":[{"not_picked":["Black Star","Fusion Hammer"],"picked":"Busted Crown"},{"not_picked":["Runic Pyramid","Snecko Eye"],"picked":"Empty Cage"}],"items_purged_floors":[2,14,30,36,47],"is_endless":false,"potions_floor_spawned":[1,3,16,28,33,35,41,51,51,51,51,51],"ascension_level":0}}