{"host":"d52brwsy6af8zvaq","time":1612321911,"event":{"mods":["AchievementEnabler","BaseMod","Bestiary","Highlight Path","Minty Spire (QoL Compilation)","Quick Restart","Relic Stats","ojb\u0027s Better Paths Mod"],"gold_per_floor":[211,211,222,11,23,55,55,84,84,110,125,136,136,154,154,228,228,240,257,41,41,52,82,82,110,110,122,152,19,119,169,169,243,243,259,259,7,27,38,38,54,89,89,118,137,87,118,131,131,131,131,131,131,2,37,37],"floor_reached":57,"language":"ENG","playtime":6554,"items_purged":["Strike_G","Strike_G","Strike_G","Strike_G"],"score":3094,"play_id":"d09d16c7-596d-463a-b6bb-ab412595725a","local_time":"20210202201151","is_ascension_mode":true,"campfire_choices":[{"floor":7.0,"key":"REST"},{"data":"Footwork","floor":13.0,"key":"SMITH"},{"floor":15.0,"key":"REST"},{"floor":24.0,"key":"REST"},{"floor":32.0,"key":"REST"},{"floor":40.0,"key":"RECALL"},{"floor":49.0,"key":"REST"},{"data":"Adrenaline","floor":53.0,"key":"SMITH"}],"circlet_count":0,"master_deck":["AscendersBane","Defend_G","Defend_G","Defend_G","Defend_G","Defend_G","Survivor","Neutralize","Dagger Throw","Flechettes","Slice","Blade Dance","Footwork+1","Blade Dance","Escape Plan","Tools of the Trade+1","Noxious Fumes+1","Backflip","Wraith Form v2+1","Infinite Blades+1","Apotheosis+1","Cloak And Dagger","PiercingWail","Footwork+1","Accuracy+1","Adrenaline+1","Wraith Form v2+1","Footwork+1","Crippling Poison","Skewer+1","A Thousand Cuts+1","Tactician"],"relics":["Ring of the Snake","Vajra","Calipers","Pear","Dead Branch","Frozen Egg 2","SlaversCollar","Anchor","Smiling Mask","Shuriken","Gambling Chip","HornCleat","Snecko Eye","Medical Kit","Letter Opener","Molten Egg 2","Regal Pillow","Bronze Scales","Happy Flower"],"acts_visited":["Exordium","TheCity","TheBeyond","TheEnding"],"potions_floor_usage":[],"damage_taken":[{"damage":0.0,"enemies":"Small Slimes","floor":1.0,"turns":4.0},{"damage":0.0,"enemies":"Cultist","floor":3.0,"turns":3.0},{"damage":0.0,"enemies":"2 Louse","floor":5.0,"turns":2.0},{"damage":38.0,"enemies":"Lagavulin","floor":6.0,"turns":9.0},{"damage":6.0,"enemies":"3 Sentries","floor":8.0,"turns":7.0},{"damage":11.0,"enemies":"Gremlin Nob","floor":10.0,"turns":3.0},{"damage":1.0,"enemies":"Large Slime","floor":11.0,"turns":4.0},{"damage":4.0,"enemies":"3 Louse","floor":12.0,"turns":3.0},{"damage":0.0,"enemies":"Lots of Slimes","floor":14.0,"turns":3.0},{"damage":27.0,"enemies":"Slime Boss","floor":16.0,"turns":9.0},{"damage":2.0,"enemies":"Chosen","floor":18.0,"turns":5.0},{"damage":0.0,"enemies":"Shell Parasite","floor":19.0,"turns":1.0},{"damage":28.0,"enemies":"Snake Plant","floor":22.0,"turns":7.0},{"damage":9.0,"enemies":"Slavers","floor":23.0,"turns":6.0},{"damage":3.0,"enemies":"Gremlin Leader","floor":25.0,"turns":7.0},{"damage":4.0,"enemies":"Snecko","floor":27.0,"turns":6.0},{"damage":11.0,"enemies":"Slavers","floor":28.0,"turns":6.0},{"damage":4.0,"enemies":"Colosseum Slavers","floor":30.0,"turns":7.0},{"damage":9.0,"enemies":"Colosseum Nobs","floor":30.0,"turns":4.0},{"damage":5.0,"enemies":"Champ","floor":33.0,"turns":8.0},{"damage":0.0,"enemies":"3 Shapes","floor":35.0,"turns":8.0},{"damage":0.0,"enemies":"Orb Walker","floor":38.0,"turns":6.0},{"damage":0.0,"enemies":"Transient","floor":39.0,"turns":6.0},{"damage":8.0,"enemies":"Spire Growth","floor":41.0,"turns":4.0},{"damage":0.0,"enemies":"Nemesis","floor":42.0,"turns":5.0},{"damage":0.0,"enemies":"Giant Head","floor":44.0,"turns":4.0},{"damage":0.0,"enemies":"Jaw Worm Horde","floor":45.0,"turns":4.0},{"damage":0.0,"enemies":"Nemesis","floor":47.0,"turns":5.0},{"damage":3.0,"enemies":"Maw","floor":48.0,"turns":7.0},{"damage":5.0,"enemies":"Awakened One","floor":50.0,"turns":9.0},{"damage":0.0,"enemies":"Donu and Deca","floor":51.0,"turns":5.0},{"damage":0.0,"enemies":"Shield and Spear","floor":55.0,"turns":5.0},{"damage":64,"enemies":"The Heart","floor":56,"turns":8}],"seed_played":"5998806926570462670","potions_obtained":[{"floor":3.0,"key":"EssenceOfSteel"},{"floor":6.0,"key":"EntropicBrew"},{"floor":11.0,"key":"SteroidPotion"},{"floor":22.0,"key":"FearPotion"},{"floor":23.0,"key":"BlessingOfTheForge"},{"floor":28.0,"key":"BlessingOfTheForge"},{"floor":44.0,"key":"Energy Potion"}],"is_trial":false,"path_per_floor":["M","?","M","$","M","E","R","E","T","E","M","M","R","M","R","B",null,"M","M","$","?","M","E","R","E","T","M","E","$","?","?","R","B",null,"M","?","$","M","M","R","M","E","T","E","M","$","E","M","R","B","B",null,"R","$","E","B",null],"character_chosen":"THE_SILENT","items_purchased":["Vajra","Blade Dance","Apotheosis","Accuracy+1","Footwork+1","Medical Kit","Tactician"],"campfire_rested":5,"item_purchase_floors":[4,4,20,29,37,37,54],"current_hp_per_floor":[59,59,59,59,59,21,40,44,44,33,32,28,28,28,50,23,63,61,61,61,61,33,24,46,43,43,39,28,28,15,15,37,32,65,65,65,65,65,65,65,57,57,57,57,57,57,57,54,76,71,71,75,75,75,75,11],"gold":37,"neow_bonus":"HUNDRED_GOLD","is_daily":false,"chose_seed":false,"campfire_upgraded":2,"win_rate":0.0,"timestamp":1612321911,"path_taken":["M","?","M","$","M","E","R","E","T","E","M","M","R","M","R","BOSS","M","M","$","?","M","E","R","E","T","?","E","$","?","?","R","BOSS","M","?","$","M","M","R","M","E","T","E","M","$","E","M","R","BOSS","BOSS","R","$","E","BOSS"],"items_purchased_type":["Relic","Card","Card","Card","Card","Relic","Card"],"build_version":"2020-12-22","purchased_purges":4,"victory":true,"max_hp_per_floor":[66,66,66,66,66,66,66,76,76,76,76,76,76,76,76,76,76,76,76,76,76,76,76,76,76,76,76,76,76,76,76,76,76,76,76,76,76,76,76,76,76,76,76,76,76,76,76,76,76,76,76,76,76,76,76,76],"relic_stats":{"Regal Pillow":0,"Happy Flower":[2],"counters":[33,180],"Dead Branch":[436],"Letter Opener":[146],"Smiling Mask":250,"Medical Kit":[6],"Shuriken":[75],"Gambling Chip":[63],"Bronze Scales":[184],"Snecko Eye":[184,178,165,172],"obtain_stats":[{"Regal Pillow":44,"Calipers":6,"Pear":8,"Happy Flower":55,"Dead Branch":9,"Vajra":4,"Letter Opener":42,"Frozen Egg 2":10,"Smiling Mask":25,"Medical Kit":37,"SlaversCollar":17,"Anchor":23,"HornCleat":30,"Shuriken":28,"Gambling Chip":30,"Bronze Scales":47,"Snecko Eye":34,"Molten Egg 2":43,"Ring of the Snake":0},{"Regal Pillow":26,"Calipers":4,"Pear":5,"Happy Flower":32,"Dead Branch":5,"Vajra":2,"Letter Opener":25,"Frozen Egg 2":6,"Smiling Mask":15,"Medical Kit":21,"SlaversCollar":10,"Anchor":14,"HornCleat":19,"Shuriken":17,"Gambling Chip":19,"Bronze Scales":28,"Snecko Eye":20,"Molten Egg 2":25,"Ring of the Snake":0},{"Regal Pillow":137,"Calipers":18,"Pear":25,"Happy Flower":172,"Dead Branch":25,"Vajra":7,"Letter Opener":133,"Frozen Egg 2":28,"Smiling Mask":73,"Medical Kit":112,"SlaversCollar":47,"Anchor":66,"HornCleat":96,"Shuriken":85,"Gambling Chip":96,"Bronze Scales":146,"Snecko Eye":104,"Molten Egg 2":133,"Ring of the Snake":0}],"Ring of the Snake":[66]},"card_choices":[{"not_picked":["Acrobatics","Bane"],"picked":"Dagger Throw","floor":1.0},{"not_picked":["Backstab","Concentrate"],"picked":"Slice","floor":3.0},{"not_picked":["Quick Slash","Deflect"],"picked":"Footwork","floor":5.0},{"not_picked":["Prepared","Quick Slash"],"picked":"Blade Dance","floor":6.0},{"not_picked":["Underhanded Strike","Setup"],"picked":"Escape Plan","floor":8.0},{"not_picked":["Finisher","Backstab"],"picked":"Tools of the Trade+1","floor":10.0},{"not_picked":["Backflip","Footwork+1"],"picked":"Noxious Fumes+1","floor":11.0},{"not_picked":["Eviscerate","Dagger Throw"],"picked":"Backflip","floor":12.0},{"not_picked":["Outmaneuver","Grand Finale","Concentrate"],"picked":"SKIP","floor":14.0},{"not_picked":["Corpse Explosion","Phantasmal Killer"],"picked":"Wraith Form v2+1","floor":16.0},{"not_picked":["Setup","Dagger Throw","Acrobatics"],"picked":"SKIP","floor":18.0},{"not_picked":["Slice","Flying Knee"],"picked":"Infinite Blades+1","floor":19.0},{"not_picked":["Deadly Poison","Cloak And Dagger","Underhanded Strike"],"picked":"SKIP","floor":22.0},{"not_picked":["Acrobatics","Cloak And Dagger","Storm of Steel"],"picked":"SKIP","floor":23.0},{"not_picked":["Acrobatics","Storm of Steel"],"picked":"Cloak And Dagger","floor":23.0},{"not_picked":["Deflect","Dagger Throw"],"picked":"PiercingWail","floor":25.0},{"not_picked":["Blade Dance","Underhanded Strike","Bane+1"],"picked":"SKIP","floor":27.0},{"not_picked":["Slice","Backflip"],"picked":"Footwork+1","floor":28.0},{"not_picked":["Corpse Explosion","Bullet Time"],"picked":"Adrenaline","floor":33.0},{"not_picked":["Distraction+1","Quick Slash","Masterful Stab"],"picked":"SKIP","floor":35.0},{"not_picked":["Cloak And Dagger","Riddle With Holes"],"picked":"Crippling Poison","floor":38.0},{"not_picked":["Endless Agony","Skewer","Blade Dance+1"],"picked":"SKIP","floor":39.0},{"not_picked":["Acrobatics+1","Footwork+1","Riddle With Holes+1"],"picked":"SKIP","floor":41.0},{"not_picked":["Deflect","Unload","Quick Slash+1"],"picked":"SKIP","floor":42.0},{"not_picked":["Heel Hook+1","Escape Plan"],"picked":"Skewer+1","floor":44.0},{"not_picked":["Distraction","Escape Plan","Backflip"],"picked":"SKIP","floor":45.0},{"not_picked":["PiercingWail","Deflect"],"picked":"A Thousand Cuts+1","floor":47.0},{"not_picked":["Cloak And Dagger","Slice+1","Predator+1"],"picked":"SKIP","floor":48.0},{"not_picked":["Escape Plan+1","Venomology","Blur"],"picked":"SKIP","floor":55.0}],"player_experience":2135306,"relics_obtained":[{"floor":6.0,"key":"Calipers"},{"floor":8.0,"key":"Pear"},{"floor":9.0,"key":"Dead Branch"},{"floor":10.0,"key":"Frozen Egg 2"},{"floor":23.0,"key":"Anchor"},{"floor":25.0,"key":"Smiling Mask"},{"floor":28.0,"key":"Shuriken"},{"floor":30.0,"key":"Gambling Chip"},{"floor":30.0,"key":"HornCleat"},{"floor":42.0,"key":"Letter Opener"},{"floor":43.0,"key":"Molten Egg 2"},{"floor":44.0,"key":"Regal Pillow"},{"floor":47.0,"key":"Bronze Scales"},{"floor":55.0,"key":"Happy Flower"}],"event_choices":[{"damage_healed":0.0,"max_hp_gain":0.0,"max_hp_loss":0.0,"gold_gain":0.0,"cards_transformed":["Strike_G"],"event_name":"Living Wall","player_choice":"Change","floor":2.0,"gold_loss":0.0,"damage_taken":0.0,"cards_obtained":["Flechettes"]},{"damage_healed":0.0,"max_hp_gain":0.0,"max_hp_loss":0.0,"gold_gain":0.0,"event_name":"Upgrade Shrine","player_choice":"Upgraded","floor":21.0,"gold_loss":0.0,"damage_taken":0.0,"cards_upgraded":["Apotheosis"]},{"damage_healed":0.0,"max_hp_gain":0.0,"max_hp_loss":0.0,"gold_gain":0.0,"event_name":"Colosseum","player_choice":"Fight","floor":30.0,"gold_loss":0.0,"damage_taken":0.0},{"damage_healed":0.0,"max_hp_gain":0.0,"max_hp_loss":0.0,"gold_gain":0.0,"event_name":"Colosseum","player_choice":"Fought Nobs","floor":30.0,"gold_loss":0.0,"damage_taken":0.0},{"damage_healed":0.0,"max_hp_gain":0.0,"max_hp_loss":0.0,"gold_gain":50.0,"event_name":"Nest","player_choice":"Stole From Cult","floor":31.0,"gold_loss":0.0,"damage_taken":0.0},{"damage_healed":0.0,"max_hp_gain":0.0,"max_hp_loss":0.0,"gold_gain":0.0,"event_name":"Duplicator","player_choice":"Copied","floor":36.0,"gold_loss":0.0,"damage_taken":0.0,"cards_obtained":["Wraith Form v2"]}],"is_beta":false,"boss_relics":[{"not_picked":["Fusion Hammer","SacredBark"],"picked":"SlaversCollar"},{"not_picked":["Velvet Choker","Runic Dome"],"picked":"Snecko Eye"}],"items_purged_floors":[29,37,46,54],"is_endless":false,"potions_floor_spawned":[3,6,8,11,22,23,28,30,33,39,44],"ascension_level":20}}