{"host":"fl6c84p0pqwjbhud","time":1612358592,"event":{"mods":["AchievementEnabler","BaseMod","Better Altar","Better Match","Better Note","Better Sensory Stone","Better Skull","Better Third Choice","Better Vampires","Better-Laid Plans","Colored Map","Defuse TimeMaze Blight","Displayed Cursed Tome","Energized Spire","Highlight Path","Minty Spire (QoL Compilation)","Permanent Neow","Quick Restart","Relic Sorter","StSLib","Synergy Search","Transform Curses"],"gold_per_floor":[118,118,118,136,155,155,165,25,25,25,25,25,25,25,25,127,127,143,143,143,163,177,177,177,190,216,22,22,22,82,82,82,188,215,232,300,317,367,0,0,50,50,50,100,119,44,106,123,123,123],"floor_reached":51,"language":"ENG","playtime":2333,"items_purged":["CutThroughFate+1"],"score":708,"play_id":"738957e8-9af3-4088-aefd-9a89e819a8ce","local_time":"20210203142312","daily_mods":["Draft","Specialized","Vintage","Allstar","Diverse","Heirloom"],"is_ascension_mode":false,"campfire_choices":[{"data":"Fire Breathing","floor":6,"key":"SMITH"},{"data":"Inflame","floor":12,"key":"SMITH"},{"data":"Distraction","floor":15,"key":"SMITH"},{"floor":23,"key":"REST"},{"floor":29,"key":"REST"},{"data":"Twin Strike","floor":32,"key":"SMITH"},{"data":"Chill","floor":40,"key":"SMITH"},{"data":"Sword Boomerang","floor":42,"key":"SMITH"},{"data":"Deadly Poison","floor":49,"key":"SMITH"}],"circlet_count":0,"master_deck":["Acrobatics+1","Distraction+1","Sword Boomerang+1","Barrage","Twin Strike+1","Iron Wave","Inflame+1","Fire Breathing+1","Deadly Poison+1","Consecrate+1","ThirdEye","WreathOfFlame+1","Chill+1","Endless Agony","EmptyFist+1","Consecrate+1","Juggernaut","Shrug It Off+1","MentalFortress+1","Offering+1","Good Instincts","Blind"],"relics":["Unceasing Top","Gremlin Horn","WristBlade","PreservedInsect","Incense Burner","Bloody Idol","Ornamental Fan","Dream Catcher","Bag of Marbles","Bag of Preparation","Whetstone","Pen Nib","Cauldron","SsserpentHead","CeramicFish","Astrolabe","Regal Pillow","Red Mask","Shuriken","Molten Egg 2","Toxic Egg 2","TungstenRod","HornCleat","Nunchaku","Kunai","MealTicket","Gambling Chip","War Paint","Pocketwatch"],"acts_visited":["Exordium","TheCity","TheBeyond"],"potions_floor_usage":[16,16,25,25,33,33,33,48,50,50],"damage_taken":[{"damage":14.0,"enemies":"2 Louse","floor":1.0,"turns":4.0},{"damage":0,"enemies":"Cultist","floor":4,"turns":4},{"damage":3,"enemies":"Jaw Worm","floor":5,"turns":3},{"damage":0,"enemies":"Exordium Thugs","floor":7,"turns":4},{"damage":25,"enemies":"The Guardian","floor":16,"turns":6},{"damage":13,"enemies":"Spheric Guardian","floor":18,"turns":6},{"damage":0,"enemies":"3 Byrds","floor":21,"turns":4},{"damage":17,"enemies":"Snake Plant","floor":22,"turns":5},{"damage":0,"enemies":"Cultist and Chosen","floor":25,"turns":3},{"damage":0,"enemies":"Centurion and Healer","floor":30,"turns":3},{"damage":45,"enemies":"Champ","floor":33,"turns":8},{"damage":5,"enemies":"Orb Walker","floor":35,"turns":2},{"damage":8,"enemies":"3 Shapes","floor":37,"turns":2},{"damage":3,"enemies":"Jaw Worm Horde","floor":45,"turns":2},{"damage":0,"enemies":"Sphere and 2 Shapes","floor":47,"turns":1},{"damage":6,"enemies":"Maw","floor":48,"turns":5},{"damage":36,"enemies":"Donu and Deca","floor":50,"turns":6}],"seed_played":"7779797525165344748","potions_obtained":[{"floor":4,"key":"Energy Potion"},{"floor":7,"key":"DuplicationPotion"},{"floor":16,"key":"SteroidPotion"},{"floor":18,"key":"AttackPotion"},{"floor":22,"key":"SpeedPotion"},{"floor":25,"key":"Ancient Potion"},{"floor":27,"key":"EssenceOfSteel"},{"floor":27,"key":"SkillPotion"},{"floor":27,"key":"SkillPotion"},{"floor":30,"key":"LiquidMemories"},{"floor":35,"key":"Energy Potion"},{"floor":37,"key":"Block Potion"},{"floor":47,"key":"Explosive Potion"}],"is_trial":true,"path_per_floor":["M","?","?","M","M","R","M","$","T","$","?","R","$","T","R","B",null,"M","?","?","M","M","R","?","M","T","$","?","R","M","$","R","B",null,"M","?","M","?","?","R","?","R","T","?","M","$","M","M","R","B",null],"character_chosen":"THE_SILENT","items_purchased":["ColorlessPotion","SkillPotion","Endless Agony","Cauldron","BlessingOfTheForge"],"campfire_rested":2,"item_purchase_floors":[8,8,8,27,27],"current_hp_per_floor":[56,50,70,70,67,67,67,70,70,70,70,70,70,70,70,45,70,57,57,23,28,16,37,7,12,17,32,32,53,63,70,70,35,70,70,70,67,66,66,66,66,66,66,76,76,76,76,75,75,39],"gold":123,"neow_bonus":"","is_daily":false,"chose_seed":false,"campfire_upgraded":7,"win_rate":0.0,"timestamp":1612358592,"path_taken":["M","?","?","M","?","R","M","$","T","$","?","R","?","?","R","BOSS","M","?","?","?","M","R","?","?","T","$","?","R","?","$","R","BOSS","M","?","M","?","?","R","?","R","T","?","M","$","?","M","R","BOSS"],"items_purchased_type":["Potion","Potion","Card","Relic","Potion"],"build_version":"2020-12-22","purchased_purges":1,"victory":true,"max_hp_per_floor":[70,70,70,70,70,70,70,70,70,70,70,70,70,70,70,70,70,70,70,70,70,70,70,70,70,70,70,70,70,70,70,70,70,70,70,70,70,66,66,66,66,66,66,76,76,76,76,76,76,76],"card_choices":[{"not_picked":["Pommel Strike","Outmaneuver"],"picked":"Acrobatics","floor":0.0},{"not_picked":["Skim","Dual Wield"],"picked":"Distraction","floor":0.0},{"not_picked":["Warcry","Sunder"],"picked":"Sword Boomerang","floor":0.0},{"not_picked":["Vengeance","Collect"],"picked":"Barrage","floor":0.0},{"not_picked":["Backflip","Quick Slash"],"picked":"Twin Strike","floor":0.0},{"not_picked":["Melter","Heavy Blade"],"picked":"Iron Wave","floor":0.0},{"not_picked":["Fasting2","Dash"],"picked":"Inflame","floor":0.0},{"not_picked":["Perfected Strike","Underhanded Strike"],"picked":"Fire Breathing","floor":0.0},{"not_picked":["Streamline","Capacitor"],"picked":"Deadly Poison","floor":0.0},{"not_picked":["Blade Dance","Go for the Eyes"],"picked":"Consecrate","floor":0.0},{"not_picked":["Body Slam","Recycle"],"picked":"ThirdEye","floor":0.0},{"not_picked":["Outmaneuver","CrushJoints"],"picked":"WreathOfFlame","floor":0.0},{"not_picked":["Protect","Rupture"],"picked":"CutThroughFate","floor":0.0},{"not_picked":["Halt","BattleHymn"],"picked":"Chill","floor":0.0},{"not_picked":["Ghostly Armor","Body Slam"],"picked":"Auto Shields","floor":0.0},{"not_picked":["Dagger Throw+1","Reinforced Body+1"],"picked":"EmptyFist+1","floor":23},{"not_picked":["Rebound+1","CarveReality+1"],"picked":"Consecrate+1","floor":29},{"not_picked":["Fission","Exhume"],"picked":"Juggernaut","floor":33},{"not_picked":["Transmutation","PanicButton"],"picked":"Good Instincts","floor":36},{"not_picked":["Panacea","Transmutation"],"picked":"Blind","floor":36}],"player_experience":476932,"relics_obtained":[{"floor":1,"key":"HornCleat"},{"floor":4,"key":"Nunchaku"},{"floor":5,"key":"Kunai"},{"floor":7,"key":"MealTicket"},{"floor":9,"key":"Molten Egg 2"},{"floor":14,"key":"Gremlin Horn"},{"floor":18,"key":"PreservedInsect"},{"floor":21,"key":"Ornamental Fan"},{"floor":22,"key":"Dream Catcher"},{"floor":25,"key":"Whetstone"},{"floor":26,"key":"Pen Nib"},{"floor":30,"key":"CeramicFish"},{"floor":35,"key":"Regal Pillow"},{"floor":37,"key":"Shuriken"},{"floor":43,"key":"Toxic Egg 2"},{"floor":45,"key":"Incense Burner"},{"floor":47,"key":"War Paint"},{"floor":48,"key":"Pocketwatch"}],"event_choices":[{"cards_removed":["Burst"],"damage_healed":0,"gold_gain":0,"player_choice":"Card Removal","damage_taken":7,"max_hp_gain":0,"max_hp_loss":0,"event_name":"Golden Wing","floor":2,"gold_loss":0},{"damage_healed":20,"gold_gain":0,"player_choice":"Full Heal","damage_taken":0,"max_hp_gain":0,"max_hp_loss":0,"event_name":"Wheel of Change","floor":3,"gold_loss":0},{"cards_removed":["Burst"],"damage_healed":0,"gold_gain":0,"player_choice":"Give","damage_taken":0,"max_hp_gain":0,"max_hp_loss":0,"event_name":"betterNote:BetterNote","floor":11,"gold_loss":0,"cards_obtained":["Bullet Time"]},{"damage_healed":0,"gold_gain":0,"player_choice":"Opened","damage_taken":0,"relics_obtained":["Gambling Chip"],"max_hp_gain":0,"max_hp_loss":0,"event_name":"The Mausoleum","floor":19,"gold_loss":0},{"damage_healed":0,"gold_gain":0,"player_choice":" Idol ","damage_taken":35,"relics_obtained":["Bloody Idol"],"max_hp_gain":57,"max_hp_loss":23,"event_name":"betterAltar:BetterAltar","floor":20,"potions_obtained":[],"relics_lost":[],"gold_loss":0},{"damage_healed":0,"gold_gain":0,"player_choice":"RE RE ","damage_taken":37,"relics_obtained":["Bag of Marbles","Bag of Preparation"],"max_hp_gain":0,"max_hp_loss":0,"event_name":"betterSkull:BetterSkull","floor":24,"gold_loss":0,"cards_upgraded":[]},{"damage_healed":0,"gold_gain":0,"player_choice":"Trade","damage_taken":0,"relics_obtained":["SsserpentHead"],"max_hp_gain":0,"max_hp_loss":0,"event_name":"FaceTrader","floor":28,"gold_loss":0},{"damage_healed":0,"gold_gain":3,"player_choice":"1","damage_taken":0,"max_hp_gain":0,"max_hp_loss":0,"event_name":"betterStone:BetterStone","floor":36,"gold_loss":0},{"damage_healed":0,"gold_gain":0,"player_choice":"Max HP","damage_taken":0,"max_hp_gain":0,"max_hp_loss":4,"event_name":"Winding Halls","floor":38,"gold_loss":0},{"damage_healed":0,"gold_gain":0,"player_choice":"Paid","damage_taken":0,"relics_obtained":["Red Mask"],"max_hp_gain":0,"max_hp_loss":0,"event_name":"Tomb of Lord Red Mask","floor":39,"gold_loss":417},{"cards_removed":["Auto Shields"],"damage_healed":0,"gold_gain":0,"player_choice":"Removed Skill","damage_taken":0,"max_hp_gain":0,"max_hp_loss":0,"event_name":"Falling","floor":41,"gold_loss":0},{"cards_removed":["Burst"],"damage_healed":0,"gold_gain":0,"player_choice":"Offered Rare","damage_taken":0,"max_hp_gain":10,"max_hp_loss":0,"event_name":"Bonfire Elementals","floor":44,"gold_loss":0}],"is_beta":false,"boss_relics":[{"not_picked":["Snecko Eye","energizedSpire:OgreHead"],"picked":"WristBlade"},{"not_picked":["energizedSpire:HighHeels","Runic Dome"],"picked":"Astrolabe"}],"items_purged_floors":[46],"is_endless":false,"potions_floor_spawned":[4,7,16,18,22,25,30,35,37,47],"ascension_level":0}}