{"host":"btk6hapgokl8j5e3","time":1612380531,"event":{"mods":["Act Like it!","BaseMod","BetterRewards","Colored Powertips","Friendly Minions","GifTheSpireLib","Gremlin Mod","Jorbs\u0027s Wanderer Trilogy","Minty Spire (QoL Compilation)","Prisma Mod","StSLib","The Necromancer"],"gold_per_floor":[11,28,28,28,28,28,53,67,67,67,82,96,96,131,131,227,227,238,238,258,183,193,224,224,242,242,142,170,202,228,252,264,381,393,434,446,468,480,502,550,139,150,150,150,166,16,45,65,65,65,65],"floor_reached":50,"language":"ENG","playtime":3871,"items_purged":["Gremlin:Strike","Gremlin:TagTeam","Gremlin:Strike+1","Gremlin:CatScratch"],"score":581,"play_id":"9161113d-4ce2-48a6-af5b-97df20c50cff","local_time":"20210203202851","is_ascension_mode":false,"campfire_choices":[{"data":"Gremlin:Rhythm","floor":6,"key":"SMITH"},{"data":"Gremlin:Duplicate","floor":10,"key":"SMITH"},{"data":"Gremlin:Pinprick","floor":13,"key":"SMITH"},{"data":"Gremlin:Erupt","floor":15,"key":"SMITH"},{"floor":32,"key":"RECALL"}],"circlet_count":0,"master_deck":["Gremlin:Strike+1","Gremlin:Defend","Gremlin:Defend","Gremlin:GremlinDance","Gremlin:CounterStrike","Gremlin:Rhythm+1","Gremlin:Duplicate+1","Gremlin:Pinprick+1","Gremlin:Erupt+1","Gremlin:CongaLine+1","Gremlin:CatScratch+1","Gremlin:GremlinMeal","CurseOfTheBell","Gremlin:BubbleBarrier+1","Gremlin:FollowThrough+1","Gremlin:BubbleBarrier+1"],"relics":["Gremlin:GremlinKnob","Darkstone Periapt","Ornamental Fan","StrikeDummy","Black Star","Blood Vial","Question Card","Pen Nib","MawBank","Calling Bell","CeramicFish","Pear","Pocketwatch","FossilizedHelix","Ancient Tea Set","Lee\u0027s Waffle","Strawberry","MealTicket","Blue Candle","Frozen Egg 2"],"acts_visited":["Exordium","TheCity","TheBeyond"],"potions_floor_usage":[14,33,39,40,40,40,42,42,42],"damage_taken":[{"damage":6,"enemies":"Cultist","floor":1,"turns":3},{"damage":0,"enemies":"Jaw Worm","floor":2,"turns":2},{"damage":9,"enemies":"Gremlin Nob","floor":7,"turns":3},{"damage":0,"enemies":"2 Louse","floor":8,"turns":1},{"damage":0,"enemies":"2 Fungi Beasts","floor":11,"turns":2},{"damage":0,"enemies":"Large Slime","floor":12,"turns":2},{"damage":0,"enemies":"3 Sentries","floor":14,"turns":6},{"damage":42,"enemies":"The Guardian","floor":16,"turns":8},{"damage":6,"enemies":"Chosen","floor":18,"turns":3},{"damage":0,"enemies":"3 Byrds","floor":20,"turns":3},{"damage":0,"enemies":"Sentry and Sphere","floor":22,"turns":3},{"damage":11,"enemies":"Gremlin Leader","floor":23,"turns":4},{"damage":2,"enemies":"3 Cultists","floor":25,"turns":3},{"damage":5,"enemies":"Book of Stabbing","floor":28,"turns":3},{"damage":3,"enemies":"Centurion and Healer","floor":29,"turns":3},{"damage":7,"enemies":"Shelled Parasite and Fungi","floor":30,"turns":3},{"damage":0,"enemies":"Snecko","floor":31,"turns":3},{"damage":13,"enemies":"Champ","floor":33,"turns":6},{"damage":29,"enemies":"3 Shapes","floor":35,"turns":3},{"damage":0,"enemies":"3 Darklings","floor":37,"turns":2},{"damage":1,"enemies":"Transient","floor":39,"turns":5},{"damage":40,"enemies":"Nemesis","floor":40,"turns":5},{"damage":0,"enemies":"4 Shapes","floor":42,"turns":5},{"damage":0,"enemies":"Jaw Worm Horde","floor":45,"turns":1},{"damage":46,"enemies":"Giant Head","floor":47,"turns":8},{"damage":0,"enemies":"Sphere and 2 Shapes","floor":48,"turns":3},{"damage":88,"enemies":"Time Eater","floor":50,"turns":8}],"seed_played":"-682478515297711326","potions_obtained":[{"floor":7,"key":"Block Potion"},{"floor":12,"key":"LiquidMemories"},{"floor":16,"key":"Ancient Potion"},{"floor":23,"key":"LiquidMemories"},{"floor":29,"key":"DistilledChaos"},{"floor":31,"key":"Regen Potion"},{"floor":33,"key":"Block Potion"},{"floor":40,"key":"EntropicBrew"}],"is_trial":false,"path_per_floor":["M","M","?","?","?","R","E","M","T","R","M","M","R","E","R","B",null,"M","?","M","$","M","E","R","M","T","$","E","M","M","M","R","B",null,"M","?","M","?","M","E","$","M","T","R","M","$","E","M","R","B"],"character_chosen":"GREMLIN","items_purchased":["Lee\u0027s Waffle","Strawberry"],"campfire_rested":0,"item_purchase_floors":[41,41],"current_hp_per_floor":[14,14,10,10,8,8,9,18,18,18,8,18,18,18,18,12,20,14,14,20,20,14,14,14,17,17,17,19,16,11,17,17,9,23,18,18,12,12,21,20,27,13,13,13,26,26,13,7,7,0,0],"gold":65,"neow_bonus":"REMOVE_TWO","is_daily":false,"chose_seed":false,"campfire_upgraded":4,"win_rate":0.0,"timestamp":1612380531,"path_taken":["M","?","?","?","?","R","E","M","T","R","M","M","R","E","R","BOSS","M","?","?","$","M","E","R","M","T","$","E","M","M","M","R","BOSS","M","?","M","?","?","E","$","M","T","R","M","$","E","M","R","BOSS"],"items_purchased_type":["Relic","Relic"],"build_version":"2020-12-22","purchased_purges":4,"victory":false,"max_hp_per_floor":[20,20,20,20,20,20,20,20,20,20,20,20,20,20,20,20,20,20,20,20,20,20,20,19,19,19,19,19,19,19,19,19,19,23,23,23,23,23,23,23,27,27,27,26,26,26,26,26,25,25,25],"card_choices":[{"not_picked":["Gremlin:GremlinArms","Gremlin:ToeStub"],"picked":"Gremlin:CounterStrike","floor":1},{"not_picked":["Gremlin:GremlinMeal","Gremlin:Tadah"],"picked":"Gremlin:Rhythm","floor":2},{"not_picked":["Gremlin:Astound","Gremlin:Pickpocket"],"picked":"Gremlin:Duplicate","floor":7},{"not_picked":["Gremlin:BulkUp","Gremlin:Irritability"],"picked":"Gremlin:Pinprick","floor":8},{"not_picked":["Gremlin:DaggerDance","Gremlin:TwistTheKnife","Gremlin:Tadah"],"picked":"SKIP","floor":11},{"not_picked":["Gremlin:Irritability","Gremlin:GlitterGuard","Gremlin:BubbleBarrier"],"picked":"SKIP","floor":12},{"not_picked":["Gremlin:Tricksy","Gremlin:PourSalt"],"picked":"Gremlin:Erupt","floor":14},{"not_picked":["Gremlin:FlipOut","Gremlin:ShadowShiv"],"picked":"Gremlin:CongaLine","floor":16},{"not_picked":["Gremlin:Presto","Gremlin:Pretaliation+1","Gremlin:GremlinArms"],"picked":"SKIP","floor":18},{"not_picked":["Gremlin:Glimmer","Gremlin:BulkUp+1","Gremlin:Presto"],"picked":"SKIP","floor":20},{"not_picked":["Gremlin:ToeStub","Gremlin:Pinprick+1","Gremlin:BulkUp+1"],"picked":"SKIP","floor":22},{"not_picked":["Gremlin:Kablamo","Gremlin:FeelTheAudience"],"picked":"Gremlin:CatScratch+1","floor":23},{"not_picked":["Gremlin:Pretaliation","Gremlin:Encore","Gremlin:ToeStub","Gremlin:Presto"],"picked":"SKIP","floor":25},{"not_picked":["Gremlin:ToeStub","Gremlin:PinNeedle","Gremlin:Raid"],"picked":"Gremlin:GremlinMeal","floor":28},{"not_picked":["Gremlin:InfiniteBlocks","Gremlin:GlitterGuard","Gremlin:TwistTheKnife"],"picked":"Gremlin:CatScratch","floor":29},{"not_picked":["Gremlin:Irritability+1","Gremlin:FollowThrough","Gremlin:ShankStone","Gremlin:GremlinArms"],"picked":"SKIP","floor":30},{"not_picked":["Gremlin:ProperTools","Gremlin:Pretaliation+1","Gremlin:Pickpocket+1","Gremlin:ShowStopper"],"picked":"SKIP","floor":31},{"not_picked":["Gremlin:ShadowShiv","Gremlin:BrokenShin","Gremlin:Encore"],"picked":"Gremlin:TargetWeakness","floor":33},{"not_picked":["Gremlin:Changeo+1","Gremlin:ToeStub","Gremlin:BulkUp+1"],"picked":"Gremlin:BubbleBarrier+1","floor":35},{"not_picked":["Gremlin:Wizardry+1","Gremlin:Irritability","Gremlin:Unforgiving","Gremlin:Whiz+1"],"picked":"SKIP","floor":37},{"not_picked":["Gremlin:GremlinMeal+1","Gremlin:MakeshiftArmor+1","Gremlin:Tadah+1","Gremlin:GremlinArms"],"picked":"SKIP","floor":39},{"not_picked":["Gremlin:Enthusiasm+1","Gremlin:Kablamo+1","Gremlin:Pretaliation+1"],"picked":"Gremlin:FollowThrough+1","floor":40},{"not_picked":["Gremlin:ProperTools","Gremlin:Presto","Gremlin:InfiniteBlocks","Gremlin:Jeer"],"picked":"SKIP","floor":42},{"not_picked":["Gremlin:DaggerDance+1","Gremlin:PartyStick+1","Gremlin:Rhythm","Gremlin:PinNeedle+1"],"picked":"SKIP","floor":45},{"not_picked":["Gremlin:EdibleArmor","Gremlin:Presto+1","Gremlin:GremlinOffensive","Gremlin:BurlyBlow+1"],"picked":"SKIP","floor":47},{"not_picked":["Gremlin:MakeshiftArmor+1","Gremlin:Pinprick+1","Gremlin:EdibleArmor"],"picked":"Gremlin:BubbleBarrier+1","floor":48}],"player_experience":211804,"relics_obtained":[{"floor":7,"key":"Darkstone Periapt"},{"floor":9,"key":"Ornamental Fan"},{"floor":14,"key":"StrikeDummy"},{"floor":23,"key":"Blood Vial"},{"floor":23,"key":"Question Card"},{"floor":28,"key":"Pen Nib"},{"floor":28,"key":"MawBank"},{"floor":34,"key":"CeramicFish"},{"floor":34,"key":"Pear"},{"floor":34,"key":"Pocketwatch"},{"floor":40,"key":"FossilizedHelix"},{"floor":40,"key":"Ancient Tea Set"},{"floor":43,"key":"MealTicket"},{"floor":47,"key":"Blue Candle"},{"floor":47,"key":"Frozen Egg 2"}],"event_choices":[{"damage_healed":0,"gold_gain":0,"player_choice":"Entered Light","damage_taken":4,"max_hp_gain":0,"max_hp_loss":0,"event_name":"Shining Light","floor":3,"gold_loss":0,"cards_upgraded":["Gremlin:Strike","Gremlin:Strike"]},{"damage_healed":0,"gold_gain":0,"player_choice":"Ignored","damage_taken":0,"max_hp_gain":0,"max_hp_loss":0,"event_name":"Liars Game","floor":4,"gold_loss":0},{"cards_removed":["Gremlin:Defend"],"damage_healed":0,"gold_gain":0,"player_choice":"Card Removal","damage_taken":2,"max_hp_gain":0,"max_hp_loss":0,"event_name":"Golden Wing","floor":5,"gold_loss":0},{"damage_healed":0,"gold_gain":0,"player_choice":"Upgraded","damage_taken":0,"max_hp_gain":0,"max_hp_loss":0,"event_name":"Upgrade Shrine","floor":19,"gold_loss":0,"cards_upgraded":["Gremlin:CongaLine"]},{"cards_removed":["Gremlin:TargetWeakness"],"damage_healed":0,"gold_gain":0,"player_choice":"Removed Power","damage_taken":0,"max_hp_gain":0,"max_hp_loss":0,"event_name":"Falling","floor":36,"gold_loss":0},{"damage_healed":0,"gold_gain":0,"player_choice":"Got Potions","damage_taken":0,"max_hp_gain":0,"max_hp_loss":0,"event_name":"Lab","floor":38,"gold_loss":0}],"is_beta":false,"boss_relics":[{"not_picked":["Runic Pyramid","Tiny House"],"picked":"Black Star"},{"not_picked":["Astrolabe","Pandora\u0027s Box"],"picked":"Calling Bell"}],"items_purged_floors":[21,27,41,46],"is_endless":false,"potions_floor_spawned":[7,12,16,23,29,31,33,37,40],"killed_by":"Time Eater","ascension_level":0}}