{"host":"9mz6x6ekz95y53i5","time":1612359872,"event":{"mods":["AchievementEnabler","BaseMod","Downfall","Energized Spire","Minty Spire (QoL Compilation)","Reliquary","Replay The Spire","Spicy Shops","StSLib","The Bug Knight","UnlockEverythingMod","¡¾ÒÅÎï¿¨ÅÆ¡¿REMEMod"],"gold_per_floor":[114,39,56,56,56,56,90,100,100,114,126,126,144,159,159,236,236,251,267,285,297,309,327,60,92,92,92,92],"floor_reached":27,"language":"ZHS","playtime":2072,"items_purged":["Strike_G"],"score":532,"play_id":"fc16cabf-e80b-417a-888c-0ac5870416ee","local_time":"20210203214432","is_ascension_mode":true,"campfire_choices":[{"data":"HollowMod:SlysStrikes","floor":6.0,"key":"SMITH"},{"data":"Infinite Blades","floor":12.0,"key":"SMITH"},{"floor":15.0,"key":"REST"}],"circlet_count":0,"master_deck":["AscendersBane","Strike_G","Strike_G","Strike_G","Strike_G","Defend_G+1","Defend_G","Defend_G","Defend_G","Survivor","Neutralize+1","HollowMod:SlysStrikes+1","Tactician","Calculated Gamble","Underhanded Strike","Backflip","Infinite Blades+1","Dagger Throw","Die Die Die","CurseOfTheBell","Blade Dance","Well Laid Plans","Prepared","Tactician","Tactician","PiercingWail","REME_GreenPollution","Backflip","REME_GreenPollution+1"],"relics":["Ring of the Snake","REME_ComplimentaryCards","NeowsBlessing","REME_PuzzleBoxRelic","Kunai","Calling Bell","Oddly Smooth Stone","Pear","Bird Faced Urn","reliquary:FerryPass","The Courier"],"acts_visited":["Exordium","TheCity"],"potions_floor_usage":[27],"damage_taken":[{"damage":0.0,"enemies":"2 Louse","floor":1.0,"turns":2.0},{"damage":0.0,"enemies":"Jaw Worm","floor":3.0,"turns":1.0},{"damage":0.0,"enemies":"Lagavulin","floor":7.0,"turns":1.0},{"damage":0.0,"enemies":"Cultist","floor":8.0,"turns":3.0},{"damage":0.0,"enemies":"Exordium Thugs","floor":10.0,"turns":3.0},{"damage":9.0,"enemies":"Blue Slaver","floor":11.0,"turns":3.0},{"damage":21.0,"enemies":"Exordium Wildlife","floor":13.0,"turns":4.0},{"damage":20.0,"enemies":"2 Fungi Beasts","floor":14.0,"turns":5.0},{"damage":37.0,"enemies":"Fading Forest","floor":16.0,"turns":13.0},{"damage":0.0,"enemies":"3 Byrds","floor":18.0,"turns":4.0},{"damage":7.0,"enemies":"2 Thieves","floor":19.0,"turns":3.0},{"damage":5.0,"enemies":"3 Cultists","floor":20.0,"turns":5.0},{"damage":45.0,"enemies":"Chosen and Byrds","floor":21.0,"turns":7.0},{"damage":10.0,"enemies":"Centurion and Healer","floor":22.0,"turns":3.0},{"damage":33.0,"enemies":"Shelled Parasite and Fungi","floor":23.0,"turns":6.0},{"damage":28.0,"enemies":"Gremlin Leader","floor":25.0,"turns":9.0},{"damage":17,"enemies":"3 Cultists","floor":27,"turns":3}],"seed_played":"7746623878831697158","potions_obtained":[{"floor":3.0,"key":"Languid Potion"},{"floor":8.0,"key":"Fruit Juice"},{"floor":10.0,"key":"GamblersBrew"},{"floor":11.0,"key":"ColorlessPotion"},{"floor":21.0,"key":"Regen Potion"},{"floor":25.0,"key":"Poison Potion"}],"is_trial":false,"path_per_floor":["M","?","M","T","$","R","E","M","T","M","M","R","M","M","R","B",null,"M","M","M","M","M","M","$","E","T","M"],"character_chosen":"THE_SILENT","items_purchased":["REME_GreenPollution","Backflip"],"campfire_rested":1,"item_purchase_floors":[24,24],"current_hp_per_floor":[59,59,59,59,59,59,59,64,64,64,55,55,44,24,45,48,75,79,74,75,42,45,18,18,4,4,0,0],"gold":92,"neow_bonus":"THREE_ENEMY_KILL","is_daily":false,"chose_seed":false,"campfire_upgraded":2,"win_rate":0.0,"timestamp":1612359872,"path_taken":["M","?","M","?","$","R","E","M","T","M","?","R","M","M","R","BOSS","M","M","M","M","M","M","$","E","T","M"],"items_purchased_type":["Card","Card"],"build_version":"2020-12-22","purchased_purges":1,"victory":false,"max_hp_per_floor":[66,66,66,66,66,66,66,71,71,71,71,71,71,71,71,71,81,81,81,81,81,81,81,81,81,81,81,81],"card_choices":[{"not_picked":["Quick Slash","Dodge and Roll"],"picked":"Tactician","floor":1.0},{"not_picked":["Flying Knee","Deflect"],"picked":"Calculated Gamble","floor":3.0},{"not_picked":["Deflect","Outmaneuver"],"picked":"Underhanded Strike","floor":7.0},{"not_picked":["ReplayTheSpireMod:The Works","Escape Plan"],"picked":"Backflip","floor":8.0},{"not_picked":["Prepared","Hidden Blade"],"picked":"Infinite Blades","floor":10.0},{"not_picked":["Hidden Blade","Distraction","Caltrops","REME_CopyPotion"],"picked":"SKIP","floor":11.0},{"not_picked":["Bouncing Flask","PiercingWail"],"picked":"Dagger Throw","floor":13.0},{"not_picked":["Flying Knee","Deflect","Deadly Poison"],"picked":"SKIP","floor":14.0},{"not_picked":["REME_CopyPotion","REME_ShadowForm"],"picked":"Die Die Die","floor":16.0},{"not_picked":["Dagger Spray","Hidden Blade"],"picked":"Blade Dance","floor":18.0},{"not_picked":["Dodge and Roll","ReplayTheSpireMod:Tripwire"],"picked":"Well Laid Plans","floor":19.0},{"not_picked":["Dodge and Roll","Poisoned Stab+1"],"picked":"Prepared","floor":20.0},{"not_picked":["Reflex","Slice"],"picked":"Tactician","floor":21.0},{"not_picked":["Quick Slash","Bane+1"],"picked":"Tactician","floor":22.0},{"not_picked":["Cloak And Dagger","Underhanded Strike"],"picked":"PiercingWail","floor":23.0},{"not_picked":["Quick Slash+1","Concentrate+1"],"picked":"REME_GreenPollution+1","floor":25.0}],"player_experience":227107,"relics_obtained":[{"floor":7.0,"key":"REME_PuzzleBoxRelic"},{"floor":9.0,"key":"Kunai"},{"floor":17.0,"key":"Oddly Smooth Stone"},{"floor":17.0,"key":"Pear"},{"floor":17.0,"key":"Bird Faced Urn"},{"floor":25.0,"key":"reliquary:FerryPass"},{"floor":26.0,"key":"The Courier"}],"event_choices":[{"cards_removed":["Defend_G"],"damage_healed":0.0,"max_hp_gain":0.0,"max_hp_loss":0.0,"gold_gain":0.0,"event_name":"The Cleric","player_choice":"Card Removal","floor":2.0,"gold_loss":75.0,"damage_taken":0.0}],"is_beta":false,"boss_relics":[{"not_picked":["Empty Cage","energizedSpire:EnergizedDie"],"picked":"Calling Bell"}],"items_purged_floors":[24],"is_endless":false,"potions_floor_spawned":[3,8,10,11,21,25],"killed_by":"3 Cultists","ascension_level":20}}