{"host":"4par9lyhj7bf4dsa","time":1612386579,"event":{"mods":["AchievementEnabler","BaseMod","Colored Map","Minty Spire (QoL Compilation)","Relic Stats","StSLib"],"gold_per_floor":[216,216,65,76,89,115,115,142,142,153,168,168,199,210,210,308,308,318,318,243,243,243,243,276,276,276,306,325,357,374,391,391,488,488,501,520,117,134,184,215,215,215,215,249,259,259,284,301,301,301,301,301,50,85,85],"floor_reached":56,"language":"ENG","playtime":79893,"items_purged":["Strike_P","Defend_P","FlyingSleeves"],"score":1467,"play_id":"2818008d-9a89-49ef-9720-dcb6bf650471","local_time":"20210204080939","is_ascension_mode":true,"campfire_choices":[{"data":"Wallop","floor":7,"key":"SMITH"},{"data":"CutThroughFate","floor":12,"key":"SMITH"},{"data":"FlurryOfBlows","floor":15,"key":"SMITH"},{"data":"Meditate","floor":23,"key":"SMITH"},{"data":"Tantrum","floor":32,"key":"SMITH"},{"floor":41,"key":"RECALL"},{"data":"Wireheading","floor":49,"key":"SMITH"},{"data":"LikeWater","floor":52,"key":"SMITH"}],"circlet_count":0,"master_deck":["Defend_P","Eruption","Vigilance","Tantrum+1","FlurryOfBlows+1","Wallop+1","CutThroughFate+1","FlurryOfBlows+1","DeusExMachina","LikeWater+1","LikeWater+1","CrushJoints+1","Necronomicurse","Meditate+1","WheelKick","SashWhip+1","FollowUp+1","Vault+1","Indignation+1","Fasting2+1","Wallop+1","Wireheading+1","Adaptation+1","ClearTheMind+1","ThirdEye+1","MentalFortress+1"],"relics":["PureWater","HornCleat","Centennial Puzzle","White Beast Statue","Potion Belt","Coffee Dripper","Necronomicon","Bottled Tornado","Toxic Egg 2","Gremlin Horn","Strawberry","SlaversCollar","Vajra","DollysMirror","Mango","Meat on the Bone","Omamori","Sundial","Whetstone","Eternal Feather"],"acts_visited":["Exordium","TheCity","TheBeyond","TheEnding"],"potions_floor_usage":[6,10,16,16,16,16,16,16,18,27,29,31,33,39,50,50,54,54,55,55,55,55,55],"damage_taken":[{"damage":2,"enemies":"2 Louse","floor":1,"turns":3},{"damage":0,"enemies":"Jaw Worm","floor":4,"turns":4},{"damage":0,"enemies":"Small Slimes","floor":5,"turns":3},{"damage":0,"enemies":"Gremlin Nob","floor":6,"turns":2},{"damage":1,"enemies":"3 Sentries","floor":8,"turns":4},{"damage":0,"enemies":"Blue Slaver","floor":10,"turns":3},{"damage":0,"enemies":"Large Slime","floor":11,"turns":3},{"damage":5,"enemies":"Lagavulin","floor":13,"turns":4},{"damage":0,"enemies":"Exordium Wildlife","floor":14,"turns":3},{"damage":0,"enemies":"Hexaghost","floor":16,"turns":2},{"damage":0,"enemies":"2 Thieves","floor":18,"turns":3},{"damage":0,"enemies":"Slavers","floor":24,"turns":3},{"damage":0,"enemies":"Gremlin Leader","floor":27,"turns":4},{"damage":0,"enemies":"3 Byrds","floor":28,"turns":3},{"damage":4,"enemies":"Book of Stabbing","floor":29,"turns":3},{"damage":1,"enemies":"Centurion and Healer","floor":30,"turns":2},{"damage":0,"enemies":"3 Cultists","floor":31,"turns":2},{"damage":3,"enemies":"Champ","floor":33,"turns":4},{"damage":0,"enemies":"3 Darklings","floor":35,"turns":3},{"damage":0,"enemies":"3 Shapes","floor":36,"turns":6},{"damage":1,"enemies":"Spire Growth","floor":38,"turns":2},{"damage":0,"enemies":"Mind Bloom Boss Battle","floor":39,"turns":1},{"damage":0,"enemies":"Giant Head","floor":40,"turns":4},{"damage":0,"enemies":"Nemesis","floor":44,"turns":4},{"damage":0,"enemies":"Transient","floor":45,"turns":5},{"damage":0,"enemies":"Sphere and 2 Shapes","floor":48,"turns":2},{"damage":31,"enemies":"Time Eater","floor":50,"turns":7},{"damage":5,"enemies":"Shield and Spear","floor":54,"turns":5},{"damage":21,"enemies":"The Heart","floor":55,"turns":7}],"seed_played":"1304414182290350709","potions_obtained":[{"floor":1,"key":"Block Potion"},{"floor":10,"key":"DistilledChaos"},{"floor":11,"key":"Explosive Potion"},{"floor":13,"key":"EntropicBrew"},{"floor":14,"key":"SkillPotion"},{"floor":16,"key":"LiquidMemories"},{"floor":18,"key":"Explosive Potion"},{"floor":24,"key":"StancePotion"},{"floor":27,"key":"Fire Potion"},{"floor":28,"key":"SteroidPotion"},{"floor":29,"key":"Dexterity Potion"},{"floor":30,"key":"PowerPotion"},{"floor":31,"key":"StancePotion"},{"floor":33,"key":"ColorlessPotion"},{"floor":35,"key":"LiquidMemories"},{"floor":36,"key":"Weak Potion"},{"floor":39,"key":"SkillPotion"},{"floor":45,"key":"EntropicBrew"},{"floor":48,"key":"AttackPotion"},{"floor":54,"key":"ColorlessPotion"}],"is_trial":false,"path_per_floor":["M","?","$","M","M","E","R","E","T","M","M","R","E","M","R","B",null,"M","?","?","?","?","R","E","?","T","E","M","E","M","M","R","B",null,"M","M","$","M","?","E","R","T","T","E","M","?","T","M","R","B",null,"R","$","E","B",null],"character_chosen":"WATCHER","items_purchased":["FlurryOfBlows","AttackPotion","Vajra","DollysMirror","ClearTheMind+1","ThirdEye+1","Block Potion"],"campfire_rested":0,"item_purchase_floors":[3,3,37,37,53,53,53],"current_hp_per_floor":[70,63,63,63,63,63,63,62,62,62,62,62,57,57,57,57,72,72,72,72,56,56,56,56,56,56,56,56,59,58,58,58,55,79,79,79,79,78,92,92,92,92,92,92,92,92,92,92,92,61,93,93,93,88,67],"gold":85,"neow_bonus":"HUNDRED_GOLD","is_daily":false,"chose_seed":false,"campfire_upgraded":7,"win_rate":0.0,"timestamp":1612386579,"path_taken":["M","?","$","M","M","E","R","E","T","M","M","R","E","M","R","BOSS","M","?","?","?","?","R","E","?","T","E","?","E","M","M","R","BOSS","M","M","$","M","?","E","R","?","T","E","M","?","?","M","R","BOSS","R","$","E","BOSS"],"items_purchased_type":["Card","Potion","Relic","Relic","Card","Card","Potion"],"build_version":"2020-12-22","purchased_purges":3,"victory":true,"max_hp_per_floor":[72,72,72,72,72,72,72,72,72,72,72,72,72,72,72,72,72,72,72,72,72,72,72,72,72,72,72,72,79,79,79,79,79,79,79,79,79,79,93,93,93,93,93,93,93,93,93,93,93,93,93,93,93,93,93],"relic_stats":{"Centennial Puzzle":[24],"Gremlin Horn":[11,12],"counters":[29,101],"Sundial":[4],"Eternal Feather":0,"Necronomicon":[46],"Whetstone":["FlurryOfBlows","CrushJoints"],"obtain_stats":[{"Potion Belt":13,"Gremlin Horn":27,"Vajra":37,"Mango":39,"Eternal Feather":54,"Omamori":43,"Whetstone":47,"Bottled Tornado":24,"White Beast Statue":9,"SlaversCollar":34,"Centennial Puzzle":8,"HornCleat":6,"DollysMirror":37,"Sundial":44,"Strawberry":29,"Coffee Dripper":17,"Necronomicon":21,"PureWater":0,"Toxic Egg 2":26,"Meat on the Bone":40},{"Potion Belt":8,"Gremlin Horn":13,"Vajra":20,"Mango":22,"Eternal Feather":28,"Omamori":23,"Whetstone":25,"Bottled Tornado":12,"White Beast Statue":5,"SlaversCollar":18,"Centennial Puzzle":5,"HornCleat":4,"DollysMirror":20,"Sundial":24,"Strawberry":15,"Coffee Dripper":10,"Necronomicon":11,"PureWater":0,"Toxic Egg 2":12,"Meat on the Bone":23},{"Potion Belt":26,"Gremlin Horn":41,"Vajra":64,"Mango":67,"Eternal Feather":94,"Omamori":71,"Whetstone":80,"Bottled Tornado":37,"White Beast Statue":16,"SlaversCollar":55,"Centennial Puzzle":16,"HornCleat":12,"DollysMirror":64,"Sundial":75,"Strawberry":47,"Coffee Dripper":31,"Necronomicon":34,"PureWater":0,"Toxic Egg 2":37,"Meat on the Bone":71}],"Meat on the Bone":0},"card_choices":[{"not_picked":["FlurryOfBlows","Protect"],"picked":"Tantrum","floor":1},{"not_picked":["EmptyBody","Halt"],"picked":"FlyingSleeves","floor":4},{"not_picked":["JustLucky","EmptyBody"],"picked":"Wallop","floor":5},{"not_picked":["LikeWater","Halt","Collect"],"picked":"SKIP","floor":6},{"not_picked":["Protect","Alpha"],"picked":"CutThroughFate","floor":8},{"not_picked":["SashWhip","EmptyBody","JustLucky"],"picked":"SKIP","floor":10},{"not_picked":["CutThroughFate","Prostrate"],"picked":"FlurryOfBlows","floor":11},{"not_picked":["Swivel","EmptyBody","Crescendo"],"picked":"SKIP","floor":13},{"not_picked":["CutThroughFate","Devotion","Pray"],"picked":"SKIP","floor":14},{"not_picked":["Establishment","Blasphemy"],"picked":"DeusExMachina","floor":16},{"not_picked":["WaveOfTheHand+1","FlyingSleeves"],"picked":"LikeWater+1","floor":18},{"not_picked":["Worship","InnerPeace","Halt"],"picked":"SKIP","floor":24},{"not_picked":["Ragnarok","Alpha+1"],"picked":"WheelKick","floor":27},{"not_picked":["Halt+1","Indignation+1"],"picked":"SashWhip+1","floor":28},{"not_picked":["CrushJoints","EmptyBody+1"],"picked":"FollowUp+1","floor":29},{"not_picked":["SashWhip","WindmillStrike","SignatureMove"],"picked":"SKIP","floor":30},{"not_picked":["Prostrate+1","FollowUp","EmptyFist"],"picked":"SKIP","floor":31},{"not_picked":["ConjureBlade+1","Brilliance"],"picked":"Vault+1","floor":33},{"not_picked":["JustLucky","Nirvana"],"picked":"Indignation+1","floor":35},{"not_picked":["CrushJoints+1","BattleHymn+1"],"picked":"Fasting2+1","floor":36},{"not_picked":["EmptyFist","SashWhip+1","BattleHymn+1"],"picked":"SKIP","floor":38},{"not_picked":["Establishment","Consecrate+1"],"picked":"Wireheading","floor":40},{"not_picked":["JustLucky","Consecrate","SandsOfTime"],"picked":"SKIP","floor":44},{"not_picked":["Crescendo+1","PathToVictory+1","Swivel+1"],"picked":"SKIP","floor":45},{"not_picked":["CutThroughFate","SignatureMove+1"],"picked":"Adaptation+1","floor":48},{"not_picked":["Consecrate","FollowUp+1"],"picked":"MentalFortress+1","floor":54}],"player_experience":916293,"relics_obtained":[{"floor":6,"key":"HornCleat"},{"floor":8,"key":"Centennial Puzzle"},{"floor":9,"key":"White Beast Statue"},{"floor":13,"key":"Potion Belt"},{"floor":21,"key":"Necronomicon"},{"floor":24,"key":"Bottled Tornado"},{"floor":26,"key":"Toxic Egg 2"},{"floor":27,"key":"Gremlin Horn"},{"floor":29,"key":"Strawberry"},{"floor":39,"key":"Mango"},{"floor":40,"key":"Meat on the Bone"},{"floor":43,"key":"Omamori"},{"floor":44,"key":"Sundial"},{"floor":47,"key":"Whetstone"},{"floor":54,"key":"Eternal Feather"}],"event_choices":[{"cards_removed":["Strike_P"],"damage_healed":0,"gold_gain":0,"player_choice":"Card Removal","damage_taken":7,"max_hp_gain":0,"max_hp_loss":0,"event_name":"Golden Wing","floor":2,"gold_loss":0},{"damage_healed":0,"gold_gain":0,"cards_transformed":["Strike_P","Strike_P"],"player_choice":"Became Test Subject","damage_taken":0,"max_hp_gain":0,"max_hp_loss":0,"event_name":"Drug Dealer","floor":19,"gold_loss":0,"cards_obtained":["LikeWater","CrushJoints"]},{"cards_removed":["Defend_P"],"damage_healed":0,"gold_gain":0,"player_choice":"Gave Gold","damage_taken":0,"max_hp_gain":0,"max_hp_loss":0,"event_name":"Beggar","floor":20,"gold_loss":75},{"damage_healed":0,"gold_gain":0,"player_choice":"Obtained Book","damage_taken":16,"max_hp_gain":0,"max_hp_loss":0,"event_name":"Cursed Tome","floor":21,"gold_loss":0},{"damage_healed":0,"gold_gain":0,"player_choice":"Read","damage_taken":0,"max_hp_gain":0,"max_hp_loss":0,"event_name":"The Library","floor":22,"gold_loss":0,"cards_obtained":["Meditate"]},{"damage_healed":0,"gold_gain":0,"player_choice":"Ignored","damage_taken":0,"max_hp_gain":0,"max_hp_loss":0,"event_name":"Vampires","floor":25,"gold_loss":0},{"damage_healed":0,"gold_gain":0,"player_choice":"Fight","damage_taken":0,"max_hp_gain":0,"max_hp_loss":0,"event_name":"MindBloom","floor":39,"gold_loss":0},{"cards_removed":["Defend_P"],"damage_healed":0,"gold_gain":0,"player_choice":"Removed Skill","damage_taken":0,"max_hp_gain":0,"max_hp_loss":0,"event_name":"Falling","floor":46,"gold_loss":0}],"is_beta":false,"boss_relics":[{"not_picked":["Busted Crown","Pandora\u0027s Box"],"picked":"Coffee Dripper"},{"not_picked":["Black Star","Philosopher\u0027s Stone"],"picked":"SlaversCollar"}],"items_purged_floors":[3,37,53],"is_endless":false,"potions_floor_spawned":[1,10,11,13,14,16,18,24,27,28,29,30,31,33,35,36,38,39,40,44,45,48,54],"ascension_level":1}}