{"host":"jwvz9sqego1wo43x","time":1612382285,"event":{"mods":["AchievementEnabler","BaseMod","Colored Map","Downfall","GifTheSpireLib","Minty Spire (QoL Compilation)","StSLib"],"gold_per_floor":[99,99,99,99,5,31,113,145,164,176,176,176,176,176],"floor_reached":12,"language":"ENG","playtime":348,"items_purged":[],"score":84,"play_id":"46d4e56a-9929-41f5-8050-297d509543d2","local_time":"20210203195805","is_ascension_mode":false,"campfire_choices":[{"data":"bronze:Replicate","floor":1,"key":"SMITH"},{"data":"bronze:GetLatest","floor":11,"key":"SMITH"}],"circlet_count":0,"master_deck":["bronze:Strike","bronze:Strike","bronze:Strike","bronze:Strike","bronze:Defend","bronze:Defend","bronze:Defend","bronze:Defend","bronze:Replicate+1","bronze:Goto","bronze:CloningBeam","bronze:ForceShield","bronze:CloningBeam","bronze:GetLatest+1","bronze:FineTuning","bronze:Frontload"],"relics":["bronze:BronzeCore","downfall:HeartsMalice","Anchor","Singing Bowl","Lantern"],"acts_visited":["Exordium"],"potions_floor_usage":[8,12,12],"damage_taken":[{"damage":0,"enemies":"Cultist","floor":2,"turns":1},{"damage":0,"enemies":"Jaw Worm","floor":3,"turns":1},{"damage":0,"enemies":"2 Louse","floor":4,"turns":1},{"damage":5,"enemies":"downfall:FleeingMerchant","floor":5,"turns":4},{"damage":8,"enemies":"3 Sentries","floor":6,"turns":6},{"damage":26,"enemies":"Lagavulin","floor":8,"turns":5},{"damage":8,"enemies":"2 Fungi Beasts","floor":9,"turns":3},{"damage":2,"enemies":"Blue Slaver","floor":10,"turns":4},{"damage":26,"enemies":"Gremlin Nob","floor":12,"turns":6}],"seed_played":"-5605616081807929247","potions_obtained":[{"floor":6,"key":"champ:CounterPotion"},{"floor":8,"key":"sneckomod:MuddlingPotion"},{"floor":9,"key":"PowerPotion"}],"is_trial":false,"path_per_floor":["R","M","M","M","$","E","T","E","M","M","R","E"],"character_chosen":"THE_AUTOMATON","items_purchased":["bronze:GetLatest"],"campfire_rested":0,"item_purchase_floors":[5],"current_hp_per_floor":[70,70,70,70,65,57,57,31,25,23,23,0,0,0],"gold":176,"neow_bonus":"THREE_ENEMY_KILL","is_daily":false,"chose_seed":false,"campfire_upgraded":2,"win_rate":0.0,"timestamp":1612382285,"path_taken":["R","M","?","M","$","E","T","E","M","M","R","E"],"items_purchased_type":["Card"],"build_version":"2020-12-22","purchased_purges":0,"victory":false,"max_hp_per_floor":[70,70,70,70,70,70,70,70,72,72,72,72,72,72],"card_choices":[{"not_picked":["bronze:DelayedSlice","bronze:WildBeam"],"picked":"bronze:CloningBeam","floor":2},{"not_picked":["bronze:OilSpill","bronze:DelayedGuard"],"picked":"bronze:ForceShield","floor":3},{"not_picked":["bronze:Turbo","bronze:ForceShield"],"picked":"bronze:CloningBeam","floor":4},{"not_picked":["bronze:Invalidate","bronze:DelayedSlice","bronze:Shield"],"picked":"SKIP","floor":5},{"not_picked":["bronze:Deprecate","bronze:Separator","bronze:CloningBeam"],"picked":"SKIP","floor":6},{"not_picked":["bronze:OilSpill","bronze:Branch"],"picked":"bronze:FineTuning","floor":8},{"not_picked":["bronze:Safeguard","bronze:WildBeam","bronze:Frontload"],"picked":"Singing Bowl","floor":9},{"not_picked":["bronze:DelayedGuard","bronze:MaxOutput"],"picked":"bronze:Frontload","floor":10}],"player_experience":513882,"relics_obtained":[{"floor":6,"key":"Anchor"},{"floor":7,"key":"Singing Bowl"},{"floor":8,"key":"Lantern"}],"event_choices":[],"is_beta":false,"boss_relics":[],"items_purged_floors":[],"is_endless":false,"potions_floor_spawned":[6,8,9],"killed_by":"Gremlin Nob","ascension_level":0}}