{"host":"p55ahgraoahruc9a","time":1612324864,"event":{"mods":["AchievementEnabler","BaseMod","Colored Map","Keyboard Shortcuts","Minty Spire (QoL Compilation)","Permanent Neow","Quick Restart"],"gold_per_floor":[119,138,150,168,42,77,89,119,171,171,45,58,93,54,54,159,159,174,185,110,110,110,110,121,121,173,173,199,199,215,195,195,291,291,305,318,40,40,40],"floor_reached":38,"language":"KOR","playtime":2102,"items_purged":["Strike_G","Strike_G","Strike_G"],"score":424,"play_id":"f74ba67a-7d9b-41b1-a40f-df9447a66eeb","local_time":"20210203130104","is_ascension_mode":true,"campfire_choices":[{"floor":10.0,"key":"REST"},{"floor":15.0,"key":"REST"},{"data":"Catalyst","floor":23.0,"key":"SMITH"},{"data":"Deadly Poison","floor":27.0,"key":"SMITH"},{"floor":29.0,"key":"REST"},{"floor":32.0,"key":"REST"}],"circlet_count":0,"master_deck":["Strike_G","Strike_G","Defend_G","Defend_G","Defend_G","Survivor","Neutralize","PiercingWail","Deadly Poison+1","Poisoned Stab","Acrobatics","Backflip","Dagger Throw","Bane","Corpse Explosion","Catalyst+1","Dagger Spray+1","Outmaneuver+1","After Image","Prepared"],"relics":["Ring of the Snake","Omamori","Paper Crane","Philosopher\u0027s Stone","Dream Catcher","Juzu Bracelet","Busted Crown","Lantern"],"acts_visited":["Exordium","TheCity","TheBeyond"],"potions_floor_usage":[],"damage_taken":[{"damage":0.0,"enemies":"Cultist","floor":1.0,"turns":4.0},{"damage":0.0,"enemies":"Small Slimes","floor":2.0,"turns":3.0},{"damage":9.0,"enemies":"Jaw Worm","floor":3.0,"turns":5.0},{"damage":2.0,"enemies":"Large Slime","floor":4.0,"turns":9.0},{"damage":34.0,"enemies":"Lagavulin","floor":6.0,"turns":10.0},{"damage":0.0,"enemies":"Exordium Thugs","floor":7.0,"turns":5.0},{"damage":0.0,"enemies":"Looter","floor":12.0,"turns":4.0},{"damage":20.0,"enemies":"3 Sentries","floor":13.0,"turns":10.0},{"damage":44.0,"enemies":"Slime Boss","floor":16.0,"turns":15.0},{"damage":3.0,"enemies":"Chosen","floor":18.0,"turns":5.0},{"damage":5.0,"enemies":"3 Byrds","floor":19.0,"turns":3.0},{"damage":10.0,"enemies":"Centurion and Healer","floor":24.0,"turns":5.0},{"damage":49.0,"enemies":"Slavers","floor":28.0,"turns":4.0},{"damage":0.0,"enemies":"Snake Plant","floor":30.0,"turns":3.0},{"damage":47.0,"enemies":"Automaton","floor":33.0,"turns":9.0},{"damage":9.0,"enemies":"Orb Walker","floor":35.0,"turns":4.0},{"damage":19.0,"enemies":"3 Darklings","floor":36.0,"turns":3.0},{"damage":0,"enemies":"Transient","floor":38,"turns":1}],"seed_played":"2454430574571647656","potions_obtained":[{"floor":1.0,"key":"SkillPotion"},{"floor":3.0,"key":"CunningPotion"},{"floor":12.0,"key":"PowerPotion"},{"floor":13.0,"key":"SkillPotion"},{"floor":28.0,"key":"Block Potion"},{"floor":30.0,"key":"LiquidMemories"},{"floor":31.0,"key":"SkillPotion"},{"floor":33.0,"key":"GamblersBrew"}],"is_trial":false,"path_per_floor":["M","M","M","M","$","E","M","?","T","R","$","M","E","?","R","B",null,"M","M","?","$","?","R","M","?","T","R","E","R","M","?","R","B",null,"M","M","$","M"],"character_chosen":"THE_SILENT","items_purchased":["Backflip","Bane","Lantern"],"campfire_rested":4,"item_purchase_floors":[5,11,37],"current_hp_per_floor":[77,77,68,66,66,32,32,32,32,55,55,55,35,35,58,14,77,74,69,69,69,69,69,59,59,59,59,10,33,33,33,56,9,77,68,49,49,49,49],"gold":40,"neow_bonus":"TEN_PERCENT_HP_BONUS","is_daily":false,"chose_seed":false,"campfire_upgraded":2,"win_rate":0.0,"timestamp":1612324864,"path_taken":["M","M","M","M","$","E","M","?","T","R","$","M","E","?","R","BOSS","M","M","?","$","?","R","?","?","T","R","E","R","M","?","R","BOSS","M","M","$","M"],"items_purchased_type":["Card","Card","Relic"],"build_version":"2020-12-22","purchased_purges":3,"victory":false,"max_hp_per_floor":[77,77,77,77,77,77,77,77,77,77,77,77,77,77,77,77,77,77,77,77,77,77,77,77,77,77,77,77,77,77,77,77,77,77,77,77,77,77,77],"card_choices":[{"not_picked":["All Out Attack","Escape Plan"],"picked":"PiercingWail","floor":1.0},{"not_picked":["Sucker Punch","Slice"],"picked":"Deadly Poison","floor":2.0},{"not_picked":["Deadly Poison","PiercingWail"],"picked":"Poisoned Stab","floor":3.0},{"not_picked":["Deadly Poison","Deflect"],"picked":"Acrobatics","floor":4.0},{"not_picked":["Sucker Punch","Outmaneuver","Night Terror"],"picked":"SKIP","floor":6.0},{"not_picked":["Predator","Cloak And Dagger"],"picked":"Dagger Throw","floor":7.0},{"not_picked":["Cloak And Dagger","Slice","Backflip"],"picked":"SKIP","floor":12.0},{"not_picked":["Backflip","Cloak And Dagger","Choke"],"picked":"SKIP","floor":13.0},{"not_picked":["Glass Knife","Die Die Die"],"picked":"Corpse Explosion","floor":16.0},{"not_picked":["Dagger Throw","Calculated Gamble","Distraction"],"picked":"SKIP","floor":18.0},{"not_picked":["Distraction","Terror+1"],"picked":"Catalyst","floor":19.0},{"not_picked":["Bane","Quick Slash","Poisoned Stab"],"picked":"SKIP","floor":24.0},{"not_picked":["Bane","Quick Slash","Poisoned Stab"],"picked":"SKIP","floor":24.0},{"not_picked":["PiercingWail+1","Quick Slash"],"picked":"Dagger Spray+1","floor":28.0},{"not_picked":["Terror","Bane"],"picked":"Outmaneuver+1","floor":30.0},{"not_picked":["Night Terror","Tools of the Trade"],"picked":"After Image","floor":33.0},{"not_picked":["Terror"],"picked":"SKIP","floor":35.0},{"not_picked":[],"picked":"Prepared","floor":36.0}],"player_experience":94288,"relics_obtained":[{"floor":6.0,"key":"Omamori"},{"floor":13.0,"key":"Paper Crane"},{"floor":26.0,"key":"Dream Catcher"},{"floor":28.0,"key":"Juzu Bracelet"}],"event_choices":[{"damage_healed":0.0,"max_hp_gain":0.0,"max_hp_loss":0.0,"gold_gain":30.0,"event_name":"Dead Adventurer","player_choice":"Searched \u00271\u0027 times","floor":8.0,"gold_loss":0.0,"damage_taken":0.0},{"damage_healed":0.0,"max_hp_gain":0.0,"max_hp_loss":0.0,"gold_gain":0.0,"event_name":"World of Goop","player_choice":"Left Gold","floor":14.0,"gold_loss":39.0,"damage_taken":0.0},{"cards_removed":["Defend_G"],"damage_healed":0.0,"max_hp_gain":0.0,"max_hp_loss":0.0,"gold_gain":0.0,"event_name":"Beggar","player_choice":"Gave Gold","floor":20.0,"gold_loss":75.0,"damage_taken":0.0},{"damage_healed":0.0,"max_hp_gain":0.0,"max_hp_loss":0.0,"gold_gain":0.0,"event_name":"Cursed Tome","player_choice":"Ignored","floor":22.0,"gold_loss":0.0,"damage_taken":0.0},{"cards_removed":["Defend_G"],"damage_healed":0.0,"max_hp_gain":0.0,"max_hp_loss":0.0,"gold_gain":0.0,"event_name":"Back to Basics","player_choice":"Elegance","floor":25.0,"gold_loss":0.0,"damage_taken":0.0},{"damage_healed":0.0,"max_hp_gain":0.0,"max_hp_loss":0.0,"gold_gain":0.0,"event_name":"The Woman in Blue","player_choice":"Bought 1 Potion","floor":31.0,"gold_loss":0.0,"damage_taken":0.0}],"is_beta":false,"boss_relics":[{"not_picked":["Ring of the Serpent","Cursed Key"],"picked":"Philosopher\u0027s Stone"},{"not_picked":["Black Star","Empty Cage"],"picked":"Busted Crown"}],"items_purged_floors":[5,11,37],"is_endless":false,"potions_floor_spawned":[1,3,12,13,28,30,33],"killed_by":"Transient","ascension_level":1}}