{"host":"dm4yvegl9um2tlqd","time":1612352919,"event":{"mods":["2.2 Compatiblity","AchievementEnabler","BaseMod","Colored Map","DeckTracker","Highlight Path","KOR Keyword Fix","Keyboard Shortcuts","Minty Spire (QoL Compilation)","Permanent Neow","Quick Restart","Random Character Button","StSLib","SuperFastMode","everything is the same but u backflip on backflip"],"gold_per_floor":[119,119,134,146,158,158,185,185,185,217,217,277,59,134,134,233,233,246,74,173,201,201,201,232,232,232,263,263,282,298,326,326,429,479,490,490,37,55,66,66,66,93,116,126,126,126,126,137,137,137,137,137,36,62,62,62],"floor_reached":55,"language":"KOR","playtime":1817,"items_purged":["Strike_R","Searing Blow","Juggernaut"],"score":1101,"play_id":"2d259e98-ce84-4573-9b46-a0f3eb15d3ab","local_time":"20210203204839","is_ascension_mode":true,"campfire_choices":[{"data":"Flex","floor":6.0,"key":"SMITH"},{"data":"Heavy Blade","floor":8.0,"key":"SMITH"},{"data":"Bloodletting","floor":11.0,"key":"SMITH"},{"data":"Reaper","floor":15.0,"key":"SMITH"},{"data":"Brutality","floor":23.0,"key":"SMITH"},{"data":"Rupture","floor":25.0,"key":"SMITH"},{"floor":28.0,"key":"REST"},{"data":"Dark Embrace","floor":32.0,"key":"SMITH"},{"data":"Whirlwind","floor":40.0,"key":"SMITH"},{"floor":45.0,"key":"RECALL"},{"data":"Limit Break","floor":47.0,"key":"SMITH"},{"data":"Battle Trance","floor":49.0,"key":"SMITH"},{"data":"Flame Barrier","floor":52.0,"key":"SMITH"}],"circlet_count":0,"master_deck":["AscendersBane","Bash+1","Whirlwind+1","Flex+1","Heavy Blade+1","Bloodletting+1","Reaper+1","Flex+1","Limit Break+1","Immolate","Double Tap+1","Dark Embrace+1","Fiend Fire","Brutality+1","Disarm+1","Rupture+1","Flex+1","Iron Wave+1","Exhume","Flame Barrier+1","Disarm","Battle Trance","Whirlwind+1","Battle Trance+1","Seeing Red+1"],"relics":["Burning Blood","Mummified Hand","Ice Cream","TungstenRod","Pantograph","DollysMirror","Pandora\u0027s Box","Red Mask","FossilizedHelix","Eternal Feather","Lantern","Happy Flower","HornCleat","Tiny House","Gremlin Horn","Blood Vial","CaptainsWheel"],"acts_visited":["Exordium","TheCity","TheBeyond","TheEnding"],"potions_floor_usage":[55,55,55],"damage_taken":[{"damage":11.0,"enemies":"Small Slimes","floor":1.0,"turns":4.0},{"damage":6.0,"enemies":"Cultist","floor":3.0,"turns":3.0},{"damage":0.0,"enemies":"2 Louse","floor":4.0,"turns":1.0},{"damage":14.0,"enemies":"Blue Slaver","floor":5.0,"turns":4.0},{"damage":19.0,"enemies":"Gremlin Nob","floor":7.0,"turns":3.0},{"damage":23.0,"enemies":"Lagavulin","floor":10.0,"turns":5.0},{"damage":6.0,"enemies":"Gremlin Nob","floor":12.0,"turns":3.0},{"damage":31.0,"enemies":"Slime Boss","floor":16.0,"turns":5.0},{"damage":6.0,"enemies":"3 Byrds","floor":18.0,"turns":4.0},{"damage":82.0,"enemies":"Masked Bandits","floor":21.0,"turns":4.0},{"damage":12.0,"enemies":"Book of Stabbing","floor":24.0,"turns":3.0},{"damage":43.0,"enemies":"Gremlin Leader","floor":27.0,"turns":4.0},{"damage":0.0,"enemies":"2 Thieves","floor":29.0,"turns":1.0},{"damage":14.0,"enemies":"Shelled Parasite and Fungi","floor":30.0,"turns":3.0},{"damage":24.0,"enemies":"Book of Stabbing","floor":31.0,"turns":3.0},{"damage":9.0,"enemies":"Champ","floor":33.0,"turns":4.0},{"damage":24.0,"enemies":"Orb Walker","floor":35.0,"turns":4.0},{"damage":19.0,"enemies":"3 Shapes","floor":38.0,"turns":2.0},{"damage":0.0,"enemies":"3 Darklings","floor":39.0,"turns":1.0},{"damage":13.0,"enemies":"Giant Head","floor":42.0,"turns":5.0},{"damage":2.0,"enemies":"Sphere and 2 Shapes","floor":44.0,"turns":3.0},{"damage":0.0,"enemies":"Jaw Worm Horde","floor":48.0,"turns":1.0},{"damage":44.0,"enemies":"Donu and Deca","floor":50.0,"turns":4.0},{"damage":8.0,"enemies":"Shield and Spear","floor":54.0,"turns":4.0},{"damage":116,"enemies":"The Heart","floor":55,"turns":5}],"seed_played":"1856700863435545967","potions_obtained":[{"floor":5.0,"key":"BlessingOfTheForge"},{"floor":12.0,"key":"SpeedPotion"},{"floor":16.0,"key":"ColorlessPotion"},{"floor":21.0,"key":"BlessingOfTheForge"},{"floor":27.0,"key":"Fire Potion"},{"floor":31.0,"key":"AttackPotion"},{"floor":54.0,"key":"Energy Potion"}],"is_trial":false,"path_per_floor":["M","?","M","M","M","R","E","R","T","E","R","?","$","?","R","B",null,"M","$","?","?","?","R","E","R","T","E","R","M","M","E","R","B",null,"M","?","$","M","M","R","?","E","T","M","R","$","R","M","R","B",null,"R","$","E","B"],"character_chosen":"IRONCLAD","items_purchased":["DollysMirror","Rupture","Battle Trance","Gremlin Horn","CultistPotion"],"campfire_rested":1,"item_purchase_floors":[13,19,37,37,53],"current_hp_per_floor":[67,67,67,73,65,65,52,52,52,35,35,39,39,29,29,29,67,77,77,77,13,13,13,38,47,47,19,52,58,50,45,57,79,85,67,67,67,54,60,72,72,82,82,85,85,85,85,85,85,81,84,85,85,83,0,0],"gold":62,"neow_bonus":"UPGRADE_CARD","is_daily":false,"chose_seed":false,"campfire_upgraded":11,"win_rate":0.0,"timestamp":1612352919,"path_taken":["M","?","?","M","M","R","E","R","T","E","R","?","$","?","R","BOSS","M","$","?","?","?","R","E","R","T","E","R","M","?","E","R","BOSS","M","?","?","M","M","R","?","E","T","?","R","$","R","M","R","BOSS","R","$","E","BOSS"],"items_purchased_type":["Relic","Card","Card","Relic","Potion"],"build_version":"2020-12-22","purchased_purges":3,"victory":false,"max_hp_per_floor":[80,80,80,80,80,80,80,80,80,80,80,80,80,80,80,80,80,80,80,80,80,80,80,80,80,80,80,80,80,80,80,80,80,85,85,85,85,85,85,85,85,85,85,85,85,85,85,85,85,85,85,85,85,85,85,85],"card_choices":[{"not_picked":["Shrug It Off","Havoc"],"picked":"Whirlwind","floor":1.0},{"not_picked":["Anger","Sword Boomerang"],"picked":"Flex","floor":3.0},{"not_picked":["Thunderclap","Twin Strike"],"picked":"Heavy Blade","floor":4.0},{"not_picked":["Burning Pact","Anger"],"picked":"Bloodletting","floor":5.0},{"not_picked":["Shockwave","Ghostly Armor","Hemokinesis"],"picked":"SKIP","floor":7.0},{"not_picked":["Intimidate","Wild Strike"],"picked":"Reaper","floor":10.0},{"not_picked":["Offering","Bludgeon"],"picked":"Limit Break","floor":16.0},{"not_picked":["Sword Boomerang","Perfected Strike"],"picked":"Disarm+1","floor":18.0},{"not_picked":["Anger","Rage"],"picked":"Flex+1","floor":21.0},{"not_picked":["Wild Strike+1","Fiend Fire","Rampage+1"],"picked":"SKIP","floor":24.0},{"not_picked":["Clash+1","Anger","Twin Strike+1"],"picked":"SKIP","floor":27.0},{"not_picked":["Cleave","Clothesline","Sword Boomerang+1"],"picked":"SKIP","floor":29.0},{"not_picked":["Thunderclap","Cleave+1","Heavy Blade"],"picked":"SKIP","floor":30.0},{"not_picked":["Metallicize","Clothesline"],"picked":"Iron Wave+1","floor":31.0},{"not_picked":["Demon Form","Double Tap"],"picked":"Exhume","floor":33.0},{"not_picked":["Armaments+1","Iron Wave"],"picked":"Flame Barrier","floor":34.0},{"not_picked":["Iron Wave+1","Blood for Blood","Feel No Pain+1"],"picked":"SKIP","floor":35.0},{"not_picked":["Perfected Strike+1","Combust+1","Thunderclap"],"picked":"SKIP","floor":38.0},{"not_picked":["Perfected Strike+1","Flex+1"],"picked":"Whirlwind","floor":39.0},{"not_picked":["Twin Strike","Metallicize+1"],"picked":"Seeing Red+1","floor":42.0},{"not_picked":["Thunderclap+1","Armaments","Clash+1"],"picked":"SKIP","floor":44.0},{"not_picked":["Heavy Blade","Searing Blow","Iron Wave"],"picked":"SKIP","floor":48.0},{"not_picked":["Thunderclap","Bludgeon","Infernal Blade"],"picked":"SKIP","floor":54.0}],"player_experience":104280,"relics_obtained":[{"floor":7.0,"key":"Mummified Hand"},{"floor":9.0,"key":"Ice Cream"},{"floor":10.0,"key":"TungstenRod"},{"floor":12.0,"key":"Pantograph"},{"floor":21.0,"key":"Red Mask"},{"floor":24.0,"key":"Eternal Feather"},{"floor":26.0,"key":"Lantern"},{"floor":27.0,"key":"Happy Flower"},{"floor":31.0,"key":"HornCleat"},{"floor":42.0,"key":"Blood Vial"},{"floor":54.0,"key":"CaptainsWheel"}],"event_choices":[{"damage_healed":0.0,"max_hp_gain":0.0,"max_hp_loss":0.0,"gold_gain":0.0,"event_name":"Accursed Blacksmith","player_choice":"Forge","floor":2.0,"gold_loss":0.0,"damage_taken":0.0,"cards_upgraded":["Whirlwind"]},{"damage_healed":0.0,"max_hp_gain":0.0,"max_hp_loss":0.0,"gold_gain":30.0,"event_name":"Dead Adventurer","player_choice":"Searched \u00272\u0027 times","floor":12.0,"gold_loss":0.0,"damage_taken":0.0},{"damage_healed":0.0,"max_hp_gain":0.0,"max_hp_loss":0.0,"gold_gain":75.0,"event_name":"World of Goop","player_choice":"Gather Gold","floor":14.0,"gold_loss":0.0,"damage_taken":11.0},{"damage_healed":0.0,"max_hp_gain":0.0,"max_hp_loss":0.0,"gold_gain":99.0,"event_name":"Nest","player_choice":"Stole From Cult","floor":20.0,"gold_loss":0.0,"damage_taken":0.0},{"damage_healed":0.0,"max_hp_gain":0.0,"max_hp_loss":0.0,"gold_gain":0.0,"event_name":"Masked Bandits","player_choice":"Fought Bandits","floor":21.0,"gold_loss":0.0,"damage_taken":0.0},{"damage_healed":0.0,"max_hp_gain":0.0,"max_hp_loss":0.0,"gold_gain":0.0,"event_name":"The Mausoleum","player_choice":"Opened","floor":22.0,"gold_loss":0.0,"damage_taken":0.0,"relics_obtained":["FossilizedHelix"]},{"damage_healed":0.0,"max_hp_gain":0.0,"max_hp_loss":0.0,"gold_gain":0.0,"cards_transformed":["Rage"],"event_name":"Transmorgrifier","player_choice":"Transformed","floor":36.0,"gold_loss":0.0,"damage_taken":0.0,"cards_obtained":["Disarm"]},{"damage_healed":0.0,"max_hp_gain":0.0,"max_hp_loss":0.0,"gold_gain":0.0,"event_name":"Duplicator","player_choice":"Copied","floor":41.0,"gold_loss":0.0,"damage_taken":0.0,"cards_obtained":["Battle Trance"]}],"is_beta":false,"boss_relics":[{"not_picked":["Black Star","Busted Crown"],"picked":"Pandora\u0027s Box"},{"not_picked":["Cursed Key","SlaversCollar"],"picked":"Tiny House"}],"items_purged_floors":[13,19,37],"is_endless":false,"potions_floor_spawned":[5,12,16,21,24,27,31,38,39,54],"killed_by":"The Heart","ascension_level":10}}