{"host":"lktusdb9orijgc6z","time":1612354603,"event":{"mods":["BaseMod","Bestiary","Colored Map","Colored Powertips","Minty Spire (QoL Compilation)","Permanent Neow","Quick Restart","Relic Stats","StSLib","everything is the same but u backflip on backflip","slay the spire mod where everything is the same but ironclad has a cowboy hat"],"gold_per_floor":[112,287,287,306,325,351,351,379,379,413,425,438,64,89,89,166,166,182,194,194,20,35,65,65,95,120,120,120,155,169,269,269,269,269],"floor_reached":33,"language":"ENG","playtime":1121,"items_purged":["Strike_R","Strike_R"],"score":565,"play_id":"6168fbf7-978f-420d-a4d7-2c515afab12c","local_time":"20210203131643","is_ascension_mode":true,"campfire_choices":[{"data":"Fiend Fire","floor":7.0,"key":"SMITH"},{"floor":15.0,"key":"REST"},{"data":"Cleave","floor":24.0,"key":"SMITH"},{"data":"Double Tap","floor":32,"key":"SMITH"}],"circlet_count":0,"master_deck":["AscendersBane","Strike_R","Defend_R","Defend_R","Defend_R","Bash","Sever Soul","Cleave+1","Fiend Fire+1","Dropkick","Double Tap+1","Anger","Clothesline","Rampage","Reaper","Armaments+1","Fire Breathing+1","Evolve+1","Battle Trance+1","Uppercut+1","Necronomicurse","Thunderclap","Seeing Red","Impervious","Wild Strike","Metallicize","Flex+1"],"relics":["Burning Blood","NeowsBlessing","Spirit Poop","Anchor","Bird Faced Urn","The Courier","Ornamental Fan","TungstenRod","Dream Catcher","Astrolabe","Necronomicon","Membership Card","Paper Frog","Mango","Pen Nib","Smiling Mask","PreservedInsect","Gambling Chip","Gremlin Horn"],"acts_visited":["Exordium","TheCity"],"potions_floor_usage":[30,31],"damage_taken":[{"damage":0.0,"enemies":"2 Louse","floor":1.0,"turns":1.0},{"damage":0.0,"enemies":"Small Slimes","floor":4.0,"turns":1.0},{"damage":0.0,"enemies":"Cultist","floor":5.0,"turns":1.0},{"damage":33.0,"enemies":"Lagavulin","floor":6.0,"turns":6.0},{"damage":20.0,"enemies":"Gremlin Nob","floor":8.0,"turns":4.0},{"damage":30.0,"enemies":"Lagavulin","floor":10.0,"turns":5.0},{"damage":0.0,"enemies":"2 Fungi Beasts","floor":11.0,"turns":3.0},{"damage":0.0,"enemies":"Looter","floor":12.0,"turns":3.0},{"damage":6.0,"enemies":"Gremlin Nob","floor":14.0,"turns":3.0},{"damage":21.0,"enemies":"Hexaghost","floor":16.0,"turns":8.0},{"damage":27.0,"enemies":"3 Byrds","floor":18.0,"turns":6.0},{"damage":11.0,"enemies":"Chosen","floor":19.0,"turns":5.0},{"damage":5.0,"enemies":"Sentry and Sphere","floor":22.0,"turns":4.0},{"damage":36.0,"enemies":"Gremlin Leader","floor":23.0,"turns":5.0},{"damage":13.0,"enemies":"Book of Stabbing","floor":25.0,"turns":3.0},{"damage":24,"enemies":"Slavers","floor":29,"turns":4},{"damage":0,"enemies":"Snake Plant","floor":30,"turns":2},{"damage":18,"enemies":"Colosseum Slavers","floor":31,"turns":3},{"damage":0,"enemies":"Colosseum Nobs","floor":31,"turns":2},{"damage":49,"enemies":"Champ","floor":33,"turns":6}],"seed_played":"-4829743991628533027","potions_obtained":[{"floor":4.0,"key":"PowerPotion"},{"floor":5.0,"key":"HeartOfIron"},{"floor":10.0,"key":"Energy Potion"},{"floor":14.0,"key":"CultistPotion"},{"floor":16.0,"key":"SkillPotion"},{"floor":19.0,"key":"DistilledChaos"},{"floor":22.0,"key":"Fire Potion"},{"floor":25.0,"key":"DuplicationPotion"}],"is_trial":false,"path_per_floor":["M","?","?","M","M","E","R","E","T","E","M","M","$","E","R","B",null,"M","M","?","$","M","E","R","E","T","?","?","E","M","?","R","B"],"character_chosen":"IRONCLAD","items_purchased":["TungstenRod","LiquidBronze","Clothesline","Membership Card"],"campfire_rested":1,"item_purchase_floors":[13,13,13,21],"current_hp_per_floor":[74,74,74,75,75,48,48,34,34,10,16,22,22,22,44,29,64,55,52,40,40,49,47,47,54,54,38,38,26,32,35,35,0,0],"gold":269,"neow_bonus":"THREE_ENEMY_KILL","is_daily":false,"chose_seed":false,"campfire_upgraded":3,"win_rate":0.0,"timestamp":1612354603,"path_taken":["M","?","?","?","M","E","R","E","T","E","M","M","$","E","R","BOSS","M","M","?","$","M","E","R","E","T","?","?","E","M","?","R","BOSS"],"items_purchased_type":["Relic","Potion","Card","Relic"],"build_version":"2020-12-22","purchased_purges":2,"victory":false,"max_hp_per_floor":[75,75,75,75,75,75,75,75,75,75,75,75,75,75,75,75,75,75,75,75,75,75,75,75,89,89,94,94,94,94,94,94,94,94],"relic_stats":{"Gremlin Horn":[0,0],"counters":[20,75],"Astrolabe":["Armaments","Fire Breathing","Evolve"],"Pen Nib":[4],"PreservedInsect":38,"Smiling Mask":0,"Burning Blood":103,"Dream Catcher":1,"Ornamental Fan":[104],"Bird Faced Urn":[16],"Gambling Chip":[2],"Necronomicon":[22],"obtain_stats":[{"NeowsBlessing":0,"Gremlin Horn":31,"Astrolabe":17,"Spirit Poop":3,"Mango":25,"The Courier":9,"Pen Nib":26,"PreservedInsect":29,"Smiling Mask":28,"Burning Blood":0,"Anchor":6,"Dream Catcher":14,"Ornamental Fan":10,"Bird Faced Urn":8,"Gambling Chip":31,"Necronomicon":20,"Membership Card":21,"TungstenRod":13,"Paper Frog":23},{"NeowsBlessing":0,"Gremlin Horn":19,"Astrolabe":10,"Spirit Poop":1,"Mango":15,"The Courier":5,"Pen Nib":15,"PreservedInsect":16,"Smiling Mask":15,"Burning Blood":0,"Anchor":4,"Dream Catcher":9,"Ornamental Fan":6,"Bird Faced Urn":5,"Gambling Chip":19,"Necronomicon":12,"Membership Card":12,"TungstenRod":8,"Paper Frog":14},{"NeowsBlessing":0,"Gremlin Horn":69,"Astrolabe":35,"Spirit Poop":1,"Mango":58,"The Courier":13,"Pen Nib":58,"PreservedInsect":62,"Smiling Mask":58,"Burning Blood":0,"Anchor":9,"Dream Catcher":27,"Ornamental Fan":18,"Bird Faced Urn":13,"Gambling Chip":69,"Necronomicon":46,"Membership Card":46,"TungstenRod":24,"Paper Frog":55}],"TungstenRod":60},"card_choices":[{"not_picked":["Clash","Entrench"],"picked":"Sever Soul","floor":1.0},{"not_picked":["Armaments","Headbutt"],"picked":"Cleave","floor":4.0},{"not_picked":["Warcry","Rampage"],"picked":"Fiend Fire","floor":5.0},{"not_picked":["Clash","Body Slam","Armaments"],"picked":"SKIP","floor":6.0},{"not_picked":["Anger","Sever Soul"],"picked":"Dropkick","floor":8.0},{"not_picked":["Iron Wave","Shrug It Off"],"picked":"Double Tap","floor":10.0},{"not_picked":["Iron Wave","Clash","Perfected Strike"],"picked":"SKIP","floor":11.0},{"not_picked":["Body Slam","True Grit"],"picked":"Anger","floor":12.0},{"not_picked":["Iron Wave","Warcry"],"picked":"Rampage","floor":14.0},{"not_picked":["Bludgeon","Berserk"],"picked":"Reaper","floor":16.0},{"not_picked":["Blood for Blood","Cleave"],"picked":"Battle Trance+1","floor":18.0},{"not_picked":["Thunderclap","Carnage"],"picked":"Uppercut+1","floor":19.0},{"not_picked":["Flex+1","Fire Breathing"],"picked":"Thunderclap","floor":22.0},{"not_picked":["Sentinel","Sword Boomerang"],"picked":"Seeing Red","floor":23.0},{"not_picked":["Juggernaut","Wild Strike+1"],"picked":"Impervious","floor":25.0},{"not_picked":["Heavy Blade","Uppercut"],"picked":"Wild Strike","floor":29},{"not_picked":["Searing Blow","Clash"],"picked":"Metallicize","floor":30},{"not_picked":["Heavy Blade","Headbutt+1"],"picked":"Flex+1","floor":31}],"player_experience":754327,"relics_obtained":[{"floor":6.0,"key":"Anchor"},{"floor":8.0,"key":"Bird Faced Urn"},{"floor":9.0,"key":"The Courier"},{"floor":10.0,"key":"Ornamental Fan"},{"floor":14.0,"key":"Dream Catcher"},{"floor":20.0,"key":"Necronomicon"},{"floor":23.0,"key":"Paper Frog"},{"floor":25.0,"key":"Mango"},{"floor":26.0,"key":"Pen Nib"},{"floor":29,"key":"PreservedInsect"},{"floor":31,"key":"Gambling Chip"},{"floor":31,"key":"Gremlin Horn"}],"event_choices":[{"damage_healed":0.0,"max_hp_gain":0.0,"max_hp_loss":0.0,"gold_gain":175.0,"event_name":"Liars Game","player_choice":"AGREE","floor":2.0,"gold_loss":0.0,"damage_taken":0.0,"cards_obtained":["Doubt"]},{"cards_removed":["Doubt"],"damage_healed":0.0,"max_hp_gain":0.0,"max_hp_loss":0.0,"gold_gain":0.0,"event_name":"Bonfire Elementals","player_choice":"Offered Curse","floor":3.0,"gold_loss":0.0,"damage_taken":0.0,"relics_obtained":["Spirit Poop"]},{"damage_healed":0.0,"max_hp_gain":0.0,"max_hp_loss":0.0,"gold_gain":0.0,"event_name":"Cursed Tome","player_choice":"Obtained Book","floor":20.0,"gold_loss":0.0,"damage_taken":16.0},{"damage_healed":0.0,"max_hp_gain":5.0,"max_hp_loss":0.0,"gold_gain":0.0,"event_name":"Forgotten Altar","player_choice":"Shed Blood","floor":27.0,"gold_loss":0.0,"damage_taken":22.0},{"damage_healed":0.0,"max_hp_gain":0.0,"max_hp_loss":0.0,"gold_gain":0.0,"event_name":"The Mausoleum","player_choice":"Opened","floor":28.0,"gold_loss":0.0,"damage_taken":0.0,"relics_obtained":["Smiling Mask"]},{"damage_healed":0,"gold_gain":0,"player_choice":"Fight","damage_taken":0,"max_hp_gain":0,"max_hp_loss":0,"event_name":"Colosseum","floor":31,"gold_loss":0},{"damage_healed":0,"gold_gain":0,"player_choice":"Fought Nobs","damage_taken":0,"max_hp_gain":0,"max_hp_loss":0,"event_name":"Colosseum","floor":31,"gold_loss":0}],"is_beta":false,"boss_relics":[{"not_picked":["Philosopher\u0027s Stone","SacredBark"],"picked":"Astrolabe"}],"items_purged_floors":[13,21],"is_endless":false,"potions_floor_spawned":[4,5,10,14,16,19,22,25,31],"killed_by":"Champ","ascension_level":14}}