{"host":"r4aerl4ckfvw1dw3","time":1612379344,"event":{"mods":["BaseMod","BetterRewards","Minty Spire (QoL Compilation)","Quick Restart","StSLib"],"gold_per_floor":[115,125,125,137,150,150,183,183,209,238,257,285,269,193,193,293,293,307,289,301,320,320,320,39,74,98,98,114,147,147,160,160,259,259,278,29,79,90,90,123,123,149,149,175,188,11,23,23,23],"floor_reached":48,"language":"ENG","playtime":9149,"items_purged":["Clash","Parasite"],"score":711,"play_id":"a081e3c6-3ca2-4ada-aba1-d08a8d6987de","local_time":"20210203110904","is_ascension_mode":true,"campfire_choices":[{"floor":6.0,"key":"RECALL"},{"floor":8.0,"key":"REST"},{"data":"Armaments","floor":15.0,"key":"SMITH"},{"data":"Entrench","floor":23.0,"key":"SMITH"},{"data":"Metallicize","floor":27.0,"key":"SMITH"},{"floor":30.0,"key":"REST"},{"data":"Entrench","floor":32.0,"key":"SMITH"},{"floor":41.0,"key":"REST"}],"circlet_count":0,"master_deck":["Strike_R","Strike_R","Strike_R","Strike_R","Strike_R","Defend_R","Defend_R","Defend_R","Defend_R","Bash","Impervious","Shrug It Off","Entrench+1","Reaper","Perfected Strike","Iron Wave","Metallicize+1","Juggernaut","Cleave","Armaments+1","Ghostly Armor","Thunderclap","Heavy Blade","Shrug It Off+1","Flex","Demon Form","Shrug It Off+1","Clothesline","Whirlwind","Entrench+1","Bludgeon","Heavy Blade+1","Bloodletting+1","Iron Wave+1","Body Slam+1","Power Through+1","Inflame","Flex"],"relics":["Burning Blood","Smiling Mask","Lantern","Boot","Odd Mushroom","Eternal Feather","Cursed Key","Omamori","Art of War","Regal Pillow","Tiny Chest","Runic Pyramid","Vajra","Dead Branch","Oddly Smooth Stone","Akabeko","Mummified Hand"],"acts_visited":["Exordium","TheCity","TheBeyond"],"potions_floor_usage":[47],"damage_taken":[{"damage":4.0,"enemies":"Small Slimes","floor":1.0,"turns":4.0},{"damage":8.0,"enemies":"Cultist","floor":2.0,"turns":4.0},{"damage":15.0,"enemies":"Jaw Worm","floor":4.0,"turns":5.0},{"damage":8.0,"enemies":"Blue Slaver","floor":5.0,"turns":3.0},{"damage":29.0,"enemies":"Lagavulin","floor":7.0,"turns":9.0},{"damage":33.0,"enemies":"Gremlin Nob","floor":10.0,"turns":6.0},{"damage":11.0,"enemies":"Lots of Slimes","floor":11.0,"turns":3.0},{"damage":19.0,"enemies":"The Mushroom Lair","floor":12.0,"turns":5.0},{"damage":18.0,"enemies":"Exordium Thugs","floor":13.0,"turns":4.0},{"damage":17.0,"enemies":"Slime Boss","floor":16.0,"turns":11.0},{"damage":7.0,"enemies":"Chosen","floor":18.0,"turns":4.0},{"damage":17.0,"enemies":"2 Thieves","floor":19.0,"turns":4.0},{"damage":16.0,"enemies":"Centurion and Healer","floor":20.0,"turns":6.0},{"damage":9.0,"enemies":"Snake Plant","floor":21.0,"turns":5.0},{"damage":35.0,"enemies":"Book of Stabbing","floor":25.0,"turns":6.0},{"damage":6.0,"enemies":"Shelled Parasite and Fungi","floor":28.0,"turns":7.0},{"damage":54.0,"enemies":"Slavers","floor":29.0,"turns":10.0},{"damage":24.0,"enemies":"Cultist and Chosen","floor":31.0,"turns":7.0},{"damage":42.0,"enemies":"Collector","floor":33.0,"turns":10.0},{"damage":0.0,"enemies":"Orb Walker","floor":35.0,"turns":4.0},{"damage":1.0,"enemies":"Mind Bloom Boss Battle","floor":37.0,"turns":7.0},{"damage":16.0,"enemies":"3 Shapes","floor":38.0,"turns":5.0},{"damage":57.0,"enemies":"Reptomancer","floor":40.0,"turns":9.0},{"damage":76.0,"enemies":"Nemesis","floor":42.0,"turns":9.0},{"damage":59.0,"enemies":"Reptomancer","floor":44.0,"turns":8.0},{"damage":15.0,"enemies":"Writhing Mass","floor":45.0,"turns":9.0},{"damage":24,"enemies":"Spire Growth","floor":47,"turns":5},{"damage":23,"enemies":"Jaw Worm Horde","floor":48,"turns":1}],"seed_played":"-7783191776487425867","potions_obtained":[{"floor":1.0,"key":"Explosive Potion"},{"floor":4.0,"key":"Dexterity Potion"},{"floor":12.0,"key":"Fire Potion"},{"floor":13.0,"key":"EssenceOfSteel"},{"floor":19.0,"key":"DistilledChaos"},{"floor":21.0,"key":"EssenceOfSteel"},{"floor":25.0,"key":"DistilledChaos"},{"floor":28.0,"key":"FearPotion"},{"floor":42.0,"key":"Ancient Potion"},{"floor":44.0,"key":"Energy Potion"}],"is_trial":false,"path_per_floor":["M","M","?","M","M","R","E","R","T","E","M","?","M","?","R","B",null,"M","M","M","M","?","R","$","E","T","R","M","E","R","M","R","B",null,"M","$","?","M","?","E","R","E","T","E","M","$","M","M"],"character_chosen":"IRONCLAD","items_purchased":["Demon Form","Omamori","Vajra","Block Potion","Inflame","SkillPotion"],"campfire_rested":3,"item_purchase_floors":[24,24,36,36,46,46],"current_hp_per_floor":[80,78,78,69,67,67,47,71,71,48,68,70,63,63,75,69,80,79,68,58,60,90,90,90,61,61,76,76,38,90,72,90,89,90,90,90,90,80,80,51,90,32,32,18,15,15,20,0,0],"gold":23,"neow_bonus":"ONE_RANDOM_RARE_CARD","is_daily":false,"chose_seed":false,"campfire_upgraded":4,"win_rate":0.0,"timestamp":1612379344,"path_taken":["M","M","?","M","?","R","E","R","T","E","M","?","M","?","R","BOSS","M","M","?","M","?","R","$","E","T","R","M","E","R","M","R","BOSS","M","$","?","M","?","E","R","E","T","E","M","$","M","M"],"items_purchased_type":["Card","Relic","Relic","Potion","Card","Potion"],"build_version":"2020-12-22","purchased_purges":2,"victory":false,"max_hp_per_floor":[80,80,80,80,80,80,80,80,80,80,80,80,80,80,80,80,80,80,80,80,80,90,90,90,90,90,90,90,90,90,90,90,90,90,90,90,90,90,90,90,90,90,90,90,90,87,87,87,87],"card_choices":[{"not_picked":["Pummel","Perfected Strike"],"picked":"Shrug It Off","floor":1.0},{"not_picked":["Feel No Pain","Shrug It Off"],"picked":"Entrench","floor":2.0},{"not_picked":["Evolve","Intimidate"],"picked":"Iron Wave","floor":4.0},{"not_picked":["Rupture","Heavy Blade"],"picked":"Metallicize","floor":5.0},{"not_picked":["Combust","Havoc"],"picked":"Juggernaut","floor":7.0},{"not_picked":["Twin Strike","Iron Wave"],"picked":"Cleave","floor":10.0},{"not_picked":["Metallicize","Berserk"],"picked":"Armaments","floor":11.0},{"not_picked":["Pommel Strike","Sword Boomerang"],"picked":"Ghostly Armor","floor":12.0},{"not_picked":["Uppercut","Sword Boomerang"],"picked":"Clash","floor":13.0},{"not_picked":["Brutality","Fiend Fire"],"picked":"Feed","floor":16.0},{"not_picked":["Heavy Blade","Havoc"],"picked":"Thunderclap","floor":18.0},{"not_picked":["Reckless Charge","Anger"],"picked":"Heavy Blade","floor":19.0},{"not_picked":["Twin Strike+1","Seeing Red"],"picked":"Shrug It Off+1","floor":20.0},{"not_picked":["Perfected Strike","Pommel Strike"],"picked":"Flex","floor":21.0},{"not_picked":["Anger","Flex"],"picked":"Shrug It Off+1","floor":25.0},{"not_picked":["Shrug It Off","Flex"],"picked":"Clothesline","floor":28.0},{"not_picked":["Reckless Charge","Cleave"],"picked":"Whirlwind","floor":29.0},{"not_picked":["Twin Strike","Heavy Blade+1"],"picked":"Entrench","floor":31.0},{"not_picked":["Feed","Demon Form"],"picked":"Bludgeon","floor":33.0},{"not_picked":["Pommel Strike","Clash","Carnage"],"picked":"SKIP","floor":35.0},{"not_picked":["Iron Wave","Sentinel"],"picked":"Heavy Blade+1","floor":38.0},{"not_picked":["Corruption","Uppercut"],"picked":"Bloodletting+1","floor":40.0},{"not_picked":["Twin Strike","Fire Breathing+1"],"picked":"Iron Wave+1","floor":42.0},{"not_picked":["Armaments","Searing Blow"],"picked":"Body Slam+1","floor":44.0},{"not_picked":["Havoc+1","Fire Breathing+1"],"picked":"Power Through+1","floor":45.0},{"not_picked":["Dark Embrace+1","Clash"],"picked":"Flex","floor":47}],"player_experience":472047,"relics_obtained":[{"floor":7.0,"key":"Smiling Mask"},{"floor":9.0,"key":"Lantern"},{"floor":10.0,"key":"Boot"},{"floor":12.0,"key":"Odd Mushroom"},{"floor":25.0,"key":"Art of War"},{"floor":26.0,"key":"Regal Pillow"},{"floor":29.0,"key":"Tiny Chest"},{"floor":37.0,"key":"Dead Branch"},{"floor":40.0,"key":"Oddly Smooth Stone"},{"floor":42.0,"key":"Akabeko"},{"floor":44.0,"key":"Mummified Hand"}],"event_choices":[{"damage_healed":0.0,"max_hp_gain":0.0,"max_hp_loss":0.0,"gold_gain":0.0,"event_name":"Match and Keep!","player_choice":"2 cards matched","floor":3.0,"gold_loss":0.0,"damage_taken":0.0,"cards_obtained":["Reaper","Perfected Strike"]},{"damage_healed":0.0,"max_hp_gain":0.0,"max_hp_loss":0.0,"gold_gain":0.0,"event_name":"Mushrooms","player_choice":"Fought Mushrooms","floor":12.0,"gold_loss":0.0,"damage_taken":0.0},{"damage_healed":0.0,"max_hp_gain":0.0,"max_hp_loss":0.0,"gold_gain":0.0,"event_name":"WeMeetAgain","player_choice":"Paid Gold","floor":14.0,"gold_loss":76.0,"damage_taken":0.0,"relics_obtained":["Eternal Feather"]},{"cards_removed":["Feed"],"damage_healed":20.0,"max_hp_gain":10.0,"max_hp_loss":0.0,"gold_gain":0.0,"event_name":"Bonfire Elementals","player_choice":"Offered Rare","floor":22.0,"gold_loss":0.0,"damage_taken":0.0},{"damage_healed":0.0,"max_hp_gain":0.0,"max_hp_loss":0.0,"gold_gain":0.0,"event_name":"MindBloom","player_choice":"Fight","floor":37.0,"gold_loss":0.0,"damage_taken":0.0},{"damage_healed":0.0,"max_hp_gain":0.0,"max_hp_loss":0.0,"gold_gain":0.0,"event_name":"Transmorgrifier","player_choice":"Ignored","floor":39.0,"gold_loss":0.0,"damage_taken":0.0}],"is_beta":false,"boss_relics":[{"not_picked":["Runic Dome","SacredBark"],"picked":"Cursed Key"},{"not_picked":["Astrolabe","Snecko Eye"],"picked":"Runic Pyramid"}],"items_purged_floors":[36,46],"is_endless":false,"potions_floor_spawned":[1,4,12,13,19,21,25,28,42,44],"killed_by":"Jaw Worm Horde","ascension_level":4}}