{"host":"p55ahgraoahruc9a","time":1612327897,"event":{"mods":["AchievementEnabler","BaseMod","Colored Map","Keyboard Shortcuts","Minty Spire (QoL Compilation)","Permanent Neow","Quick Restart"],"gold_per_floor":[362,378,250,265,279,312,312,331,355,355,355,355],"floor_reached":11,"language":"KOR","playtime":432,"items_purged":["Strike_R"],"score":86,"play_id":"303e5d7c-3b33-472a-afad-567a891a64f9","local_time":"20210203135137","is_ascension_mode":true,"campfire_choices":[{"data":"Body Slam","floor":7,"key":"SMITH"},{"floor":10,"key":"REST"}],"circlet_count":0,"master_deck":["Strike_R","Strike_R+1","Strike_R","Strike_R+1","Defend_R","Defend_R","Defend_R","Defend_R","Bash","Body Slam+1","Shrug It Off","Shrug It Off"],"relics":["Burning Blood","Mummified Hand","Whetstone"],"acts_visited":["Exordium"],"potions_floor_usage":[6],"damage_taken":[{"damage":0.0,"enemies":"Small Slimes","floor":1.0,"turns":3.0},{"damage":1.0,"enemies":"Cultist","floor":2.0,"turns":4.0},{"damage":6.0,"enemies":"2 Louse","floor":4.0,"turns":3.0},{"damage":14.0,"enemies":"Looter","floor":5.0,"turns":3.0},{"damage":48,"enemies":"Lagavulin","floor":6,"turns":8},{"damage":0,"enemies":"Exordium Thugs","floor":8,"turns":6},{"damage":0,"enemies":"3 Sentries","floor":11,"turns":1}],"seed_played":"-2410102760032291810","potions_obtained":[{"floor":1.0,"key":"ColorlessPotion"},{"floor":5.0,"key":"FearPotion"},{"floor":6,"key":"SneckoOil"}],"is_trial":false,"path_per_floor":["M","M","$","M","M","E","R","M","T","R","E"],"character_chosen":"IRONCLAD","items_purchased":["Shrug It Off"],"campfire_rested":1,"item_purchase_floors":[3],"current_hp_per_floor":[62,67,67,67,59,17,17,23,23,47,47,47],"gold":355,"neow_bonus":"TWO_FIFTY_GOLD","is_daily":false,"chose_seed":false,"campfire_upgraded":1,"win_rate":0.0,"timestamp":1612327897,"path_taken":["M","M","$","M","M","E","R","M","T","R","E"],"items_purchased_type":["Card"],"build_version":"2020-12-22","purchased_purges":1,"victory":false,"max_hp_per_floor":[80,80,80,80,80,80,80,80,80,80,80,80],"card_choices":[{"not_picked":["Dropkick","Thunderclap","Blood for Blood"],"picked":"SKIP","floor":1.0},{"not_picked":["Armaments","Perfected Strike"],"picked":"Body Slam","floor":2.0},{"not_picked":["Havoc","Wild Strike","Headbutt"],"picked":"SKIP","floor":4.0},{"not_picked":["Flex","Anger","True Grit"],"picked":"SKIP","floor":5.0},{"not_picked":["Fiend Fire","Infernal Blade","Iron Wave"],"picked":"SKIP","floor":6},{"not_picked":["Iron Wave","Pommel Strike"],"picked":"Shrug It Off","floor":8}],"player_experience":96558,"relics_obtained":[{"floor":6,"key":"Mummified Hand"},{"floor":9,"key":"Whetstone"}],"event_choices":[],"is_beta":false,"boss_relics":[],"items_purged_floors":[3],"is_endless":false,"potions_floor_spawned":[1,5,6],"killed_by":"3 Sentries","ascension_level":3}}