{"host":"d61fcf2p3sjwe6yo","time":1612371379,"event":{"mods":["Act Like it!","BaseMod","Colored Map","Gensokyo","Marisa????????","Minty Spire (QoL Compilation)","StSLib","SuperFastMode"],"gold_per_floor":[112,112,131,131,141,141,167,182,182,208,208,249,249,249,249,351,351,367,247,260,273,104,131,131,141,141,173,173,173],"floor_reached":28,"language":"ENG","playtime":1377,"items_purged":[],"score":281,"play_id":"050e0f99-cd2e-4f61-bae4-a4101f999f76","local_time":"20210203195619","is_ascension_mode":true,"campfire_choices":[{"data":"UpSweep","floor":6,"key":"SMITH"},{"data":"GalacticHalo","floor":11,"key":"SMITH"},{"data":"ShootTheMoon","floor":15,"key":"SMITH"},{"floor":24,"key":"REST"}],"circlet_count":0,"master_deck":["Strike_MRS","Strike_MRS","Strike_MRS","Strike_MRS","Defend_MRS","Defend_MRS","Defend_MRS","Defend_MRS","MasterSpark","UpSweep+1","GalacticHalo+1","ShootTheMoon+1","StarDustReverie","MilkyWay","PulseMagic+1","Apotheosis","MillisecondPulsars","AsteroidBelt","GalacticHalo"],"relics":["MiniHakkero","Gensokyo:OccultBall","Happy Flower","Gensokyo:Justice","Gensokyo:MarisaIngredientList","Philosopher\u0027s Stone","Gensokyo:SpiderMask","Oddly Smooth Stone","Vajra","Pear"],"acts_visited":["Gensokyo:Gensokyo","Gensokyo:Gensokyoer"],"potions_floor_usage":[10,25],"damage_taken":[{"damage":0,"enemies":"Gensokyo:2_Kodama","floor":1,"turns":3},{"damage":0,"enemies":"Gensokyo:Python","floor":3,"turns":2},{"damage":1,"enemies":"Gensokyo:3_Fairies","floor":5,"turns":4},{"damage":19,"enemies":"Gensokyo:CorruptedTreant","floor":7,"turns":3},{"damage":0,"enemies":"Gensokyo:Gryphon_and_Rabbit","floor":8,"turns":5},{"damage":4,"enemies":"Gensokyo:Mamizou","floor":10,"turns":7},{"damage":0,"enemies":"Gensokyo:LivingMonolith","floor":12,"turns":3},{"damage":24,"enemies":"Gensokyo:Kokoro","floor":16,"turns":11},{"damage":4,"enemies":"Gensokyo:Chomper","floor":18,"turns":3},{"damage":2,"enemies":"Gensokyo:2_Gloops","floor":20,"turns":3},{"damage":14,"enemies":"Gensokyo:Mirror_and_Dog","floor":21,"turns":5},{"damage":24,"enemies":"Gensokyo:Reisen","floor":23,"turns":5},{"damage":0,"enemies":"Gensokyo:Slime_Group","floor":25,"turns":3},{"damage":39,"enemies":"Gensokyo:Tenshi","floor":27,"turns":4},{"damage":25,"enemies":"Gensokyo:Monolith_and_Dog","floor":28,"turns":2}],"seed_played":"1273658032542836126","potions_obtained":[{"floor":5,"key":"DistilledChaos"},{"floor":7,"key":"BottledSpark"},{"floor":8,"key":"Ancient Potion"},{"floor":10,"key":"CultistPotion"}],"is_trial":false,"path_per_floor":["M","?","M","$","M","R","M","M","T","E","R","M","?","?","R","B",null,"M","?","M","M","$","E","R","M","T","E","M"],"character_chosen":"MARISA","items_purchased":["Apotheosis"],"campfire_rested":1,"item_purchase_floors":[22],"current_hp_per_floor":[75,75,75,75,74,74,55,55,55,51,51,51,51,51,51,27,75,71,71,69,55,55,31,53,53,53,24,0,0],"gold":173,"neow_bonus":"ONE_RANDOM_RARE_CARD","is_daily":false,"chose_seed":false,"campfire_upgraded":3,"win_rate":0.0,"timestamp":1612371379,"path_taken":["M","?","M","?","M","R","M","?","T","E","R","M","?","?","R","BOSS","M","?","M","M","$","E","R","?","T","E","M"],"items_purchased_type":["Card"],"build_version":"2020-12-22","purchased_purges":0,"victory":false,"max_hp_per_floor":[75,75,75,75,75,75,75,75,75,75,75,75,75,75,75,75,75,75,75,75,75,75,75,75,75,75,85,85,85],"card_choices":[{"not_picked":["MysteriousBeam","SporeBomb","UnstableBomb"],"picked":"SKIP","floor":1},{"not_picked":["GrandCross","GravityBeat","UnstableBomb"],"picked":"SKIP","floor":3},{"not_picked":["MysteriousBeam","MachineGunSpark"],"picked":"Robbery","floor":5},{"not_picked":["PowerUp","ShootingEcho"],"picked":"GalacticHalo","floor":7},{"not_picked":["GravityBeat","Acceleration"],"picked":"AsteroidBelt","floor":8},{"not_picked":["DC","LuminesStrike"],"picked":"ShootTheMoon","floor":10},{"not_picked":["SatelliteIllusion","NonDirectionalLaser","PowerUp"],"picked":"SKIP","floor":12},{"not_picked":["BlazingStar","SuperNova"],"picked":"StarDustReverie","floor":16},{"not_picked":["ShootingEcho","DarkMatter"],"picked":"MilkyWay","floor":18},{"not_picked":["MysteriousBeam","ChargingUp"],"picked":"PulseMagic+1","floor":20},{"not_picked":["Occultation","OpenUniverse","GrandCross"],"picked":"SKIP","floor":21},{"not_picked":["Acceleration","DoubleSpark"],"picked":"MillisecondPulsars","floor":23},{"not_picked":["UnstableBomb+1","WitchLeyline"],"picked":"AsteroidBelt","floor":25},{"not_picked":["EnergyRecoil","NonDirectionalLaser"],"picked":"GalacticHalo","floor":27}],"player_experience":247521,"relics_obtained":[{"floor":3,"key":"Gensokyo:OccultBall"},{"floor":10,"key":"Happy Flower"},{"floor":16,"key":"Gensokyo:OccultBall"},{"floor":23,"key":"Oddly Smooth Stone"},{"floor":26,"key":"Vajra"},{"floor":27,"key":"Gensokyo:OccultBall"},{"floor":27,"key":"Pear"}],"event_choices":[],"is_beta":false,"boss_relics":[{"not_picked":["Runic Pyramid","RampagingMagicTools"],"picked":"Philosopher\u0027s Stone"}],"items_purged_floors":[],"is_endless":false,"potions_floor_spawned":[5,7,8,10,12,18],"killed_by":"Gensokyo:Monolith_and_Dog","ascension_level":2}}