{"host":"a1eatafr7pisesky","time":1612348353,"event":{"mods":["AchievementEnabler","BaseMod","Colored Map","Keyboard Shortcuts","Minty Spire (QoL Compilation)","Say the Spire","StSLib","SuperFastMode","everything is the same but u backflip on backflip"],"gold_per_floor":[116,136,150,160,15,42,42,68,120,138,138,2,16,46,46,119,119,133,59,59,47,47,81,81,111,111,130,163,113,113,113],"floor_reached":30,"language":"KOR","playtime":764,"items_purged":["Strike_B","Strike_B"],"score":524,"play_id":"859d5471-4ca3-48f9-95ba-fa7b05864f7d","local_time":"20210203193233","is_ascension_mode":true,"campfire_choices":[{"floor":7,"key":"REST"},{"data":"Turbo","floor":11,"key":"SMITH"},{"floor":15,"key":"REST"},{"floor":24,"key":"REST"}],"circlet_count":0,"master_deck":["AscendersBane","Zap","Dualcast","Doom and Gloom","Ball Lightning","Leap","BootSequence","Self Repair","Turbo+1","Core Surge","Defragment","Ball Lightning","Cold Snap","Biased Cognition","Capacitor","Echo Form","Consume","All For One","White Noise","Genetic Algorithm","Chill+1","Decay","Compile Driver","Skim","Cold Snap","Barrage"],"relics":["Cracked Core","NeowsBlessing","Darkstone Periapt","StrikeDummy","MealTicket","Anchor","Pandora\u0027s Box","Shovel","Turnip","Symbiotic Virus","Juzu Bracelet"],"acts_visited":["Exordium","TheCity"],"potions_floor_usage":[16,18,19,23,28,28],"damage_taken":[{"damage":0,"enemies":"2 Louse","floor":1,"turns":1},{"damage":0,"enemies":"Small Slimes","floor":2,"turns":1},{"damage":0,"enemies":"Jaw Worm","floor":3,"turns":1},{"damage":11,"enemies":"Blue Slaver","floor":4,"turns":4},{"damage":16,"enemies":"Lagavulin","floor":6,"turns":6},{"damage":16,"enemies":"3 Sentries","floor":8,"turns":4},{"damage":15,"enemies":"Exordium Thugs","floor":10,"turns":4},{"damage":6,"enemies":"3 Louse","floor":13,"turns":2},{"damage":30,"enemies":"Lagavulin","floor":14,"turns":5},{"damage":38,"enemies":"Hexaghost","floor":16,"turns":9},{"damage":50,"enemies":"3 Byrds","floor":18,"turns":5},{"damage":9,"enemies":"2 Thieves","floor":21,"turns":4},{"damage":37,"enemies":"Slavers","floor":23,"turns":6},{"damage":43,"enemies":"Book of Stabbing","floor":25,"turns":7},{"damage":16,"enemies":"Shelled Parasite and Fungi","floor":27,"turns":7},{"damage":7,"enemies":"Slavers","floor":28,"turns":4},{"damage":17,"enemies":"3 Cultists","floor":30,"turns":4}],"seed_played":"1068824329342296940","potions_obtained":[{"floor":1,"key":"FocusPotion"},{"floor":8,"key":"SkillPotion"},{"floor":18,"key":"Fruit Juice"},{"floor":23,"key":"FocusPotion"},{"floor":27,"key":"DistilledChaos"}],"is_trial":false,"path_per_floor":["M","M","M","M","$","E","R","E","T","M","R","$","M","E","R","B",null,"M","$","?","M","?","E","R","E","T","M","E","?","M"],"character_chosen":"DEFECT","items_purchased":["Self Repair","Defragment","EssenceOfSteel"],"campfire_rested":3,"item_purchase_floors":[5,12,19],"current_hp_per_floor":[64,64,64,53,53,44,65,56,56,48,48,63,57,34,55,24,59,9,29,35,33,60,30,54,25,25,16,16,16,0,0],"gold":113,"neow_bonus":"THREE_ENEMY_KILL","is_daily":false,"chose_seed":false,"campfire_upgraded":1,"win_rate":0.0,"timestamp":1612348353,"path_taken":["M","M","M","M","$","E","R","E","T","M","R","$","M","E","R","BOSS","M","$","?","M","?","E","R","E","T","?","E","?","M"],"items_purchased_type":["Card","Card","Potion"],"build_version":"2020-12-22","purchased_purges":2,"victory":false,"max_hp_per_floor":[71,71,71,71,71,71,71,71,71,71,71,71,71,71,71,71,71,71,76,82,82,82,82,82,82,82,82,82,82,82,82],"card_choices":[{"not_picked":["Coolheaded","Leap"],"picked":"Doom and Gloom","floor":1},{"not_picked":["Loop","Barrage"],"picked":"Ball Lightning","floor":2},{"not_picked":["Streamline","Gash"],"picked":"Leap","floor":3},{"not_picked":["Turbo","Coolheaded"],"picked":"BootSequence","floor":4},{"not_picked":["Steam","Hologram"],"picked":"Turbo","floor":6},{"not_picked":["Multi-Cast","Redo"],"picked":"Core Surge","floor":8},{"not_picked":["Steam","Barrage","Rebound"],"picked":"SKIP","floor":10},{"not_picked":["Hologram","Coolheaded"],"picked":"Ball Lightning","floor":13},{"not_picked":["Turbo","Aggregate"],"picked":"Cold Snap","floor":14},{"not_picked":["Amplify","Meteor Strike"],"picked":"Biased Cognition","floor":16},{"not_picked":["Ball Lightning","Cold Snap"],"picked":"Chill+1","floor":18},{"not_picked":["Barrage","Consume"],"picked":"Compile Driver","floor":21},{"not_picked":["Double Energy","Scrape+1","Rebound"],"picked":"SKIP","floor":23},{"not_picked":["Doom and Gloom+1","Scrape"],"picked":"Skim","floor":25},{"not_picked":["Static Discharge","Rebound"],"picked":"Cold Snap","floor":27},{"not_picked":["Go for the Eyes","Buffer"],"picked":"Barrage","floor":28}],"player_experience":393666,"relics_obtained":[{"floor":6,"key":"Darkstone Periapt"},{"floor":8,"key":"StrikeDummy"},{"floor":9,"key":"MealTicket"},{"floor":14,"key":"Anchor"},{"floor":23,"key":"Shovel"},{"floor":25,"key":"Turnip"},{"floor":26,"key":"Symbiotic Virus"},{"floor":28,"key":"Juzu Bracelet"}],"event_choices":[{"damage_healed":0,"gold_gain":0,"player_choice":"Smashed Altar","damage_taken":0,"max_hp_gain":0,"max_hp_loss":0,"event_name":"Forgotten Altar","floor":20,"gold_loss":0,"cards_obtained":["Decay"]},{"damage_healed":27,"gold_gain":0,"player_choice":"Heal","damage_taken":0,"max_hp_gain":0,"max_hp_loss":0,"event_name":"The Library","floor":22,"gold_loss":0},{"damage_healed":0,"gold_gain":0,"player_choice":"Bet on Murderer","damage_taken":0,"max_hp_gain":0,"max_hp_loss":0,"event_name":"The Joust","floor":29,"gold_loss":50}],"is_beta":false,"boss_relics":[{"not_picked":["Ectoplasm","Empty Cage"],"picked":"Pandora\u0027s Box"}],"items_purged_floors":[5,12],"is_endless":false,"potions_floor_spawned":[1,8,13,14,18,23,27],"killed_by":"3 Cultists","ascension_level":14}}