{"host":"m8o7tt929h4qck9e","time":1612374565,"event":{"mods":["Act Like it!","Aspiration","BaseMod","Better Third Choice","BetterRewards","Card Forge","Colored Powertips","Conspire","Defuse TimeMaze Blight","Friendly Minions","Gensokyo","Halation","Hubris","Infinite Spire","Jedi Mod","Minty Spire (QoL Compilation)","Replay The Spire","Shop Mod","Spicy Shops","StSLib","The Jungle","TheVelvet","Transform Curses","??????REMEMod"],"gold_per_floor":[109,109,121,121,140,140,140,152,152,152,152,124,143,143,143,240,240,459,459,459,476,476,476,506,260,310,342,98,130,80,40,40,159,159,192,192,192,228,150,179,215,251,251,293,293,131,131,131,131,155],"floor_reached":51,"language":"ENG","playtime":7922,"items_purged":["hadesmod:Strike","hadesmod:Dash"],"score":830,"play_id":"61f09f9b-abb9-4fd3-ae82-5424cd33aed7","local_time":"20210203124925","is_ascension_mode":false,"campfire_choices":[{"data":"hadesmod:Defend","floor":6.0,"key":"PURGE"},{"data":"hadesmod:Strike","floor":7.0,"key":"PURGE"},{"data":"hadesmod:PrepareAttack","floor":10.0,"key":"SMITH"},{"data":"hadesmod:SwapStrike","floor":23.0,"key":"SMITH"},{"data":"hadesmod:Strike","floor":32.0,"key":"PURGE"},{"data":"hadesmod:Defend","floor":47,"key":"PURGE"},{"data":"hadesmod:Defend","floor":48,"key":"SMITH"},{"data":"hadesmod:Defend","floor":49,"key":"SMITH"}],"circlet_count":0,"master_deck":["hadesmod:SwapStrike+","hadesmod:Defend+1","hadesmod:Defend+1","hadesmod:PrepareAttack+","jedi:forcepush+1","hadesmod:BarrageStrike+1","hadesmod:DeepPull+1","jedi:forcepull+1","hadesmod:CrescentStrike+1","hadesmod:Restrikeler+","hadesmod:DrawDamage+1"],"relics":["hadesmod:WeaponCharger","Hammer of Thor","Seething Fire","Anvil of the Gods","REME_ComplimentaryCards","Peace Pipe","REME_CardOfGreed","Happy Flower","Golden Egg","Gensokyo:Justice","hubris:Reverence","Membership Card","MerchantsRug","TheAbacus","Vajra","Replay:Bandana","hubris:EmptyBottle","Sozu","halation:VictoryRuler","Unceasing Top","Medical Kit","halation:PinkSoulGem","halation:Komachan"],"acts_visited":["Exordium","Gensokyo:Gensokyo","Gensokyo:Gensokyoer"],"potions_floor_usage":[42,50,50,50,50,50],"damage_taken":[{"damage":0.0,"enemies":"Gensokyo:2_Kodama","floor":1.0,"turns":3.0},{"damage":0.0,"enemies":"Gensokyo:Gryphon","floor":3.0,"turns":2.0},{"damage":0.0,"enemies":"Gensokyo:3_Fairies","floor":5.0,"turns":3.0},{"damage":0.0,"enemies":"Gensokyo:2_Rabbits","floor":8.0,"turns":3.0},{"damage":0.0,"enemies":"Gensokyo:3_Kodama","floor":13.0,"turns":4.0},{"damage":10.0,"enemies":"Gensokyo:Kokoro","floor":16.0,"turns":13.0},{"damage":3.0,"enemies":"Gensokyo:2_Gloops","floor":18.0,"turns":4.0},{"damage":0.0,"enemies":"Gensokyo:Chomper","floor":21.0,"turns":2.0},{"damage":33.0,"enemies":"Gensokyo:Koishi","floor":24.0,"turns":7.0},{"damage":0.0,"enemies":"Gensokyo:3_Gloops","floor":27.0,"turns":3.0},{"damage":0.0,"enemies":"Gensokyo:Swordslinger","floor":29.0,"turns":3.0},{"damage":1.0,"enemies":"Gensokyo:Eiki","floor":33.0,"turns":4.0},{"damage":0,"enemies":"Gensokyo:AncientGuardian","floor":35,"turns":3},{"damage":0,"enemies":"Gensokyo:3_Boulders","floor":38,"turns":3},{"damage":0,"enemies":"Gensokyo:SeedOfUnknown","floor":40,"turns":2},{"damage":0,"enemies":"Gensokyo:Rafflesia","floor":41,"turns":3},{"damage":0,"enemies":"Gensokyo:Dusk_and_Dawn","floor":42,"turns":3},{"damage":0,"enemies":"Gensokyo:3_Boulders","floor":44,"turns":5},{"damage":0,"enemies":"Gensokyo:Yuyuko","floor":50,"turns":4}],"seed_played":"7001971397267878066","potions_obtained":[{"floor":1.0,"key":"jedi:wingpotion"},{"floor":5.0,"key":"Block Potion"},{"floor":8.0,"key":"Venom Potion"},{"floor":21.0,"key":"Swift Potion"},{"floor":29.0,"key":"EssenceOfSteel"},{"floor":33.0,"key":"Fire Potion"}],"is_trial":false,"path_per_floor":["M","?","M","?","M","R","R","M","T","R","$","COS","M","?","R","B",null,"M","?","AVR","M","?","R","E","$","T","M","COS","M","?","?","R","B",null,"M","?","AVR","M","$","M","M","M","T","M","?","COS","R","R","R","B",null],"character_chosen":"THE_HUNTRESS","items_purchased":["Peace Pipe","hadesmod:PrepareAttack","jedi:forcepush","REME_CardOfGreed","ColorlessPotion","Membership Card","MerchantsRug","TheAbacus","Strength Potion","jedi:forcepull","hadesmod:CrescentStrike","Vajra","Medical Kit"],"campfire_rested":0,"item_purchase_floors":[0,0,0,0,0,25,25,25,25,25,25,25,39],"current_hp_per_floor":[33,39,39,39,39,39,39,39,39,39,39,39,39,39,57,47,60,57,62,62,62,65,65,32,32,32,65,65,65,72,72,72,71,72,72,72,72,72,72,72,72,72,72,72,72,72,72,72,72,72],"gold":155,"neow_bonus":"","is_daily":false,"chose_seed":false,"campfire_upgraded":4,"win_rate":0.0,"timestamp":1612374565,"path_taken":["M","?","?","?","?","R","R","M","T","R","?","COS","M","?","R","BOSS","M","?","AVR","M","?","R","E","$","T","?","COS","M","?","?","R","BOSS","M","?","AVR","M","$","?","M","M","T","M","?","COS","R","R","R","BOSS"],"items_purchased_type":["Relic","Card","Card","Relic","Potion","Relic","Relic","Relic","Potion","Card","Card","Relic","Relic"],"build_version":"2020-12-22","purchased_purges":2,"victory":true,"max_hp_per_floor":[60,60,60,60,60,60,60,60,60,60,60,60,60,60,60,60,60,60,65,65,65,65,65,65,65,65,65,65,65,72,72,72,72,72,72,72,72,72,72,72,72,72,72,72,72,72,72,72,72,72],"card_choices":[{"not_picked":["hadesmod:FulcrumStrike","hadesmod:FierceCry"],"picked":"hadesmod:WeakWep","floor":1.0},{"not_picked":["hadesmod:Snapshoot","hadesmod:CerberusStrike","hadesmod:GlanceShot"],"picked":"SKIP","floor":3.0},{"not_picked":["hadesmod:SelfieForm","hadesmod:IThinkEyePatchesAreHot","hadesmod:Hitpower"],"picked":"SKIP","floor":5.0},{"not_picked":["hadesmod:WeakWep","hadesmod:FulcrumStrike","hadesmod:CameraSmack"],"picked":"SKIP","floor":8.0},{"not_picked":["hadesmod:DigIn","hadesmod:GlanceShot","hadesmod:PrepareAttack"],"picked":"SKIP","floor":13.0},{"not_picked":["hadesmod:SapPower","hadesmod:PotionSlam"],"picked":"hadesmod:BarrageStrike","floor":16.0},{"not_picked":["hadesmod:JinnsKnowledge+1","hadesmod:GunCameras","hadesmod:MailBomb"],"picked":"SKIP","floor":18.0},{"not_picked":["hadesmod:ArraysEmbrace","hadesmod:SelfieForm"],"picked":"hadesmod:DeepPull","floor":20.0},{"not_picked":["hadesmod:PrepareAttack","hadesmod:CerberusStrike","hadesmod:Spin"],"picked":"SKIP","floor":21.0},{"not_picked":["hadesmod:Strikeshield+","hadesmod:Focus","hadesmod:CarePackage"],"picked":"SKIP","floor":24.0},{"not_picked":["hadesmod:WeakWep","hadesmod:JinnsKnowledge"],"picked":"hadesmod:Restrikeler","floor":27.0},{"not_picked":["hadesmod:YatsuhashisDefence+","hadesmod:Snapshoot","hadesmod:GlanceShot"],"picked":"SKIP","floor":29.0},{"not_picked":["hadesmod:StrengthOfAlistar","hadesmod:ArrayStrike"],"picked":"hadesmod:DrawDamage","floor":33.0},{"not_picked":["hadesmod:IThinkEyePatchesAreHot","hadesmod:Strikeshield+1","hadesmod:Claws"],"picked":"SKIP","floor":35},{"not_picked":["hadesmod:AuraAmp","hadesmod:CerberusStrike+1","hadesmod:Hitpower"],"picked":"SKIP","floor":38},{"not_picked":["hadesmod:Slide","hadesmod:PrepareAttack","hadesmod:ArcFortify"],"picked":"SKIP","floor":40},{"not_picked":["hadesmod:IThinkEyePatchesAreHot","hadesmod:Snapshoot","hadesmod:YatsuhashisDefence"],"picked":"SKIP","floor":41},{"not_picked":["hadesmod:Focus","hadesmod:BitByBit+","hadesmod:GlanceShot"],"picked":"SKIP","floor":42},{"not_picked":["hadesmod:Slide+1","hadesmod:GunCameras","hadesmod:ArrayBlast+1"],"picked":"SKIP","floor":44}],"player_experience":29783,"relics_obtained":[{"floor":9.0,"key":"Golden Egg"},{"floor":24.0,"key":"hubris:Reverence"},{"floor":26.0,"key":"Replay:Bandana"}],"event_choices":[],"is_beta":false,"boss_relics":[{"not_picked":["Snecko Eye","Runic Dome"],"picked":"conspire:SeveredTorchhead"},{"not_picked":["halation:Yufonium","Honey Jar"],"picked":"Sozu"}],"items_purged_floors":[0,0],"is_endless":false,"potions_floor_spawned":[1,5,8,21,29,33,35,41,44],"ascension_level":0}}