{"host":"drjz7zl15rqtgg20","time":1612384437,"event":{"mods":["BaseMod","Colored Map","Downfall","Minty Spire (QoL Compilation)","Permanent Neow","Quick Restart","StSLib"],"gold_per_floor":[99,113,123,123,123,141,141,51,51,70,95,95,124,143,158,261,261,61,80,93,105,20,50,50,50,66,66,100,0,11,39,68,176,188,200,229,251,280,310,342,354,393,422,434,434,434],"floor_reached":44,"language":"ENG","playtime":2246,"items_purged":["downfall:Malfunctioning"],"score":594,"play_id":"cc208de9-20ac-4ade-8ea2-8129a330018b","local_time":"20210203153357","is_ascension_mode":true,"campfire_choices":[{"floor":1,"key":"RECALL"},{"data":"bronze:DelayedSlice","floor":9,"key":"SMITH"},{"floor":12,"key":"REST"},{"data":"bronze:RecursiveStrike","floor":18,"key":"SMITH"},{"data":"bronze:ChosenStrike","floor":25,"key":"SMITH"},{"data":"bronze:BronzeOrb","floor":27,"key":"SMITH"},{"data":"bronze:Flail","floor":29,"key":"SMITH"},{"data":"bronze:InfiniteBeams","floor":35,"key":"SMITH"}],"circlet_count":0,"master_deck":["bronze:Strike+1","bronze:Strike","bronze:Strike","bronze:Strike+1","bronze:Defend","bronze:Defend","bronze:Defend","bronze:Defend","bronze:Replicate+1","bronze:Goto+1","bronze:Invalidate+1","bronze:Boost+1","bronze:DelayedSlice+1","bronze:BronzeOrb+1","bronze:Flail+1","bronze:RecursiveStrike+1","bronze:Overheat+1","bronze:ChosenStrike+1","bronze:InfiniteBeams+1","bronze:BronzeOrb+1","bronze:Terminator+1","bronze:ForLoop+1","bronze:SpaghettiCode+1","bronze:Deprecate+1"],"relics":["bronze:PlatinumCore","bronze:ProtectiveGoggles","Bag of Marbles","Blood Vial","Sozu","downfall:HeartBlessingRed","downfall:HeartBlessingGreen","The Courier","Toxic Egg 2","Darkstone Periapt","downfall:HeartBlessingBlue","MawBank","CaptainsWheel","Bird Faced Urn"],"acts_visited":["Exordium","TheCity","TheBeyond"],"potions_floor_usage":[23,38],"damage_taken":[{"damage":0,"enemies":"Small Slimes","floor":2,"turns":4},{"damage":1,"enemies":"Jaw Worm","floor":3,"turns":5},{"damage":0,"enemies":"Cultist","floor":6,"turns":3},{"damage":2,"enemies":"downfall:FleeingMerchant","floor":8,"turns":4},{"damage":4,"enemies":"Gremlin Gang","floor":10,"turns":3},{"damage":22,"enemies":"Gremlin Nob","floor":11,"turns":3},{"damage":8,"enemies":"3 Sentries","floor":13,"turns":5},{"damage":0,"enemies":"Red Slaver","floor":14,"turns":1},{"damage":0,"enemies":"Large Slime","floor":15,"turns":3},{"damage":7,"enemies":"WA_ARCHETYPE_RETAIN","floor":16,"turns":4},{"damage":0,"enemies":"3 Byrds","floor":19,"turns":2},{"damage":0,"enemies":"Sentry and Sphere","floor":20,"turns":2},{"damage":0,"enemies":"3 Cultists","floor":21,"turns":2},{"damage":11,"enemies":"downfall:FleeingMerchant","floor":22,"turns":4},{"damage":0,"enemies":"Slavers","floor":23,"turns":2},{"damage":0,"enemies":"Centurion and Healer","floor":26,"turns":3},{"damage":0,"enemies":"Gremlin Leader","floor":28,"turns":2},{"damage":0,"enemies":"Snake Plant","floor":30,"turns":1},{"damage":18,"enemies":"Book of Stabbing","floor":31,"turns":3},{"damage":0,"enemies":"Snecko","floor":32,"turns":1},{"damage":8,"enemies":"IC_MUSHROOM_ARCHETYPE","floor":33,"turns":4},{"damage":0,"enemies":"3 Darklings","floor":36,"turns":2},{"damage":0,"enemies":"3 Shapes","floor":37,"turns":2},{"damage":28,"enemies":"Writhing Mass","floor":38,"turns":3},{"damage":0,"enemies":"3 Darklings","floor":39,"turns":1},{"damage":0,"enemies":"Transient","floor":40,"turns":5},{"damage":54,"enemies":"Giant Head","floor":42,"turns":7},{"damage":0,"enemies":"Spire Growth","floor":43,"turns":2},{"damage":8,"enemies":"Nemesis","floor":44,"turns":2}],"seed_played":"-1542069920003316982","potions_obtained":[{"floor":3,"key":"bronze:FreeFunctionsPotion"},{"floor":14,"key":"PowerPotion"},{"floor":15,"key":"ColorlessPotion"}],"is_trial":false,"path_per_floor":["R","M","M","?","?","M","T","$","R","M","E","R","E","M","M","B",null,"R","M","M","M","$","E","T","R","M","R","E","R","M","E","M","B",null,"R","M","M","M","M","M","T","E","M","E"],"character_chosen":"THE_AUTOMATON","items_purchased":["bronze:InfiniteBeams"],"campfire_rested":1,"item_purchase_floors":[22],"current_hp_per_floor":[70,70,69,69,69,69,69,67,67,63,41,62,54,56,58,53,70,70,70,70,70,59,61,61,61,63,63,65,75,77,61,63,57,80,80,80,80,52,54,56,56,4,6,0,0,0],"gold":434,"neow_bonus":"RANDOM_COMMON_RELIC","is_daily":false,"chose_seed":false,"campfire_upgraded":6,"win_rate":0.0,"timestamp":1612384437,"path_taken":["R","M","M","?","?","?","T","$","R","M","E","R","E","M","M","BOSS","R","M","M","M","$","E","T","R","M","R","E","R","M","E","M","BOSS","R","M","M","?","?","M","T","E","M","E"],"items_purchased_type":["Card"],"build_version":"2020-12-22","purchased_purges":1,"victory":false,"max_hp_per_floor":[70,70,70,70,70,70,70,70,70,70,70,70,70,70,70,70,70,70,70,70,70,70,70,70,70,70,70,70,80,80,80,80,80,80,80,80,80,80,80,80,80,80,80,80,80,80],"card_choices":[{"not_picked":["bronze:BugBarrage","bronze:Repulsor"],"picked":"bronze:Invalidate","floor":2},{"not_picked":["bronze:BitShift","bronze:Invalidate"],"picked":"bronze:Boost","floor":3},{"not_picked":["bronze:Frontload","bronze:Invalidate"],"picked":"bronze:DelayedSlice","floor":6},{"not_picked":["bronze:DarkDash","bronze:ShipIt","bronze:CloningBeam"],"picked":"SKIP","floor":8},{"not_picked":["bronze:Branch","bronze:DelayedSlice","bronze:WildBeam"],"picked":"SKIP","floor":10},{"not_picked":["bronze:Overheat","bronze:NullPointer","bronze:SpaghettiCode"],"picked":"SKIP","floor":11},{"not_picked":["bronze:CutThrough","bronze:ChildClass"],"picked":"bronze:BronzeOrb","floor":13},{"not_picked":["bronze:BronzeOrb","bronze:DelayedGuard","bronze:Safeguard"],"picked":"SKIP","floor":14},{"not_picked":["bronze:Refactor","bronze:Invalidate"],"picked":"bronze:Flail","floor":15},{"not_picked":["bronze:SpaghettiCode","bronze:Mutator"],"picked":"bronze:RecursiveStrike","floor":16},{"not_picked":["bronze:ChildClass","bronze:Turbo","bronze:DelayedGuard"],"picked":"SKIP","floor":19},{"not_picked":["bronze:BitShift","bronze:Turbo","bronze:Refactor+1"],"picked":"SKIP","floor":20},{"not_picked":["bronze:Turbo+1","bronze:Fortify"],"picked":"bronze:Overheat+1","floor":21},{"not_picked":["bronze:Separator","bronze:DelayedSlice"],"picked":"bronze:ChosenStrike","floor":22},{"not_picked":["bronze:NullPointer","bronze:ChosenStrike"],"picked":"bronze:BronzeOrb+1","floor":23},{"not_picked":["bronze:Overheat","bronze:ChosenStrike+1"],"picked":"bronze:Terminator+1","floor":26},{"not_picked":["bronze:InfiniteLoop","bronze:Frontload+1","bronze:Repulsor"],"picked":"SKIP","floor":28},{"not_picked":["bronze:BitShift+1","bronze:FollowUp+1"],"picked":"bronze:ForLoop+1","floor":30},{"not_picked":["bronze:Boost+1","bronze:Repulsor","bronze:InfiniteBeams"],"picked":"SKIP","floor":31},{"not_picked":["bronze:ItsAFeature","bronze:Shield+1","bronze:Return+1"],"picked":"SKIP","floor":32},{"not_picked":["bronze:ShipIt","bronze:CleanCode"],"picked":"bronze:SpaghettiCode+1","floor":33},{"not_picked":["bronze:DelayedSlice","bronze:Iterate","bronze:Repair+1"],"picked":"SKIP","floor":36},{"not_picked":["bronze:Invalidate+1","bronze:WhirlingStrike","bronze:Branch"],"picked":"SKIP","floor":37},{"not_picked":["bronze:DelayedGuard+1","bronze:BuggyMess+1","bronze:ItsAFeature"],"picked":"SKIP","floor":38},{"not_picked":["bronze:ForLoop+1","bronze:ItsAFeature","bronze:Shield+1"],"picked":"SKIP","floor":39},{"not_picked":["bronze:ItsAFeature","bronze:Frontload+1"],"picked":"bronze:Deprecate+1","floor":40},{"not_picked":["bronze:NullPointer","bronze:Philosophize+1","bronze:BitShift+1"],"picked":"SKIP","floor":42},{"not_picked":["bronze:Branch","bronze:BronzeArmor+1","bronze:WildBeam"],"picked":"SKIP","floor":43}],"player_experience":649940,"relics_obtained":[{"floor":11,"key":"Bag of Marbles"},{"floor":13,"key":"Blood Vial"},{"floor":23,"key":"The Courier"},{"floor":24,"key":"Toxic Egg 2"},{"floor":28,"key":"Darkstone Periapt"},{"floor":31,"key":"MawBank"},{"floor":41,"key":"CaptainsWheel"},{"floor":42,"key":"Bird Faced Urn"}],"event_choices":[],"is_beta":false,"boss_relics":[{"not_picked":["SlaversCollar","Velvet Choker"],"picked":"Sozu"},{"not_picked":["Pandora\u0027s Box","bronze:MakeshiftBattery"],"picked":"bronze:PlatinumCore"}],"items_purged_floors":[8],"is_endless":false,"potions_floor_spawned":[3,14,15,16,20,21,26,31,33,38,40,42,43],"killed_by":"Nemesis","ascension_level":1}}