{"host":"sav7uxregyirlf69","time":1612364221,"event":{"mods":["AchievementEnabler","BaseMod","Colored Map","DeckTracker","Keyboard Shortcuts","Minty Spire (QoL Compilation)","READ ME - Guardian Mod","StSLib","SuperFastMode"],"gold_per_floor":[113,113,113,130,55,55,84,84,84,101,101,119,148,168,168,240,240,258,183,183,201,201,201,228,228,228,260,260,560,590,172,172,251,251,269,269,294,304,322,12,12,40,40,40,0,11,31,48,48,48,48,48,48,21,21,21],"floor_reached":55,"language":"KOR","playtime":1389,"items_purged":["Strike_G","Defend_G"],"score":2272,"play_id":"6cdfd2e5-977f-4151-bd44-70d361b38f30","local_time":"20210203235701","is_ascension_mode":true,"campfire_choices":[{"data":"Crippling Poison","floor":6.0,"key":"SMITH"},{"data":"Die Die Die","floor":11.0,"key":"SMITH"},{"data":"Bouncing Flask","floor":15.0,"key":"SMITH"},{"data":"Phantasmal Killer","floor":23.0,"key":"SMITH"},{"floor":25.0,"key":"REST"},{"data":"Cloak And Dagger","floor":28.0,"key":"SMITH"},{"data":"Catalyst","floor":32.0,"key":"SMITH"},{"data":"Well Laid Plans","floor":41.0,"key":"SMITH"},{"data":"Burst","floor":44.0,"key":"SMITH"},{"floor":49.0,"key":"RECALL"},{"data":"Acrobatics","floor":53.0,"key":"SMITH"}],"circlet_count":0,"master_deck":["AscendersBane","Defend_G","Survivor","Crippling Poison+1","Finisher","Die Die Die+1","Cloak And Dagger+1","Bouncing Flask+1","Adrenaline","Dash+1","Prepared+1","Bullet Time+1","Leg Sweep+1","Phantasmal Killer+1","Catalyst+1","Well Laid Plans+1","Blade Dance","Backflip","Tactician+1","Calculated Gamble","Burst+1","Finesse","After Image","Backflip+1","Acrobatics+1","Catalyst"],"relics":["Ring of the Snake","NeowsBlessing","Bag of Marbles","Oddly Smooth Stone","Astrolabe","Nunchaku","Gremlin Horn","Potion Belt","Old Coin","Akabeko","Membership Card","Blood Vial","Empty Cage","TungstenRod","Boot","Vajra","Red Mask"],"acts_visited":["Exordium","TheCity","TheBeyond","TheEnding"],"potions_floor_usage":[],"damage_taken":[{"damage":0.0,"enemies":"Jaw Worm","floor":1.0,"turns":1.0},{"damage":0.0,"enemies":"2 Louse","floor":4.0,"turns":1.0},{"damage":0.0,"enemies":"Lagavulin","floor":7.0,"turns":1.0},{"damage":0.0,"enemies":"Small Slimes","floor":10.0,"turns":2.0},{"damage":3.0,"enemies":"Looter","floor":12.0,"turns":2.0},{"damage":0.0,"enemies":"Gremlin Nob","floor":13.0,"turns":1.0},{"damage":8.0,"enemies":"Large Slime","floor":14.0,"turns":6.0},{"damage":5.0,"enemies":"The Guardian","floor":16.0,"turns":8.0},{"damage":0.0,"enemies":"2 Thieves","floor":18.0,"turns":3.0},{"damage":7.0,"enemies":"Chosen","floor":21.0,"turns":4.0},{"damage":37.0,"enemies":"Book of Stabbing","floor":24.0,"turns":6.0},{"damage":0.0,"enemies":"Gremlin Leader","floor":27.0,"turns":3.0},{"damage":4.0,"enemies":"Book of Stabbing","floor":30.0,"turns":4.0},{"damage":0.0,"enemies":"Collector","floor":33.0,"turns":3.0},{"damage":0.0,"enemies":"3 Darklings","floor":35.0,"turns":3.0},{"damage":3.0,"enemies":"Mind Bloom Boss Battle","floor":37.0,"turns":6.0},{"damage":0.0,"enemies":"3 Shapes","floor":38.0,"turns":1.0},{"damage":7.0,"enemies":"Writhing Mass","floor":39.0,"turns":6.0},{"damage":21.0,"enemies":"Nemesis","floor":42.0,"turns":7.0},{"damage":0.0,"enemies":"Sphere and 2 Shapes","floor":46.0,"turns":2.0},{"damage":0.0,"enemies":"4 Shapes","floor":47.0,"turns":2.0},{"damage":0.0,"enemies":"Transient","floor":48.0,"turns":6.0},{"damage":41.0,"enemies":"Awakened One","floor":50.0,"turns":16.0},{"damage":0.0,"enemies":"Time Eater","floor":51.0,"turns":4.0},{"damage":26,"enemies":"Shield and Spear","floor":55,"turns":3}],"seed_played":"-2354425416350959495","potions_obtained":[{"floor":1.0,"key":"CunningPotion"},{"floor":10.0,"key":"PowerPotion"},{"floor":14.0,"key":"Regen Potion"},{"floor":24.0,"key":"Weak Potion"},{"floor":30.0,"key":"LiquidMemories"},{"floor":38.0,"key":"Strength Potion"},{"floor":42.0,"key":"SpeedPotion"},{"floor":46.0,"key":"LiquidMemories"}],"is_trial":false,"path_per_floor":["M","?","?","M","?","R","E","?","T","M","R","M","E","M","R","B",null,"M","?","?","M","?","R","E","R","T","E","R","T","E","$","R","B",null,"M","?","?","M","M","$","R","E","T","R","?","M","M","M","R","B","B",null,"R","$","E"],"character_chosen":"THE_SILENT","items_purchased":["Membership Card","Well Laid Plans","Blade Dance","DistilledChaos","Blood Vial","DuplicationPotion","Burst","Boot","Finesse","After Image","SpeedPotion"],"campfire_rested":1,"item_purchase_floors":[31,31,31,31,31,31,40,40,40,40,54],"current_hp_per_floor":[59,59,59,59,59,59,59,52,52,52,52,49,49,41,41,36,59,59,59,41,34,34,34,12,33,33,33,33,33,29,29,29,31,61,63,63,62,64,59,59,59,40,40,40,40,42,44,46,46,7,9,56,56,56,32,32],"gold":21,"neow_bonus":"THREE_ENEMY_KILL","is_daily":false,"chose_seed":false,"campfire_upgraded":9,"win_rate":0.0,"timestamp":1612364221,"path_taken":["M","?","?","M","?","R","E","?","T","M","R","M","E","M","R","BOSS","M","?","?","M","?","R","E","R","T","E","R","?","E","$","R","BOSS","M","?","?","M","M","$","R","E","T","R","?","M","M","M","R","BOSS","BOSS","R","$","E"],"items_purchased_type":["Relic","Card","Card","Potion","Relic","Potion","Card","Relic","Card","Card","Potion"],"build_version":"2020-12-22","purchased_purges":2,"victory":false,"max_hp_per_floor":[66,66,66,66,66,66,66,66,66,66,66,66,66,66,66,66,66,66,66,71,71,71,71,71,71,71,71,71,71,71,71,71,71,71,71,71,71,71,71,71,71,71,71,71,71,71,71,71,71,71,71,71,71,71,71,71],"card_choices":[{"not_picked":["Blur","Sucker Punch"],"picked":"Dagger Throw","floor":1.0},{"not_picked":["Distraction","Backflip"],"picked":"Finisher","floor":4.0},{"not_picked":["Cloak And Dagger","Dodge and Roll"],"picked":"Die Die Die","floor":7.0},{"not_picked":["Poisoned Stab","Backflip"],"picked":"Cloak And Dagger","floor":10.0},{"not_picked":["Riddle With Holes","Acrobatics"],"picked":"Bouncing Flask","floor":12.0},{"not_picked":["Deadly Poison","Dagger Throw","Setup"],"picked":"SKIP","floor":13.0},{"not_picked":["Envenom","Underhanded Strike","Sucker Punch"],"picked":"SKIP","floor":14.0},{"not_picked":["Night Terror","Corpse Explosion"],"picked":"Adrenaline","floor":16.0},{"not_picked":["Cloak And Dagger","Dagger Throw"],"picked":"Leg Sweep+1","floor":18.0},{"not_picked":["Accuracy","Underhanded Strike"],"picked":"Phantasmal Killer","floor":21.0},{"not_picked":["Finisher","Poisoned Stab","Infinite Blades"],"picked":"SKIP","floor":24.0},{"not_picked":["Dagger Spray","Slice+1","Sucker Punch+1"],"picked":"SKIP","floor":27.0},{"not_picked":["Flechettes","Riddle With Holes"],"picked":"Catalyst","floor":30.0},{"not_picked":["Terror","PiercingWail"],"picked":"Backflip","floor":35.0},{"not_picked":["Bane","Underhanded Strike"],"picked":"Tactician+1","floor":38.0},{"not_picked":["Crippling Poison","Dodge and Roll"],"picked":"Calculated Gamble","floor":39.0},{"not_picked":["Quick Slash","Backstab+1"],"picked":"Backflip+1","floor":42.0},{"not_picked":["Concentrate+1","Leg Sweep"],"picked":"Acrobatics","floor":46.0},{"not_picked":["Cloak And Dagger","Outmaneuver"],"picked":"Catalyst","floor":47.0},{"not_picked":["Skewer","Leg Sweep","Bane+1"],"picked":"SKIP","floor":48.0}],"player_experience":1473933,"relics_obtained":[{"floor":9.0,"key":"Bag of Marbles"},{"floor":13.0,"key":"Oddly Smooth Stone"},{"floor":24.0,"key":"Nunchaku"},{"floor":26.0,"key":"Gremlin Horn"},{"floor":27.0,"key":"Potion Belt"},{"floor":29.0,"key":"Old Coin"},{"floor":30.0,"key":"Akabeko"},{"floor":37.0,"key":"TungstenRod"},{"floor":42.0,"key":"Vajra"}],"event_choices":[{"damage_healed":0.0,"max_hp_gain":0.0,"max_hp_loss":0.0,"gold_gain":0.0,"cards_transformed":["Strike_G"],"event_name":"Living Wall","player_choice":"Change","floor":2.0,"gold_loss":0.0,"damage_taken":0.0,"cards_obtained":["Crippling Poison"]},{"damage_healed":0.0,"max_hp_gain":0.0,"max_hp_loss":0.0,"gold_gain":0.0,"event_name":"Liars Game","player_choice":"Ignored","floor":3.0,"gold_loss":0.0,"damage_taken":0.0},{"cards_removed":["Defend_G"],"damage_healed":0.0,"max_hp_gain":0.0,"max_hp_loss":0.0,"gold_gain":0.0,"event_name":"The Cleric","player_choice":"Card Removal","floor":5.0,"gold_loss":75.0,"damage_taken":0.0},{"cards_removed":["Defend_G"],"damage_healed":0.0,"max_hp_gain":0.0,"max_hp_loss":0.0,"gold_gain":0.0,"event_name":"Golden Wing","player_choice":"Card Removal","floor":8.0,"gold_loss":0.0,"damage_taken":7.0},{"cards_removed":["Strike_G"],"damage_healed":0.0,"max_hp_gain":0.0,"max_hp_loss":0.0,"gold_gain":0.0,"event_name":"Beggar","player_choice":"Gave Gold","floor":19.0,"gold_loss":75.0,"damage_taken":0.0},{"damage_healed":0.0,"max_hp_gain":5.0,"max_hp_loss":0.0,"gold_gain":0.0,"event_name":"Forgotten Altar","player_choice":"Shed Blood","floor":20.0,"gold_loss":0.0,"damage_taken":23.0},{"damage_healed":0.0,"max_hp_gain":0.0,"max_hp_loss":0.0,"gold_gain":0.0,"event_name":"The Mausoleum","player_choice":"Ignored","floor":22.0,"gold_loss":0.0,"damage_taken":0.0},{"damage_healed":0.0,"max_hp_gain":0.0,"max_hp_loss":0.0,"gold_gain":0.0,"event_name":"SensoryStone","player_choice":"Memory 1","floor":36.0,"gold_loss":0.0,"damage_taken":0.0},{"damage_healed":0.0,"max_hp_gain":0.0,"max_hp_loss":0.0,"gold_gain":0.0,"event_name":"MindBloom","player_choice":"Fight","floor":37.0,"gold_loss":0.0,"damage_taken":0.0},{"damage_healed":0.0,"max_hp_gain":0.0,"max_hp_loss":0.0,"gold_gain":0.0,"event_name":"Tomb of Lord Red Mask","player_choice":"Paid","floor":45.0,"gold_loss":40.0,"damage_taken":0.0,"relics_obtained":["Red Mask"]}],"is_beta":false,"boss_relics":[{"not_picked":["SacredBark","Runic Pyramid"],"picked":"Astrolabe"},{"not_picked":["Runic Dome","Calling Bell"],"picked":"Empty Cage"}],"items_purged_floors":[31,40],"is_endless":false,"potions_floor_spawned":[1,10,14,24,30,38,39,42,46,47],"killed_by":"Shield and Spear","ascension_level":20}}