{"host":"5w7hw1ne5h7avrl9","time":1612329198,"event":{"mods":["AchievementEnabler","BaseMod","Colored Map","Colored Powertips","Displayed Cursed Tome","Googly Eyes","Minty Spire (QoL Compilation)","SuperFastMode"],"gold_per_floor":[110,126,51,65,85,118,118,139,139,166,10,10,23,41,41,167,167,180,224,242,260,34,73,73,73,73,73,138,188,208,258,258,258,258],"floor_reached":33,"language":"ENG","playtime":2344,"items_purged":["Strike_B"],"score":319,"play_id":"8ec1a643-311b-4c1a-99e4-2604b040e757","local_time":"20210202211318","is_ascension_mode":true,"campfire_choices":[{"data":"Electrodynamics","floor":7,"key":"SMITH"},{"floor":15,"key":"REST"},{"data":"Ghostly","floor":25,"key":"SMITH"},{"data":"Ghostly","floor":32,"key":"SMITH"}],"circlet_count":0,"master_deck":["Strike_B+1","Strike_B+1","Defend_B+1","Defend_B+1","Defend_B+1","Zap","Dualcast","Static Discharge","Fusion","Barrage","Leap","Capacitor","Go for the Eyes","Auto Shields","Electrodynamics+1","Skim","Machine Learning","Steam+1","Defragment+1","Tempest+1","Defragment","Ghostly","Ghostly","Ghostly","Ghostly+1","Ghostly+1","Stack+1","Rainbow"],"relics":["Cracked Core","MealTicket","Odd Mushroom","Strawberry","Omamori","Whetstone","Golden Idol","Calling Bell","PreservedInsect","Question Card","TungstenRod","Red Mask","Lee\u0027s Waffle","White Beast Statue","Lantern","SsserpentHead","Enchiridion"],"acts_visited":["Exordium","TheCity"],"potions_floor_usage":[8,16,16,16,21,28,28,33,33],"damage_taken":[{"damage":1,"enemies":"Cultist","floor":1,"turns":3},{"damage":2,"enemies":"Jaw Worm","floor":2,"turns":3},{"damage":0,"enemies":"2 Louse","floor":4,"turns":3},{"damage":3,"enemies":"2 Fungi Beasts","floor":5,"turns":5},{"damage":21,"enemies":"Lagavulin","floor":6,"turns":7},{"damage":14,"enemies":"The Mushroom Lair","floor":8,"turns":3},{"damage":12,"enemies":"Blue Slaver","floor":13,"turns":3},{"damage":2,"enemies":"Looter","floor":14,"turns":2},{"damage":28,"enemies":"The Guardian","floor":16,"turns":10},{"damage":21,"enemies":"Spheric Guardian","floor":18,"turns":4},{"damage":33,"enemies":"Masked Bandits","floor":19,"turns":3},{"damage":0,"enemies":"3 Byrds","floor":20,"turns":2},{"damage":14,"enemies":"Snake Plant","floor":21,"turns":3},{"damage":15,"enemies":"Gremlin Leader","floor":23,"turns":4},{"damage":22,"enemies":"Cultist and Chosen","floor":28,"turns":6},{"damage":0,"enemies":"Centurion and Healer","floor":30,"turns":5},{"damage":8,"enemies":"Champ","floor":33,"turns":8}],"seed_played":"6402898855551542825","potions_obtained":[{"floor":2,"key":"SpeedPotion"},{"floor":5,"key":"Block Potion"},{"floor":6,"key":"Strength Potion"},{"floor":13,"key":"Swift Potion"},{"floor":19,"key":"Ancient Potion"},{"floor":20,"key":"Explosive Potion"},{"floor":23,"key":"Fire Potion"},{"floor":28,"key":"PowerPotion"},{"floor":30,"key":"SpeedPotion"}],"is_trial":false,"path_per_floor":["M","M","$","M","M","E","R","?","T","T","$","?","M","M","R","B",null,"M","?","M","M","$","E","?","R","T","?","M","?","M","?","R","B"],"character_chosen":"DEFECT","items_purchased":["Capacitor","Whetstone","Lee\u0027s Waffle"],"campfire_rested":1,"item_purchase_floors":[3,11,22],"current_hp_per_floor":[67,65,65,65,62,41,41,27,34,34,49,31,19,17,39,11,75,54,21,21,7,82,67,41,41,41,41,19,7,7,7,7,0,0],"gold":258,"neow_bonus":"TRANSFORM_TWO_CARDS","is_daily":false,"chose_seed":false,"campfire_upgraded":3,"win_rate":0.0,"timestamp":1612329198,"path_taken":["M","?","$","?","M","E","R","?","T","?","$","?","M","M","R","BOSS","M","?","M","M","$","E","?","R","T","?","?","?","M","?","R","BOSS"],"items_purchased_type":["Card","Relic","Relic"],"build_version":"2020-12-22","purchased_purges":1,"victory":false,"max_hp_per_floor":[68,68,68,68,68,68,68,68,75,75,75,75,75,75,75,75,75,75,75,75,75,82,82,41,41,41,41,41,41,41,41,41,41,41],"card_choices":[{"not_picked":["Cold Snap","Aggregate"],"picked":"Barrage","floor":1},{"not_picked":["Barrage","Hologram"],"picked":"Leap","floor":2},{"not_picked":["Steam","Hologram"],"picked":"Go for the Eyes","floor":4},{"not_picked":["Steam","Cold Snap"],"picked":"Auto Shields","floor":5},{"not_picked":["Barrage","Skim"],"picked":"Electrodynamics","floor":6},{"not_picked":["Turbo","Stack","Compile Driver"],"picked":"SKIP","floor":13},{"not_picked":["Streamline","Rebound"],"picked":"Skim","floor":14},{"not_picked":["Fission","Biased Cognition"],"picked":"Machine Learning","floor":16},{"not_picked":["Barrage+1","Sweeping Beam","Seek"],"picked":"Steam+1","floor":18},{"not_picked":["Barrage+1","Beam Cell","Redo"],"picked":"Defragment+1","floor":19},{"not_picked":["Leap+1","Coolheaded+1","Cold Snap+1"],"picked":"Tempest+1","floor":20},{"not_picked":["Leap","Conserve Battery","Loop"],"picked":"Defragment","floor":21},{"not_picked":["Coolheaded+1","Recycle","Compile Driver","Barrage"],"picked":"SKIP","floor":23},{"not_picked":["Steam","Conserve Battery","Coolheaded"],"picked":"Stack+1","floor":28},{"not_picked":["Cold Snap","Steam","Leap"],"picked":"Rainbow","floor":30}],"player_experience":159655,"relics_obtained":[{"floor":6,"key":"MealTicket"},{"floor":8,"key":"Odd Mushroom"},{"floor":9,"key":"Strawberry"},{"floor":10,"key":"Omamori"},{"floor":17,"key":"PreservedInsect"},{"floor":17,"key":"Question Card"},{"floor":17,"key":"TungstenRod"},{"floor":19,"key":"Red Mask"},{"floor":23,"key":"White Beast Statue"},{"floor":26,"key":"Lantern"}],"event_choices":[{"damage_healed":0,"gold_gain":0,"player_choice":"Fought Mushrooms","damage_taken":0,"max_hp_gain":0,"max_hp_loss":0,"event_name":"Mushrooms","floor":8,"gold_loss":0},{"damage_healed":0,"gold_gain":0,"player_choice":"Take Damage","damage_taken":18,"relics_obtained":["Golden Idol"],"max_hp_gain":0,"max_hp_loss":0,"event_name":"Golden Idol","floor":12,"gold_loss":0},{"damage_healed":0,"gold_gain":0,"player_choice":"Fought Bandits","damage_taken":0,"max_hp_gain":0,"max_hp_loss":0,"event_name":"Masked Bandits","floor":19,"gold_loss":0},{"damage_healed":0,"gold_gain":0,"player_choice":"Became a Ghost","damage_taken":0,"max_hp_gain":0,"max_hp_loss":41,"event_name":"Ghosts","floor":24,"gold_loss":0,"cards_obtained":["Ghostly","Ghostly","Ghostly","Ghostly","Ghostly"]},{"damage_healed":0,"gold_gain":0,"player_choice":"Trade","damage_taken":0,"relics_obtained":["SsserpentHead"],"max_hp_gain":0,"max_hp_loss":0,"event_name":"FaceTrader","floor":27,"gold_loss":0},{"damage_healed":0,"gold_gain":0,"player_choice":"Obtained Book","damage_taken":16,"max_hp_gain":0,"max_hp_loss":0,"event_name":"Cursed Tome","floor":29,"gold_loss":0},{"damage_healed":0,"gold_gain":0,"player_choice":"Simplicity","damage_taken":0,"max_hp_gain":0,"max_hp_loss":0,"event_name":"Back to Basics","floor":31,"gold_loss":0,"cards_upgraded":["Defend_B","Defend_B","Defend_B"]}],"is_beta":false,"boss_relics":[{"not_picked":["SacredBark","Empty Cage"],"picked":"Calling Bell"}],"items_purged_floors":[22],"is_endless":false,"potions_floor_spawned":[2,5,6,13,19,20,23,28,30],"killed_by":"Champ","ascension_level":2}}