{"host":"5mo0809oo9tcrmpl","time":1612392493,"event":{"mods":["BaseMod","Highlight Path","Minty Spire (QoL Compilation)","Relic Stats","Slay the Relics Exporter"],"gold_per_floor":[134,174,209,138,153,153,208,208,233,273,628,28,51,66,66,191,191,226,226,296,311,86,141,141,181,206,206,206],"floor_reached":27,"language":"ENG","playtime":1444,"items_purged":["Strike_B"],"score":270,"play_id":"b875aca5-e978-4270-a402-53bdcc431872","local_time":"20210203164813","daily_mods":["Allstar","Purple Cards","Lethality"],"is_ascension_mode":false,"campfire_choices":[{"data":"Apotheosis","floor":6.0,"key":"SMITH"},{"data":"Zap","floor":15.0,"key":"SMITH"},{"data":"Loop","floor":24.0,"key":"SMITH"}],"circlet_count":0,"master_deck":["Strike_B","Strike_B","Strike_B","Defend_B+1","Defend_B","Defend_B","Defend_B","Zap+1","Dualcast","Bandage Up","Apotheosis+1","Secret Weapon","Secret Technique","HandOfGreed","Coolheaded","Ball Lightning","Coolheaded","BootSequence+1","Doom and Gloom","Loop","Turbo","Wish","Loop+1","Conserve Battery"],"relics":["Cracked Core","Ornamental Fan","Omamori","Old Coin","Runic Capacitor","Nunchaku","Pocketwatch","Odd Mushroom","Snecko Eye","Lantern","Boot","CeramicFish"],"acts_visited":["Exordium","TheCity"],"potions_floor_usage":[],"damage_taken":[{"damage":0.0,"enemies":"Cultist","floor":1.0,"turns":2.0},{"damage":9.0,"enemies":"2 Louse","floor":2.0,"turns":3.0},{"damage":12.0,"enemies":"Jaw Worm","floor":3.0,"turns":2.0},{"damage":0.0,"enemies":"Large Slime","floor":5.0,"turns":4.0},{"damage":11.0,"enemies":"Gremlin Nob","floor":7.0,"turns":3.0},{"damage":1.0,"enemies":"Red Slaver","floor":10.0,"turns":3.0},{"damage":12.0,"enemies":"3 Sentries","floor":11.0,"turns":3.0},{"damage":0.0,"enemies":"The Mushroom Lair","floor":13.0,"turns":3.0},{"damage":0.0,"enemies":"Lots of Slimes","floor":14.0,"turns":1.0},{"damage":12.0,"enemies":"The Guardian","floor":16.0,"turns":8.0},{"damage":18.0,"enemies":"Spheric Guardian","floor":18.0,"turns":4.0},{"damage":14.0,"enemies":"2 Thieves","floor":20.0,"turns":4.0},{"damage":18.0,"enemies":"Sentry and Sphere","floor":21.0,"turns":5.0},{"damage":17.0,"enemies":"Book of Stabbing","floor":23.0,"turns":4.0},{"damage":15.0,"enemies":"Cultist and Chosen","floor":25.0,"turns":5.0},{"damage":10,"enemies":"Chosen and Byrds","floor":27,"turns":1}],"seed_played":"4031875728642390749","potions_obtained":[{"floor":2.0,"key":"SkillPotion"},{"floor":5.0,"key":"CultistPotion"},{"floor":14.0,"key":"FocusPotion"},{"floor":16.0,"key":"LiquidBronze"}],"is_trial":false,"path_per_floor":["M","M","M","$","M","R","E","?","T","M","E","$","?","M","R","B",null,"M","?","M","M","$","E","R","M","T","M"],"character_chosen":"DEFECT","items_purchased":["BootSequence","Runic Capacitor","Nunchaku","Pocketwatch","Lantern"],"campfire_rested":0,"item_purchase_floors":[4,12,12,12,22],"current_hp_per_floor":[75,66,58,58,64,64,53,38,38,43,37,37,41,41,41,35,75,61,61,47,29,29,18,18,9,9,0,0],"gold":206,"neow_bonus":"","is_daily":true,"chose_seed":false,"campfire_upgraded":3,"win_rate":0.0,"timestamp":1612392493,"path_taken":["M","M","?","$","M","R","E","?","T","M","E","$","?","M","R","BOSS","M","?","?","M","?","E","R","M","T","?"],"items_purchased_type":["Card","Relic","Relic","Relic","Relic"],"build_version":"2020-12-22","purchased_purges":1,"victory":false,"max_hp_per_floor":[75,75,75,75,75,75,75,75,75,75,75,75,75,75,75,75,75,75,75,75,75,75,75,75,75,75,75,75],"relic_stats":{"Nunchaku":[4],"counters":[16,54],"Ornamental Fan":[4],"CeramicFish":0,"Snecko Eye":[44,36,53,41],"Boot":[1],"obtain_stats":[{"Nunchaku":12,"Lantern":22,"Ornamental Fan":7,"CeramicFish":26,"Snecko Eye":17,"Omamori":9,"Runic Capacitor":12,"Odd Mushroom":13,"Cracked Core":0,"Boot":23,"Old Coin":11,"Pocketwatch":12},{"Nunchaku":7,"Lantern":13,"Ornamental Fan":5,"CeramicFish":15,"Snecko Eye":10,"Omamori":5,"Runic Capacitor":7,"Odd Mushroom":8,"Cracked Core":0,"Boot":14,"Old Coin":7,"Pocketwatch":7},{"Nunchaku":20,"Lantern":45,"Ornamental Fan":14,"CeramicFish":53,"Snecko Eye":32,"Omamori":14,"Runic Capacitor":20,"Odd Mushroom":23,"Cracked Core":0,"Boot":49,"Old Coin":20,"Pocketwatch":20}],"Pocketwatch":[24]},"card_choices":[{"not_picked":["Conserve Battery","Stack"],"picked":"Coolheaded","floor":1.0},{"not_picked":["ClearTheMind","Swivel"],"picked":"Ball Lightning","floor":2.0},{"not_picked":["Lockon","Cold Snap"],"picked":"Coolheaded","floor":3.0},{"not_picked":["Halt","Beam Cell","Ball Lightning"],"picked":"SKIP","floor":5.0},{"not_picked":["Sanctity","MentalFortress"],"picked":"Doom and Gloom","floor":7.0},{"not_picked":["PathToVictory","Crescendo","Doom and Gloom"],"picked":"SKIP","floor":10.0},{"not_picked":["Halt","SashWhip","DevaForm"],"picked":"SKIP","floor":11.0},{"not_picked":["Redo","Crescendo"],"picked":"Loop","floor":13.0},{"not_picked":["Sunder","InnerPeace"],"picked":"Turbo","floor":14.0},{"not_picked":["Devotion","Machine Learning"],"picked":"Wish","floor":16.0},{"not_picked":["SashWhip","Go for the Eyes+1","Steam+1"],"picked":"SKIP","floor":18.0},{"not_picked":["ClearTheMind","Rebound"],"picked":"Conserve Battery","floor":20.0},{"not_picked":["Coolheaded","Redo","Genetic Algorithm+1"],"picked":"SKIP","floor":21.0},{"not_picked":["ThirdEye+1","FollowUp+1","EmptyFist"],"picked":"SKIP","floor":23.0},{"not_picked":["Cold Snap","Thunder Strike","Indignation+1"],"picked":"SKIP","floor":25.0}],"player_experience":1226767,"relics_obtained":[{"floor":7.0,"key":"Ornamental Fan"},{"floor":9.0,"key":"Omamori"},{"floor":11.0,"key":"Old Coin"},{"floor":13.0,"key":"Odd Mushroom"},{"floor":23.0,"key":"Boot"},{"floor":26.0,"key":"CeramicFish"}],"event_choices":[{"damage_healed":0.0,"max_hp_gain":0.0,"max_hp_loss":0.0,"gold_gain":0.0,"event_name":"Shining Light","player_choice":"Entered Light","floor":8.0,"gold_loss":0.0,"damage_taken":15.0,"cards_upgraded":["Defend_B","BootSequence"]},{"damage_healed":0.0,"max_hp_gain":0.0,"max_hp_loss":0.0,"gold_gain":0.0,"event_name":"Mushrooms","player_choice":"Fought Mushrooms","floor":13.0,"gold_loss":0.0,"damage_taken":0.0},{"damage_healed":0.0,"max_hp_gain":0.0,"max_hp_loss":0.0,"gold_gain":0.0,"event_name":"Match and Keep!","player_choice":"1 cards matched","floor":19.0,"gold_loss":0.0,"damage_taken":0.0,"cards_obtained":["Loop"]}],"is_beta":false,"boss_relics":[{"not_picked":["Nuclear Battery","Busted Crown"],"picked":"Snecko Eye"}],"items_purged_floors":[22],"is_endless":false,"potions_floor_spawned":[2,5,14,16,18,20],"killed_by":"Chosen and Byrds","ascension_level":0}}