{"host":"0mk07bycsqo1qk03","time":1612390269,"event":{"mods":["BaseMod","Downfall","Hermit","Hubris","Minty Spire (QoL Compilation)","Replay The Spire","StSLib","The Cursed"],"gold_per_floor":[118,118,181,198,216,216,242,254,254,254,277,277,51,83,83,159,159,171,171,171,183,203,234,234,234,234,334,334],"floor_reached":27,"language":"ENG","playtime":1027,"items_purged":["ReplayTheSpireMod:Splinters"],"score":480,"play_id":"397fde99-ba5d-46bb-a972-98b8c10c2018","local_time":"20210203231109","is_ascension_mode":true,"campfire_choices":[{"data":"Caltrops","floor":6,"key":"SMITH"},{"data":"Underhanded Strike","floor":10,"key":"SMITH"},{"floor":12,"key":"REST"},{"data":"Malaise","floor":15,"key":"SMITH"},{"data":"Night Terror","floor":24,"key":"SMITH"}],"circlet_count":0,"master_deck":["AscendersBane","Strike_G","Strike_G","Strike_G","Strike_G","Defend_G","Defend_G","Defend_G","Defend_G","Defend_G","Survivor","Neutralize","Underhanded Strike","Caltrops+1","Underhanded Strike+1","Backflip","Reflex","Replay:Poison Smokescreen","Deflect","Malaise+1","Phantasmal Killer","Deflect+1","Footwork","Caltrops","Night Terror+1"],"relics":["Ring of the Snake","Bird Faced Urn","Chameleon Ring","Shuriken","CaptainsWheel","Toolbox","Pondfish Scales","Ring of Chaos","hubris:Icosahedron","Sundial","Question Card"],"acts_visited":["Exordium","TheCity"],"potions_floor_usage":[7,19,23],"damage_taken":[{"damage":10,"enemies":"Small Slimes","floor":1,"turns":5},{"damage":0,"enemies":"Jaw Worm","floor":4,"turns":4},{"damage":0,"enemies":"2 Louse","floor":5,"turns":3},{"damage":21,"enemies":"Gremlin Nob","floor":7,"turns":4},{"damage":0,"enemies":"2 Fungi Beasts","floor":8,"turns":4},{"damage":11,"enemies":"3 Sentries","floor":14,"turns":12},{"damage":0,"enemies":"Hexaghost","floor":16,"turns":10},{"damage":11,"enemies":"Spheric Guardian","floor":18,"turns":3},{"damage":1,"enemies":"Chosen","floor":19,"turns":6},{"damage":14,"enemies":"Snecko","floor":21,"turns":7},{"damage":19,"enemies":"Shelled Parasite and Fungi","floor":22,"turns":7},{"damage":12,"enemies":"Slavers","floor":23,"turns":7},{"damage":32,"enemies":"Centurion and Healer","floor":27,"turns":9}],"seed_played":"-637618971303294083","potions_obtained":[{"floor":1,"key":"Toxic Potion"},{"floor":8,"key":"SmokeBomb"},{"floor":21,"key":"Adrenaline Potion"},{"floor":23,"key":"FearPotion"}],"is_trial":false,"path_per_floor":["M","?","?","M","M","R","E","M","T","R","?","R","$","E","R","B",null,"M","M","?","M","M","E","R","?","T","M"],"character_chosen":"THE_SILENT","items_purchased":["Toolbox"],"campfire_rested":1,"item_purchase_floors":[13],"current_hp_per_floor":[35,35,35,37,39,39,20,22,22,22,22,43,43,34,34,36,62,51,52,52,42,27,21,21,21,21,0,0],"gold":334,"neow_bonus":"ONE_RARE_RELIC","is_daily":false,"chose_seed":false,"campfire_upgraded":4,"win_rate":0.0,"timestamp":1612390269,"path_taken":["M","?","?","M","M","R","E","M","T","R","?","R","$","E","R","BOSS","M","M","?","M","M","E","R","?","T","M"],"items_purchased_type":["Relic"],"build_version":"2020-12-22","purchased_purges":1,"victory":false,"max_hp_per_floor":[70,70,70,70,70,70,70,70,70,70,70,70,70,70,70,70,70,70,70,70,70,70,70,70,70,70,70,70],"card_choices":[{"not_picked":["Setup","Deadly Poison"],"picked":"Underhanded Strike","floor":1},{"not_picked":["Flechettes","hubris:SlightOfHand"],"picked":"Underhanded Strike","floor":4},{"not_picked":["Dagger Spray","Poisoned Stab"],"picked":"Backflip","floor":5},{"not_picked":["Endless Agony","All Out Attack"],"picked":"Reflex","floor":7},{"not_picked":["Slice","Underhanded Strike"],"picked":"Replay:Poison Smokescreen","floor":8},{"not_picked":["Backflip","Dagger Spray"],"picked":"Deflect","floor":11},{"not_picked":["Blade Dance","Poisoned Stab"],"picked":"Malaise","floor":14},{"not_picked":["Doppelganger","Die Die Die"],"picked":"Phantasmal Killer","floor":16},{"not_picked":["Cloak And Dagger","Blade Dance"],"picked":"Deflect+1","floor":18},{"not_picked":["Backstab","PiercingWail"],"picked":"Footwork","floor":21},{"not_picked":["Underhanded Strike","Poisoned Stab"],"picked":"Caltrops","floor":22},{"not_picked":["Acrobatics","Catalyst"],"picked":"Night Terror","floor":23}],"player_experience":996894,"relics_obtained":[{"floor":7,"key":"Chameleon Ring"},{"floor":9,"key":"Shuriken"},{"floor":11,"key":"CaptainsWheel"},{"floor":14,"key":"Pondfish Scales"},{"floor":23,"key":"Sundial"},{"floor":26,"key":"Question Card"}],"event_choices":[{"damage_healed":0,"gold_gain":63,"player_choice":"Gained Gold","damage_taken":0,"max_hp_gain":0,"max_hp_loss":0,"event_name":"Golden Wing","floor":3,"gold_loss":0},{"cards_removed":["Strike_G"],"damage_healed":0,"gold_gain":0,"player_choice":"Purged","damage_taken":0,"max_hp_gain":0,"max_hp_loss":0,"event_name":"Purifier","floor":25,"gold_loss":0}],"is_beta":false,"boss_relics":[{"not_picked":["Painkiller Herb","Pandora\u0027s Box"],"picked":"Ring of Chaos"}],"items_purged_floors":[13],"is_endless":false,"potions_floor_spawned":[1,8,21,23],"killed_by":"Centurion and Healer","ascension_level":13}}