{"host":"rolltorest","time":1612334012,"event":{"mods":["BaseMod","Minty Spire (QoL Compilation)","Relic Stats","Slay the Relics Exporter","StSLib"],"gold_per_floor":[119,134,134,148,162,162,196,196,223,253,253,287,300,48,48,125,125,136,136,156,156,187,212,212,246,246,278,308,334,356,402,414,426,426],"floor_reached":33,"language":"ENG","playtime":863,"items_purged":[],"score":779,"play_id":"b1b5e102-4d1b-424e-950e-41f9656f256a","local_time":"20210202223332","is_ascension_mode":true,"campfire_choices":[{"data":"Consecrate","floor":6,"key":"SMITH"},{"data":"TalkToTheHand","floor":11,"key":"SMITH"},{"data":"Eruption","floor":15,"key":"SMITH"},{"floor":24,"key":"REST"},{"floor":32,"key":"REST"}],"circlet_count":0,"master_deck":["AscendersBane","Strike_P","Strike_P","Strike_P","Defend_P","Defend_P","Defend_P","Defend_P","Eruption+1","Vigilance","Consecrate+1","Tantrum","Tantrum","CutThroughFate","TalkToTheHand+1","EmptyFist","CutThroughFate","Adaptation","Adaptation","FlurryOfBlows","Wallop","ClearTheMind","Indignation","EmptyMind","Omniscience","Conclude+1","Pain","FlurryOfBlows","ThirdEye","TalkToTheHand","BowlingBash+1","Weave","FollowUp","Sanctity+1","ClearTheMind"],"relics":["PureWater","NeowsBlessing","Tiny Chest","Pen Nib","MealTicket","Orrery","SlaversCollar","WarpedTongs","Pear","Red Mask","Lantern","Toy Ornithopter","MawBank","Boot"],"acts_visited":["Exordium","TheCity"],"potions_floor_usage":[10,16,31,31],"damage_taken":[{"damage":0,"enemies":"Cultist","floor":1,"turns":1},{"damage":0,"enemies":"Jaw Worm","floor":2,"turns":1},{"damage":0,"enemies":"2 Louse","floor":4,"turns":1},{"damage":0,"enemies":"Lots of Slimes","floor":5,"turns":3},{"damage":3,"enemies":"Gremlin Nob","floor":7,"turns":3},{"damage":0,"enemies":"Lagavulin","floor":10,"turns":3},{"damage":0,"enemies":"Gremlin Nob","floor":12,"turns":3},{"damage":0,"enemies":"Exordium Thugs","floor":13,"turns":2},{"damage":24,"enemies":"Hexaghost","floor":16,"turns":6},{"damage":6,"enemies":"Spheric Guardian","floor":18,"turns":3},{"damage":24,"enemies":"Shell Parasite","floor":20,"turns":3},{"damage":0,"enemies":"Masked Bandits","floor":22,"turns":2},{"damage":15,"enemies":"Gremlin Leader","floor":23,"turns":3},{"damage":5,"enemies":"Slavers","floor":25,"turns":4},{"damage":1,"enemies":"Centurion and Healer","floor":27,"turns":4},{"damage":0,"enemies":"Cultist and Chosen","floor":28,"turns":2},{"damage":17,"enemies":"Snecko","floor":29,"turns":4},{"damage":12,"enemies":"Shelled Parasite and Fungi","floor":30,"turns":5},{"damage":20,"enemies":"Book of Stabbing","floor":31,"turns":5},{"damage":11,"enemies":"Champ","floor":33,"turns":5}],"seed_played":"4484717511241890541","potions_obtained":[{"floor":1,"key":"Strength Potion"},{"floor":4,"key":"Block Potion"},{"floor":13,"key":"LiquidBronze"},{"floor":16,"key":"PowerPotion"}],"is_trial":false,"path_per_floor":["M","M","?","M","M","R","E","?","T","E","R","E","M","$","R","B",null,"M","?","M","T","?","E","R","E","T","M","M","M","M","E","R","B"],"character_chosen":"WATCHER","items_purchased":["Orrery","EmptyMind"],"campfire_rested":2,"item_purchase_floors":[14,14],"current_hp_per_floor":[61,61,61,61,61,61,58,58,58,58,58,58,58,68,68,44,62,56,56,32,42,42,27,50,45,45,44,44,27,15,5,28,17,17],"gold":426,"neow_bonus":"THREE_ENEMY_KILL","is_daily":false,"chose_seed":false,"campfire_upgraded":3,"win_rate":0.0,"timestamp":1612334012,"path_taken":["M","?","?","M","?","R","E","?","T","E","R","E","?","$","R","BOSS","M","?","M","?","?","E","R","E","T","M","?","M","M","E","R","BOSS"],"items_purchased_type":["Relic","Card"],"build_version":"2020-12-18","purchased_purges":0,"victory":false,"max_hp_per_floor":[68,68,68,68,68,68,68,68,68,68,68,68,68,68,68,68,68,68,68,68,78,78,78,78,78,78,78,78,78,78,78,78,78,78],"relic_stats":{"counters":[20,63],"Tiny Chest":1,"MealTicket":10,"Pen Nib":[17],"MawBank":84,"Boot":[6],"obtain_stats":[{"Lantern":23,"Pear":21,"NeowsBlessing":0,"Pen Nib":10,"MawBank":26,"Boot":31,"WarpedTongs":19,"SlaversCollar":17,"Orrery":14,"Tiny Chest":7,"MealTicket":12,"Red Mask":22,"PureWater":0,"Toy Ornithopter":25},{"Lantern":13,"Pear":11,"NeowsBlessing":0,"Pen Nib":6,"MawBank":14,"Boot":19,"WarpedTongs":10,"SlaversCollar":9,"Orrery":8,"Tiny Chest":5,"MealTicket":7,"Red Mask":12,"PureWater":0,"Toy Ornithopter":14},{"Lantern":34,"Pear":29,"NeowsBlessing":0,"Pen Nib":12,"MawBank":38,"Boot":58,"WarpedTongs":26,"SlaversCollar":23,"Orrery":17,"Tiny Chest":9,"MealTicket":15,"Red Mask":31,"PureWater":0,"Toy Ornithopter":38}],"Toy Ornithopter":10,"WarpedTongs":[37]},"card_choices":[{"not_picked":["Wireheading","CrushJoints"],"picked":"Consecrate","floor":1},{"not_picked":["PathToVictory","Crescendo"],"picked":"Tantrum","floor":2},{"not_picked":["PathToVictory","FollowUp"],"picked":"CutThroughFate","floor":4},{"not_picked":["Protect","Judgement","MentalFortress"],"picked":"SKIP","floor":5},{"not_picked":["FlurryOfBlows","ReachHeaven"],"picked":"TalkToTheHand","floor":7},{"not_picked":["WindmillStrike","ClearTheMind"],"picked":"EmptyFist","floor":10},{"not_picked":["Consecrate","SashWhip"],"picked":"CutThroughFate","floor":12},{"not_picked":["EmptyMind","EmptyFist"],"picked":"Adaptation","floor":13},{"not_picked":["Sanctity","CutThroughFate"],"picked":"Adaptation","floor":14},{"not_picked":["Judgement","ThirdEye"],"picked":"FlurryOfBlows","floor":14},{"not_picked":["ThirdEye","BowlingBash"],"picked":"Wallop","floor":14},{"not_picked":["WindmillStrike","CrushJoints"],"picked":"ClearTheMind","floor":14},{"not_picked":["PathToVictory","WheelKick"],"picked":"Indignation","floor":14},{"not_picked":["Devotion","Ragnarok"],"picked":"Omniscience","floor":16},{"not_picked":["JustLucky","Vengeance+1"],"picked":"Conclude+1","floor":18},{"not_picked":["JustLucky","Prostrate"],"picked":"FlurryOfBlows","floor":20},{"not_picked":["Evaluate","JustLucky"],"picked":"ThirdEye","floor":22},{"not_picked":["EmptyBody","Consecrate+1"],"picked":"TalkToTheHand","floor":23},{"not_picked":["EmptyBody","Crescendo"],"picked":"BowlingBash+1","floor":25},{"not_picked":["Tantrum","SignatureMove"],"picked":"Weave","floor":27},{"not_picked":["Devotion","PathToVictory+1"],"picked":"FollowUp","floor":28},{"not_picked":["Tantrum","Crescendo"],"picked":"Sanctity+1","floor":29},{"not_picked":["ThirdEye","Prostrate"],"picked":"ClearTheMind","floor":30},{"not_picked":["Conclude","SashWhip","BowlingBash"],"picked":"SKIP","floor":31}],"player_experience":1818051,"relics_obtained":[{"floor":7,"key":"Tiny Chest"},{"floor":10,"key":"Pen Nib"},{"floor":12,"key":"MealTicket"},{"floor":21,"key":"Pear"},{"floor":22,"key":"Red Mask"},{"floor":23,"key":"Lantern"},{"floor":25,"key":"Toy Ornithopter"},{"floor":26,"key":"MawBank"},{"floor":31,"key":"Boot"}],"event_choices":[{"damage_healed":0,"gold_gain":0,"cards_transformed":["Strike_P"],"player_choice":"Transformed","damage_taken":0,"max_hp_gain":0,"max_hp_loss":0,"event_name":"Transmorgrifier","floor":3,"gold_loss":0,"cards_obtained":["Tantrum"]},{"damage_healed":0,"gold_gain":0,"player_choice":"Got Potions","damage_taken":0,"max_hp_gain":0,"max_hp_loss":0,"event_name":"Lab","floor":8,"gold_loss":0},{"damage_healed":0,"gold_gain":0,"player_choice":"Rummage","damage_taken":0,"relics_obtained":["WarpedTongs"],"max_hp_gain":0,"max_hp_loss":0,"event_name":"Accursed Blacksmith","floor":19,"gold_loss":0,"cards_obtained":["Pain"]},{"damage_healed":0,"gold_gain":0,"player_choice":"Fought Bandits","damage_taken":0,"max_hp_gain":0,"max_hp_loss":0,"event_name":"Masked Bandits","floor":22,"gold_loss":0}],"is_beta":true,"boss_relics":[{"not_picked":["Empty Cage","SacredBark"],"picked":"SlaversCollar"}],"items_purged_floors":[],"is_endless":false,"potions_floor_spawned":[1,4,13,16,22,23,25,28],"killed_by":"Champ","ascension_level":20}}