{"host":"g907ck67u7c3hrs6","time":1612352084,"event":{"mods":["BaseMod","Colored Map","DeckTracker","Highlight Path","Keyboard Shortcuts","Minty Spire (QoL Compilation)","Permanent Neow","Say the Spire","SuperFastMode"],"gold_per_floor":[153,72,123,162,204,204,288,288,334,346,394,457,529,589,601,613,613],"floor_reached":16,"language":"KOR","playtime":425,"items_purged":[],"score":106,"play_id":"f58d1bd2-f323-4a13-8cd3-31ff43a839f4","local_time":"20210203203444","daily_mods":["Draft","Uncertain Future","Midas"],"is_ascension_mode":false,"campfire_choices":[{"floor":6,"key":"REST"},{"floor":15,"key":"REST"}],"circlet_count":0,"master_deck":["Acrobatics","Footwork","Footwork","Concentrate","Concentrate","Accuracy","Dagger Throw","Blade Dance","Skewer","Calculated Gamble","Cloak And Dagger","Eviscerate","Underhanded Strike","Underhanded Strike","Accuracy","Infinite Blades","Blade Dance","Infinite Blades","Cloak And Dagger","Cloak And Dagger"],"relics":["Ring of the Snake","HornCleat","MawBank"],"acts_visited":["Exordium"],"potions_floor_usage":[],"damage_taken":[{"damage":0,"enemies":"Small Slimes","floor":1,"turns":2},{"damage":0,"enemies":"Cultist","floor":3,"turns":2},{"damage":0,"enemies":"2 Louse","floor":4,"turns":1},{"damage":0,"enemies":"Exordium Wildlife","floor":5,"turns":1},{"damage":29,"enemies":"3 Sentries","floor":7,"turns":5},{"damage":0,"enemies":"2 Fungi Beasts","floor":11,"turns":2},{"damage":13,"enemies":"Red Slaver","floor":12,"turns":2},{"damage":0,"enemies":"Exordium Thugs","floor":13,"turns":3},{"damage":4,"enemies":"Gremlin Gang","floor":14,"turns":3},{"damage":51,"enemies":"The Guardian","floor":16,"turns":7}],"seed_played":"-1345700743022143321","potions_obtained":[{"floor":5,"key":"ColorlessPotion"},{"floor":7,"key":"Explosive Potion"},{"floor":11,"key":"Weak Potion"}],"is_trial":true,"path_per_floor":["M","$","M","M","M","R","E","?","T","?","M","M","M","M","R","B"],"character_chosen":"THE_SILENT","items_purchased":["Infinite Blades"],"campfire_rested":2,"item_purchase_floors":[2],"current_hp_per_floor":[70,70,70,70,70,70,41,46,46,46,46,33,33,29,51,0,0],"gold":613,"neow_bonus":"","is_daily":false,"chose_seed":false,"campfire_upgraded":0,"win_rate":0.0,"timestamp":1612352084,"path_taken":["M","$","M","M","M","R","E","?","T","?","M","M","?","M","R","BOSS"],"items_purchased_type":["Card"],"build_version":"2020-12-22","purchased_purges":0,"victory":false,"max_hp_per_floor":[70,70,70,70,70,70,70,75,75,75,75,75,75,75,75,75,75],"card_choices":[{"not_picked":["Poisoned Stab","Slice"],"picked":"Acrobatics","floor":0},{"not_picked":["Deadly Poison","Blade Dance"],"picked":"Footwork","floor":0},{"not_picked":["Well Laid Plans","Flying Knee"],"picked":"Footwork","floor":0},{"not_picked":["Dash","Poisoned Stab"],"picked":"Concentrate","floor":0},{"not_picked":["Deflect","Dagger Spray"],"picked":"Concentrate","floor":0},{"not_picked":["Sucker Punch","Flying Knee"],"picked":"Accuracy","floor":0},{"not_picked":["Slice","Crippling Poison"],"picked":"Dagger Throw","floor":0},{"not_picked":["Underhanded Strike","PiercingWail"],"picked":"Blade Dance","floor":0},{"not_picked":["Prepared","Slice"],"picked":"Skewer","floor":0},{"not_picked":["Bouncing Flask","Heel Hook"],"picked":"Calculated Gamble","floor":0},{"not_picked":["Dagger Spray","Choke"],"picked":"Cloak And Dagger","floor":0},{"not_picked":["Riddle With Holes","Slice"],"picked":"Eviscerate","floor":0},{"not_picked":["Quick Slash","Dash"],"picked":"Underhanded Strike","floor":0},{"not_picked":["Caltrops","Endless Agony"],"picked":"Underhanded Strike","floor":0},{"not_picked":["Prepared","Dodge and Roll"],"picked":"Accuracy","floor":0},{"not_picked":["Flying Knee","Endless Agony","Riddle With Holes"],"picked":"SKIP","floor":1},{"not_picked":["Flying Knee","Infinite Blades"],"picked":"Blade Dance","floor":3},{"not_picked":["Outmaneuver","Backstab"],"picked":"Infinite Blades","floor":4},{"not_picked":["Deadly Poison","Masterful Stab","Underhanded Strike"],"picked":"SKIP","floor":5},{"not_picked":["Calculated Gamble","Setup","PiercingWail"],"picked":"SKIP","floor":7},{"not_picked":["Calculated Gamble","Setup","PiercingWail"],"picked":"SKIP","floor":7},{"not_picked":["Slice","Setup"],"picked":"Cloak And Dagger","floor":11},{"not_picked":["Acrobatics","PiercingWail","Bane"],"picked":"SKIP","floor":12},{"not_picked":["Flying Knee","Poisoned Stab"],"picked":"Cloak And Dagger","floor":13},{"not_picked":["Flechettes","Flying Knee","Well Laid Plans"],"picked":"SKIP","floor":14}],"player_experience":254832,"relics_obtained":[{"floor":7,"key":"HornCleat"},{"floor":9,"key":"MawBank"}],"event_choices":[{"damage_healed":0,"gold_gain":0,"player_choice":"Donut","damage_taken":0,"max_hp_gain":5,"max_hp_loss":0,"event_name":"Big Fish","floor":8,"gold_loss":0},{"damage_healed":0,"gold_gain":0,"player_choice":"Ignored","damage_taken":0,"max_hp_gain":0,"max_hp_loss":0,"event_name":"NoteForYourself","floor":10,"gold_loss":0}],"is_beta":false,"boss_relics":[],"items_purged_floors":[],"is_endless":false,"potions_floor_spawned":[5,7,11,12,14],"killed_by":"The Guardian","ascension_level":0}}