{"host":"seujf6kmfn3ctpoe","time":1612374220,"event":{"mods":["Aspiration","BaseMod","Colored Map","Minty Spire (QoL Compilation)","Permanent Neow","Relic Sorter","Relic Stats","StSLib"],"gold_per_floor":[209,284,130,150,169,169,201,201,201,201,219,219,240,257,257,359,359,377,377,277,277,277,305,305,305,328,344,362,362,372,372,372,470,470,489,184,184,234,234,234,250,250,299,1,1,17,50,62,62,62],"floor_reached":51,"language":"ENG","playtime":1656,"items_purged":["Strike_R","Inflame"],"score":723,"play_id":"82c96e86-21a3-4a2c-8cf5-3fdec761bebe","local_time":"20210203184340","is_ascension_mode":true,"campfire_choices":[{"data":"Whirlwind","floor":6.0,"key":"SMITH"},{"data":"Carnage","floor":8.0,"key":"SMITH"},{"floor":15.0,"key":"REST"},{"data":"Double Tap","floor":24.0,"key":"SMITH"},{"data":"Spot Weakness","floor":29.0,"key":"SMITH"},{"floor":32.0,"key":"REST"},{"data":"Reaper","floor":40.0,"key":"SMITH"},{"floor":42.0,"key":"REST"},{"floor":45.0,"key":"REST"},{"floor":49.0,"key":"REST"}],"circlet_count":0,"master_deck":["Strike_R+1","Strike_R+1","Strike_R+1","Strike_R+1","Defend_R+1","Defend_R+1","Defend_R+1","Defend_R+1","Bash+1","Thunderclap+1","Whirlwind+1","Carnage+1","Spot Weakness+1","Double Tap+1","Twin Strike+1","Spot Weakness+1","Reaper+1"],"relics":["Burning Blood","aspiration:FetidBarrel","aspiration:ArtOfWarUpgrade","Odd Mushroom","Busted Crown","HornCleat","MealTicket","Oddly Smooth Stone","aspiration:RitualStick","Empty Cage","DollysMirror","StoneCalendar","Whetstone","Dream Catcher","Chemical X","Bag of Marbles","Bag of Preparation"],"acts_visited":["Exordium","TheCity","TheBeyond"],"potions_floor_usage":[50,50,50],"damage_taken":[{"damage":6.0,"enemies":"Jaw Worm","floor":1.0,"turns":6.0},{"damage":0.0,"enemies":"Small Slimes","floor":4.0,"turns":4.0},{"damage":2.0,"enemies":"2 Louse","floor":5.0,"turns":2.0},{"damage":37.0,"enemies":"3 Sentries","floor":7.0,"turns":7.0},{"damage":7.0,"enemies":"Blue Slaver","floor":11.0,"turns":2.0},{"damage":9.0,"enemies":"The Mushroom Lair","floor":13.0,"turns":2.0},{"damage":0.0,"enemies":"3 Louse","floor":14.0,"turns":1.0},{"damage":30.0,"enemies":"Slime Boss","floor":16.0,"turns":5.0},{"damage":20.0,"enemies":"Shell Parasite","floor":18.0,"turns":4.0},{"damage":29.0,"enemies":"Gremlin Leader","floor":23.0,"turns":4.0},{"damage":2.0,"enemies":"2 Thieves","floor":27.0,"turns":2.0},{"damage":1.0,"enemies":"Snecko","floor":28.0,"turns":3.0},{"damage":0.0,"enemies":"Snake Plant","floor":30.0,"turns":2.0},{"damage":36.0,"enemies":"Collector","floor":33.0,"turns":6.0},{"damage":2.0,"enemies":"3 Shapes","floor":35.0,"turns":6.0},{"damage":28.0,"enemies":"Mind Bloom Boss Battle","floor":38.0,"turns":5.0},{"damage":15.0,"enemies":"Orb Walker","floor":41.0,"turns":3.0},{"damage":0.0,"enemies":"Transient","floor":46.0,"turns":5.0},{"damage":7.0,"enemies":"Reptomancer","floor":47.0,"turns":4.0},{"damage":0.0,"enemies":"3 Darklings","floor":48.0,"turns":2.0},{"damage":32,"enemies":"Time Eater","floor":50,"turns":8}],"seed_played":"9118754531933464893","potions_obtained":[{"floor":4.0,"key":"Ancient Potion"},{"floor":5.0,"key":"SpeedPotion"},{"floor":14.0,"key":"GamblersBrew"},{"floor":23.0,"key":"PowerPotion"}],"is_trial":false,"path_per_floor":["M","?","$","M","M","R","E","R","T","R","M","R","?","M","R","B",null,"M","?","$","?","?","E","R","?","T","M","M","R","M","?","R","B",null,"M","$","?","?","T","R","M","R","T","$","R","M","E","M","R","B",null],"character_chosen":"IRONCLAD","items_purchased":["Whirlwind","DollysMirror","Reaper","Chemical X","Bag of Marbles"],"campfire_rested":5,"item_purchase_floors":[3,36,36,44,44],"current_hp_per_floor":[80,69,69,75,79,79,48,48,48,48,47,47,44,50,74,50,80,66,66,66,66,66,43,43,69,69,73,78,78,80,64,80,50,80,80,80,76,54,54,54,45,67,67,76,76,76,75,76,76,50],"gold":62,"neow_bonus":"HUNDRED_GOLD","is_daily":false,"chose_seed":false,"campfire_upgraded":5,"win_rate":0.0,"timestamp":1612374220,"path_taken":["M","?","$","M","M","R","E","R","T","R","M","R","?","M","R","BOSS","M","?","$","?","?","E","R","?","T","M","M","R","?","?","R","BOSS","M","$","?","?","?","R","M","R","T","$","R","M","E","M","R","BOSS"],"items_purchased_type":["Card","Relic","Card","Relic","Relic"],"build_version":"2020-12-22","purchased_purges":2,"victory":true,"max_hp_per_floor":[80,80,80,80,80,80,80,80,80,80,80,80,80,80,80,80,80,80,80,80,80,80,80,80,80,80,80,80,80,80,80,80,80,80,80,80,76,76,76,76,76,76,76,76,76,76,76,76,76,76],"relic_stats":{"Dream Catcher":2,"Busted Crown":28,"counters":[21,83],"MealTicket":9,"StoneCalendar":[52],"Bag of Preparation":[4],"Whetstone":["Bash","Thunderclap"],"Chemical X":[8],"obtain_stats":[{"aspiration:FetidBarrel":7,"Oddly Smooth Stone":26,"StoneCalendar":38,"Bag of Preparation":47,"Whetstone":39,"Odd Mushroom":13,"Empty Cage":34,"Burning Blood":0,"aspiration:RitualStick":31,"Dream Catcher":43,"Busted Crown":17,"HornCleat":22,"DollysMirror":36,"aspiration:ArtOfWarUpgrade":12,"MealTicket":23,"Art of War":9,"Bag of Marbles":44,"Chemical X":44},{"aspiration:FetidBarrel":4,"Oddly Smooth Stone":10,"StoneCalendar":16,"Bag of Preparation":19,"Whetstone":16,"Odd Mushroom":6,"Empty Cage":14,"Burning Blood":0,"aspiration:RitualStick":13,"Dream Catcher":17,"Busted Crown":8,"HornCleat":9,"DollysMirror":15,"aspiration:ArtOfWarUpgrade":5,"MealTicket":10,"Art of War":4,"Bag of Marbles":17,"Chemical X":17},{"aspiration:FetidBarrel":19,"Oddly Smooth Stone":37,"StoneCalendar":61,"Bag of Preparation":73,"Whetstone":61,"Odd Mushroom":23,"Empty Cage":50,"Burning Blood":0,"aspiration:RitualStick":44,"Dream Catcher":64,"Busted Crown":29,"HornCleat":33,"DollysMirror":56,"aspiration:ArtOfWarUpgrade":21,"MealTicket":37,"Art of War":19,"Bag of Marbles":64,"Chemical X":64}],"Burning Blood":107,"aspiration:RitualStick":[1]},"card_choices":[{"not_picked":["Dark Embrace","Infernal Blade"],"picked":"Thunderclap","floor":1.0},{"not_picked":["Bloodletting","Iron Wave"],"picked":"Carnage","floor":4.0},{"not_picked":["Pommel Strike","Feel No Pain","Cleave"],"picked":"SKIP","floor":5.0},{"not_picked":["Double Tap","True Grit"],"picked":"Inflame","floor":7.0},{"not_picked":["Sentinel","Armaments"],"picked":"Spot Weakness","floor":11.0},{"not_picked":["Sentinel","Thunderclap","Headbutt"],"picked":"SKIP","floor":14.0},{"not_picked":["Offering","Feed"],"picked":"Double Tap","floor":16.0},{"not_picked":["Searing Blow"],"picked":"SKIP","floor":18.0},{"not_picked":["Warcry"],"picked":"SKIP","floor":23.0},{"not_picked":["Perfected Strike+1"],"picked":"SKIP","floor":27.0},{"not_picked":[],"picked":"Twin Strike+1","floor":28.0},{"not_picked":["Blood for Blood"],"picked":"SKIP","floor":30.0},{"not_picked":["Iron Wave+1"],"picked":"SKIP","floor":35.0},{"not_picked":["Searing Blow"],"picked":"SKIP","floor":41.0},{"not_picked":["Rage+1"],"picked":"SKIP","floor":46.0},{"not_picked":["Sentinel"],"picked":"SKIP","floor":47.0},{"not_picked":["Blood for Blood"],"picked":"SKIP","floor":48.0}],"player_experience":412719,"relics_obtained":[{"floor":7.0,"key":"aspiration:FetidBarrel"},{"floor":9.0,"key":"Art of War"},{"floor":13.0,"key":"Odd Mushroom"},{"floor":23.0,"key":"MealTicket"},{"floor":26.0,"key":"Oddly Smooth Stone"},{"floor":38.0,"key":"StoneCalendar"},{"floor":39.0,"key":"Whetstone"},{"floor":43.0,"key":"Dream Catcher"},{"floor":47.0,"key":"Bag of Preparation"}],"event_choices":[{"damage_healed":0.0,"max_hp_gain":0.0,"max_hp_loss":0.0,"gold_gain":75.0,"event_name":"World of Goop","player_choice":"Gather Gold","floor":2.0,"gold_loss":0.0,"damage_taken":11.0},{"damage_healed":0.0,"max_hp_gain":0.0,"max_hp_loss":0.0,"gold_gain":0.0,"event_name":"Mushrooms","player_choice":"Fought Mushrooms","floor":13.0,"gold_loss":0.0,"damage_taken":0.0},{"damage_healed":0.0,"max_hp_gain":0.0,"max_hp_loss":0.0,"gold_gain":0.0,"event_name":"Back to Basics","player_choice":"Simplicity","floor":19.0,"gold_loss":0.0,"damage_taken":0.0,"cards_upgraded":["Strike_R","Strike_R","Strike_R","Strike_R","Defend_R","Defend_R","Defend_R","Defend_R"]},{"damage_healed":0.0,"max_hp_gain":0.0,"max_hp_loss":0.0,"gold_gain":0.0,"event_name":"Forgotten Altar","player_choice":"Smashed Altar","floor":21.0,"gold_loss":0.0,"damage_taken":0.0,"cards_obtained":["Decay"]},{"damage_healed":0.0,"max_hp_gain":0.0,"max_hp_loss":0.0,"gold_gain":0.0,"event_name":"The Mausoleum","player_choice":"Opened","floor":22.0,"gold_loss":0.0,"damage_taken":0.0,"relics_obtained":["HornCleat"],"cards_obtained":["Writhe"]},{"damage_healed":26.0,"max_hp_gain":0.0,"max_hp_loss":0.0,"gold_gain":0.0,"event_name":"The Library","player_choice":"Heal","floor":25.0,"gold_loss":0.0,"damage_taken":0.0},{"damage_healed":0.0,"max_hp_gain":0.0,"max_hp_loss":4.0,"gold_gain":0.0,"event_name":"Winding Halls","player_choice":"Max HP","floor":37.0,"gold_loss":0.0,"damage_taken":0.0},{"damage_healed":0.0,"max_hp_gain":0.0,"max_hp_loss":0.0,"gold_gain":0.0,"event_name":"MindBloom","player_choice":"Fight","floor":38.0,"gold_loss":0.0,"damage_taken":0.0}],"is_beta":false,"boss_relics":[{"not_picked":["aspiration:RitualDagger","aspiration:DefectSkillbook"],"picked":"Busted Crown"},{"not_picked":["Tiny House","Black Star"],"picked":"Empty Cage"}],"items_purged_floors":[3,20],"is_endless":false,"potions_floor_spawned":[4,5,14,23,33,35,47,48],"ascension_level":1}}