{"host":"6a9c3xws62y7efyw","time":1612320527,"event":{"mods":["BaseMod","Colored Map","Minty Spire (QoL Compilation)","Relic Stats","StSLib"],"gold_per_floor":[111,111,123,142,161,195,195,115,115,147,147,147,161,174,174,251,251,270,285,41,41,91,91,125,140,214,214,246,246,275,275,275,275,275],"floor_reached":33,"language":"ENG","playtime":1187,"items_purged":[],"score":626,"play_id":"e7305642-3f1c-46e9-8a9e-c85a64b3624a","local_time":"20210202184847","is_ascension_mode":true,"campfire_choices":[{"data":"Crippling Poison","floor":7.0,"key":"SMITH"},{"data":"Blade Dance","floor":12.0,"key":"SMITH"},{"data":"Bouncing Flask","floor":15.0,"key":"SMITH"},{"data":"Burst","floor":23.0,"key":"SMITH"},{"data":"Corpse Explosion","floor":29.0,"key":"SMITH"},{"floor":32.0,"key":"REST"}],"circlet_count":0,"master_deck":["AscendersBane","Strike_G","Strike_G","Strike_G","Strike_G","Defend_G","Defend_G","Defend_G","Defend_G","Defend_G","Survivor","Neutralize","Blade Dance+1","All Out Attack","Sucker Punch","Crippling Poison+1","Flying Knee","Endless Agony","Escape Plan","Bouncing Flask+1","Burst+1","Noxious Fumes+1","Dash","Corpse Explosion+1","Night Terror","PiercingWail"],"relics":["Ring of the Snake","NeowsBlessing","Matryoshka","Letter Opener","Juzu Bracelet","Meat on the Bone","Potion Belt","Cursed Key","Snake Skull","MealTicket","Lantern","Bottled Tornado","Mercury Hourglass","Shuriken"],"acts_visited":["Exordium","TheCity"],"potions_floor_usage":[33],"damage_taken":[{"damage":0.0,"enemies":"Jaw Worm","floor":1.0,"turns":1.0},{"damage":0.0,"enemies":"Cultist","floor":3.0,"turns":1.0},{"damage":0.0,"enemies":"2 Louse","floor":4.0,"turns":1.0},{"damage":0.0,"enemies":"Red Slaver","floor":5.0,"turns":5.0},{"damage":22.0,"enemies":"Gremlin Nob","floor":6.0,"turns":4.0},{"damage":26.0,"enemies":"3 Sentries","floor":10.0,"turns":9.0},{"damage":16.0,"enemies":"Gremlin Gang","floor":13.0,"turns":4.0},{"damage":0.0,"enemies":"Lots of Slimes","floor":14.0,"turns":1.0},{"damage":28.0,"enemies":"The Guardian","floor":16.0,"turns":12.0},{"damage":18.0,"enemies":"Shell Parasite","floor":18.0,"turns":5.0},{"damage":3.0,"enemies":"3 Byrds","floor":19.0,"turns":4.0},{"damage":10.0,"enemies":"Book of Stabbing","floor":24.0,"turns":3.0},{"damage":0.0,"enemies":"Cultist and Chosen","floor":25.0,"turns":4.0},{"damage":8.0,"enemies":"Gremlin Leader","floor":28.0,"turns":6.0},{"damage":5.0,"enemies":"Slavers","floor":30.0,"turns":3.0},{"damage":62,"enemies":"Champ","floor":33,"turns":7}],"seed_played":"-4704780599269793784","potions_obtained":[{"floor":4.0,"key":"CunningPotion"},{"floor":6.0,"key":"Energy Potion"},{"floor":13.0,"key":"Regen Potion"},{"floor":19.0,"key":"SmokeBomb"},{"floor":21.0,"key":"Explosive Potion"},{"floor":21.0,"key":"SneckoOil"}],"is_trial":false,"path_per_floor":["M","?","M","M","M","E","R","?","T","E","?","R","M","M","R","B",null,"M","M","$","?","?","R","E","M","T","?","E","R","E","?","R","B"],"character_chosen":"THE_SILENT","items_purchased":["Snake Skull","Corpse Explosion"],"campfire_rested":1,"item_purchase_floors":[20,20],"current_hp_per_floor":[59,59,59,59,59,37,37,37,37,23,23,23,19,31,31,29,57,39,36,36,36,36,36,38,38,38,38,42,42,37,25,44,0,0],"gold":275,"neow_bonus":"THREE_ENEMY_KILL","is_daily":false,"chose_seed":false,"campfire_upgraded":5,"win_rate":0.0,"timestamp":1612320527,"path_taken":["M","?","?","M","M","E","R","?","T","E","?","R","M","M","R","BOSS","M","M","$","?","?","R","E","M","T","?","E","R","E","?","R","BOSS"],"items_purchased_type":["Relic","Card"],"build_version":"2020-12-22","purchased_purges":0,"victory":false,"max_hp_per_floor":[66,66,66,66,66,66,66,66,66,66,66,66,66,66,66,66,66,66,66,66,66,66,66,66,66,66,66,66,66,66,66,66,66,66],"relic_stats":{"counters":[16,70],"Shuriken":[5],"MealTicket":0,"Snake Skull":[55],"Juzu Bracelet":3,"Letter Opener":[124],"Cursed Key":1,"obtain_stats":[{"Potion Belt":10,"Lantern":26,"NeowsBlessing":0,"Snake Skull":20,"Juzu Bracelet":9,"Letter Opener":8,"Bottled Tornado":26,"Cursed Key":17,"Mercury Hourglass":28,"Matryoshka":6,"Shuriken":30,"MealTicket":24,"Ring of the Snake":0,"Meat on the Bone":9},{"Potion Belt":6,"Lantern":13,"NeowsBlessing":0,"Snake Skull":11,"Juzu Bracelet":5,"Letter Opener":5,"Bottled Tornado":13,"Cursed Key":9,"Mercury Hourglass":14,"Matryoshka":5,"Shuriken":15,"MealTicket":12,"Ring of the Snake":0,"Meat on the Bone":5},{"Potion Belt":21,"Lantern":54,"NeowsBlessing":0,"Snake Skull":47,"Juzu Bracelet":12,"Letter Opener":12,"Bottled Tornado":54,"Cursed Key":38,"Mercury Hourglass":60,"Matryoshka":12,"Shuriken":63,"MealTicket":50,"Ring of the Snake":0,"Meat on the Bone":12}],"Ring of the Snake":[32],"Meat on the Bone":72,"Mercury Hourglass":[30]},"card_choices":[{"not_picked":["Deflect","Riddle With Holes"],"picked":"Blade Dance","floor":1.0},{"not_picked":["Deflect","Acrobatics"],"picked":"All Out Attack","floor":3.0},{"not_picked":["Outmaneuver","Slice"],"picked":"Sucker Punch","floor":4.0},{"not_picked":["Bane","Poisoned Stab"],"picked":"Crippling Poison","floor":5.0},{"not_picked":["Outmaneuver","Doppelganger"],"picked":"Flying Knee","floor":6.0},{"not_picked":["Cloak And Dagger","Dagger Spray"],"picked":"Endless Agony","floor":10.0},{"not_picked":["Accuracy","Eviscerate"],"picked":"Escape Plan","floor":13.0},{"not_picked":["Dash","Riddle With Holes"],"picked":"Bouncing Flask","floor":14.0},{"not_picked":["Phantasmal Killer","Glass Knife"],"picked":"Burst","floor":16.0},{"not_picked":["Flying Knee","Deflect"],"picked":"Noxious Fumes+1","floor":18.0},{"not_picked":["Sucker Punch","Calculated Gamble"],"picked":"Dash","floor":19.0},{"not_picked":["Bane+1","Underhanded Strike"],"picked":"Night Terror","floor":24.0},{"not_picked":["Deflect","Flying Knee"],"picked":"PiercingWail","floor":25.0},{"not_picked":["Prepared","Flying Knee","Bane"],"picked":"SKIP","floor":28.0},{"not_picked":["Riddle With Holes","Dagger Spray","Underhanded Strike"],"picked":"SKIP","floor":30.0}],"player_experience":1462821,"relics_obtained":[{"floor":6.0,"key":"Matryoshka"},{"floor":9.0,"key":"Juzu Bracelet"},{"floor":9.0,"key":"Meat on the Bone"},{"floor":10.0,"key":"Potion Belt"},{"floor":24.0,"key":"MealTicket"},{"floor":26.0,"key":"Lantern"},{"floor":26.0,"key":"Bottled Tornado"},{"floor":28.0,"key":"Mercury Hourglass"},{"floor":30.0,"key":"Shuriken"}],"event_choices":[{"cards_removed":["Strike_G"],"damage_healed":0.0,"max_hp_gain":0.0,"max_hp_loss":0.0,"gold_gain":0.0,"event_name":"Bonfire Elementals","player_choice":"Offered Basic","floor":2.0,"gold_loss":0.0,"damage_taken":0.0},{"damage_healed":0.0,"max_hp_gain":0.0,"max_hp_loss":0.0,"gold_gain":0.0,"event_name":"WeMeetAgain","player_choice":"Paid Gold","floor":8.0,"gold_loss":80.0,"damage_taken":0.0,"relics_obtained":["Letter Opener"]},{"damage_healed":0.0,"max_hp_gain":0.0,"max_hp_loss":0.0,"gold_gain":0.0,"event_name":"Match and Keep!","player_choice":"0 cards matched","floor":11.0,"gold_loss":0.0,"damage_taken":0.0,"cards_obtained":[]},{"damage_healed":0.0,"max_hp_gain":0.0,"max_hp_loss":0.0,"gold_gain":0.0,"event_name":"Lab","player_choice":"Got Potions","floor":21.0,"gold_loss":0.0,"damage_taken":0.0},{"damage_healed":0.0,"max_hp_gain":0.0,"max_hp_loss":0.0,"gold_gain":50.0,"event_name":"Nest","player_choice":"Stole From Cult","floor":22.0,"gold_loss":0.0,"damage_taken":0.0},{"cards_removed":["Clumsy"],"damage_healed":0.0,"max_hp_gain":0.0,"max_hp_loss":0.0,"gold_gain":0.0,"event_name":"Back to Basics","player_choice":"Elegance","floor":27.0,"gold_loss":0.0,"damage_taken":0.0},{"damage_healed":0.0,"max_hp_gain":0.0,"max_hp_loss":0.0,"gold_gain":0.0,"event_name":"Knowing Skull","player_choice":"POTION ","floor":31.0,"potions_obtained":["DuplicationPotion"],"gold_loss":0.0,"damage_taken":12.0,"cards_obtained":[]}],"is_beta":false,"boss_relics":[{"not_picked":["Tiny House","HoveringKite"],"picked":"Cursed Key"}],"items_purged_floors":[],"is_endless":false,"potions_floor_spawned":[4,6,13,19],"killed_by":"Champ","ascension_level":20}}