{"host":"7gewg82ormp6yt4e","time":1612355442,"event":{"mods":["BaseMod","Block Reminder","Colored Map","DeckTracker","Highlight Path","Minty Spire (QoL Compilation)","Relic Stats","StSLib","ojb\u0027s Info Mod"],"gold_per_floor":[15,27,27,27,27,27,57,57,57,90,90,6,39,39,39,114,114,132,132,132,142,157,157,167,202,202,202,229,243,269,269,269,346,346,361,583,858,868,885,885,900,900,900,69,85,110,110,136,136,136,136,136,136,7,37,37],"floor_reached":57,"language":"JPN","playtime":5995,"items_purged":["Regret"],"score":2868,"play_id":"261e51a4-9e35-4f72-8759-c176a9582638","local_time":"20210203213042","is_ascension_mode":true,"campfire_choices":[{"data":"FollowUp","floor":6,"key":"SMITH"},{"floor":11,"key":"REST"},{"data":"Protect","floor":15,"key":"SMITH"},{"floor":23,"key":"REST"},{"floor":32,"key":"REST"},{"floor":40,"key":"RECALL"},{"data":"LessonLearned","floor":42,"key":"SMITH"},{"data":"MentalFortress","floor":47,"key":"SMITH"},{"data":"TalkToTheHand","floor":49,"key":"SMITH"},{"data":"Wallop","floor":53,"key":"SMITH"}],"circlet_count":0,"master_deck":["AscendersBane","Defend_P+1","Eruption+1","Vigilance+1","FearNoEvil","FearNoEvil","FollowUp+1","ThirdEye+1","ReachHeaven+1","FlurryOfBlows+1","Protect+1","LessonLearned+1","Conclude","RitualDagger+1","SashWhip","EmptyBody","Sanctity+1","WaveOfTheHand+1","Crescendo","DevaForm+1","JustLucky+1","InnerPeace+1","ForeignInfluence+1","Vengeance+1","EmptyBody","TalkToTheHand+1","MentalFortress+1","Wallop+1","EmptyFist+1","CrushJoints+1","Tantrum"],"relics":["PureWater","Pen Nib","Calipers","GoldenEye","The Courier","Anchor","MealTicket","Runic Pyramid","Red Mask","Bottled Flame","Kunai","Singing Bowl","Centennial Puzzle","Astrolabe","FossilizedHelix","Pear","Lantern","Sling","Torii","TeardropLocket","Mummified Hand"],"acts_visited":["Exordium","TheCity","TheBeyond","TheEnding"],"potions_floor_usage":[16,16,22,30,33,39,55,56],"damage_taken":[{"damage":0,"enemies":"Cultist","floor":1,"turns":2},{"damage":2,"enemies":"Small Slimes","floor":2,"turns":3},{"damage":5,"enemies":"Lagavulin","floor":7,"turns":4},{"damage":20,"enemies":"3 Sentries","floor":10,"turns":5},{"damage":2,"enemies":"Gremlin Nob","floor":13,"turns":3},{"damage":32,"enemies":"Hexaghost","floor":16,"turns":10},{"damage":6,"enemies":"Shell Parasite","floor":18,"turns":2},{"damage":7,"enemies":"Spheric Guardian","floor":21,"turns":5},{"damage":5,"enemies":"Shelled Parasite and Fungi","floor":22,"turns":2},{"damage":2,"enemies":"Snecko","floor":24,"turns":4},{"damage":12,"enemies":"Masked Bandits","floor":25,"turns":3},{"damage":0,"enemies":"Book of Stabbing","floor":28,"turns":4},{"damage":8,"enemies":"Snake Plant","floor":29,"turns":2},{"damage":8,"enemies":"Slavers","floor":30,"turns":7},{"damage":0,"enemies":"Automaton","floor":33,"turns":6},{"damage":0,"enemies":"3 Darklings","floor":35,"turns":2},{"damage":0,"enemies":"3 Shapes","floor":38,"turns":1},{"damage":12,"enemies":"Spire Growth","floor":39,"turns":3},{"damage":3,"enemies":"Transient","floor":41,"turns":6},{"damage":8,"enemies":"3 Darklings","floor":45,"turns":8},{"damage":0,"enemies":"Mind Bloom Boss Battle","floor":46,"turns":3},{"damage":0,"enemies":"Giant Head","floor":48,"turns":6},{"damage":14,"enemies":"Time Eater","floor":50,"turns":15},{"damage":7,"enemies":"Donu and Deca","floor":51,"turns":8},{"damage":20,"enemies":"Shield and Spear","floor":55,"turns":5},{"damage":9,"enemies":"The Heart","floor":56,"turns":9}],"seed_played":"4842566041397778901","potions_obtained":[{"floor":13,"key":"LiquidMemories"},{"floor":16,"key":"Dexterity Potion"},{"floor":21,"key":"DuplicationPotion"},{"floor":28,"key":"CultistPotion"},{"floor":29,"key":"DuplicationPotion"},{"floor":35,"key":"DuplicationPotion"},{"floor":45,"key":"Fire Potion"}],"is_trial":false,"path_per_floor":["M","M","?","T","?","R","E","?","T","E","R","$","E","$","R","B",null,"M","?","?","M","M","R","M","?","T","T","E","M","E","?","R","B",null,"M","?","?","M","M","R","M","R","T","$","M","?","R","E","R","B","B",null,"R","$","E","B",null],"character_chosen":"WATCHER","items_purchased":["Explosive Potion","Dexterity Potion","TalkToTheHand","MentalFortress","FossilizedHelix","Pear","Lantern","Sling","DuplicationPotion"],"campfire_rested":3,"item_purchase_floors":[12,12,44,44,44,44,44,44,54],"current_hp_per_floor":[61,59,33,33,33,33,28,28,28,8,28,28,26,41,41,9,53,47,47,41,34,29,49,47,35,35,35,35,29,21,21,42,42,63,63,63,63,65,55,55,52,52,52,77,69,69,69,69,69,55,48,75,75,84,64,55],"gold":37,"neow_bonus":"TRANSFORM_TWO_CARDS","is_daily":false,"chose_seed":false,"campfire_upgraded":6,"win_rate":0.0,"timestamp":1612355442,"path_taken":["M","?","?","?","?","R","E","?","T","E","R","$","E","$","R","BOSS","M","?","?","M","M","R","M","?","T","?","E","M","E","?","R","BOSS","M","?","?","M","?","R","M","R","T","$","?","?","R","E","R","BOSS","BOSS","R","$","E","BOSS"],"items_purchased_type":["Potion","Potion","Card","Card","Relic","Relic","Relic","Relic","Potion"],"build_version":"2020-12-22","purchased_purges":1,"victory":true,"max_hp_per_floor":[68,68,68,68,68,68,68,68,68,68,68,68,68,68,68,68,68,68,68,68,68,68,68,68,68,68,68,68,70,70,70,70,70,70,70,70,70,72,74,74,74,74,74,84,84,84,84,84,84,84,84,84,84,84,84,84],"relic_stats":{"Centennial Puzzle":[21],"Singing Bowl":6,"Torii":18,"counters":[26,128],"Mummified Hand":[3],"Astrolabe":["JustLucky","InnerPeace","ForeignInfluence"],"MealTicket":39,"Pen Nib":[38],"Kunai":[67],"GoldenEye":[55],"obtain_stats":[{"Lantern":44,"Calipers":4,"Pear":44,"Singing Bowl":28,"Torii":46,"Astrolabe":34,"Pen Nib":3,"The Courier":9,"TeardropLocket":48,"GoldenEye":7,"Sling":44,"Anchor":10,"Bottled Flame":26,"Centennial Puzzle":30,"Mummified Hand":55,"MealTicket":13,"Red Mask":25,"Kunai":27,"PureWater":0,"FossilizedHelix":44,"Runic Pyramid":17},{"Lantern":19,"Calipers":2,"Pear":19,"Singing Bowl":12,"Torii":21,"Astrolabe":15,"Pen Nib":2,"The Courier":3,"TeardropLocket":22,"GoldenEye":3,"Sling":19,"Anchor":4,"Bottled Flame":11,"Centennial Puzzle":14,"Mummified Hand":25,"MealTicket":5,"Red Mask":11,"Kunai":11,"PureWater":0,"FossilizedHelix":19,"Runic Pyramid":6},{"Lantern":74,"Calipers":5,"Pear":74,"Singing Bowl":47,"Torii":85,"Astrolabe":62,"Pen Nib":5,"The Courier":9,"TeardropLocket":91,"GoldenEye":9,"Sling":74,"Anchor":14,"Bottled Flame":43,"Centennial Puzzle":56,"Mummified Hand":119,"MealTicket":17,"Red Mask":43,"Kunai":43,"PureWater":0,"FossilizedHelix":74,"Runic Pyramid":27}]},"card_choices":[{"not_picked":["Protect","ThirdEye"],"picked":"FollowUp","floor":1},{"not_picked":["CutThroughFate","Evaluate"],"picked":"ThirdEye","floor":2},{"not_picked":["Adaptation","LikeWater"],"picked":"ReachHeaven","floor":7},{"not_picked":["SashWhip","ThirdEye"],"picked":"FlurryOfBlows","floor":10},{"not_picked":["ThirdEye","ClearTheMind"],"picked":"Protect","floor":13},{"not_picked":["MasterReality","Alpha"],"picked":"LessonLearned","floor":16},{"not_picked":["Consecrate","FlurryOfBlows","CutThroughFate"],"picked":"SKIP","floor":18},{"not_picked":["Protect","CutThroughFate"],"picked":"SashWhip","floor":21},{"not_picked":["CrushJoints","WindmillStrike"],"picked":"EmptyBody","floor":22},{"not_picked":["ReachHeaven","EmptyFist"],"picked":"Sanctity+1","floor":24},{"not_picked":["BowlingBash","Evaluate"],"picked":"WaveOfTheHand+1","floor":28},{"not_picked":["FlyingSleeves","EmptyBody","Vengeance"],"picked":"Singing Bowl","floor":29},{"not_picked":["Prostrate","BowlingBash"],"picked":"Crescendo","floor":30},{"not_picked":["ConjureBlade","Vault"],"picked":"DevaForm","floor":33},{"not_picked":["EmptyBody","Swivel"],"picked":"Vengeance+1","floor":35},{"not_picked":["EmptyFist","ClearTheMind","WaveOfTheHand"],"picked":"Singing Bowl","floor":38},{"not_picked":["SashWhip","EmptyFist","CutThroughFate"],"picked":"Singing Bowl","floor":39},{"not_picked":["Swivel","Halt"],"picked":"EmptyBody","floor":41},{"not_picked":["FlurryOfBlows","JustLucky+1"],"picked":"Wallop","floor":45},{"not_picked":["Crescendo+1","CutThroughFate"],"picked":"EmptyFist+1","floor":46},{"not_picked":["Perseverance","Collect"],"picked":"CrushJoints+1","floor":48},{"not_picked":["FlyingSleeves","Wish"],"picked":"Tantrum","floor":55}],"player_experience":2759176,"relics_obtained":[{"floor":4,"key":"Calipers"},{"floor":7,"key":"GoldenEye"},{"floor":9,"key":"The Courier"},{"floor":10,"key":"Anchor"},{"floor":13,"key":"MealTicket"},{"floor":25,"key":"Red Mask"},{"floor":26,"key":"Bottled Flame"},{"floor":27,"key":"Kunai"},{"floor":28,"key":"Singing Bowl"},{"floor":30,"key":"Centennial Puzzle"},{"floor":46,"key":"Torii"},{"floor":48,"key":"TeardropLocket"},{"floor":55,"key":"Mummified Hand"}],"event_choices":[{"damage_healed":0,"gold_gain":0,"player_choice":"Success","damage_taken":26,"relics_obtained":["Pen Nib"],"max_hp_gain":0,"max_hp_loss":0,"event_name":"Scrap Ooze","floor":3,"gold_loss":0},{"damage_healed":0,"gold_gain":0,"player_choice":"Grow","damage_taken":0,"max_hp_gain":0,"max_hp_loss":0,"event_name":"Living Wall","floor":5,"gold_loss":0,"cards_upgraded":["Eruption"]},{"cards_removed":["Strike_P"],"damage_healed":0,"gold_gain":0,"player_choice":"Purged","damage_taken":0,"max_hp_gain":0,"max_hp_loss":0,"event_name":"Purifier","floor":8,"gold_loss":0},{"damage_healed":0,"gold_gain":0,"player_choice":"Read","damage_taken":0,"max_hp_gain":0,"max_hp_loss":0,"event_name":"The Library","floor":19,"gold_loss":0,"cards_obtained":["Conclude"]},{"damage_healed":0,"gold_gain":0,"player_choice":"Joined the Cult","damage_taken":6,"max_hp_gain":0,"max_hp_loss":0,"event_name":"Nest","floor":20,"gold_loss":0,"cards_obtained":["RitualDagger"]},{"damage_healed":0,"gold_gain":0,"player_choice":"Fought Bandits","damage_taken":0,"max_hp_gain":0,"max_hp_loss":0,"event_name":"Masked Bandits","floor":25,"gold_loss":0},{"cards_removed":["Strike_P"],"damage_healed":0,"gold_gain":0,"player_choice":"Elegance","damage_taken":0,"max_hp_gain":0,"max_hp_loss":0,"event_name":"Back to Basics","floor":31,"gold_loss":0},{"damage_healed":0,"gold_gain":222,"player_choice":"Wore Mask","damage_taken":0,"max_hp_gain":0,"max_hp_loss":0,"event_name":"Tomb of Lord Red Mask","floor":36,"gold_loss":0},{"damage_healed":0,"gold_gain":275,"player_choice":"Desecrate","damage_taken":0,"max_hp_gain":0,"max_hp_loss":0,"event_name":"Golden Shrine","floor":37,"gold_loss":0,"cards_obtained":["Regret"]},{"damage_healed":0,"gold_gain":0,"player_choice":"Fight","damage_taken":0,"max_hp_gain":0,"max_hp_loss":0,"event_name":"MindBloom","floor":46,"gold_loss":0}],"is_beta":false,"boss_relics":[{"not_picked":["Cursed Key","Runic Dome"],"picked":"Runic Pyramid"},{"not_picked":["Empty Cage","Sozu"],"picked":"Astrolabe"}],"items_purged_floors":[54],"is_endless":false,"potions_floor_spawned":[13,16,21,28,29,35,45],"ascension_level":20}}