{"host":"rq7gz685gkaokql0","time":1612383011,"event":{"mods":["BaseMod","Hubris","Infinite Spire","Minty Spire (QoL Compilation)","Replay The Spire","StSLib"],"gold_per_floor":[113,124,124,135,1,30,30,30,81,151,151,166,185,212,212,289,289,299,299,317,317,329,364,376,490,490,518,518,553,15,47,47,123,123,136,136,136,189,50,50,81,123,123,143,158,158,118,130,130,206,277,277,293,131,206,35,51,66,66,66,114,170,174,174,174,189,189,245,245,251,251,256,272,283,276,276,278,303,303,321,321,321,321,321,398,398,432,432,432,432,432,432,482,482,482,560,560,619,675,734,734,827,957,957,1036,1036,1110,1185,454,497,497,538,561,561,604,604,604,647,647,745,745,783,783,783,783,783,860,860,922,922,922,1012,1087,1183,1291,1291,1451,1451,1551,1551,1034,654,725,725,794,794,794,844,1044,1044,1113,1113,1261,1388,1388,1388,457,503,571],"floor_reached":161,"language":"ENG","playtime":5950,"items_purged":["Regret","Pain","hubris:Despair"],"score":9872,"play_id":"51ce756a-e712-4e0d-a4d0-c3c2d8e95549","local_time":"20210203101011","is_ascension_mode":true,"campfire_choices":[{"floor":7.0,"key":"REST"},{"data":"Armaments","floor":15.0,"key":"SMITH"},{"data":"hubris:InfiniteBlow+32","floor":32.0,"key":"SMITH"},{"data":"1","floor":40.0,"key":"LIFT"},{"data":"2","floor":49.0,"key":"LIFT"},{"data":"3","floor":60.0,"key":"LIFT"},{"data":"Demon Form","floor":64.0,"key":"SMITH"},{"data":"infinitespire:Fortify","floor":67.0,"key":"SMITH"},{"floor":82.0,"key":"REST"},{"floor":84.0,"key":"REST"},{"data":"Eclipse","floor":92.0,"key":"SMITH"},{"data":"Madness","floor":94.0,"key":"SMITH"},{"data":"Bite","floor":101.0,"key":"SMITH"},{"data":"infinitespire:Menacing","floor":111.0,"key":"SMITH"},{"data":"Hemogenesis","floor":117.0,"key":"SMITH"},{"data":"Magnetism","floor":119.0,"key":"SMITH"},{"data":"Reaper","floor":136.0,"key":"SMITH"},{"data":"Immolate","floor":145.0,"key":"SMITH"},{"data":"ReplayTheSpireMod:??????????????????????","floor":148.0,"key":"SMITH"},{"data":"Secret Weapon","floor":151.0,"key":"SMITH"},{"floor":153.0,"key":"DIG"},{"data":"Infernal Blade","floor":157.0,"key":"SMITH"}],"circlet_count":0,"master_deck":["AscendersBane","Defend_R+1","Defend_R","Defend_R","Defend_R+1","Bash","Flex","Thunderclap","Juggernaut","Power Through","Armaments+1","Flame Barrier+1","Power Through","ReplayTheSpireMod:Limb From Limb","Anger","Replay:Undeath\u0027s Touch","Demonic Infusion+1","Dropkick","ReplayTheSpireMod:Stacked+1","hubris:InfiniteBlow+1056","Run Through","Havoc","Wild Strike+1","hubris:ReadiedAction","Whirlwind+1","Bite","Bite","Bite","Bite+1","Bite","ReplayTheSpireMod:LeadingStrike","Immolate+1","Infernal Blade+1","Iron Wave+1","Eclipse+1","Rage+1","Madness","Madness+1","Magnetism+1","hubris:Ssssneak","Secret Weapon+1","Uppercut","Feed","Heavy Blade","Armaments+1","Clothesline","Fiend Fire","Demon Form+1","hubris:InfiniteBlow+990","infinitespire:Fortify+1","ReplayReversal","Hemogenesis+1","Thunderclap","Ghostly Armor+1","hubris:ReadiedAction","Run Through","Pommel Strike+1","infinitespire:TheBestDefense","Ghostly Armor","Juggernaut+1","Madness","Madness+1","Pommel Strike+1","infinitespire:Menacing+1","ReplayTheSpireMod:Strike From Hell+1","Bludgeon","Reaper+1","Replay:Undeath\u0027s Touch","ReplayTheSpireMod:Stacked","hubris:StunningStrike","Hallucinations","Necronomicurse","RitualDagger","True Grit+1","Pommel Strike+1","Heavy Blade","Brutality+1","ReplayTheSpireMod:??????????????????????+1","Metallicize+1","Havoc","Run Through","Offering+1","Feed+1","Apotheosis+1","Inflame+1","Master of Strategy+1"],"relics":["Black Blood","NeowsBlessing","infinitespire:Lucky Rock","hubris:Icosahedron","Orichalcum","hubris:MysteriousPyramids","infinitespire:Cubic Diamond","ReplayTheSpireMod:Ninjato","hubris:ScarierMask","infinitespire:Golems Mask","Nunchaku","Shuriken","Smiling Mask","Replay:Accelerometer","Magic Flower","Potion Belt","Busted Crown","Anchor","Girya","ReplayTheSpireMod:ShopPack","FossilizedHelix","Replay:Kaleidoscope","ChewingGum","infinitespire:Beetle Shell","MealTicket","Calipers","Replay:Towering Pillar of Hats","Juzu Bracelet","Strawberry","Bag of Marbles","Frozen Egg 2","Ring of Chaos","Enchiridion","Red Mask","CaptainsWheel","ReplayTheSpireMod:Shallot","hubris:SlimyHat","hubris:ChampionShield","hubris:Towel","Torii","hubris:Teleporter","infinitespire:EvilPickle","hubris:Backtick","Burning Blood","WarpedTongs","StoneCalendar","Simple Rune","Omamori","Letter Opener","infinitespire:FocusingShard","White Beast Statue","SlaversCollar","hubris:IronBody","Sling","Lantern","Garlic","ReplayFunnel","War Paint","Replay:Ancient Bell","Replay:Baseball","Golden Egg","infinitespire:CursedDice","Necronomicon","hubris:MobiusCoin","Pen Nib","Bottled Flame","Chameleon Ring","Akabeko","Snack Pack","Du-Vu Doll","Bird Faced Urn","infinitespire:CheckeredPen","infinitespire:Bottled Soul","infinitespire:EmpoweringShard","Durian","TungstenRod","Champion Belt","Black Star","Mummified Hand","Replay:Mystery Machine","PrismaticShard","Incense Burner","hubris:TinFlute"],"acts_visited":["Exordium","TheCity","TheBeyond","Exordium","TheCity","TheBeyond","Exordium","TheCity","TheBeyond","TheEnding"],"potions_floor_usage":[160,160,160],"damage_taken":[{"damage":0.0,"enemies":"Cultist","floor":1.0,"turns":1.0},{"damage":0.0,"enemies":"infinitespire:Voidling","floor":2.0,"turns":1.0},{"damage":0.0,"enemies":"Small Slimes","floor":4.0,"turns":1.0},{"damage":59.0,"enemies":"Gremlin Nob","floor":6.0,"turns":6.0},{"damage":6.0,"enemies":"Blue Slaver","floor":12.0,"turns":5.0},{"damage":11.0,"enemies":"Looter","floor":13.0,"turns":3.0},{"damage":16.0,"enemies":"Lagavulin","floor":14.0,"turns":6.0},{"damage":12.0,"enemies":"Slime Boss","floor":16.0,"turns":5.0},{"damage":0.0,"enemies":"Chosen","floor":18.0,"turns":3.0},{"damage":6.0,"enemies":"2 Thieves","floor":20.0,"turns":2.0},{"damage":17.0,"enemies":"Snake Plant","floor":22.0,"turns":5.0},{"damage":19.0,"enemies":"Nightmare","floor":23.0,"turns":7.0},{"damage":0.0,"enemies":"3 Cultists","floor":24.0,"turns":5.0},{"damage":4.0,"enemies":"Shelled Parasite and Fungi","floor":25.0,"turns":2.0},{"damage":0.0,"enemies":"Gremlin Leader","floor":27.0,"turns":4.0},{"damage":12.0,"enemies":"Replay:Snechameleon","floor":29.0,"turns":5.0},{"damage":12.0,"enemies":"Book of Stabbing","floor":31.0,"turns":3.0},{"damage":28.0,"enemies":"hubris:MusketHawk","floor":33.0,"turns":5.0},{"damage":4.0,"enemies":"Orb Walker","floor":35.0,"turns":4.0},{"damage":0.0,"enemies":"2 Orb Walkers","floor":38.0,"turns":1.0},{"damage":22.0,"enemies":"Giant Head","floor":41.0,"turns":5.0},{"damage":8.0,"enemies":"3 Shapes","floor":42.0,"turns":3.0},{"damage":0.0,"enemies":"3 Darklings","floor":44.0,"turns":3.0},{"damage":0.0,"enemies":"Sphere and 2 Shapes","floor":45.0,"turns":1.0},{"damage":0.0,"enemies":"infinitespire:Three Voidlings","floor":46.0,"turns":3.0},{"damage":0.0,"enemies":"4 Shapes","floor":48.0,"turns":1.0},{"damage":23.0,"enemies":"Awakened One","floor":50.0,"turns":6.0},{"damage":14.0,"enemies":"infinitespire:MassOfShapes","floor":51.0,"turns":5.0},{"damage":0.0,"enemies":"Small Slimes","floor":53.0,"turns":1.0},{"damage":0.0,"enemies":"2 Louse","floor":57.0,"turns":2.0},{"damage":0.0,"enemies":"3 Sentries","floor":58.0,"turns":2.0},{"damage":0.0,"enemies":"Lagavulin Event","floor":62.0,"turns":1.0},{"damage":0.0,"enemies":"Cultist","floor":63.0,"turns":2.0},{"damage":0.0,"enemies":"Replay:BlueRogue","floor":66.0,"turns":3.0},{"damage":0.0,"enemies":"Slime Boss","floor":68.0,"turns":3.0},{"damage":0.0,"enemies":"Spheric Guardian","floor":70.0,"turns":2.0},{"damage":0.0,"enemies":"Chosen","floor":72.0,"turns":2.0},{"damage":0.0,"enemies":"Masked Bandits","floor":73.0,"turns":2.0},{"damage":0.0,"enemies":"Shelled Parasite and Fungi","floor":74.0,"turns":2.0},{"damage":51.0,"enemies":"Nightmare","floor":75.0,"turns":6.0},{"damage":0.0,"enemies":"Book of Stabbing","floor":77.0,"turns":4.0},{"damage":0.0,"enemies":"Slavers","floor":80.0,"turns":1.0},{"damage":0.0,"enemies":"3 Cultists","floor":83.0,"turns":2.0},{"damage":0.0,"enemies":"Pondfish","floor":85.0,"turns":3.0},{"damage":0.0,"enemies":"3 Shapes","floor":87.0,"turns":2.0},{"damage":0.0,"enemies":"Nemesis","floor":93.0,"turns":1.0},{"damage":0.0,"enemies":"R_Hoarder","floor":98.0,"turns":2.0},{"damage":0.0,"enemies":"3 Darklings","floor":99.0,"turns":1.0},{"damage":6.0,"enemies":"Nightmare","floor":100.0,"turns":4.0},{"damage":71.0,"enemies":"Replay:Hell Engine","floor":102.0,"turns":6.0},{"damage":0.0,"enemies":"Time Eater","floor":103.0,"turns":1.0},{"damage":0.0,"enemies":"2 Louse","floor":105.0,"turns":1.0},{"damage":0.0,"enemies":"Jaw Worm","floor":107.0,"turns":1.0},{"damage":0.0,"enemies":"Nightmare","floor":110.0,"turns":2.0},{"damage":0.0,"enemies":"Small Slimes","floor":112.0,"turns":1.0},{"damage":0.0,"enemies":"Lagavulin","floor":115.0,"turns":2.0},{"damage":0.0,"enemies":"2 Fungi Beasts","floor":118.0,"turns":2.0},{"damage":0.0,"enemies":"infinitespire:LordOfFortification","floor":120.0,"turns":3.0},{"damage":0.0,"enemies":"3 Byrds","floor":122.0,"turns":3.0},{"damage":0.0,"enemies":"Slavers","floor":127.0,"turns":1.0},{"damage":0.0,"enemies":"Spheric Guardian","floor":129.0,"turns":3.0},{"damage":0.0,"enemies":"Gremlin Leader","floor":132.0,"turns":1.0},{"damage":0.0,"enemies":"Centurion and Healer","floor":133.0,"turns":1.0},{"damage":0.0,"enemies":"Colosseum Slavers","floor":134.0,"turns":1.0},{"damage":0.0,"enemies":"Colosseum Nobs","floor":134.0,"turns":1.0},{"damage":1.0,"enemies":"Book of Stabbing","floor":135.0,"turns":1.0},{"damage":0.0,"enemies":"infinitespire:LordOfFortification","floor":137.0,"turns":1.0},{"damage":0.0,"enemies":"Orb Walker","floor":139.0,"turns":1.0},{"damage":0.0,"enemies":"R_Hoarder","floor":144.0,"turns":1.0},{"damage":0.0,"enemies":"Nightmare","floor":146.0,"turns":1.0},{"damage":0.0,"enemies":"2 Orb Walkers","floor":149.0,"turns":1.0},{"damage":1.0,"enemies":"3 Shapes","floor":152.0,"turns":2.0},{"damage":0.0,"enemies":"infinitespire:LordOfFortification","floor":154.0,"turns":1.0},{"damage":0.0,"enemies":"Awakened One","floor":155.0,"turns":5.0},{"damage":0.0,"enemies":"Shield and Spear","floor":159.0,"turns":1.0},{"damage":59,"enemies":"The Heart","floor":160,"turns":8}],"seed_played":"1329927096072138269","potions_obtained":[{"floor":6.0,"key":"Fire Potion"},{"floor":13.0,"key":"LifebloodPotion"},{"floor":22.0,"key":"BloodPotion"},{"floor":24.0,"key":"Fire Potion"},{"floor":25.0,"key":"FairyPotion"},{"floor":29.0,"key":"SteroidPotion"},{"floor":33.0,"key":"Elixir"},{"floor":38.0,"key":"LiquidBronze"},{"floor":45.0,"key":"ColorlessPotion"},{"floor":50.0,"key":"AttackPotion"},{"floor":53.0,"key":"ColorlessPotion"},{"floor":57.0,"key":"FearPotion"},{"floor":66.0,"key":"Block Potion"},{"floor":75.0,"key":"SneckoOil"},{"floor":80.0,"key":"Toxic Potion"},{"floor":89.0,"key":"BlessingOfTheForge"},{"floor":99.0,"key":"Fruit Juice"},{"floor":100.0,"key":"Reflective Coating"},{"floor":102.0,"key":"Elixir"},{"floor":105.0,"key":"DuplicationPotion"},{"floor":107.0,"key":"PowerPotion"},{"floor":132.0,"key":"BloodPotion"},{"floor":160,"key":"AttackPotion"}],"is_trial":false,"path_per_floor":["M","M","?","M","$","E","R","?","T","T","?","M","M","E","R","B",null,"M","?","M","AVR","M","NM","M","M","T","E","?","E","$","E","R","B",null,"M","AVR","?","?","$","R","E","M","T","M","M","?","$","M","R","B","B",null,"M","$","?","$","M","E","AVR","R","T","?","M","R","?","E","R","B",null,"M","?","M","?","M","NM","T","E","T","?","E","T","R","M","R","B",null,"M","?","?","T","?","R","E","R","T","?","AVR","E","M","NM","R","B","B",null,"M","?","M","?","$","NM","R","M","T","?","E","?","R","M","R","B",null,"M","?","?","?","?","E","?","M","T","T","E","M","?","E","R","B",null,"M","?","?","$","E","R","NM","T","R","?","?","R","M","R","B","B",null,"R","$","E","B",null],"character_chosen":"IRONCLAD","items_purchased":["Armaments","Flame Barrier","Magic Flower","Immolate","Infernal Blade","ReplayTheSpireMod:ShopPack","Armaments+1","infinitespire:Beetle Shell","MealTicket","Sling","Lantern","Reaper","Mayhem+1","infinitespire:CheckeredPen","Metallicize+1","Apotheosis","Mummified Hand","Inflame+1","Replay:Mystery Machine","PrismaticShard"],"campfire_rested":3,"item_purchase_floors":[5,5,30,30,30,39,47,54,56,109,109,109,109,142,142,158,158,158,158,158],"current_hp_per_floor":[74,75,75,75,75,22,44,44,44,44,44,75,64,48,48,36,65,65,65,59,59,42,23,23,19,19,19,19,25,25,50,50,30,47,52,52,43,43,43,43,32,29,29,29,35,38,38,43,43,32,33,47,47,47,36,36,39,45,45,45,45,52,52,52,52,55,55,59,59,59,38,44,59,59,14,14,20,20,20,20,20,37,37,54,57,59,59,59,59,59,48,48,57,57,57,57,57,59,64,64,64,60,64,64,64,64,64,53,64,64,64,64,64,64,64,64,64,64,64,64,64,67,46,46,46,46,55,49,58,58,58,67,67,67,67,67,67,67,67,64,64,64,64,64,64,69,69,69,79,79,79,79,79,79,79,79,79,79,79],"gold":571,"neow_bonus":"THREE_ENEMY_KILL","is_daily":false,"chose_seed":false,"campfire_upgraded":15,"win_rate":0.0,"timestamp":1612383011,"path_taken":["M","M","?","?","?","E","R","?","T","?","?","M","?","E","R","BOSS","M","?","M","AVR","?","NM","M","?","T","E","?","E","$","E","R","BOSS","M","AVR","?","?","$","R","E","M","T","M","M","?","?","M","R","BOSS","BOSS","M","$","?","$","M","E","AVR","R","T","?","M","R","?","E","R","BOSS","M","?","M","?","M","NM","?","E","T","?","E","?","R","M","R","BOSS","M","?","?","?","?","R","E","R","T","?","AVR","E","M","NM","R","BOSS","BOSS","M","?","M","?","$","NM","R","M","T","?","E","?","R","M","R","BOSS","M","?","?","?","?","E","?","M","T","?","E","M","?","E","R","BOSS","M","?","?","$","E","R","NM","T","R","?","?","R","M","R","BOSS","BOSS","R","$","E","BOSS"],"items_purchased_type":["Card","Card","Relic","Card","Card","Relic","Card","Relic","Relic","Relic","Relic","Card","Card","Relic","Card","Card","Relic","Card","Relic","Relic"],"build_version":"2020-12-22","purchased_purges":3,"victory":true,"max_hp_per_floor":[75,75,75,75,75,75,75,75,75,75,75,75,75,75,75,75,75,75,75,75,75,75,75,75,75,75,75,52,52,52,52,52,52,52,52,52,52,52,52,52,52,52,52,52,52,52,52,52,52,52,52,52,52,52,52,52,52,52,52,52,52,59,59,59,59,59,59,59,59,59,59,59,59,59,59,59,59,59,59,59,59,59,59,59,59,59,59,59,59,59,59,59,59,59,59,59,59,59,64,64,64,64,64,64,64,64,64,64,64,64,64,64,64,64,64,64,64,64,64,64,64,67,67,67,67,67,67,67,67,67,67,67,67,67,67,67,67,67,67,64,64,64,64,64,64,69,69,69,79,79,79,79,79,79,79,79,79,79,79],"card_choices":[{"not_picked":["True Grit","Pommel Strike"],"picked":"Flex","floor":1.0},{"not_picked":["Reckless Charge","ReplayTheSpireMod:LeadingStrike"],"picked":"Thunderclap","floor":2.0},{"not_picked":["Hemokinesis","Shrug It Off"],"picked":"Power Through","floor":4.0},{"not_picked":["Warcry","Hemokinesis"],"picked":"Power Through","floor":6.0},{"not_picked":["Clash","Pommel Strike"],"picked":"ReplayTheSpireMod:Limb From Limb","floor":12.0},{"not_picked":["Body Slam","Shrug It Off"],"picked":"Anger","floor":13.0},{"not_picked":["Anger","Evolve"],"picked":"Replay:Undeath\u0027s Touch","floor":14.0},{"not_picked":["Fiend Fire","Juggernaut"],"picked":"Demonic Infusion","floor":16.0},{"not_picked":["Flex","ReplayTheSpireMod:Strike From Hell"],"picked":"Dropkick","floor":18.0},{"not_picked":["Headbutt","Bloodletting+1"],"picked":"ReplayTheSpireMod:Stacked+1","floor":20.0},{"not_picked":["Thunderclap","Clothesline"],"picked":"Run Through","floor":22.0},{"not_picked":["Headbutt","Flex"],"picked":"Havoc","floor":23.0},{"not_picked":["Pommel Strike","Clothesline"],"picked":"Wild Strike+1","floor":24.0},{"not_picked":["Havoc","Power Through"],"picked":"hubris:ReadiedAction","floor":25.0},{"not_picked":["ReplayTheSpireMod:Limb From Limb","Massacre"],"picked":"Whirlwind","floor":27.0},{"not_picked":["ReplayTheSpireMod:Strike From Hell","Rage"],"picked":"ReplayTheSpireMod:LeadingStrike","floor":29.0},{"not_picked":["Cleave","Bludgeon"],"picked":"Iron Wave+1","floor":31.0},{"not_picked":["Immolate","Bludgeon"],"picked":"Eclipse","floor":33.0},{"not_picked":[],"picked":"Rage+1","floor":35.0},{"not_picked":[],"picked":"Magnetism","floor":39.0},{"not_picked":[],"picked":"hubris:Ssssneak","floor":39.0},{"not_picked":[],"picked":"Secret Weapon","floor":39.0},{"not_picked":[],"picked":"Uppercut","floor":41.0},{"not_picked":[],"picked":"Feed","floor":42.0},{"not_picked":["Anger"],"picked":"SKIP","floor":44.0},{"not_picked":[],"picked":"Heavy Blade","floor":45.0},{"not_picked":[],"picked":"Clothesline","floor":48.0},{"not_picked":[],"picked":"Fiend Fire","floor":50.0},{"not_picked":[],"picked":"Demon Form","floor":51.0},{"not_picked":["infinitespire:Starlight","hubris:Rewind"],"picked":"hubris:InfiniteBlow+66","floor":52.0},{"not_picked":["Blood for Blood"],"picked":"SKIP","floor":53.0},{"not_picked":["Evolve"],"picked":"SKIP","floor":57.0},{"not_picked":["Abandon"],"picked":"SKIP","floor":58.0},{"not_picked":[],"picked":"ReplayReversal","floor":63.0},{"not_picked":["hubris:ReadiedAction"],"picked":"SKIP","floor":66.0},{"not_picked":[],"picked":"Hemogenesis","floor":68.0},{"not_picked":[],"picked":"Thunderclap","floor":70.0},{"not_picked":[],"picked":"Ghostly Armor+1","floor":72.0},{"not_picked":[],"picked":"hubris:ReadiedAction","floor":73.0},{"not_picked":[],"picked":"Run Through","floor":74.0},{"not_picked":[],"picked":"Pommel Strike","floor":75.0},{"not_picked":["hubris:Rewind","ReplayTheSpireMod:??????????????????????"],"picked":"infinitespire:TheBestDefense","floor":75.0},{"not_picked":["Perfected Strike"],"picked":"SKIP","floor":77.0},{"not_picked":[],"picked":"Ghostly Armor","floor":80.0},{"not_picked":[],"picked":"Juggernaut+1","floor":83.0},{"not_picked":["Clash"],"picked":"SKIP","floor":87.0},{"not_picked":["Second Wind"],"picked":"SKIP","floor":93.0},{"not_picked":[],"picked":"Pommel Strike+1","floor":96.0},{"not_picked":["Anger"],"picked":"SKIP","floor":98.0},{"not_picked":[],"picked":"ReplayTheSpireMod:Strike From Hell+1","floor":99.0},{"not_picked":["Anger"],"picked":"SKIP","floor":100.0},{"not_picked":[],"picked":"Bludgeon","floor":103.0},{"not_picked":["Shrug It Off"],"picked":"SKIP","floor":105.0},{"not_picked":["Warcry"],"picked":"SKIP","floor":107.0},{"not_picked":[],"picked":"Replay:Undeath\u0027s Touch","floor":110.0},{"not_picked":[],"picked":"ReplayTheSpireMod:Stacked","floor":112.0},{"not_picked":["Whirlwind"],"picked":"SKIP","floor":115.0},{"not_picked":["Wild Strike"],"picked":"SKIP","floor":118.0},{"not_picked":[],"picked":"hubris:StunningStrike","floor":120.0},{"not_picked":[],"picked":"hubris:Gluttony","floor":121.0},{"not_picked":[],"picked":"Pain","floor":121.0},{"not_picked":[],"picked":"Hallucinations","floor":121.0},{"not_picked":["Clothesline"],"picked":"SKIP","floor":122.0},{"not_picked":["ReplayTheSpireMod:Stacked"],"picked":"SKIP","floor":127.0},{"not_picked":[],"picked":"True Grit+1","floor":129.0},{"not_picked":["Run Through"],"picked":"SKIP","floor":132.0},{"not_picked":[],"picked":"Pommel Strike+1","floor":133.0},{"not_picked":[],"picked":"Heavy Blade","floor":134.0},{"not_picked":["ReplayTheSpireMod:LeadingStrike"],"picked":"SKIP","floor":135.0},{"not_picked":[],"picked":"Brutality+1","floor":137.0},{"not_picked":["hubris:ReadiedAction"],"picked":"SKIP","floor":139.0},{"not_picked":["infinitespire:Fortify","infinitespire:NeuralNetwork"],"picked":"ReplayTheSpireMod:??????????????????????","floor":141.0},{"not_picked":[],"picked":"Havoc","floor":144.0},{"not_picked":["Pommel Strike"],"picked":"SKIP","floor":146.0},{"not_picked":[],"picked":"Run Through","floor":149.0},{"not_picked":["Life Link+1"],"picked":"SKIP","floor":152.0},{"not_picked":[],"picked":"Offering","floor":154.0},{"not_picked":[],"picked":"Feed","floor":155.0},{"not_picked":["Compile Driver"],"picked":"SKIP","floor":159.0},{"not_picked":[],"picked":"Master of Strategy","floor":160}],"player_experience":1237039,"relics_obtained":[{"floor":6.0,"key":"infinitespire:Lucky Rock"},{"floor":9.0,"key":"Orichalcum"},{"floor":10.0,"key":"hubris:MysteriousPyramids"},{"floor":14.0,"key":"ReplayTheSpireMod:Ninjato"},{"floor":23.0,"key":"Nunchaku"},{"floor":26.0,"key":"Shuriken"},{"floor":27.0,"key":"Smiling Mask"},{"floor":29.0,"key":"Replay:Accelerometer"},{"floor":31.0,"key":"Potion Belt"},{"floor":38.0,"key":"Girya"},{"floor":41.0,"key":"FossilizedHelix"},{"floor":43.0,"key":"Replay:Kaleidoscope"},{"floor":58.0,"key":"Calipers"},{"floor":61.0,"key":"Juzu Bracelet"},{"floor":62.0,"key":"Strawberry"},{"floor":66.0,"key":"Frozen Egg 2"},{"floor":71.0,"key":"Enchiridion"},{"floor":73.0,"key":"Red Mask"},{"floor":75.0,"key":"CaptainsWheel"},{"floor":76.0,"key":"ReplayTheSpireMod:Shallot"},{"floor":77.0,"key":"hubris:SlimyHat"},{"floor":78.0,"key":"hubris:ChampionShield"},{"floor":80.0,"key":"Torii"},{"floor":81.0,"key":"hubris:Teleporter"},{"floor":90.0,"key":"StoneCalendar"},{"floor":93.0,"key":"Simple Rune"},{"floor":95.0,"key":"Omamori"},{"floor":98.0,"key":"infinitespire:FocusingShard"},{"floor":100.0,"key":"White Beast Statue"},{"floor":110.0,"key":"Garlic"},{"floor":113.0,"key":"ReplayFunnel"},{"floor":115.0,"key":"War Paint"},{"floor":123.0,"key":"Necronomicon"},{"floor":127.0,"key":"Pen Nib"},{"floor":130.0,"key":"Bottled Flame"},{"floor":131.0,"key":"Chameleon Ring"},{"floor":132.0,"key":"Akabeko"},{"floor":134.0,"key":"Snack Pack"},{"floor":134.0,"key":"Du-Vu Doll"},{"floor":135.0,"key":"Bird Faced Urn"},{"floor":144.0,"key":"infinitespire:Bottled Soul"},{"floor":146.0,"key":"infinitespire:EmpoweringShard"},{"floor":147.0,"key":"Durian"},{"floor":149.0,"key":"TungstenRod"},{"floor":153.0,"key":"Champion Belt"},{"floor":159.0,"key":"Incense Burner"},{"floor":159.0,"key":"hubris:TinFlute"}],"event_choices":[{"damage_healed":0.0,"max_hp_gain":0.0,"max_hp_loss":0.0,"gold_gain":0.0,"event_name":"Match and Keep!","player_choice":"1 cards matched","floor":3.0,"gold_loss":0.0,"damage_taken":0.0,"cards_obtained":["Juggernaut"]},{"damage_healed":0.0,"max_hp_gain":0.0,"max_hp_loss":0.0,"gold_gain":0.0,"event_name":"Upgrade Shrine","player_choice":"Upgraded","floor":19.0,"gold_loss":0.0,"damage_taken":0.0,"cards_upgraded":["Demonic Infusion"]},{"damage_healed":0.0,"max_hp_gain":0.0,"max_hp_loss":23.0,"gold_gain":0.0,"event_name":"Vampires","player_choice":"Became a vampire","floor":28.0,"gold_loss":0.0,"damage_taken":0.0,"cards_obtained":["Bite","Bite","Bite","Bite","Bite"]},{"damage_healed":0.0,"max_hp_gain":0.0,"max_hp_loss":0.0,"gold_gain":0.0,"event_name":"Winding Halls","player_choice":"Embrace Madness","floor":37.0,"gold_loss":0.0,"damage_taken":9.0,"cards_obtained":["Madness","Madness"]},{"damage_healed":0.0,"max_hp_gain":0.0,"max_hp_loss":0.0,"gold_gain":0.0,"event_name":"Mysterious Sphere","player_choice":"Fight","floor":38.0,"gold_loss":0.0,"damage_taken":0.0},{"damage_healed":0.0,"max_hp_gain":0.0,"max_hp_loss":0.0,"gold_gain":75.0,"event_name":"World of Goop","player_choice":"Gather Gold","floor":55.0,"gold_loss":0.0,"damage_taken":11.0},{"damage_healed":0.0,"max_hp_gain":0.0,"max_hp_loss":0.0,"gold_gain":0.0,"event_name":"Dead Adventurer","player_choice":"Searched \u00271\u0027 times","floor":62.0,"gold_loss":0.0,"damage_taken":0.0},{"damage_healed":0.0,"max_hp_gain":0.0,"max_hp_loss":0.0,"gold_gain":0.0,"event_name":"Big Fish","player_choice":"Box","floor":65.0,"gold_loss":0.0,"damage_taken":0.0,"relics_obtained":["Bag of Marbles"],"cards_obtained":["Regret"]},{"damage_healed":0.0,"max_hp_gain":0.0,"max_hp_loss":0.0,"gold_gain":0.0,"event_name":"Cursed Tome","player_choice":"Obtained Book","floor":71.0,"gold_loss":0.0,"damage_taken":21.0},{"damage_healed":0.0,"max_hp_gain":0.0,"max_hp_loss":0.0,"gold_gain":0.0,"event_name":"Masked Bandits","player_choice":"Fought Bandits","floor":73.0,"gold_loss":0.0,"damage_taken":0.0},{"damage_healed":0.0,"max_hp_gain":0.0,"max_hp_loss":0.0,"gold_gain":0.0,"event_name":"Accursed Blacksmith","player_choice":"Rummage","floor":88.0,"gold_loss":0.0,"damage_taken":0.0,"relics_obtained":["WarpedTongs"],"cards_obtained":["Pain"]},{"damage_healed":0.0,"max_hp_gain":0.0,"max_hp_loss":0.0,"gold_gain":0.0,"event_name":"Lab","player_choice":"Got Potions","floor":89.0,"gold_loss":0.0,"damage_taken":0.0},{"damage_healed":0.0,"max_hp_gain":0.0,"max_hp_loss":0.0,"gold_gain":0.0,"event_name":"Winding Halls","player_choice":"Embrace Madness","floor":91.0,"gold_loss":0.0,"damage_taken":11.0,"cards_obtained":["Madness","Madness"]},{"damage_healed":0.0,"max_hp_gain":0.0,"max_hp_loss":0.0,"gold_gain":0.0,"event_name":"WeMeetAgain","player_choice":"Gave Potion","floor":106.0,"gold_loss":0.0,"damage_taken":0.0,"relics_obtained":["hubris:IronBody"]},{"damage_healed":0.0,"max_hp_gain":0.0,"max_hp_loss":0.0,"gold_gain":75.0,"event_name":"World of Goop","player_choice":"Gather Gold","floor":108.0,"gold_loss":0.0,"damage_taken":11.0},{"cards_removed":["Pain"],"damage_healed":0.0,"max_hp_gain":0.0,"max_hp_loss":0.0,"gold_gain":0.0,"event_name":"Living Wall","player_choice":"Forget","floor":114.0,"gold_loss":0.0,"damage_taken":0.0},{"damage_healed":0.0,"max_hp_gain":0.0,"max_hp_loss":0.0,"gold_gain":0.0,"event_name":"Cursed Tome","player_choice":"Obtained Book","floor":123.0,"gold_loss":0.0,"damage_taken":21.0},{"damage_healed":0.0,"max_hp_gain":0.0,"max_hp_loss":0.0,"gold_gain":0.0,"event_name":"Vampires","player_choice":"Ignored","floor":126.0,"gold_loss":0.0,"damage_taken":0.0},{"damage_healed":0.0,"max_hp_gain":0.0,"max_hp_loss":0.0,"gold_gain":0.0,"event_name":"Nest","player_choice":"Joined the Cult","floor":128.0,"gold_loss":0.0,"damage_taken":6.0,"cards_obtained":["RitualDagger"]},{"damage_healed":0.0,"max_hp_gain":0.0,"max_hp_loss":0.0,"gold_gain":0.0,"event_name":"Colosseum","player_choice":"Fight","floor":134.0,"gold_loss":0.0,"damage_taken":0.0},{"damage_healed":0.0,"max_hp_gain":0.0,"max_hp_loss":0.0,"gold_gain":0.0,"event_name":"Colosseum","player_choice":"Fought Nobs","floor":134.0,"gold_loss":0.0,"damage_taken":0.0},{"damage_healed":0.0,"max_hp_gain":0.0,"max_hp_loss":3.0,"gold_gain":0.0,"event_name":"Winding Halls","player_choice":"Max HP","floor":140.0,"gold_loss":0.0,"damage_taken":0.0},{"damage_healed":0.0,"max_hp_gain":0.0,"max_hp_loss":0.0,"gold_gain":0.0,"event_name":"Mysterious Sphere","player_choice":"Fight","floor":149.0,"gold_loss":0.0,"damage_taken":0.0},{"cards_removed":["Mayhem"],"damage_healed":0.0,"max_hp_gain":10.0,"max_hp_loss":0.0,"gold_gain":0.0,"event_name":"Bonfire Elementals","player_choice":"Offered Rare","floor":150.0,"gold_loss":0.0,"damage_taken":0.0}],"is_beta":false,"boss_relics":[{"not_picked":["Replay:Bronze Core","Black Star"],"picked":"hubris:ScarierMask"},{"not_picked":["Runic Dome","hubris:VirtuousBlindfold"],"picked":"Busted Crown"},{"not_picked":["Kintsugi","Velvet Choker"],"picked":"ChewingGum"},{"not_picked":["hubris:BlackHole","Runic Pyramid"],"picked":"Ring of Chaos"},{"not_picked":["Painkiller Herb","Tiny House"],"picked":"hubris:Backtick"},{"not_picked":["Cursed Key","Mark of Pain"],"picked":"SlaversCollar"},{"not_picked":["Runic Dome","Kintsugi"],"picked":"Replay:Ancient Bell"},{"not_picked":["Ancient Tea Set","Replay:Wax Seal"],"picked":"Replay:Baseball"},{"not_picked":["hubris:SphereOfDissonance","infinitespire:Broken Mirror"],"picked":"Golden Egg"},{"not_picked":["Another Sword","Replay:Multitool"],"picked":"infinitespire:CursedDice"},{"not_picked":["Replay:Grab Bag","Mark of Pain"],"picked":"Black Blood"},{"not_picked":["Runic Pyramid","Runic Cube"],"picked":"Black Star"}],"items_purged_floors":[109,142,158],"is_endless":true,"potions_floor_spawned":[6,13,22,23,24,25,29,33,38,45,46,50,53,57,62,66,73,74,75,80,99,100,102,103,105,107,110,112,115,118,120,122,127,129,132,133,134,134,135,137,139,144,146,149,152,154,155,159,160],"ascension_level":20}}