{"host":"q9sqrn60n8lvmavn","time":1612335839,"event":{"mods":["AchievementEnabler","AlwaysNeverKeys","BaseMod","Better Third Choice","Better Vampires","Block Reminder","Colored Powertips","Curses Come First","DNKmod","Friendly Minions","Minty Spire (QoL Compilation)","Permanent Neow","Relic Filter Mod","StSLib","Weighted Paths"],"gold_per_floor":[1017,1032,666,616,633,633,633,633,706,706,706,472,498,516,516,615,615,630,630,729,729,744,771,771,801,801,834,848,848,861,773,773,876,876,887,887,906,795,810,839,859,893,916,934,948,948,531,545,545,545,545,545,269,297,297,297],"floor_reached":55,"language":"ENG","playtime":1967,"items_purged":["Dualcast","Strike_B","Defend_B","Bite","FTL+1","Defend_B+1"],"score":1420,"play_id":"8a34073a-f7d1-4a8c-8bcb-6fc97eef153d","local_time":"20210202230359","is_ascension_mode":true,"campfire_choices":[{"data":"Defragment","floor":6,"key":"SMITH"},{"data":"Sweeping Beam","floor":8,"key":"SMITH"},{"data":"FTL","floor":11,"key":"SMITH"},{"data":"Hologram","floor":15,"key":"SMITH"},{"data":"Defragment","floor":24,"key":"SMITH"},{"data":"Zap","floor":29,"key":"SMITH"},{"data":"Ball Lightning","floor":32,"key":"SMITH"},{"data":"Capacitor","floor":46,"key":"SMITH"},{"floor":49,"key":"REST"},{"data":"Echo Form","floor":52,"key":"SMITH"}],"circlet_count":0,"master_deck":["Defend_B+1","Zap+1","Sweeping Beam+1","Defragment+1","Defragment+1","Ball Lightning+1","Hologram+1","Defragment+1","Coolheaded+1","Double Energy+1","Echo Form","Double Energy+1","Echo Form+1","Capacitor+1","Lockon+1","Hologram+1","Echo Form+1"],"relics":["Cracked Core","Matryoshka","HornCleat","Singing Bowl","Calipers","PreservedInsect","Membership Card","Oddly Smooth Stone","Sundial","Mercury Hourglass","Pantograph","Philosopher\u0027s Stone","Dream Catcher","Toxic Egg 2","Boot","Darkstone Periapt","Ancient Tea Set","Anchor","Empty Cage","Omamori","Frozen Egg 2","Whetstone","Bottled Tornado","Gremlin Horn","DollysMirror","Sling","War Paint","Lantern"],"acts_visited":["Exordium","TheCity","TheBeyond","TheEnding"],"potions_floor_usage":[16,25,25,25,25,30,33,33,39,42,50,55,55],"damage_taken":[{"damage":0,"enemies":"2 Louse","floor":1,"turns":1},{"damage":2,"enemies":"Jaw Worm","floor":2,"turns":2},{"damage":7,"enemies":"Small Slimes","floor":5,"turns":3},{"damage":0,"enemies":"Gremlin Nob","floor":13,"turns":3},{"damage":7,"enemies":"Blue Slaver","floor":14,"turns":2},{"damage":0,"enemies":"Hexaghost","floor":16,"turns":6},{"damage":6,"enemies":"3 Byrds","floor":18,"turns":3},{"damage":8,"enemies":"Chosen","floor":22,"turns":3},{"damage":1,"enemies":"Book of Stabbing","floor":23,"turns":3},{"damage":9,"enemies":"Slavers","floor":25,"turns":2},{"damage":0,"enemies":"Gremlin Leader","floor":27,"turns":3},{"damage":0,"enemies":"Centurion and Healer","floor":28,"turns":3},{"damage":6,"enemies":"Snake Plant","floor":30,"turns":3},{"damage":0,"enemies":"Collector","floor":33,"turns":5},{"damage":6,"enemies":"3 Darklings","floor":35,"turns":3},{"damage":14,"enemies":"3 Shapes","floor":37,"turns":3},{"damage":11,"enemies":"Writhing Mass","floor":39,"turns":4},{"damage":0,"enemies":"Giant Head","floor":40,"turns":4},{"damage":12,"enemies":"4 Shapes","floor":41,"turns":3},{"damage":20,"enemies":"Reptomancer","floor":42,"turns":4},{"damage":8,"enemies":"Transient","floor":44,"turns":5},{"damage":11,"enemies":"3 Darklings","floor":45,"turns":3},{"damage":12,"enemies":"Jaw Worm Horde","floor":48,"turns":3},{"damage":29,"enemies":"Time Eater","floor":50,"turns":5},{"damage":89,"enemies":"Shield and Spear","floor":54,"turns":5},{"damage":40,"enemies":"The Heart","floor":55,"turns":3}],"seed_played":"1864008709705771585","potions_obtained":[{"floor":1,"key":"Fire Potion"},{"floor":5,"key":"Ancient Potion"},{"floor":13,"key":"Dexterity Potion"},{"floor":14,"key":"PowerPotion"},{"floor":23,"key":"EntropicBrew"},{"floor":25,"key":"FocusPotion"},{"floor":37,"key":"ColorlessPotion"},{"floor":40,"key":"AttackPotion"},{"floor":45,"key":"DistilledChaos"}],"is_trial":false,"path_per_floor":["M","M","$","?","M","R","?","R","T","?","R","$","E","M","R","B",null,"M","?","?","T","M","E","R","E","T","E","M","R","M","$","R","B",null,"M","?","M","$","M","E","M","E","T","M","M","R","$","M","R","B",null,"R","$","E","B"],"character_chosen":"DEFECT","items_purchased":["Defragment","PreservedInsect","Membership Card","Defragment","Ball Lightning","Mercury Hourglass","FocusPotion","Lockon","Bottled Tornado","Gremlin Horn","DollysMirror","Sling","War Paint","FocusPotion"],"campfire_rested":1,"item_purchase_floors":[3,3,3,12,12,12,31,38,47,47,47,53,53,53],"current_hp_per_floor":[70,68,68,68,63,63,56,56,56,36,36,36,36,29,29,56,92,86,86,86,86,82,85,85,78,78,82,84,84,80,80,80,101,101,96,96,86,86,77,79,69,51,51,43,34,34,34,24,60,56,102,102,102,15,0,0],"gold":297,"neow_bonus":"ONE_RARE_RELIC","is_daily":false,"chose_seed":false,"campfire_upgraded":9,"win_rate":0.0,"timestamp":1612335839,"path_taken":["M","M","$","?","M","R","?","R","T","?","R","?","E","M","R","BOSS","M","?","?","?","M","E","R","E","T","E","?","R","M","$","R","BOSS","M","?","M","$","?","E","M","E","T","M","?","R","$","M","R","BOSS","R","$","E","BOSS"],"items_purchased_type":["Card","Relic","Relic","Card","Card","Relic","Potion","Card","Relic","Relic","Relic","Relic","Relic","Potion"],"build_version":"2020-12-22","purchased_purges":6,"victory":false,"max_hp_per_floor":[100,100,100,100,102,102,102,102,102,102,102,102,102,102,102,104,104,104,97,97,97,99,99,99,99,99,101,101,101,101,101,101,101,101,101,101,103,103,105,107,109,111,111,111,113,113,113,115,117,117,117,117,117,119,119,119],"card_choices":[{"not_picked":["Storm","Rebound"],"picked":"FTL","floor":1},{"not_picked":["Blizzard","Storm"],"picked":"Sweeping Beam","floor":2},{"not_picked":["Conserve Battery","Steam Power","Turbo"],"picked":"Singing Bowl","floor":5},{"not_picked":["Leap","Compile Driver"],"picked":"Cold Snap","floor":13},{"not_picked":["Amplify","Chaos"],"picked":"Hologram","floor":14},{"not_picked":["Biased Cognition","All For One","Reboot"],"picked":"Singing Bowl","floor":16},{"not_picked":["Redo+1","Steam"],"picked":"Defragment+1","floor":18},{"not_picked":["Compile Driver","Rip and Tear","Stack+1"],"picked":"Singing Bowl","floor":22},{"not_picked":["Ball Lightning","Stack+1"],"picked":"Coolheaded+1","floor":23},{"not_picked":["Ball Lightning","Undo+1"],"picked":"Double Energy+1","floor":25},{"not_picked":["Storm","Hologram+1","Cold Snap"],"picked":"Singing Bowl","floor":27},{"not_picked":["Turbo+1","Doom and Gloom"],"picked":"Echo Form","floor":28},{"not_picked":["Gash","Beam Cell"],"picked":"Double Energy+1","floor":30},{"not_picked":["Machine Learning","Fission+1"],"picked":"Echo Form","floor":33},{"not_picked":["Steam+1","Heatsinks+1"],"picked":"Capacitor","floor":35},{"not_picked":["Barrage+1","Steam Power+1","Chill+1"],"picked":"Singing Bowl","floor":37},{"not_picked":["Barrage","Cold Snap","Sweeping Beam+1"],"picked":"Singing Bowl","floor":39},{"not_picked":["Sunder","Redo+1","Doom and Gloom+1"],"picked":"Singing Bowl","floor":40},{"not_picked":["Heatsinks+1","Cold Snap+1","Turbo+1"],"picked":"Singing Bowl","floor":41},{"not_picked":["Force Field+1","Cold Snap","Rainbow+1"],"picked":"Singing Bowl","floor":42},{"not_picked":["Lockon+1","Barrage+1"],"picked":"Hologram+1","floor":44},{"not_picked":["Go for the Eyes+1","Cold Snap","Static Discharge+1"],"picked":"Singing Bowl","floor":45},{"not_picked":["Ball Lightning+1","Steam+1","Sunder+1"],"picked":"Singing Bowl","floor":48},{"not_picked":["Rip and Tear+1","Heatsinks+1","Compile Driver"],"picked":"Singing Bowl","floor":49},{"not_picked":["Self Repair+1","Glacier+1","Gash"],"picked":"Singing Bowl","floor":54}],"player_experience":212861,"relics_obtained":[{"floor":9,"key":"Oddly Smooth Stone"},{"floor":9,"key":"Sundial"},{"floor":13,"key":"Pantograph"},{"floor":21,"key":"Dream Catcher"},{"floor":21,"key":"Toxic Egg 2"},{"floor":23,"key":"Boot"},{"floor":25,"key":"Darkstone Periapt"},{"floor":26,"key":"Ancient Tea Set"},{"floor":27,"key":"Anchor"},{"floor":40,"key":"Omamori"},{"floor":42,"key":"Frozen Egg 2"},{"floor":43,"key":"Whetstone"},{"floor":54,"key":"Lantern"}],"event_choices":[{"cards_removed":["Strike_B"],"damage_healed":0,"gold_gain":0,"player_choice":"Card Removal","damage_taken":0,"max_hp_gain":0,"max_hp_loss":0,"event_name":"The Cleric","floor":4,"gold_loss":50},{"cards_removed":["Strike_B"],"damage_healed":0,"gold_gain":0,"player_choice":"Card Removal","damage_taken":7,"max_hp_gain":0,"max_hp_loss":0,"event_name":"Golden Wing","floor":7,"gold_loss":0},{"damage_healed":56,"gold_gain":0,"player_choice":"Upgrade","damage_taken":20,"max_hp_gain":0,"max_hp_loss":102,"event_name":"betterThird:BetterShining","floor":10,"gold_loss":0,"cards_upgraded":["Defend_B","Defend_B"]},{"damage_healed":0,"gold_gain":0,"player_choice":"Became a vampire","damage_taken":0,"max_hp_gain":0,"max_hp_loss":7,"event_name":"Vampires","floor":19,"gold_loss":0,"cards_obtained":["Bite"]},{"damage_healed":0,"gold_gain":99,"player_choice":"Steal","damage_taken":0,"max_hp_gain":0,"max_hp_loss":0,"event_name":"betterThird:BetterNest","floor":20,"gold_loss":0},{"damage_healed":0,"gold_gain":0,"player_choice":"Bought 0 Potions","damage_taken":0,"max_hp_gain":0,"max_hp_loss":0,"event_name":"The Woman in Blue","floor":36,"gold_loss":0}],"is_beta":false,"boss_relics":[{"not_picked":["Ectoplasm","Velvet Choker"],"picked":"Philosopher\u0027s Stone"},{"not_picked":["Nuclear Battery","FrozenCore"],"picked":"Empty Cage"}],"items_purged_floors":[3,12,31,38,47,53],"is_endless":false,"potions_floor_spawned":[1,5,13,14,23,25,28,37,40,45],"killed_by":"The Heart","ascension_level":9}}