{"host":"1nniobf0g4s2td4e","time":1612315923,"event":{"mods":["2.2 Compatiblity","BaseMod","Minty Spire (QoL Compilation)","StSLib","SuperFastMode"],"gold_per_floor":[118,118,131,81,97,125,136,168,195,220,239,239,255,255,255,255,255],"floor_reached":16,"language":"ENG","playtime":8130,"items_purged":[],"score":197,"play_id":"5af271e5-34a9-4c4e-b23e-f49063a43d98","local_time":"20210202193203","is_ascension_mode":false,"campfire_choices":[{"data":"Envenom","floor":12,"key":"SMITH"},{"data":"Backflip","floor":15,"key":"SMITH"}],"circlet_count":0,"master_deck":["Strike_G","Strike_G","Strike_G","Strike_G","Defend_G","Defend_G","Defend_G","Defend_G","Survivor","Neutralize","Envenom+1","Backflip+1","Blade Dance","Cloak And Dagger","Blade Dance","Venomology","Finisher+1"],"relics":["Ring of the Snake","Bird Faced Urn","Nunchaku","Bronze Scales"],"acts_visited":["Exordium"],"potions_floor_usage":[13,16,16],"damage_taken":[{"damage":0,"enemies":"Jaw Worm","floor":1,"turns":5},{"damage":0,"enemies":"Small Slimes","floor":3,"turns":4},{"damage":7,"enemies":"2 Louse","floor":5,"turns":3},{"damage":28,"enemies":"Gremlin Nob","floor":6,"turns":5},{"damage":0,"enemies":"Red Slaver","floor":7,"turns":5},{"damage":0,"enemies":"3 Sentries","floor":8,"turns":1},{"damage":0,"enemies":"Gremlin Nob","floor":10,"turns":1},{"damage":4,"enemies":"Looter","floor":11,"turns":3},{"damage":0,"enemies":"3 Louse","floor":13,"turns":2},{"damage":1014,"enemies":"The Guardian","floor":16,"turns":7}],"seed_played":"5305879667736501504","potions_obtained":[{"floor":1,"key":"SneckoOil"},{"floor":3,"key":"GamblersBrew"},{"floor":8,"key":"Fire Potion"},{"floor":11,"key":"DistilledChaos"}],"is_trial":false,"path_per_floor":["M","?","M","?","M","E","M","E","T","E","M","R","M","?","R","B"],"character_chosen":"THE_SILENT","items_purchased":[],"campfire_rested":0,"item_purchase_floors":[],"current_hp_per_floor":[63,56,56,56,49,21,23,25,25,27,25,25,25,25,25,0,0],"gold":255,"neow_bonus":"THREE_RARE_CARDS","is_daily":false,"chose_seed":false,"campfire_upgraded":2,"win_rate":0.0,"timestamp":1612315923,"path_taken":["M","?","M","?","M","E","M","E","T","E","M","R","M","?","R","BOSS"],"items_purchased_type":[],"build_version":"2020-12-22","purchased_purges":0,"victory":false,"max_hp_per_floor":[63,63,63,63,63,63,63,63,63,63,63,63,63,63,63,63,63],"card_choices":[{"not_picked":["Wraith Form v2","Glass Knife"],"picked":"Envenom","floor":0},{"not_picked":["Deflect","Poisoned Stab"],"picked":"Backflip","floor":1},{"not_picked":["Deadly Poison","Outmaneuver"],"picked":"Blade Dance","floor":3},{"not_picked":["Dash","Dagger Spray"],"picked":"Cloak And Dagger","floor":5},{"not_picked":["PiercingWail","Dagger Throw"],"picked":"Blade Dance","floor":6},{"not_picked":["Endless Agony","Outmaneuver","Backflip"],"picked":"SKIP","floor":7},{"not_picked":["Quick Slash","Well Laid Plans","Flying Knee"],"picked":"SKIP","floor":8},{"not_picked":["Underhanded Strike","Blade Dance","Poisoned Stab"],"picked":"SKIP","floor":10},{"not_picked":["Prepared","Deflect"],"picked":"Venomology","floor":11},{"not_picked":["Prepared","Outmaneuver"],"picked":"Finisher","floor":13}],"player_experience":755304,"relics_obtained":[{"floor":6,"key":"Bird Faced Urn"},{"floor":8,"key":"Nunchaku"},{"floor":10,"key":"Bronze Scales"}],"event_choices":[{"cards_removed":["Defend_G"],"damage_healed":0,"gold_gain":0,"player_choice":"Card Removal","damage_taken":7,"max_hp_gain":0,"max_hp_loss":0,"event_name":"Golden Wing","floor":2,"gold_loss":0},{"cards_removed":["Strike_G"],"damage_healed":0,"gold_gain":0,"player_choice":"Card Removal","damage_taken":0,"max_hp_gain":0,"max_hp_loss":0,"event_name":"The Cleric","floor":4,"gold_loss":50},{"damage_healed":0,"gold_gain":0,"player_choice":"Upgraded","damage_taken":0,"max_hp_gain":0,"max_hp_loss":0,"event_name":"Upgrade Shrine","floor":14,"gold_loss":0,"cards_upgraded":["Finisher"]}],"is_beta":false,"boss_relics":[],"items_purged_floors":[],"is_endless":false,"potions_floor_spawned":[1,3,8,11,13],"killed_by":"The Guardian","ascension_level":0}}