{"host":"vyiqbz5w606ur92t","time":1612381593,"event":{"mods":["BaseMod","Downfall","Minty Spire (QoL Compilation)","StSLib"],"gold_per_floor":[99,114,129,144,137,167,192,92,122,122,32,62,62,77,92,192,192,192,207,222,237,252,252,277,300,323,338,73,73,88,138,153,153,153,153],"floor_reached":33,"language":"ENG","playtime":15348,"items_purged":["Regret","Pain"],"score":368,"play_id":"d367a599-d8a5-486b-82ca-52a1e26bdf47","local_time":"20210203194633","daily_mods":["Draft","downfall:Jewelcrafting","downfall:Hexed"],"is_ascension_mode":false,"campfire_choices":[],"circlet_count":0,"master_deck":["Guardian:ExploitGems","Guardian:ExploitGems","sneckomod:SerpentIdol","sneckomod:QuickBite","sneckomod:UnendingSupply","sneckomod:QuickMove","sneckomod:DefensiveFlair","sneckomod:SoulRoll","sneckomod:UnknownDraw","sneckomod:IronFang","sneckomod:UnknownVulnerable","sneckomod:SnekBeam","sneckomod:UnknownX","sneckomod:UnknownDraw","sneckomod:UnknownUncommonPower","sneckomod:QuickBite","hexamod:WildfireWeapon","sneckomod:Unknown2Cost","sneckomod:UnknownCommonSkill","sneckomod:Unknown1Cost","sneckomod:UnknownRareSkill","sneckomod:UnendingSupply","sneckomod:UnknownRarePower","Slimebound:Grow","sneckomod:QuickBite+1","sneckomod:UnknownStrength","sneckomod:DangerNoodle","sneckomod:SoulDraw+1","sneckomod:Unknown1Cost+1","sneckomod:Unknown1Cost","sneckomod:UnlimitedRolls","sneckomod:UnknownClassHEXA_GHOST_PURPLE","sneckomod:IronFang"],"relics":["sneckomod:SneckoSoul","Guardian:PickAxe","Velvet Choker","Blue Candle","downfall:HeartBlessingBlue","Mango","Toy Ornithopter","MealTicket","WarpedTongs","sneckomod:SneckoTalon","Bronze Scales","Membership Card","StrikeDummy"],"acts_visited":["Exordium","TheCity"],"potions_floor_usage":[25,27,27,28,31,32],"damage_taken":[{"damage":0,"enemies":"Cultist","floor":2,"turns":3},{"damage":0,"enemies":"2 Louse","floor":3,"turns":1},{"damage":4,"enemies":"Jaw Worm","floor":4,"turns":2},{"damage":1,"enemies":"downfall:FleeingMerchant","floor":5,"turns":4},{"damage":0,"enemies":"Gremlin Nob","floor":6,"turns":4},{"damage":12,"enemies":"3 Sentries","floor":9,"turns":5},{"damage":7,"enemies":"downfall:FleeingMerchant","floor":11,"turns":4},{"damage":8,"enemies":"Gremlin Nob","floor":12,"turns":3},{"damage":12,"enemies":"Large Slime","floor":14,"turns":2},{"damage":15,"enemies":"Red Slaver","floor":15,"turns":2},{"damage":16,"enemies":"WA_ARCHETYPE_RETAIN","floor":16,"turns":5},{"damage":19,"enemies":"Spheric Guardian","floor":19,"turns":5},{"damage":22,"enemies":"Sentry and Sphere","floor":20,"turns":6},{"damage":7,"enemies":"Cultist and Chosen","floor":21,"turns":8},{"damage":22,"enemies":"Chosen and Byrds","floor":22,"turns":6},{"damage":14,"enemies":"Sentry and Sphere","floor":25,"turns":4},{"damage":4,"enemies":"Centurion and Healer","floor":26,"turns":5},{"damage":19,"enemies":"Shelled Parasite and Fungi","floor":27,"turns":4},{"damage":1,"enemies":"downfall:FleeingMerchant","floor":28,"turns":4},{"damage":17,"enemies":"Snake Plant","floor":30,"turns":3},{"damage":19,"enemies":"Book of Stabbing","floor":31,"turns":4},{"damage":3,"enemies":"Centurion and Healer","floor":32,"turns":5},{"damage":34,"enemies":"DF_ARCHETYPE_CLAW","floor":33,"turns":3}],"seed_played":"4031875728642390749","potions_obtained":[{"floor":3,"key":"champ:CounterPotion"},{"floor":9,"key":"SpeedPotion"},{"floor":14,"key":"Slimebound:ThreeZeroPotion"},{"floor":19,"key":"SkillPotion"},{"floor":25,"key":"Fruit Juice"},{"floor":27,"key":"sneckomod:DiceRollPotion"},{"floor":30,"key":"FearPotion"},{"floor":31,"key":"champ:CounterPotion"}],"is_trial":false,"path_per_floor":["R","M","M","M","$","E","T","R","E","?","$","E","?","M","M","B",null,"R","M","M","M","M","?","T","M","M","M","$","?","M","E","M","B"],"character_chosen":"THE_SNECKO","items_purchased":["Membership Card","Fruit Juice"],"campfire_rested":0,"item_purchase_floors":[28,28],"current_hp_per_floor":[90,90,90,86,85,85,85,95,97,97,97,89,89,77,62,46,114,114,95,73,66,44,44,44,35,31,27,51,51,41,27,29,0,0,0],"gold":153,"neow_bonus":"","is_daily":true,"chose_seed":false,"campfire_upgraded":0,"win_rate":0.0,"timestamp":1612381593,"path_taken":["R","M","M","?","$","E","T","R","E","?","?","E","?","M","M","BOSS","R","M","M","M","M","?","T","M","?","M","$","?","M","E","M","BOSS"],"items_purchased_type":["Relic","Potion"],"build_version":"2020-12-22","purchased_purges":2,"victory":false,"max_hp_per_floor":[90,90,90,90,90,90,90,100,114,114,114,114,114,114,114,114,114,114,114,114,114,114,114,114,114,114,119,124,124,124,124,124,124,124,124],"card_choices":[{"not_picked":["sneckomod:DiceBlock","sneckomod:UnknownStrength"],"picked":"sneckomod:SerpentIdol","floor":0},{"not_picked":["sneckomod:UnknownExhaust","sneckomod:TrashToTreasure"],"picked":"sneckomod:QuickBite","floor":0},{"not_picked":["sneckomod:SoulDraw","sneckomod:UnknownVulnerable"],"picked":"sneckomod:UnendingSupply","floor":0},{"not_picked":["sneckomod:RainOfDice","sneckomod:QuickBite"],"picked":"sneckomod:Unknown1Cost","floor":0},{"not_picked":["sneckomod:UnknownCommonSkill","sneckomod:WideSting"],"picked":"sneckomod:QuickMove","floor":0},{"not_picked":["sneckomod:PureSnecko","sneckomod:TrashToTreasure"],"picked":"sneckomod:DefensiveFlair","floor":0},{"not_picked":["sneckomod:TrashToTreasure","sneckomod:Nope"],"picked":"sneckomod:SoulRoll","floor":0},{"not_picked":["sneckomod:SoulRoll","sneckomod:RainOfDice"],"picked":"sneckomod:UnknownDraw","floor":0},{"not_picked":["sneckomod:SoulDraw","sneckomod:UnknownCommonSkill"],"picked":"sneckomod:IronFang","floor":0},{"not_picked":["sneckomod:DiceCrush","sneckomod:UnknownCommonAttack"],"picked":"sneckomod:UnknownVulnerable","floor":0},{"not_picked":["sneckomod:RainOfDice","sneckomod:SoulRoll"],"picked":"sneckomod:SnekBeam","floor":0},{"not_picked":["sneckomod:DiceBlock","sneckomod:UnknownCommonAttack"],"picked":"sneckomod:QuickBite","floor":0},{"not_picked":["sneckomod:UnknownDexterity","sneckomod:UnknownDraw"],"picked":"sneckomod:UnknownX","floor":0},{"not_picked":["sneckomod:QuickBite","sneckomod:Nope"],"picked":"sneckomod:UnknownDraw","floor":0},{"not_picked":["sneckomod:MixItUp","sneckomod:UnknownCommonAttack"],"picked":"sneckomod:UnknownUncommonPower","floor":0},{"not_picked":["sneckomod:QuickBite","sneckomod:UnknownBlock"],"picked":"sneckomod:Memorize","floor":2},{"not_picked":["sneckomod:Nope","sneckomod:DiceCrush"],"picked":"sneckomod:QuickBite","floor":3},{"not_picked":["sneckomod:QuickBite","sneckomod:UnknownColorless"],"picked":"sneckomod:Unknown2Cost","floor":4},{"not_picked":["sneckomod:SerpentMind","sneckomod:DefensiveFlair","sneckomod:SoulRoll"],"picked":"SKIP","floor":5},{"not_picked":["sneckomod:DiceBlock","sneckomod:QuickMove"],"picked":"sneckomod:UnknownDexterity","floor":6},{"not_picked":["sneckomod:TrashToTreasure","sneckomod:SerpentMind"],"picked":"sneckomod:UnknownCommonSkill","floor":9},{"not_picked":["sneckomod:Mudshield","sneckomod:DiceBlock"],"picked":"sneckomod:Unknown1Cost","floor":11},{"not_picked":["sneckomod:IronFang","sneckomod:UnknownCommonAttack"],"picked":"sneckomod:UnknownRareSkill","floor":12},{"not_picked":["sneckomod:TrashToTreasure","sneckomod:SlitherStrike","sneckomod:DiceCrush"],"picked":"SKIP","floor":14},{"not_picked":["sneckomod:UnknownStrike","sneckomod:UnknownCommonAttack"],"picked":"sneckomod:UnendingSupply","floor":15},{"not_picked":["sneckomod:MorePower","sneckomod:UnlimitedRolls"],"picked":"sneckomod:UnknownRarePower","floor":16},{"not_picked":["sneckomod:RainOfDice","sneckomod:SoulDraw+1"],"picked":"sneckomod:QuickBite+1","floor":19},{"not_picked":["sneckomod:WideSting","sneckomod:QuickMove"],"picked":"sneckomod:UnknownStrength","floor":20},{"not_picked":["sneckomod:UnknownCommonAttack","sneckomod:UnknownBlock","sneckomod:UnknownClassSLIMEBOUND"],"picked":"SKIP","floor":21},{"not_picked":["sneckomod:SlitherStrike","sneckomod:UnknownUncommonAttack"],"picked":"sneckomod:DangerNoodle","floor":22},{"not_picked":["sneckomod:UnknownVulnerable","sneckomod:SoulDraw","sneckomod:IronFang+1"],"picked":"SKIP","floor":25},{"not_picked":["sneckomod:QuickBite","sneckomod:SoulRoll"],"picked":"sneckomod:SoulDraw+1","floor":26},{"not_picked":["sneckomod:DiceCrush","sneckomod:TrashToTreasure+1"],"picked":"sneckomod:Unknown1Cost+1","floor":27},{"not_picked":["sneckomod:SoulRoll","sneckomod:UnknownUncommonAttack"],"picked":"sneckomod:Unknown1Cost","floor":28},{"not_picked":["sneckomod:UnknownBlock","sneckomod:SoulRoll","sneckomod:UnknownCommonSkill"],"picked":"SKIP","floor":30},{"not_picked":["sneckomod:Mudshield","sneckomod:PureSnecko+1"],"picked":"sneckomod:UnknownClassHEXA_GHOST_PURPLE","floor":31},{"not_picked":["sneckomod:UnknownCommonAttack","sneckomod:UnknownStrength"],"picked":"sneckomod:IronFang","floor":32}],"player_experience":1434025,"relics_obtained":[{"floor":6,"key":"Blue Candle"},{"floor":9,"key":"Mango"},{"floor":12,"key":"MealTicket"},{"floor":24,"key":"Bronze Scales"},{"floor":31,"key":"StrikeDummy"}],"event_choices":[{"damage_healed":0,"gold_gain":0,"player_choice":"Box","damage_taken":0,"relics_obtained":["Toy Ornithopter"],"max_hp_gain":0,"max_hp_loss":0,"event_name":"Big Fish","floor":10,"gold_loss":0,"cards_obtained":["Regret"]},{"damage_healed":0,"gold_gain":0,"player_choice":"Rummage","damage_taken":0,"relics_obtained":["WarpedTongs"],"max_hp_gain":0,"max_hp_loss":0,"event_name":"Accursed Blacksmith","floor":13,"gold_loss":0,"cards_obtained":["Pain"]}],"is_beta":false,"boss_relics":[{"not_picked":["Cursed Key","Tiny House"],"picked":"sneckomod:SneckoTalon"}],"items_purged_floors":[11,28],"is_endless":false,"potions_floor_spawned":[3,9,14,16,19,20,25,30,31],"killed_by":"DF_ARCHETYPE_CLAW","ascension_level":0}}