{"host":"3jpwrwmmgyabjceh","time":1612358812,"event":{"mods":["AchievementEnabler","BaseMod","Colored Map","Colored Powertips","Highlight Path","Minty Spire (QoL Compilation)","Quick Restart","Relic Stats","StSLib","SuperFastMode"],"gold_per_floor":[117,192,142,152,152,152,183,35,35,50,83,100,128,145,145,247,247,258,232,49,66,83,83,83],"floor_reached":23,"language":"ENG","playtime":1046,"items_purged":["Strike_G"],"score":298,"play_id":"d10ac92d-31b1-47a3-930a-3e42aa818e47","local_time":"20210203162652","is_ascension_mode":true,"campfire_choices":[{"data":"Neutralize","floor":6,"key":"SMITH"},{"data":"Footwork","floor":15,"key":"SMITH"}],"circlet_count":0,"master_deck":["Strike_G","Strike_G","Strike_G","Defend_G","Defend_G","Defend_G","Defend_G","Defend_G","Survivor","Neutralize+1","Die Die Die","Dash","Backstab","Dagger Throw","Footwork+1","Caltrops","Footwork","Deflect","Backflip","Blur","Acrobatics","PiercingWail","Night Terror","Dodge and Roll","Wraith Form v2","Deadly Poison","Bouncing Flask"],"relics":["Ring of the Serpent","Blood Vial","The Courier","Letter Opener","Orichalcum","Mango"],"acts_visited":["Exordium","TheCity"],"potions_floor_usage":[23],"damage_taken":[{"damage":4,"enemies":"Small Slimes","floor":1,"turns":3},{"damage":0,"enemies":"Jaw Worm","floor":4,"turns":4},{"damage":7,"enemies":"3 Sentries","floor":7,"turns":8},{"damage":0,"enemies":"2 Louse","floor":10,"turns":2},{"damage":6,"enemies":"Lagavulin","floor":11,"turns":10},{"damage":2,"enemies":"Large Slime","floor":12,"turns":8},{"damage":9,"enemies":"Gremlin Nob","floor":13,"turns":5},{"damage":4,"enemies":"Lots of Slimes","floor":14,"turns":3},{"damage":23,"enemies":"The Guardian","floor":16,"turns":17},{"damage":13,"enemies":"Spheric Guardian","floor":18,"turns":8},{"damage":24,"enemies":"2 Thieves","floor":19,"turns":5},{"damage":4,"enemies":"Centurion and Healer","floor":21,"turns":26},{"damage":15,"enemies":"Snecko","floor":22,"turns":8},{"damage":30,"enemies":"Gremlin Leader","floor":23,"turns":4}],"seed_played":"-2517034202075749524","potions_obtained":[{"floor":1,"key":"Weak Potion"},{"floor":7,"key":"EssenceOfSteel"},{"floor":14,"key":"Swift Potion"}],"is_trial":false,"path_per_floor":["M","?","?","M","?","R","E","$","T","M","E","M","E","M","R","B",null,"M","M","$","M","M","E"],"character_chosen":"THE_SILENT","items_purchased":["Footwork","Caltrops","Footwork","Wraith Form v2"],"campfire_rested":0,"item_purchase_floors":[8,8,8,20],"current_hp_per_floor":[59,48,48,48,45,45,40,40,40,42,38,38,45,43,43,22,69,58,36,36,34,21,0,0],"gold":83,"neow_bonus":"ONE_RANDOM_RARE_CARD","is_daily":false,"chose_seed":false,"campfire_upgraded":2,"win_rate":0.0,"timestamp":1612358812,"path_taken":["M","?","?","M","?","R","E","?","T","M","E","?","E","M","R","BOSS","M","M","$","M","M","E"],"items_purchased_type":["Card","Card","Card","Card"],"build_version":"2020-12-22","purchased_purges":1,"victory":false,"max_hp_per_floor":[70,70,70,70,70,70,70,70,70,70,70,70,84,84,84,84,84,84,84,84,84,84,84,84],"relic_stats":{"Blood Vial":24,"counters":[14,111],"Letter Opener":[93],"Orichalcum":[42],"obtain_stats":[{"Blood Vial":5,"Mango":13,"The Courier":7,"Letter Opener":9,"Orichalcum":11,"Ring of the Serpent":17,"Ring of the Snake":0},{"Blood Vial":2,"Mango":7,"The Courier":3,"Letter Opener":3,"Orichalcum":5,"Ring of the Serpent":9,"Ring of the Snake":0},{"Blood Vial":7,"Mango":40,"The Courier":15,"Letter Opener":15,"Orichalcum":27,"Ring of the Serpent":60,"Ring of the Snake":0}]},"card_choices":[{"not_picked":["Dagger Spray","Prepared"],"picked":"Dash","floor":1},{"not_picked":["Flying Knee","Deflect"],"picked":"Backstab","floor":4},{"not_picked":["Flechettes","Reflex"],"picked":"Dagger Throw","floor":7},{"not_picked":["Choke","Caltrops"],"picked":"Deflect","floor":10},{"not_picked":["Masterful Stab","Expertise"],"picked":"Backflip","floor":11},{"not_picked":["Bane","Tactician"],"picked":"Blur","floor":12},{"not_picked":["Storm of Steel","Underhanded Strike"],"picked":"Acrobatics","floor":13},{"not_picked":["Dagger Throw","Reflex"],"picked":"PiercingWail","floor":14},{"not_picked":["A Thousand Cuts","Doppelganger"],"picked":"Night Terror","floor":16},{"not_picked":["Bane","Deadly Poison","Backstab"],"picked":"SKIP","floor":18},{"not_picked":["Acrobatics","Cloak And Dagger"],"picked":"Dodge and Roll","floor":19},{"not_picked":["Slice","Prepared"],"picked":"Deadly Poison","floor":21},{"not_picked":["Dodge and Roll+1","Underhanded Strike"],"picked":"Bouncing Flask","floor":22}],"player_experience":322845,"relics_obtained":[{"floor":7,"key":"The Courier"},{"floor":9,"key":"Letter Opener"},{"floor":11,"key":"Orichalcum"},{"floor":13,"key":"Mango"}],"event_choices":[{"damage_healed":0,"gold_gain":75,"player_choice":"Gather Gold","damage_taken":11,"max_hp_gain":0,"max_hp_loss":0,"event_name":"World of Goop","floor":2,"gold_loss":0},{"cards_removed":["Strike_G"],"damage_healed":0,"gold_gain":0,"player_choice":"Card Removal","damage_taken":0,"max_hp_gain":0,"max_hp_loss":0,"event_name":"The Cleric","floor":3,"gold_loss":50},{"damage_healed":0,"gold_gain":0,"player_choice":"Success","damage_taken":3,"relics_obtained":["Blood Vial"],"max_hp_gain":0,"max_hp_loss":0,"event_name":"Scrap Ooze","floor":5,"gold_loss":0}],"is_beta":false,"boss_relics":[{"not_picked":["Fusion Hammer","Empty Cage"],"picked":"Ring of the Serpent"}],"items_purged_floors":[20],"is_endless":false,"potions_floor_spawned":[1,7,14,18,21,22],"killed_by":"Gremlin Leader","ascension_level":8}}