{"host":"oigynbtg272c19pw","time":1612373844,"event":{"mods":["BaseMod","Colored Map","Minty Spire (QoL Compilation)","Relic Stats","Slay the Relics Exporter","StSLib"],"gold_per_floor":[110,70,70,82,98,133,133,147,147,147,158,158,173,191,191,191,191],"floor_reached":16,"playtime":518,"items_purged":[],"score":208,"play_id":"76748ecc-75f4-43eb-a6c4-94e6d2a84148","local_time":"20210203183724","is_ascension_mode":true,"campfire_choices":[{"floor":7,"key":"REST"},{"floor":10,"key":"REST"},{"data":"Carnage","floor":12,"key":"SMITH"},{"floor":15,"key":"REST"}],"circlet_count":0,"master_deck":["AscendersBane","Strike_R","Strike_R","Strike_R","Strike_R","Strike_R","Defend_R","Defend_R","Defend_R","Defend_R","Bash","Regret","Carnage+1","Burning Pact","Rage","Anger","Bloodletting","Intimidate","Feel No Pain"],"relics":["Burning Blood","MealTicket","Happy Flower"],"acts_visited":["Exordium"],"potions_floor_usage":[6,6,6,16],"damage_taken":[{"damage":15,"enemies":"2 Louse","floor":1,"turns":3},{"damage":4,"enemies":"Cultist","floor":4,"turns":4},{"damage":14,"enemies":"Jaw Worm","floor":5,"turns":4},{"damage":64,"enemies":"3 Sentries","floor":6,"turns":12},{"damage":18,"enemies":"3 Louse","floor":8,"turns":4},{"damage":24,"enemies":"Lots of Slimes","floor":11,"turns":5},{"damage":12,"enemies":"Looter","floor":13,"turns":4},{"damage":17,"enemies":"Exordium Wildlife","floor":14,"turns":3},{"damage":24,"enemies":"Hexaghost","floor":16,"turns":7}],"seed_played":"-951830205341016789","potions_obtained":[{"floor":2,"key":"EntropicBrew"},{"floor":2,"key":"Explosive Potion"},{"floor":5,"key":"DuplicationPotion"},{"floor":13,"key":"Strength Potion"}],"is_trial":false,"path_per_floor":["M","?","$","M","M","E","R","M","T","R","M","R","M","M","R","B"],"character_chosen":"IRONCLAD","items_purchased":[],"campfire_rested":3,"item_purchase_floors":[],"current_hp_per_floor":[73,73,73,75,67,9,35,23,23,49,31,31,25,14,40,16,16],"gold":191,"neow_bonus":"TWENTY_PERCENT_HP_BONUS","is_daily":false,"chose_seed":false,"campfire_upgraded":1,"win_rate":0.0,"timestamp":1612373844,"path_taken":["M","?","$","M","M","E","R","?","T","R","M","R","?","M","R","BOSS"],"items_purchased_type":[],"build_version":"2020-12-13","purchased_purges":0,"victory":false,"max_hp_per_floor":[89,89,89,89,89,89,89,89,89,89,89,89,89,89,89,89,89],"relic_stats":{"Happy Flower":[6],"counters":[9,46],"MealTicket":0,"obtain_stats":[{"Happy Flower":9,"MealTicket":6,"Burning Blood":0},{"Happy Flower":5,"MealTicket":4,"Burning Blood":0},{"Happy Flower":27,"MealTicket":23,"Burning Blood":0}],"Burning Blood":48},"card_choices":[{"not_picked":["Dark Embrace","Cleave"],"picked":"Carnage","floor":1},{"not_picked":["Thunderclap","Pummel"],"picked":"Burning Pact","floor":4},{"not_picked":["Warcry","Armaments"],"picked":"Rage","floor":5},{"not_picked":["Clash","Wild Strike","Limit Break"],"picked":"SKIP","floor":6},{"not_picked":["Flex","Metallicize"],"picked":"Anger","floor":8},{"not_picked":["Searing Blow","Inflame"],"picked":"Bloodletting","floor":11},{"not_picked":["Pommel Strike","Body Slam"],"picked":"Intimidate","floor":13},{"not_picked":["Power Through","Heavy Blade"],"picked":"Feel No Pain","floor":14}],"player_experience":1530625,"relics_obtained":[{"floor":6,"key":"MealTicket"},{"floor":9,"key":"Happy Flower"}],"event_choices":[{"damage_healed":0,"gold_gain":0,"player_choice":"Bought 3 Potions","damage_taken":0,"max_hp_gain":0,"max_hp_loss":0,"event_name":"The Woman in Blue","floor":2,"gold_loss":0}],"is_beta":false,"boss_relics":[],"items_purged_floors":[],"is_endless":false,"potions_floor_spawned":[4,5,13,14],"killed_by":"Hexaghost","ascension_level":20}}