{"host":"4nqeo0vu1vuav7gg","time":1612379140,"event":{"mods":["AchievementEnabler","BaseMod","Block Reminder","Colored Map","Colored Powertips","Highlight Path","Minty Spire (QoL Compilation)","Quick Restart","Rare Cards Sparkle","Relic Relevance Reorder","StSLib"],"gold_per_floor":[119,119,134,58,58,58,83,83,106,106,118,118,129,158,158,232,232,249,261,144,167,55,86,86,98,121,134,149,149,149],"floor_reached":29,"language":"ENG","playtime":1032,"items_purged":[],"score":542,"play_id":"e0f15f61-4418-4c0b-8305-4450c3ba9516","local_time":"20210203200540","is_ascension_mode":true,"campfire_choices":[{"data":"Loop","floor":6,"key":"SMITH"},{"data":"Loop","floor":8,"key":"SMITH"},{"data":"Tempest","floor":12,"key":"SMITH"},{"floor":15,"key":"REST"},{"floor":24,"key":"REST"}],"circlet_count":0,"master_deck":["AscendersBane","Strike_B","Strike_B","Strike_B","Strike_B","Defend_B","Defend_B","Defend_B","Zap+1","Dualcast","Barrage","Glacier","Loop+1","Loop+1","Tempest+1","Compile Driver","Creative AI","Thunder Strike","Chill","Ball Lightning","Capacitor","Sunder","Echo Form","Barrage+1","Chill"],"relics":["Cracked Core","Centennial Puzzle","Ginger","NeowsBlessing","Bag of Marbles","PreservedInsect","Nuclear Battery","White Beast Statue","Omamori"],"acts_visited":["Exordium","TheCity"],"potions_floor_usage":[14],"damage_taken":[{"damage":0,"enemies":"Small Slimes","floor":1,"turns":1},{"damage":0,"enemies":"Cultist","floor":3,"turns":1},{"damage":0,"enemies":"3 Sentries","floor":7,"turns":1},{"damage":7,"enemies":"2 Louse","floor":11,"turns":2},{"damage":11,"enemies":"Lots of Slimes","floor":13,"turns":4},{"damage":8,"enemies":"Gremlin Nob","floor":14,"turns":3},{"damage":39,"enemies":"Slime Boss","floor":16,"turns":12},{"damage":8,"enemies":"Spheric Guardian","floor":18,"turns":4},{"damage":0,"enemies":"Chosen","floor":19,"turns":3},{"damage":40,"enemies":"Gremlin Leader","floor":23,"turns":7},{"damage":21,"enemies":"Snecko","floor":25,"turns":4},{"damage":21,"enemies":"Snake Plant","floor":27,"turns":5},{"damage":23,"enemies":"Sentry and Sphere","floor":28,"turns":5},{"damage":18,"enemies":"Colosseum Slavers","floor":29,"turns":1}],"seed_played":"-3306875465283459782","potions_obtained":[{"floor":3,"key":"FairyPotion"},{"floor":10,"key":"GamblersBrew"},{"floor":16,"key":"Weak Potion"},{"floor":27,"key":"Strength Potion"},{"floor":28,"key":"Ancient Potion"}],"is_trial":false,"path_per_floor":["M","?","M","$","?","R","E","R","T","?","M","R","M","E","R","B",null,"M","M","$","T","$","E","R","M","T","M","M","?"],"character_chosen":"DEFECT","items_purchased":["Loop","Capacitor","Sunder","FairyPotion"],"campfire_rested":2,"item_purchase_floors":[4,20,20,22],"current_hp_per_floor":[64,64,64,64,57,57,57,57,57,57,50,50,39,31,52,13,57,49,49,49,49,49,9,30,9,9,12,15,0,0],"gold":149,"neow_bonus":"THREE_ENEMY_KILL","is_daily":false,"chose_seed":false,"campfire_upgraded":3,"win_rate":0.0,"timestamp":1612379140,"path_taken":["M","?","M","?","?","R","E","R","T","?","M","R","M","E","R","BOSS","M","M","$","?","$","E","R","M","T","M","?","?"],"items_purchased_type":["Card","Card","Card","Potion"],"build_version":"2020-12-22","purchased_purges":0,"victory":false,"max_hp_per_floor":[71,71,71,71,71,71,71,71,71,71,71,71,71,71,71,71,71,71,71,71,71,71,71,71,71,71,71,71,71,71],"card_choices":[{"not_picked":["Rebound","Storm"],"picked":"Barrage","floor":1},{"not_picked":["Reprogram","Rip and Tear"],"picked":"Glacier","floor":3},{"not_picked":["Compile Driver","Tempest"],"picked":"Loop","floor":7},{"not_picked":["Hologram","Rip and Tear"],"picked":"Tempest","floor":11},{"not_picked":["Rebound","Turbo"],"picked":"Compile Driver","floor":13},{"not_picked":["Leap","FTL"],"picked":"Creative AI","floor":14},{"not_picked":["Seek","Fission"],"picked":"Thunder Strike","floor":16},{"not_picked":["Ball Lightning","Rebound"],"picked":"Chill","floor":18},{"not_picked":["Aggregate","Beam Cell"],"picked":"Ball Lightning","floor":19},{"not_picked":["Double Energy","Compile Driver"],"picked":"Echo Form","floor":23},{"not_picked":["Turbo","Redo"],"picked":"Barrage+1","floor":25},{"not_picked":["Sweeping Beam","Coolheaded"],"picked":"Chill","floor":27},{"not_picked":["Hologram","Stack","Sweeping Beam"],"picked":"SKIP","floor":28}],"player_experience":1088939,"relics_obtained":[{"floor":7,"key":"Bag of Marbles"},{"floor":9,"key":"Centennial Puzzle"},{"floor":14,"key":"Ginger"},{"floor":21,"key":"PreservedInsect"},{"floor":23,"key":"White Beast Statue"},{"floor":26,"key":"Omamori"}],"event_choices":[{"damage_healed":0,"gold_gain":0,"player_choice":"Forge","damage_taken":0,"max_hp_gain":0,"max_hp_loss":0,"event_name":"Accursed Blacksmith","floor":2,"gold_loss":0,"cards_upgraded":["Zap"]},{"cards_removed":["Defend_B"],"damage_healed":0,"gold_gain":0,"player_choice":"Card Removal","damage_taken":7,"max_hp_gain":0,"max_hp_loss":0,"event_name":"Golden Wing","floor":5,"gold_loss":0},{"damage_healed":0,"gold_gain":0,"player_choice":"Got Potions","damage_taken":0,"max_hp_gain":0,"max_hp_loss":0,"event_name":"Lab","floor":10,"gold_loss":0},{"damage_healed":0,"gold_gain":0,"player_choice":"Fight","damage_taken":0,"max_hp_gain":0,"max_hp_loss":0,"event_name":"Colosseum","floor":29,"gold_loss":0}],"is_beta":false,"boss_relics":[{"not_picked":["SlaversCollar","Empty Cage"],"picked":"Nuclear Battery"}],"items_purged_floors":[],"is_endless":false,"potions_floor_spawned":[3,11,16,19,25,27,28],"killed_by":"Colosseum Slavers","ascension_level":19}}