{"host":"fj5i6t4nkss7815d","time":1612391708,"event":{"mods":["AchievementEnabler","BaseMod","Minty Spire (QoL Compilation)","Quick Restart","Relic Stats"],"gold_per_floor":[115,130,142,142,67,67,99,110,133,168,168,182,210,225,225,304,304,319,319,137,62,62,62,95,95,95,95,115,140,140,140],"floor_reached":30,"language":"ENG","playtime":1855,"items_purged":["Defend_P","Shame"],"score":672,"play_id":"b08e7ca5-5f04-4672-b129-bda998a96773","local_time":"20210203143508","is_ascension_mode":true,"campfire_choices":[{"data":"Eruption","floor":6.0,"key":"SMITH"},{"floor":11.0,"key":"REST"},{"data":"Alpha","floor":15.0,"key":"SMITH"},{"data":"Study","floor":23.0,"key":"SMITH"},{"data":"ThirdEye","floor":25.0,"key":"SMITH"}],"circlet_count":0,"master_deck":["AscendersBane","Eruption+1","Vigilance","TalkToTheHand+1","Protect+1","JustLucky+1","Vault+1","ReachHeaven","Ragnarok","Perseverance","Alpha+1","WindmillStrike","BattleHymn","Alpha","ThirdEye+1","Study+1","Devotion","JustLucky","JustLucky"],"relics":["Astrolabe","Happy Flower","Toy Ornithopter","PreservedInsect","Gambling Chip","Empty Cage","Smiling Mask","Bag of Preparation","Matryoshka","Meat on the Bone"],"acts_visited":["Exordium","TheCity"],"potions_floor_usage":[],"damage_taken":[{"damage":0.0,"enemies":"Small Slimes","floor":1.0,"turns":2.0},{"damage":4.0,"enemies":"Jaw Worm","floor":2.0,"turns":5.0},{"damage":0.0,"enemies":"2 Louse","floor":3.0,"turns":3.0},{"damage":22.0,"enemies":"3 Sentries","floor":7.0,"turns":10.0},{"damage":1.0,"enemies":"Blue Slaver","floor":8.0,"turns":3.0},{"damage":0.0,"enemies":"Gremlin Nob","floor":10.0,"turns":3.0},{"damage":6.0,"enemies":"3 Louse","floor":12.0,"turns":3.0},{"damage":0.0,"enemies":"Lagavulin","floor":13.0,"turns":5.0},{"damage":13.0,"enemies":"Exordium Thugs","floor":14.0,"turns":3.0},{"damage":1.0,"enemies":"The Guardian","floor":16.0,"turns":7.0},{"damage":7.0,"enemies":"3 Byrds","floor":18.0,"turns":4.0},{"damage":19.0,"enemies":"Slavers","floor":24.0,"turns":4.0},{"damage":3.0,"enemies":"2 Thieves","floor":28.0,"turns":3.0},{"damage":47.0,"enemies":"Book of Stabbing","floor":29.0,"turns":4.0},{"damage":0,"enemies":"Shelled Parasite and Fungi","floor":30,"turns":2}],"seed_played":"7498902389879950763","potions_obtained":[{"floor":2.0,"key":"FairyPotion"},{"floor":3.0,"key":"LiquidBronze"},{"floor":24.0,"key":"Block Potion"}],"is_trial":false,"path_per_floor":["M","M","M","?","$","R","E","M","T","E","R","M","E","M","R","B",null,"M","?","$","?","?","R","E","R","T","?","M","E","M"],"character_chosen":"WATCHER","items_purchased":["Study","Block Potion"],"campfire_rested":1,"item_purchase_floors":[20,20],"current_hp_per_floor":[61,57,57,57,57,57,35,34,34,34,54,48,48,35,35,34,60,58,58,58,58,58,58,44,44,44,44,46,20,20,20],"gold":140,"neow_bonus":"BOSS_RELIC","is_daily":false,"chose_seed":false,"campfire_upgraded":4,"win_rate":0.0,"timestamp":1612391708,"path_taken":["M","M","M","?","$","R","E","M","T","E","R","M","E","M","R","BOSS","M","?","$","?","?","R","E","R","T","?","?","E","M"],"items_purchased_type":["Card","Potion"],"build_version":"2020-12-22","purchased_purges":2,"victory":false,"max_hp_per_floor":[68,68,68,68,68,68,68,68,68,68,68,68,68,68,68,68,68,68,68,68,68,68,68,68,68,68,68,68,68,68,68],"relic_stats":{"Happy Flower":[13],"counters":[15,61],"Astrolabe":["TalkToTheHand","Protect","JustLucky"],"Gambling Chip":[18],"PreservedInsect":114,"Bag of Preparation":[6],"Smiling Mask":50,"obtain_stats":[{"Matryoshka":26,"Happy Flower":7,"Astrolabe":0,"Gambling Chip":13,"PreservedInsect":10,"Bag of Preparation":24,"PureWater":0,"Empty Cage":17,"Smiling Mask":19,"Toy Ornithopter":9,"Meat on the Bone":29},{"Matryoshka":12,"Happy Flower":4,"Astrolabe":0,"Gambling Chip":8,"PreservedInsect":6,"Bag of Preparation":12,"PureWater":0,"Empty Cage":10,"Smiling Mask":11,"Toy Ornithopter":5,"Meat on the Bone":14},{"Matryoshka":52,"Happy Flower":20,"Astrolabe":0,"Gambling Chip":34,"PreservedInsect":26,"Bag of Preparation":52,"PureWater":0,"Empty Cage":44,"Smiling Mask":48,"Toy Ornithopter":23,"Meat on the Bone":59}],"Toy Ornithopter":15,"Meat on the Bone":0},"card_choices":[{"not_picked":["FlyingSleeves","Halt","Worship"],"picked":"SKIP","floor":1.0},{"not_picked":["Indignation","FollowUp"],"picked":"Vault","floor":2.0},{"not_picked":["Evaluate","Halt"],"picked":"ReachHeaven","floor":3.0},{"not_picked":["Halt","FollowUp"],"picked":"Ragnarok","floor":7.0},{"not_picked":["Protect","FlyingSleeves"],"picked":"Perseverance","floor":8.0},{"not_picked":["WreathOfFlame","JustLucky"],"picked":"Consecrate","floor":10.0},{"not_picked":["ClearTheMind","JustLucky"],"picked":"Alpha","floor":12.0},{"not_picked":["CutThroughFate","Evaluate"],"picked":"WindmillStrike","floor":13.0},{"not_picked":["Evaluate","WreathOfFlame"],"picked":"BattleHymn","floor":14.0},{"not_picked":["SpiritShield","Brilliance"],"picked":"Alpha","floor":16.0},{"not_picked":["Halt","Evaluate"],"picked":"ThirdEye","floor":18.0},{"not_picked":["Pray+1","SashWhip","Adaptation+1"],"picked":"SKIP","floor":24.0},{"not_picked":["Tantrum","Crescendo"],"picked":"JustLucky","floor":28.0},{"not_picked":["Crescendo+1","SashWhip"],"picked":"JustLucky","floor":29.0}],"player_experience":1004952,"relics_obtained":[{"floor":7.0,"key":"Happy Flower"},{"floor":9.0,"key":"Toy Ornithopter"},{"floor":10.0,"key":"PreservedInsect"},{"floor":13.0,"key":"Gambling Chip"},{"floor":24.0,"key":"Bag of Preparation"},{"floor":26.0,"key":"Matryoshka"},{"floor":29.0,"key":"Meat on the Bone"}],"event_choices":[{"damage_healed":0.0,"max_hp_gain":0.0,"max_hp_loss":0.0,"gold_gain":0.0,"event_name":"Living Wall","player_choice":"Grow","floor":4.0,"gold_loss":0.0,"damage_taken":0.0,"cards_upgraded":["Vault"]},{"damage_healed":0.0,"max_hp_gain":0.0,"max_hp_loss":0.0,"gold_gain":0.0,"event_name":"Addict","player_choice":"Stole Relic","floor":19.0,"gold_loss":0.0,"damage_taken":0.0,"relics_obtained":["Smiling Mask"],"cards_obtained":["Shame"]},{"cards_removed":["Strike_P"],"damage_healed":0.0,"max_hp_gain":0.0,"max_hp_loss":0.0,"gold_gain":0.0,"event_name":"Beggar","player_choice":"Gave Gold","floor":21.0,"gold_loss":75.0,"damage_taken":0.0},{"damage_healed":0.0,"max_hp_gain":0.0,"max_hp_loss":0.0,"gold_gain":0.0,"cards_transformed":["Defend_P","Consecrate"],"event_name":"Drug Dealer","player_choice":"Became Test Subject","floor":22.0,"gold_loss":0.0,"damage_taken":0.0,"cards_obtained":["MentalFortress","Devotion"]},{"cards_removed":["MentalFortress"],"damage_healed":0.0,"max_hp_gain":0.0,"max_hp_loss":0.0,"gold_gain":0.0,"event_name":"Back to Basics","player_choice":"Elegance","floor":27.0,"gold_loss":0.0,"damage_taken":0.0}],"is_beta":false,"boss_relics":[{"not_picked":["Tiny House","Coffee Dripper"],"picked":"Empty Cage"}],"items_purged_floors":[5,20],"is_endless":false,"potions_floor_spawned":[2,3,12,13,16,24],"killed_by":"Shelled Parasite and Fungi","ascension_level":20}}