{"host":"qcf259yvvmr1jh6w","time":1612374691,"event":{"mods":["Act Like it!","Aspiration","BaseMod","Beaked The Cultist","Better Third Choice","BetterRewards","Colored Map","Conspire","Custom Start","Downfall","Energized Spire","Hubris","Infinite Spire","Mimic Mod","Minty Spire (QoL Compilation)","Relic Sorter","Replay The Spire","Reworked Bosses","StSLib","The Construct","The Jungle"],"gold_per_floor":[99,113,133,143,153,167,217,217,217,228,248,264,264,274,293,400,400,400,416,75,114,114,114,114,114],"floor_reached":23,"language":"ENG","playtime":2044,"items_purged":[],"score":187,"play_id":"b4117686-c89e-402a-85fb-058abed3839d","local_time":"20210203185131","is_ascension_mode":false,"campfire_choices":[{"floor":9,"key":"REST"},{"data":"sneckomod:UnlimitedRolls","floor":18,"key":"SMITH"}],"circlet_count":0,"master_deck":["sneckomod:Strike+1","sneckomod:Strike","sneckomod:Defend","sneckomod:Defend","sneckomod:Defend","sneckomod:TailWhip","sneckomod:SnekBite","sneckomod:Unknown","Flechettes","sneckomod:SoulCleanse","sneckomod:UnknownBlock","sneckomod:IronFang+1","sneckomod:DiceBoulder+1","sneckomod:Unknown0Cost","sneckomod:UnknownBlock","sneckomod:UnknownUncommonPower","sneckomod:Unknown0Cost","sneckomod:UnknownUncommonSkill","sneckomod:SoulExchange","sneckomod:UnlimitedRolls+1","sneckomod:UnknownClassBEAKED_YELLOW","sneckomod:WideSting","expansioncontent:AwakenDeath","sneckomod:Nope","hubris:Fate","infinitespire:Collect"],"relics":["sneckomod:SneckoSoul","Whetstone","SlaversCollar","hubris:MysteriousPyramids","Kunai","Replay:WaspNest"],"acts_visited":["Exordium","TheCity"],"potions_floor_usage":[16,16,21],"damage_taken":[{"damage":4,"enemies":"Jaw Worm","floor":2,"turns":4},{"damage":6,"enemies":"2 Louse","floor":3,"turns":3},{"damage":4,"enemies":"Cultist","floor":4,"turns":4},{"damage":9,"enemies":"Blue Slaver","floor":5,"turns":2},{"damage":8,"enemies":"Exordium Wildlife","floor":6,"turns":6},{"damage":0,"enemies":"3 Louse","floor":10,"turns":2},{"damage":1,"enemies":"Blue Slaver","floor":11,"turns":4},{"damage":2,"enemies":"Exordium Thugs","floor":12,"turns":4},{"damage":9,"enemies":"Exordium Wildlife","floor":14,"turns":5},{"damage":10,"enemies":"Lots of Slimes","floor":15,"turns":6},{"damage":55,"enemies":"DF_ARCHETYPE_STREAMLINE","floor":16,"turns":11},{"damage":18,"enemies":"Shell Parasite","floor":19,"turns":6},{"damage":5,"enemies":"downfall:FleeingMerchant","floor":20,"turns":4},{"damage":80,"enemies":"conspire:MimicChest","floor":21,"turns":11},{"damage":43,"enemies":"conspire:FuzzyDice","floor":23,"turns":2}],"seed_played":"6064611596587416421","potions_obtained":[{"floor":3,"key":"Weak Potion"},{"floor":6,"key":"sneckomod:MuddlingPotion"},{"floor":12,"key":"Elixir"},{"floor":15,"key":"EssenceOfSteel"},{"floor":16,"key":"Venom Potion"},{"floor":19,"key":"Guardian:BlockOnCardUsePotion"}],"is_trial":false,"path_per_floor":["R_BF","M","M","M","M","M","T","?","R","M","M","M","?","M","M","B",null,"R","M","$","?","AVR","M"],"character_chosen":"THE_SNECKO","items_purchased":["expansioncontent:AwakenDeath","hubris:MysteriousPyramids"],"campfire_rested":1,"item_purchase_floors":[20,20],"current_hp_per_floor":[99,95,89,85,76,68,68,68,97,97,96,94,94,85,75,20,99,99,81,76,20,20,0,0,0],"gold":114,"neow_bonus":"TEN_PERCENT_HP_BONUS","is_daily":false,"chose_seed":false,"campfire_upgraded":1,"win_rate":0.0,"timestamp":1612374691,"path_taken":["R_BF","M","M","M","M","M","T","?","R","M","M","M","?","?","M","BOSS","R","M","$","?","AVR","M"],"items_purchased_type":["Card","Relic"],"build_version":"2020-12-22","purchased_purges":0,"victory":false,"max_hp_per_floor":[99,99,99,99,99,99,99,99,99,99,99,99,99,99,99,99,99,99,99,99,99,99,99,99,99],"card_choices":[{"not_picked":["sneckomod:ImprovisedAttack","sneckomod:UnknownExhaust"],"picked":"sneckomod:SoulCleanse","floor":2},{"not_picked":["sneckomod:TrashToTreasure","sneckomod:UnknownDraw"],"picked":"sneckomod:UnknownBlock","floor":3},{"not_picked":["sneckomod:SoulRoll","sneckomod:MasterEye"],"picked":"sneckomod:IronFang","floor":4},{"not_picked":["sneckomod:UnknownBlock","sneckomod:Unknown0Cost"],"picked":"sneckomod:DiceBoulder","floor":5},{"not_picked":["sneckomod:ImprovisedAttack","sneckomod:UnknownVulnerable"],"picked":"sneckomod:Unknown0Cost","floor":6},{"not_picked":["sneckomod:UnknownExhaust","sneckomod:Nope"],"picked":"sneckomod:UnknownBlock","floor":10},{"not_picked":["sneckomod:QuickBite","sneckomod:UnknownCommonAttack"],"picked":"sneckomod:UnknownUncommonPower","floor":11},{"not_picked":["sneckomod:RainOfDice","sneckomod:Nope"],"picked":"sneckomod:Unknown0Cost","floor":12},{"not_picked":["sneckomod:DiceCrush","sneckomod:DiceBoulder"],"picked":"sneckomod:UnknownUncommonSkill","floor":14},{"not_picked":["sneckomod:DiceBoulder","sneckomod:SerpentIdol"],"picked":"sneckomod:SoulExchange","floor":15},{"not_picked":["sneckomod:Cheat","sneckomod:UnknownRareAttack"],"picked":"sneckomod:UnlimitedRolls","floor":16},{"not_picked":["sneckomod:UnknownUncommonAttack","sneckomod:UnknownClassINFINITE_BLACK"],"picked":"sneckomod:UnknownClassBEAKED_YELLOW","floor":19},{"not_picked":["sneckomod:SoulCleanse","sneckomod:IronFang"],"picked":"sneckomod:WideSting","floor":20},{"not_picked":["sneckomod:SoulRoll+1","sneckomod:UnknownCommonSkill"],"picked":"sneckomod:Nope","floor":21}],"player_experience":148280,"relics_obtained":[{"floor":7,"key":"Whetstone"},{"floor":21,"key":"Kunai"}],"event_choices":[],"is_beta":false,"boss_relics":[{"not_picked":["beaked:SacredDeck","aspiration:SecretTechniqueScroll"],"picked":"SlaversCollar"}],"items_purged_floors":[],"is_endless":false,"potions_floor_spawned":[3,6,12,15,16,19],"killed_by":"conspire:FuzzyDice","ascension_level":0}}