{"host":"spoxbmo2txwgdxt2","time":1612335299,"event":{"mods":["AchievementEnabler","Act Like it!","BaseMod","Colored Powertips","Lobotomy","LobotomyExtend","Minty Spire (QoL Compilation)","Quick Restart","Shop Mod","StSLib"],"gold_per_floor":[119,119,132,132,148,181,181,195,219,233,308,151,183,201,201,201,201],"floor_reached":16,"language":"ZHS","playtime":1444,"items_purged":["Geburah"],"score":137,"play_id":"9d521677-ccae-400a-8f8a-78bedf16bdf2","local_time":"20210203145459","is_ascension_mode":false,"campfire_choices":[],"circlet_count":0,"master_deck":["SpecialBullet","SpecialBullet","SpecialBullet","SpecialBullet","SpecialBullet","SpecialBullet","SpecialBullet","InformationCode","DisciplinaryCode","ControlCode","Regret","OldLady","ScreamingWedge","Logging+1","Variant","Twilight+1","OSAHOGD","CherryBlossoms","InTheNameOfLoveAndHate","GreedKing","Wellcheers","CrimsonScar","UniverseFragment"],"relics":["CogitoBucket","LetterFromLob","PreservedInsect","Whetstone","AspirationHeart","Ornamental Fan"],"acts_visited":["Exordium"],"potions_floor_usage":[16],"damage_taken":[{"damage":22.0,"enemies":"Small Slimes","floor":1.0,"turns":3.0},{"damage":2.0,"enemies":"Cultist","floor":3.0,"turns":3.0},{"damage":0.0,"enemies":"2 Louse","floor":5.0,"turns":3.0},{"damage":1.0,"enemies":"3 Sentries","floor":6.0,"turns":3.0},{"damage":11.0,"enemies":"Large Slime","floor":8.0,"turns":3.0},{"damage":6.0,"enemies":"Exordium Thugs","floor":10.0,"turns":3.0},{"damage":20.0,"enemies":"Lagavulin","floor":13.0,"turns":4.0},{"damage":8.0,"enemies":"Blue Slaver","floor":14.0,"turns":3.0},{"damage":19,"enemies":"Hexaghost","floor":16,"turns":4}],"seed_played":"-782972127008231324","potions_obtained":[{"floor":3.0,"key":"Fire Potion"},{"floor":5.0,"key":"AttackPotion"},{"floor":14.0,"key":"EssenceOfSteel"}],"is_trial":false,"path_per_floor":["M","?","M","?","M","E","R","M","T","M","?","$","E","M","R","B"],"character_chosen":"Angela","items_purchased":["CrimsonScar"],"campfire_rested":0,"item_purchase_floors":[12],"current_hp_per_floor":[62,62,60,60,60,59,59,48,48,52,41,41,21,16,16,0,0],"gold":201,"neow_bonus":"TWENTY_PERCENT_HP_BONUS","is_daily":false,"chose_seed":false,"campfire_upgraded":0,"win_rate":0.0,"timestamp":1612335299,"path_taken":["M","?","M","?","?","E","R","M","T","M","?","?","E","M","R","BOSS"],"items_purchased_type":["Card"],"build_version":"2020-12-22","purchased_purges":1,"victory":false,"max_hp_per_floor":[84,84,84,84,84,84,84,84,84,94,94,94,94,94,94,94,94],"card_choices":[{"not_picked":["SingingMachine","Scorched"],"picked":"OldLady","floor":1.0},{"not_picked":["Regret_ego"],"picked":"ScreamingWedge","floor":1.0},{"not_picked":["Wellcheers","FairyFestival"],"picked":"Variant","floor":3.0},{"not_picked":["Discord"],"picked":"Twilight","floor":3.0},{"not_picked":["Wellcheers","CrumblingArmor"],"picked":"OSAHOGD","floor":5.0},{"not_picked":["RapturousDream","Discord"],"picked":"SKIP","floor":5.0},{"not_picked":["LongBird","FairyFestival"],"picked":"CherryBlossoms","floor":6.0},{"not_picked":["CUTE"],"picked":"InTheNameOfLoveAndHate","floor":6.0},{"not_picked":["Bloodbath","LittleHelper"],"picked":"GreedKing","floor":8.0},{"not_picked":["Wingbeat","ScreamingWedge"],"picked":"SKIP","floor":8.0},{"not_picked":["Bloodbath","RedShoes"],"picked":"Wellcheers","floor":10.0},{"not_picked":["Harmony","Lantern"],"picked":"SKIP","floor":10.0},{"not_picked":["Rudolta","FairyFestival"],"picked":"UniverseFragment","floor":13.0},{"not_picked":["RapturousDream","CUTE"],"picked":"SKIP","floor":13.0},{"not_picked":["Regret_ego","Lantern"],"picked":"SKIP","floor":14.0}],"player_experience":313455,"relics_obtained":[{"floor":1.0,"key":"LetterFromLob"},{"floor":4.0,"key":"PreservedInsect"},{"floor":6.0,"key":"Whetstone"},{"floor":13.0,"key":"Ornamental Fan"}],"event_choices":[{"damage_healed":0.0,"max_hp_gain":0.0,"max_hp_loss":0.0,"gold_gain":0.0,"cards_transformed":["SpecialBullet"],"event_name":"Living Wall","player_choice":"Change","floor":2.0,"gold_loss":0.0,"damage_taken":0.0,"cards_obtained":["Logging"]},{"damage_healed":0.0,"max_hp_gain":0.0,"max_hp_loss":0.0,"gold_gain":0.0,"event_name":"Wheel of Change","player_choice":"Relic","floor":4.0,"gold_loss":0.0,"damage_taken":0.0},{"damage_healed":0.0,"max_hp_gain":0.0,"max_hp_loss":0.0,"gold_gain":75.0,"event_name":"World of Goop","player_choice":"Gather Gold","floor":11.0,"gold_loss":0.0,"damage_taken":11.0}],"is_beta":false,"boss_relics":[],"items_purged_floors":[12],"is_endless":false,"potions_floor_spawned":[3,5,14],"killed_by":"Hexaghost","ascension_level":0}}