{"host":"lne8wiuoeo5kx55p","time":1612341863,"event":{"mods":["BaseMod","Colored Map","Colored Powertips","Googly Eyes","Minty Spire (QoL Compilation)","Replay The Spire","StSLib"],"gold_per_floor":[119,132,132,132,152,152,152,152,152,152,184,195,195,195],"floor_reached":13,"language":"ZHS","playtime":578,"items_purged":[],"score":83,"play_id":"8e8b09a2-7ab2-48cd-872e-316578378e5f","local_time":"20210203164423","is_ascension_mode":false,"campfire_choices":[{"floor":6,"key":"DIG"},{"floor":8,"key":"DIG"}],"circlet_count":0,"master_deck":["Strike_R","Strike_R","Strike_R","Strike_R","Defend_R+1","Defend_R","Defend_R","ReplayTheSpireMod:Stacked+1","Armaments","Iron Wave","Pummel","Eruption","Regret","FlyingSleeves+1","Thunderclap+1"],"relics":["Shovel","Self Forming Clay","Replay:M_SmolderingBlood","Replay:Rubber Ducky","Molten Egg 2","War Paint","Anchor"],"acts_visited":["Exordium"],"potions_floor_usage":[],"damage_taken":[{"damage":11,"enemies":"Cultist","floor":1,"turns":5},{"damage":7,"enemies":"Small Slimes","floor":2,"turns":4},{"damage":2,"enemies":"2 Louse","floor":5,"turns":4},{"damage":64,"enemies":"Lagavulin","floor":11,"turns":6},{"damage":10,"enemies":"Looter","floor":12,"turns":2},{"damage":0,"enemies":"3 Sentries","floor":13,"turns":2}],"seed_played":"8591025305156207001","potions_obtained":[],"is_trial":false,"path_per_floor":["M","M","?","?","M","R","?","R","T","?","E","M","E"],"character_chosen":"IRONCLAD","items_purchased":[],"campfire_rested":0,"item_purchase_floors":[],"current_hp_per_floor":[75,74,74,74,78,78,78,78,78,78,14,4,4,4],"gold":195,"neow_bonus":"TRANSFORM_CARD","is_daily":false,"chose_seed":false,"campfire_upgraded":0,"win_rate":0.0,"timestamp":1612341863,"path_taken":["M","M","?","?","?","R","?","R","T","?","E","M","E"],"items_purchased_type":[],"build_version":"2020-12-22","purchased_purges":0,"victory":false,"max_hp_per_floor":[80,80,80,80,80,80,80,80,80,80,80,80,80,80],"card_choices":[{"not_picked":["Clothesline","Flex"],"picked":"Armaments","floor":1},{"not_picked":["Cleave","Flex"],"picked":"Iron Wave","floor":2},{"not_picked":["Anger","Combust"],"picked":"Pummel","floor":5},{"not_picked":["Warcry","Clash+1"],"picked":"FlyingSleeves+1","floor":11},{"not_picked":["Intimidate","Battle Trance"],"picked":"Thunderclap+1","floor":12}],"player_experience":21134,"relics_obtained":[{"floor":4,"key":"Shovel"},{"floor":6,"key":"Self Forming Clay"},{"floor":8,"key":"Replay:Rubber Ducky"},{"floor":9,"key":"Molten Egg 2"},{"floor":11,"key":"Anchor"}],"event_choices":[{"damage_healed":0,"gold_gain":0,"player_choice":"Relic","damage_taken":0,"max_hp_gain":0,"max_hp_loss":0,"event_name":"Wheel of Change","floor":4,"gold_loss":0},{"damage_healed":0,"gold_gain":0,"player_choice":"Box","damage_taken":0,"relics_obtained":["War Paint"],"max_hp_gain":0,"max_hp_loss":0,"event_name":"Big Fish","floor":10,"gold_loss":0,"cards_obtained":["Regret"]}],"is_beta":false,"boss_relics":[],"items_purged_floors":[],"is_endless":false,"potions_floor_spawned":[],"killed_by":"3 Sentries","ascension_level":0}}