{"host":"qxeepl7ydvsgmfdb","time":1612354266,"event":{"mods":["AchievementEnabler","BaseMod","Colored Powertips","Minty Spire (QoL Compilation)","Quick Restart","slay the spire mod where everything is the same but ironclad has a cowboy hat"],"gold_per_floor":[109,109,72,82,32,58,58,91,91,103,115,115,115,150,150,249,249,249,249],"floor_reached":18,"language":"ENG","playtime":2211,"items_purged":[],"score":258,"play_id":"0ca86da7-5e78-45dc-bd24-36d6aa35b35f","local_time":"20210203071106","is_ascension_mode":true,"campfire_choices":[{"data":"Terror","floor":7,"key":"SMITH"},{"floor":12,"key":"REST"},{"floor":15,"key":"REST"}],"circlet_count":0,"master_deck":["Strike_G","Strike_G","Strike_G","Strike_G","Defend_G","Defend_G","Defend_G","Defend_G","Defend_G","Survivor","Neutralize","Terror+1","Dagger Spray","Deflect","Blade Dance","PiercingWail","Die Die Die"],"relics":["WristBlade","Pear","Paper Crane","Potion Belt","Toy Ornithopter","Bag of Preparation"],"acts_visited":["Exordium","TheCity"],"potions_floor_usage":[6,14],"damage_taken":[{"damage":6,"enemies":"Jaw Worm","floor":1,"turns":4},{"damage":0,"enemies":"Small Slimes","floor":4,"turns":4},{"damage":17,"enemies":"Gremlin Nob","floor":6,"turns":4},{"damage":36,"enemies":"3 Sentries","floor":8,"turns":10},{"damage":2,"enemies":"2 Louse","floor":10,"turns":3},{"damage":5,"enemies":"2 Fungi Beasts","floor":11,"turns":3},{"damage":0,"enemies":"Gremlin Nob","floor":14,"turns":2},{"damage":49,"enemies":"The Guardian","floor":16,"turns":13},{"damage":0,"enemies":"2 Thieves","floor":18,"turns":1}],"seed_played":"5483525899483900752","potions_obtained":[{"floor":1,"key":"Strength Potion"},{"floor":4,"key":"Energy Potion"},{"floor":6,"key":"SpeedPotion"},{"floor":11,"key":"AttackPotion"}],"is_trial":false,"path_per_floor":["M","?","$","M","?","E","R","E","T","M","M","R","?","E","R","B",null,"M"],"character_chosen":"THE_SILENT","items_purchased":["Terror"],"campfire_rested":2,"item_purchase_floors":[3],"current_hp_per_floor":[64,67,67,67,67,50,50,14,14,12,7,31,36,41,66,17,85,85,85],"gold":249,"neow_bonus":"BOSS_RELIC","is_daily":false,"chose_seed":false,"campfire_upgraded":1,"win_rate":0.0,"timestamp":1612354266,"path_taken":["M","?","$","M","?","E","R","E","T","M","M","R","?","E","R","BOSS","M"],"items_purchased_type":["Card"],"build_version":"2020-12-22","purchased_purges":0,"victory":false,"max_hp_per_floor":[70,80,80,80,80,80,80,80,80,80,80,80,85,85,85,85,85,85,85],"card_choices":[{"not_picked":["Crippling Poison","Setup","Predator"],"picked":"SKIP","floor":1},{"not_picked":["Noxious Fumes","Deflect"],"picked":"Dagger Spray","floor":4},{"not_picked":["Quick Slash","Leg Sweep"],"picked":"Deflect","floor":6},{"not_picked":["Flechettes","Catalyst","Flying Knee"],"picked":"SKIP","floor":8},{"not_picked":["Catalyst","Heel Hook"],"picked":"Blade Dance","floor":10},{"not_picked":["Bane","Dagger Spray","Dodge and Roll"],"picked":"SKIP","floor":11},{"not_picked":["Calculated Gamble","Sucker Punch"],"picked":"PiercingWail","floor":14},{"not_picked":["Malaise","Tools of the Trade"],"picked":"Die Die Die","floor":16}],"player_experience":174861,"relics_obtained":[{"floor":6,"key":"Paper Crane"},{"floor":8,"key":"Potion Belt"},{"floor":9,"key":"Toy Ornithopter"},{"floor":14,"key":"Bag of Preparation"}],"event_choices":[{"damage_healed":0,"gold_gain":0,"player_choice":"Success","damage_taken":7,"relics_obtained":["Pear"],"max_hp_gain":0,"max_hp_loss":0,"event_name":"Scrap Ooze","floor":2,"gold_loss":0},{"cards_removed":["Strike_G"],"damage_healed":0,"gold_gain":0,"player_choice":"Card Removal","damage_taken":0,"max_hp_gain":0,"max_hp_loss":0,"event_name":"The Cleric","floor":5,"gold_loss":50},{"damage_healed":0,"gold_gain":0,"player_choice":"Donut","damage_taken":0,"max_hp_gain":5,"max_hp_loss":0,"event_name":"Big Fish","floor":13,"gold_loss":0}],"is_beta":false,"boss_relics":[{"not_picked":["Runic Dome","Snecko Eye","Runic Pyramid"]}],"items_purged_floors":[],"is_endless":false,"potions_floor_spawned":[1,4,6,11],"killed_by":"2 Thieves","ascension_level":3}}