{"host":"uzp1tn8qxn9571p9","time":1612328346,"event":{"mods":["BaseMod","Colored Map","Colored Powertips","Hermit","Minty Spire (QoL Compilation)","StSLib","óô»ðÖ¸ÄÏ"],"gold_per_floor":[118,68,114,114,130,130,146,171,196,47,60,72,72,99,99,204,204,214,227,227,154,79,79,41,41,65,65,65],"floor_reached":27,"language":"ZHS","playtime":1390,"items_purged":[],"score":306,"play_id":"101b7931-22a3-4379-93f7-c50a174e0632","local_time":"20210203125906","is_ascension_mode":true,"campfire_choices":[{"data":"Zap","floor":6.0,"key":"SMITH"},{"data":"Dualcast","floor":15.0,"key":"SMITH"},{"data":"Buffer","floor":23.0,"key":"SMITH"},{"data":"Defragment","floor":25.0,"key":"SMITH"}],"circlet_count":0,"master_deck":["Zap+1","Dualcast+1","Amplify","Capacitor","Leap","Echo Form","Skim+1","Buffer+1","Melter","Rebound","Consume+1","Defragment+1","Machine Learning","Ball Lightning","Sweeping Beam","Biased Cognition","Leap","Defragment+1","Self Repair","Self Repair"],"relics":["Pandora\u0027s Box","Pear","Happy Flower","Tiny Chest","Philosopher\u0027s Stone","Art of War"],"acts_visited":["Exordium","TheCity"],"potions_floor_usage":[27,27,27,27],"damage_taken":[{"damage":0.0,"enemies":"Cultist","floor":1.0,"turns":5.0},{"damage":0.0,"enemies":"Jaw Worm","floor":5.0,"turns":3.0},{"damage":0.0,"enemies":"2 Louse","floor":7.0,"turns":2.0},{"damage":10.0,"enemies":"Gremlin Nob","floor":8.0,"turns":5.0},{"damage":23.0,"enemies":"Lots of Slimes","floor":11.0,"turns":4.0},{"damage":21.0,"enemies":"Blue Slaver","floor":12.0,"turns":3.0},{"damage":0.0,"enemies":"Lagavulin","floor":14.0,"turns":6.0},{"damage":6.0,"enemies":"Hexaghost","floor":16.0,"turns":7.0},{"damage":13.0,"enemies":"Shell Parasite","floor":18.0,"turns":3.0},{"damage":13.0,"enemies":"Chosen","floor":19.0,"turns":4.0},{"damage":49,"enemies":"Slavers","floor":27,"turns":4}],"seed_played":"5346884055207432588","potions_obtained":[{"floor":1.0,"key":"Explosive Potion"},{"floor":7.0,"key":"SpeedPotion"},{"floor":11.0,"key":"Weak Potion"},{"floor":12.0,"key":"EntropicBrew"},{"floor":19.0,"key":"EntropicBrew"}],"is_trial":false,"path_per_floor":["M","?","T","?","M","R","M","E","T","$","M","M","?","E","R","B",null,"M","M","?","$","?","R","$","R","T","E"],"character_chosen":"DEFECT","items_purchased":["Machine Learning","Self Repair","Self Repair"],"campfire_rested":0,"item_purchase_floors":[10,21,24],"current_hp_per_floor":[75,75,75,75,75,75,75,75,75,75,52,31,14,14,14,8,85,72,59,43,43,43,43,43,43,43,0,0],"gold":65,"neow_bonus":"BOSS_RELIC","is_daily":false,"chose_seed":false,"campfire_upgraded":4,"win_rate":0.0,"timestamp":1612328346,"path_taken":["M","?","?","?","M","R","M","E","T","$","?","M","?","E","R","BOSS","M","M","?","$","?","R","$","R","T","E"],"items_purchased_type":["Card","Card","Card"],"build_version":"2020-12-22","purchased_purges":0,"victory":false,"max_hp_per_floor":[75,75,75,75,75,75,75,85,85,85,85,85,85,85,85,85,85,85,85,90,90,90,90,90,90,90,90,90],"card_choices":[{"not_picked":["Undo","Hologram"],"picked":"Melter","floor":1.0},{"not_picked":["Hologram","Turbo"],"picked":"Rebound","floor":5.0},{"not_picked":["Recycle","Leap"],"picked":"Consume","floor":7.0},{"not_picked":["Barrage","Chaos"],"picked":"Defragment","floor":8.0},{"not_picked":["Coolheaded","Hologram"],"picked":"Ball Lightning","floor":11.0},{"not_picked":["Glacier","FTL"],"picked":"Rip and Tear","floor":12.0},{"not_picked":["Consume","Hologram"],"picked":"Sweeping Beam","floor":14.0},{"not_picked":["Echo Form","All For One"],"picked":"Biased Cognition","floor":16.0},{"not_picked":["Coolheaded","Tempest"],"picked":"Leap","floor":18.0},{"not_picked":["Streamline+1","Barrage"],"picked":"Defragment+1","floor":19.0}],"player_experience":377602,"relics_obtained":[{"floor":8.0,"key":"Pear"},{"floor":9.0,"key":"Happy Flower"},{"floor":14.0,"key":"Tiny Chest"},{"floor":26.0,"key":"Art of War"}],"event_choices":[{"cards_removed":["Meteor Strike"],"damage_healed":0.0,"max_hp_gain":0.0,"max_hp_loss":0.0,"gold_gain":0.0,"event_name":"The Cleric","player_choice":"Card Removal","floor":2.0,"gold_loss":50.0,"damage_taken":0.0},{"cards_removed":["Reinforced Body"],"damage_healed":0.0,"max_hp_gain":0.0,"max_hp_loss":0.0,"gold_gain":0.0,"event_name":"Bonfire Elementals","player_choice":"Offered Uncommon","floor":4.0,"gold_loss":0.0,"damage_taken":0.0},{"damage_healed":0.0,"max_hp_gain":0.0,"max_hp_loss":0.0,"gold_gain":0.0,"event_name":"Shining Light","player_choice":"Entered Light","floor":13.0,"gold_loss":0.0,"damage_taken":17.0,"cards_upgraded":["Consume","Skim"]},{"damage_healed":0.0,"max_hp_gain":5.0,"max_hp_loss":0.0,"gold_gain":0.0,"event_name":"Forgotten Altar","player_choice":"Shed Blood","floor":20.0,"gold_loss":0.0,"damage_taken":21.0},{"cards_removed":["Rip and Tear"],"damage_healed":0.0,"max_hp_gain":0.0,"max_hp_loss":0.0,"gold_gain":0.0,"event_name":"Beggar","player_choice":"Gave Gold","floor":22.0,"gold_loss":75.0,"damage_taken":0.0}],"is_beta":false,"boss_relics":[{"not_picked":["Empty Cage","Coffee Dripper"],"picked":"Philosopher\u0027s Stone"}],"items_purged_floors":[],"is_endless":false,"potions_floor_spawned":[1,7,11,12,19],"killed_by":"Slavers","ascension_level":3}}