{"host":"e1pm3b7xpcm97e5w","time":1612381883,"event":{"mods":["BaseMod","Better Skull","Googly Eyes","Minty Spire (QoL Compilation)","Relic Stats","Shop Mod","Spicy Shops","StSLib"],"gold_per_floor":[112,126,126,141,154,185,185,204,204,204,214,214,234,268,268,268,268],"floor_reached":16,"language":"ENG","playtime":465,"items_purged":[],"score":222,"play_id":"6d2ee277-06ac-4d59-a33b-003187d0a569","local_time":"20210203145123","is_ascension_mode":true,"campfire_choices":[{"floor":7,"key":"REST"},{"data":"Crippling Poison","floor":10,"key":"SMITH"},{"floor":12,"key":"REST"},{"data":"Accuracy","floor":15,"key":"SMITH"}],"circlet_count":0,"master_deck":["AscendersBane","Strike_G","Strike_G","Strike_G","Strike_G","Strike_G","Defend_G","Defend_G","Defend_G","Defend_G","Defend_G","Survivor","Neutralize","Deadly Poison+1","Masterful Stab","PiercingWail","Blade Dance","Crippling Poison+1","Cloak And Dagger","Cloak And Dagger","Accuracy+1"],"relics":["Ring of the Snake","NeowsBlessing","Blue Candle","Strawberry","Pen Nib"],"acts_visited":["Exordium"],"potions_floor_usage":[14],"damage_taken":[{"damage":0,"enemies":"Cultist","floor":1,"turns":1},{"damage":0,"enemies":"Jaw Worm","floor":2,"turns":1},{"damage":0,"enemies":"Small Slimes","floor":4,"turns":1},{"damage":15,"enemies":"Exordium Wildlife","floor":5,"turns":4},{"damage":32,"enemies":"Lagavulin","floor":6,"turns":8},{"damage":0,"enemies":"Looter","floor":8,"turns":3},{"damage":8,"enemies":"Large Slime","floor":11,"turns":5},{"damage":8,"enemies":"Gremlin Gang","floor":13,"turns":4},{"damage":11,"enemies":"3 Sentries","floor":14,"turns":6},{"damage":35,"enemies":"Hexaghost","floor":16,"turns":10}],"seed_played":"-7670274627980655515","potions_obtained":[{"floor":1,"key":"Energy Potion"},{"floor":2,"key":"Ancient Potion"}],"is_trial":false,"path_per_floor":["M","M","?","M","M","E","R","M","T","R","M","R","M","E","R","B"],"character_chosen":"THE_SILENT","items_purchased":[],"campfire_rested":2,"item_purchase_floors":[],"current_hp_per_floor":[59,59,59,59,44,12,31,31,38,38,30,51,43,32,32,0,0],"gold":268,"neow_bonus":"THREE_ENEMY_KILL","is_daily":false,"chose_seed":false,"campfire_upgraded":2,"win_rate":0.0,"timestamp":1612381883,"path_taken":["M","?","?","M","?","E","R","M","T","R","M","R","M","E","R","BOSS"],"items_purchased_type":[],"build_version":"2020-12-22","purchased_purges":0,"victory":false,"max_hp_per_floor":[66,66,66,66,66,66,66,66,73,73,73,73,73,73,73,73,73],"relic_stats":{"counters":[10,43],"Blue Candle":[0],"Pen Nib":[2],"obtain_stats":[{"NeowsBlessing":0,"Blue Candle":6,"Strawberry":9,"Pen Nib":14,"Ring of the Snake":0},{"NeowsBlessing":0,"Blue Candle":5,"Strawberry":6,"Pen Nib":9,"Ring of the Snake":0},{"NeowsBlessing":0,"Blue Candle":15,"Strawberry":18,"Pen Nib":33,"Ring of the Snake":0}],"Ring of the Snake":[20]},"card_choices":[{"not_picked":["Expertise","Underhanded Strike"],"picked":"Deadly Poison","floor":1},{"not_picked":["Flying Knee","Concentrate"],"picked":"Masterful Stab","floor":2},{"not_picked":["Underhanded Strike","Concentrate"],"picked":"PiercingWail","floor":4},{"not_picked":["Acrobatics","Underhanded Strike","All Out Attack"],"picked":"SKIP","floor":5},{"not_picked":["Storm of Steel","Deadly Poison"],"picked":"Blade Dance","floor":6},{"not_picked":["Slice","Acrobatics"],"picked":"Crippling Poison","floor":8},{"not_picked":["Poisoned Stab","PiercingWail"],"picked":"Cloak And Dagger","floor":11},{"not_picked":["Quick Slash","Underhanded Strike"],"picked":"Cloak And Dagger","floor":13},{"not_picked":["Bouncing Flask","Grand Finale"],"picked":"Accuracy","floor":14}],"player_experience":696606,"relics_obtained":[{"floor":6,"key":"Blue Candle"},{"floor":9,"key":"Strawberry"},{"floor":14,"key":"Pen Nib"}],"event_choices":[{"damage_healed":0,"gold_gain":0,"player_choice":"Forge","damage_taken":0,"max_hp_gain":0,"max_hp_loss":0,"event_name":"Accursed Blacksmith","floor":3,"gold_loss":0,"cards_upgraded":["Deadly Poison"]}],"is_beta":false,"boss_relics":[],"items_purged_floors":[],"is_endless":false,"potions_floor_spawned":[1,2,11],"killed_by":"Hexaghost","ascension_level":19}}