{"host":"4eao2pkwlmv012cz","time":1612331625,"event":{"mods":["BaseMod","Colored Powertips","Minty Spire (QoL Compilation)","Permanent Neow","Quick Restart","Random Character Button","StSLib"],"gold_per_floor":[118,134,99,114,114,142,153,153,153,153,164,34,34,34],"floor_reached":13,"language":"ENG","playtime":441,"items_purged":["Strike_B"],"score":170,"play_id":"2aa826d3-c111-4a4e-b596-fd6125fe1329","local_time":"20210203005345","is_ascension_mode":true,"campfire_choices":[{"floor":8,"key":"REST"},{"data":"Zap","floor":10,"key":"SMITH"}],"circlet_count":0,"master_deck":["AscendersBane","Strike_B","Strike_B","Defend_B","Defend_B","Defend_B","Defend_B","Zap+1","Dualcast","Panache","Cold Snap","Leap","Capacitor","Creative AI","Barrage","Steam","Sweeping Beam"],"relics":["Cracked Core","Darkstone Periapt","Matryoshka"],"acts_visited":["Exordium"],"potions_floor_usage":[6,7,13],"damage_taken":[{"damage":1,"enemies":"Cultist","floor":1,"turns":3},{"damage":5,"enemies":"2 Louse","floor":2,"turns":3},{"damage":0,"enemies":"Jaw Worm","floor":4,"turns":4},{"damage":25,"enemies":"3 Sentries","floor":6,"turns":10},{"damage":9,"enemies":"Looter","floor":7,"turns":3},{"damage":5,"enemies":"2 Fungi Beasts","floor":11,"turns":4},{"damage":38,"enemies":"Lagavulin","floor":13,"turns":8}],"seed_played":"4260016155456658595","potions_obtained":[{"floor":1,"key":"SteroidPotion"},{"floor":2,"key":"Explosive Potion"},{"floor":7,"key":"LiquidBronze"}],"is_trial":false,"path_per_floor":["M","M","?","M","?","E","M","R","T","R","M","$","E"],"character_chosen":"DEFECT","items_purchased":["Sweeping Beam"],"campfire_rested":1,"item_purchase_floors":[12],"current_hp_per_floor":[45,40,57,57,50,25,16,37,37,37,32,32,0,0],"gold":34,"neow_bonus":"RANDOM_COLORLESS_2","is_daily":false,"chose_seed":false,"campfire_upgraded":1,"win_rate":0.0,"timestamp":1612331625,"path_taken":["M","M","?","M","?","E","M","R","T","R","M","?","E"],"items_purchased_type":["Card"],"build_version":"2020-12-22","purchased_purges":1,"victory":false,"max_hp_per_floor":[71,71,71,71,71,71,71,71,71,71,71,71,71,71],"card_choices":[{"not_picked":["Metamorphosis","Sadistic Nature"],"picked":"Panache","floor":0},{"not_picked":["Rip and Tear","Barrage"],"picked":"Cold Snap","floor":1},{"not_picked":["BootSequence","Scrape"],"picked":"Leap","floor":2},{"not_picked":["Go for the Eyes","Leap"],"picked":"Capacitor","floor":4},{"not_picked":["Steam Power","Barrage"],"picked":"Creative AI","floor":6},{"not_picked":["Blizzard","Redo"],"picked":"Barrage","floor":7},{"not_picked":["Rebound","Compile Driver"],"picked":"Steam","floor":11}],"player_experience":2863823,"relics_obtained":[{"floor":6,"key":"Darkstone Periapt"},{"floor":9,"key":"Matryoshka"}],"event_choices":[{"damage_healed":17,"gold_gain":0,"player_choice":"Healed","damage_taken":0,"max_hp_gain":0,"max_hp_loss":0,"event_name":"The Cleric","floor":3,"gold_loss":35},{"cards_removed":["Strike_B"],"damage_healed":0,"gold_gain":0,"player_choice":"Card Removal","damage_taken":7,"max_hp_gain":0,"max_hp_loss":0,"event_name":"Golden Wing","floor":5,"gold_loss":0}],"is_beta":false,"boss_relics":[],"items_purged_floors":[12],"is_endless":false,"potions_floor_spawned":[1,2,7],"killed_by":"Lagavulin","ascension_level":20}}