{"host":"utqe55yv0jihe4d6","time":1612326126,"event":{"mods":["2.2 Compatiblity","AchievementEnabler","BaseMod","Block Reminder","Colored Map","Colored Powertips","Minty Spire (QoL Compilation)","Quick Restart","Rare Cards Sparkle","Relic Stats","SuperFastMode"],"gold_per_floor":[114,35,35,35,35,35,35],"floor_reached":6,"language":"ENG","playtime":125,"items_purged":[],"score":64,"play_id":"e9234c27-040e-4520-be5f-fe379d8c1a47","local_time":"20210202232206","is_ascension_mode":true,"campfire_choices":[],"circlet_count":0,"master_deck":["AscendersBane","Strike_G+1","Strike_G","Strike_G","Strike_G+1","Strike_G","Defend_G","Defend_G","Defend_G","Defend_G","Defend_G","Survivor","Neutralize+1","PiercingWail","Blade Dance"],"relics":["Ring of the Snake","Whetstone","Prayer Wheel","Frozen Egg 2"],"acts_visited":["Exordium"],"potions_floor_usage":[6],"damage_taken":[{"damage":1,"enemies":"Small Slimes","floor":1,"turns":5},{"damage":45,"enemies":"Lagavulin","floor":6,"turns":7}],"seed_played":"8511569558573762168","potions_obtained":[],"is_trial":false,"path_per_floor":["M","$","?","?","T","E"],"character_chosen":"THE_SILENT","items_purchased":["Blade Dance","Fire Potion"],"campfire_rested":0,"item_purchase_floors":[2,2],"current_hp_per_floor":[58,58,40,40,40,0,0],"gold":35,"neow_bonus":"RANDOM_COMMON_RELIC","is_daily":false,"chose_seed":false,"campfire_upgraded":0,"win_rate":0.0,"timestamp":1612326126,"path_taken":["M","$","?","?","?","E"],"items_purchased_type":["Card","Potion"],"build_version":"2020-12-22","purchased_purges":0,"victory":false,"max_hp_per_floor":[66,66,66,66,66,66,66],"relic_stats":{"counters":[2,12],"Prayer Wheel":0,"Whetstone":["Strike_G","Strike_G"],"obtain_stats":[{"Prayer Wheel":3,"Whetstone":0,"Frozen Egg 2":5,"Ring of the Snake":0},{"Prayer Wheel":1,"Whetstone":0,"Frozen Egg 2":1,"Ring of the Snake":0},{"Prayer Wheel":5,"Whetstone":0,"Frozen Egg 2":5,"Ring of the Snake":0}],"Ring of the Snake":[4]},"card_choices":[{"not_picked":["Prepared","Riddle With Holes"],"picked":"PiercingWail","floor":1}],"player_experience":3002663,"relics_obtained":[{"floor":5,"key":"Frozen Egg 2"}],"event_choices":[{"damage_healed":0,"gold_gain":0,"player_choice":"Success","damage_taken":18,"relics_obtained":["Prayer Wheel"],"max_hp_gain":0,"max_hp_loss":0,"event_name":"Scrap Ooze","floor":3,"gold_loss":0},{"damage_healed":0,"gold_gain":0,"player_choice":"Grow","damage_taken":0,"max_hp_gain":0,"max_hp_loss":0,"event_name":"Living Wall","floor":4,"gold_loss":0,"cards_upgraded":["Neutralize"]}],"is_beta":false,"boss_relics":[],"items_purged_floors":[],"is_endless":false,"potions_floor_spawned":[],"killed_by":"Lagavulin","ascension_level":20}}