{"host":"utqe55yv0jihe4d6","time":1612325999,"event":{"mods":["2.2 Compatiblity","AchievementEnabler","BaseMod","Block Reminder","Colored Map","Colored Powertips","Minty Spire (QoL Compilation)","Quick Restart","Rare Cards Sparkle","Relic Stats","SuperFastMode"],"gold_per_floor":[118,43,43,60,75,105,105,132,158,158,491,491,508,521,521,598,598,616,629,639,39,54,54,4,4,4,4,4],"floor_reached":27,"language":"ENG","playtime":830,"items_purged":["Strike_G"],"score":466,"play_id":"1a644434-b97c-4dc3-b8ab-6c46807797c6","local_time":"20210202231959","is_ascension_mode":true,"campfire_choices":[{"floor":7,"key":"REST"},{"floor":10,"key":"REST"},{"data":"Noxious Fumes","floor":15,"key":"SMITH"},{"floor":23,"key":"REST"},{"data":"Night Terror","floor":25,"key":"SMITH"}],"circlet_count":0,"master_deck":["AscendersBane","Strike_G","Strike_G","Strike_G","Defend_G","Defend_G","Defend_G","Defend_G","Survivor","Neutralize","Footwork","Quick Slash","All Out Attack","Dash","Crippling Poison","Tools of the Trade","Noxious Fumes+1","Night Terror+1","Caltrops"],"relics":["Busted Crown","Bag of Marbles","Blood Vial","Anchor","Old Coin","Black Star","Strawberry","TungstenRod"],"acts_visited":["Exordium","TheCity"],"potions_floor_usage":[6,8,16,19,20,27],"damage_taken":[{"damage":13.0,"enemies":"Small Slimes","floor":1.0,"turns":5.0},{"damage":5.0,"enemies":"Jaw Worm","floor":4.0,"turns":8.0},{"damage":0.0,"enemies":"Cultist","floor":5.0,"turns":4.0},{"damage":33,"enemies":"Lagavulin","floor":6,"turns":8},{"damage":18,"enemies":"3 Sentries","floor":8,"turns":8},{"damage":4,"enemies":"Lagavulin","floor":11,"turns":9},{"damage":6,"enemies":"Large Slime","floor":13,"turns":6},{"damage":0,"enemies":"Lots of Slimes","floor":14,"turns":4},{"damage":8,"enemies":"Hexaghost","floor":16,"turns":10},{"damage":11,"enemies":"Spheric Guardian","floor":18,"turns":8},{"damage":4,"enemies":"2 Thieves","floor":19,"turns":5},{"damage":22,"enemies":"Centurion and Healer","floor":20,"turns":6},{"damage":10,"enemies":"3 Cultists","floor":22,"turns":5},{"damage":44,"enemies":"Book of Stabbing","floor":27,"turns":6}],"seed_played":"4557993019794056366","potions_obtained":[{"floor":1.0,"key":"SteroidPotion"},{"floor":6,"key":"Strength Potion"},{"floor":11,"key":"GamblersBrew"},{"floor":14,"key":"AttackPotion"},{"floor":19,"key":"DuplicationPotion"},{"floor":22,"key":"PowerPotion"}],"is_trial":false,"path_per_floor":["M","?","?","M","M","E","R","E","T","R","E","?","M","M","R","B",null,"M","M","M","$","M","R","?","R","T","E"],"character_chosen":"THE_SILENT","items_purchased":["Strawberry","TungstenRod","Caltrops"],"campfire_rested":3,"item_purchase_floors":[21,21,21],"current_hp_per_floor":[46,46,39,34,34,1,20,2,2,21,19,19,15,17,17,11,52,43,41,21,28,20,41,41,41,41,0,0],"gold":4,"neow_bonus":"BOSS_RELIC","is_daily":false,"chose_seed":false,"campfire_upgraded":2,"win_rate":0.0,"timestamp":1612325999,"path_taken":["M","?","?","M","M","E","R","E","T","R","E","?","M","M","R","BOSS","M","?","M","$","M","R","?","R","T","E"],"items_purchased_type":["Relic","Relic","Card"],"build_version":"2020-12-22","purchased_purges":1,"victory":false,"max_hp_per_floor":[66,66,66,66,66,66,66,66,66,66,66,66,66,66,66,66,66,66,66,66,73,73,73,73,73,73,73,73],"relic_stats":{"Blood Vial":18,"Busted Crown":26,"counters":[14,92],"Black Star":0,"obtain_stats":[{"Blood Vial":8,"Anchor":9,"Busted Crown":0,"Strawberry":21,"Bag of Marbles":6,"Black Star":17,"TungstenRod":21,"Ring of the Snake":0,"Old Coin":11},{"Blood Vial":5,"Anchor":5,"Busted Crown":0,"Strawberry":12,"Bag of Marbles":4,"Black Star":9,"TungstenRod":12,"Ring of the Snake":0,"Old Coin":6},{"Blood Vial":33,"Anchor":33,"Busted Crown":0,"Strawberry":81,"Bag of Marbles":25,"Black Star":62,"TungstenRod":81,"Ring of the Snake":0,"Old Coin":42}],"TungstenRod":14},"card_choices":[{"not_picked":[],"picked":"Footwork","floor":1.0},{"not_picked":[],"picked":"Quick Slash","floor":4.0},{"not_picked":[],"picked":"All Out Attack","floor":5.0},{"not_picked":["Concentrate"],"picked":"SKIP","floor":6},{"not_picked":[],"picked":"Dash","floor":8},{"not_picked":[],"picked":"Crippling Poison","floor":11},{"not_picked":[],"picked":"Noxious Fumes","floor":13},{"not_picked":["Masterful Stab"],"picked":"SKIP","floor":14},{"not_picked":[],"picked":"Night Terror","floor":16},{"not_picked":["Bane"],"picked":"SKIP","floor":18},{"not_picked":["Heel Hook"],"picked":"SKIP","floor":19},{"not_picked":["Deadly Poison"],"picked":"SKIP","floor":20},{"not_picked":["Cloak And Dagger"],"picked":"SKIP","floor":22}],"player_experience":3002663,"relics_obtained":[{"floor":6,"key":"Bag of Marbles"},{"floor":8,"key":"Blood Vial"},{"floor":9,"key":"Anchor"},{"floor":11,"key":"Old Coin"}],"event_choices":[{"cards_removed":["Defend_G"],"damage_healed":0.0,"max_hp_gain":0.0,"max_hp_loss":0.0,"gold_gain":0.0,"event_name":"The Cleric","player_choice":"Card Removal","floor":2.0,"gold_loss":75.0,"damage_taken":0.0},{"cards_removed":["Strike_G"],"damage_healed":0.0,"max_hp_gain":0.0,"max_hp_loss":0.0,"gold_gain":0.0,"event_name":"Golden Wing","player_choice":"Card Removal","floor":3.0,"gold_loss":0.0,"damage_taken":7.0},{"damage_healed":0,"gold_gain":0,"player_choice":"1 cards matched","damage_taken":0,"max_hp_gain":0,"max_hp_loss":0,"event_name":"Match and Keep!","floor":12,"gold_loss":0,"cards_obtained":["Tools of the Trade"]},{"damage_healed":0,"gold_gain":0,"player_choice":"Bet on Owner","damage_taken":0,"max_hp_gain":0,"max_hp_loss":0,"event_name":"The Joust","floor":24,"gold_loss":50}],"is_beta":false,"boss_relics":[{"not_picked":["Velvet Choker","WristBlade"],"picked":"Black Star"}],"items_purged_floors":[21],"is_endless":false,"potions_floor_spawned":[1,6,11,14,19,22],"killed_by":"Book of Stabbing","ascension_level":20}}