{"host":"yt9mn7ny944uaq22","time":1612333877,"event":{"mods":["BaseMod","Downfall","Minty Spire (QoL Compilation)","Relic Stats","StSLib"],"gold_per_floor":[99,114,134,134,44,44,71,81,95,114,146,163,163,182,200,301,301,201,215,228,228,238,43,43,243,257,287,299,299,299,299,299],"floor_reached":30,"language":"ENG","playtime":2756,"items_purged":["downfall:Malfunctioning","sneckomod:Defend"],"score":281,"play_id":"9af20511-4621-4b72-9bec-3b86f35938c5","local_time":"20210202223117","is_ascension_mode":false,"campfire_choices":[{"floor":1,"key":"RECALL"},{"data":"sneckomod:Nope","floor":18,"key":"SMITH"}],"circlet_count":0,"master_deck":["sneckomod:Strike+1","sneckomod:Strike+1","sneckomod:Strike+1","sneckomod:Defend","sneckomod:Defend+1","sneckomod:TailWhip","sneckomod:SnekBite+1","sneckomod:Unknown+1","sneckomod:Unknown","sneckomod:WideSting","sneckomod:Transmogrify","sneckomod:UnknownWeak","sneckomod:UnknownRareSkill","sneckomod:TrashToTreasure","Adrenaline","sneckomod:Nope+1","sneckomod:MorePower","sneckomod:UnknownDraw+1","sneckomod:Restock","CurseOfTheBell","sneckomod:Nope+1","sneckomod:Unknown1Cost+1","sneckomod:Unknown1Cost+1","sneckomod:Nope+1","sneckomod:UnknownRarePower+1","sneckomod:UnknownUncommonPower+1","sneckomod:UnknownRarePower+1","sneckomod:UnknownClassRED","sneckomod:UnknownBoss+1","sneckomod:ImprovisedGuard+1","sneckomod:UnknownBoss+1","Adrenaline"],"relics":["sneckomod:SneckoSoul","Whetstone","Bottled Lightning","Calling Bell","Frozen Egg 2","downfall:HeartBlessingRed","sneckomod:LoadedDie","Bird Faced Urn","sneckomod:SneckoCommon","Mummified Hand"],"acts_visited":["Exordium","TheCity"],"potions_floor_usage":[12,12,15,19,19,22,22,30,30],"damage_taken":[{"damage":0,"enemies":"Small Slimes","floor":2,"turns":3},{"damage":7,"enemies":"Jaw Worm","floor":3,"turns":3},{"damage":4,"enemies":"downfall:FleeingMerchant","floor":5,"turns":4},{"damage":4,"enemies":"Cultist","floor":8,"turns":4},{"damage":0,"enemies":"3 Louse","floor":9,"turns":2},{"damage":5,"enemies":"2 Fungi Beasts","floor":10,"turns":4},{"damage":5,"enemies":"3 Sentries","floor":11,"turns":7},{"damage":0,"enemies":"Gremlin Gang","floor":12,"turns":2},{"damage":0,"enemies":"3 Louse","floor":14,"turns":2},{"damage":0,"enemies":"Blue Slaver","floor":15,"turns":3},{"damage":50,"enemies":"IC_STATUS_ARCHETYPE","floor":16,"turns":9},{"damage":22,"enemies":"3 Byrds","floor":19,"turns":5},{"damage":2,"enemies":"Chosen","floor":20,"turns":6},{"damage":16,"enemies":"Centurion and Healer","floor":22,"turns":4},{"damage":2,"enemies":"downfall:FleeingMerchant","floor":23,"turns":4},{"damage":0,"enemies":"Snecko","floor":26,"turns":2},{"damage":22,"enemies":"Book of Stabbing","floor":27,"turns":5},{"damage":30,"enemies":"Chosen and Byrds","floor":28,"turns":5},{"damage":49,"enemies":"Slavers","floor":30,"turns":3}],"seed_played":"4886682889363801454","potions_obtained":[{"floor":3,"key":"Explosive Potion"},{"floor":9,"key":"AttackPotion"},{"floor":11,"key":"AttackPotion"},{"floor":12,"key":"SpeedPotion"},{"floor":14,"key":"EssenceOfSteel"},{"floor":16,"key":"Weak Potion"},{"floor":19,"key":"PowerPotion"},{"floor":22,"key":"SteroidPotion"},{"floor":26,"key":"BlessingOfTheForge"}],"is_trial":false,"path_per_floor":["R","M","M","?","$","?","T","M","M","M","E","M","R","M","M","B",null,"R","M","M","?","M","$","T","?","M","E","M","R","E"],"character_chosen":"THE_SNECKO","items_purchased":["sneckomod:UnknownUncommonPower+1"],"campfire_rested":0,"item_purchase_floors":[23],"current_hp_per_floor":[99,99,92,92,88,88,88,84,84,79,74,74,74,74,74,24,99,99,77,79,59,53,53,53,53,61,45,33,33,0,0,0],"gold":299,"neow_bonus":"TEN_PERCENT_HP_BONUS","is_daily":false,"chose_seed":false,"campfire_upgraded":1,"win_rate":0.0,"timestamp":1612333877,"path_taken":["R","M","M","?","$","?","T","M","M","M","E","M","R","?","M","BOSS","R","M","M","?","M","$","T","?","M","E","?","R","E"],"items_purchased_type":["Card"],"build_version":"2020-12-22","purchased_purges":2,"victory":false,"max_hp_per_floor":[99,99,99,99,99,99,99,99,99,99,99,99,99,99,99,99,99,99,99,99,104,112,112,112,112,112,112,112,112,112,112,112],"relic_stats":{"counters":[19,77],"Mummified Hand":[5],"Bird Faced Urn":[38],"Whetstone":["sneckomod:Strike","sneckomod:Strike"],"obtain_stats":[{"sneckomod:SneckoCommon":27,"downfall:HeartBlessingRed":18,"sneckomod:LoadedDie":20,"Whetstone":7,"Frozen Egg 2":17,"Orichalcum":19,"sneckomod:SneckoSoul":0,"White Beast Statue":27,"Calling Bell":17,"Nunchaku":17,"Mummified Hand":28,"Bird Faced Urn":17,"Pantograph":24,"Bottled Lightning":11},{"sneckomod:SneckoCommon":17,"downfall:HeartBlessingRed":11,"sneckomod:LoadedDie":13,"Whetstone":3,"Frozen Egg 2":11,"Orichalcum":12,"sneckomod:SneckoSoul":0,"White Beast Statue":17,"Calling Bell":11,"Nunchaku":11,"Mummified Hand":18,"Bird Faced Urn":11,"Pantograph":15,"Bottled Lightning":7},{"sneckomod:SneckoCommon":69,"downfall:HeartBlessingRed":43,"sneckomod:LoadedDie":54,"Whetstone":10,"Frozen Egg 2":43,"Orichalcum":48,"sneckomod:SneckoSoul":0,"White Beast Statue":69,"Calling Bell":43,"Nunchaku":43,"Mummified Hand":74,"Bird Faced Urn":43,"Pantograph":62,"Bottled Lightning":27}]},"card_choices":[{"not_picked":["sneckomod:UnknownDexterity","sneckomod:UnknownWeak"],"picked":"sneckomod:WideSting","floor":2},{"not_picked":["sneckomod:SoulDraw","sneckomod:DiceCrush","sneckomod:Unknown1Cost"],"picked":"SKIP","floor":3},{"not_picked":["sneckomod:UnknownColorless","sneckomod:RainOfDice"],"picked":"sneckomod:Transmogrify","floor":5},{"not_picked":["sneckomod:UnknownCommonAttack","sneckomod:DiceCrush"],"picked":"sneckomod:UnknownWeak","floor":8},{"not_picked":["sneckomod:QuickBite","sneckomod:DiceCrush","sneckomod:SoulDraw"],"picked":"SKIP","floor":9},{"not_picked":["sneckomod:QuickMove","sneckomod:SoulDraw"],"picked":"sneckomod:UnknownRareSkill","floor":10},{"not_picked":["sneckomod:UnknownBlock","sneckomod:Nope"],"picked":"sneckomod:TrashToTreasure","floor":11},{"not_picked":["sneckomod:DiceBlock","sneckomod:IronFang"],"picked":"sneckomod:UnknownDraw","floor":12},{"not_picked":["sneckomod:QuickMove","sneckomod:Unknown1Cost"],"picked":"sneckomod:Nope","floor":14},{"not_picked":["sneckomod:PureSnecko","sneckomod:SoulDraw"],"picked":"sneckomod:MorePower","floor":15},{"not_picked":["sneckomod:Unknown1Cost+1","sneckomod:UnknownUncommonSkill+1"],"picked":"sneckomod:UnknownDraw+1","floor":16},{"not_picked":["sneckomod:SoulExchange","sneckomod:UnknownRareAttack"],"picked":"sneckomod:Restock","floor":16},{"not_picked":["sneckomod:UnknownX","sneckomod:QuickMove"],"picked":"sneckomod:Nope+1","floor":19},{"not_picked":["sneckomod:UnknownUncommonSkill+1","sneckomod:UnknownUncommonPower+1"],"picked":"sneckomod:Unknown1Cost+1","floor":20},{"not_picked":["sneckomod:WideSting","sneckomod:ImprovisedGuard"],"picked":"sneckomod:Unknown1Cost+1","floor":20},{"not_picked":["sneckomod:SoulRoll","sneckomod:SerpentIdol"],"picked":"sneckomod:Nope+1","floor":22},{"not_picked":["sneckomod:UnknownX+1","sneckomod:UnknownUncommonSkill+1"],"picked":"sneckomod:UnknownRarePower+1","floor":23},{"not_picked":["sneckomod:MixItUp","sneckomod:DiceCrush+1","sneckomod:UnknownStrike"],"picked":"SKIP","floor":23},{"not_picked":["sneckomod:UnknownClassRED+1","sneckomod:UnknownClassGUARDIAN+1"],"picked":"sneckomod:UnknownRarePower+1","floor":26},{"not_picked":["sneckomod:UnknownUncommonSkill","sneckomod:IronFang"],"picked":"sneckomod:UnknownRareSkill","floor":26},{"not_picked":["sneckomod:UnknownX+1","sneckomod:UnknownDraw+1"],"picked":"sneckomod:UnknownBoss+1","floor":27},{"not_picked":["sneckomod:SerpentIdol","sneckomod:DangerNoodle"],"picked":"sneckomod:ImprovisedGuard+1","floor":27},{"not_picked":["sneckomod:UnknownStrike+1","sneckomod:UnknownCommonAttack+1"],"picked":"sneckomod:UnknownBoss+1","floor":28},{"not_picked":["sneckomod:ImprovisedAttack","sneckomod:DiceCrush","sneckomod:SoulRoll"],"picked":"SKIP","floor":28}],"player_experience":31418,"relics_obtained":[{"floor":7,"key":"Whetstone"},{"floor":11,"key":"Bottled Lightning"},{"floor":17,"key":"Nunchaku"},{"floor":17,"key":"Frozen Egg 2"},{"floor":17,"key":"Bird Faced Urn"},{"floor":19,"key":"Orichalcum"},{"floor":20,"key":"sneckomod:LoadedDie"},{"floor":22,"key":"Bird Faced Urn"},{"floor":23,"key":"Bird Faced Urn"},{"floor":24,"key":"Pantograph"},{"floor":27,"key":"White Beast Statue"},{"floor":27,"key":"sneckomod:SneckoCommon"},{"floor":28,"key":"Mummified Hand"}],"event_choices":[],"is_beta":false,"boss_relics":[{"not_picked":["Sozu","Cursed Key"],"picked":"Calling Bell"}],"items_purged_floors":[5,23],"is_endless":false,"potions_floor_spawned":[3,9,11,12,14,16,19,20,22,26],"killed_by":"Slavers","ascension_level":0}}