{"host":"9kesdg97wkrx2bva","time":1612390862,"event":{"mods":["AchievementEnabler","BaseMod","Colored Map","GifTheSpireLib","Infinite Spire","Minty Spire (QoL Compilation)","Replay The Spire","StSLib"],"gold_per_floor":[113,113,38,38,57,82,82,109,134,153,153,228,378,396,396,396,396,416,316,334,165,165,165,184,200,227,261,261,290,340,353,353,430,430,448,495,495,513,559,559,593,613,637,663,679,694,712,106,106,106,106],"floor_reached":50,"language":"ENG","playtime":1813,"items_purged":["Strike_G","Doubt","Strike_G","Strike_G","Parasite"],"score":1080,"play_id":"31570ee4-65b0-4ce6-874a-792e4dfbc3bc","local_time":"20210203162102","is_ascension_mode":true,"campfire_choices":[{"data":"infinitespire:Gouge","floor":7,"key":"SMITH"},{"data":"Pot Of Greed","floor":11,"key":"SMITH"},{"data":"Pot Of Greed","floor":23,"key":"SMITH"},{"data":"Calculated Gamble","floor":28,"key":"SMITH"},{"data":"Pot Of Greed","floor":40,"key":"SMITH"},{"floor":49,"key":"REST"}],"circlet_count":0,"master_deck":["AscendersBane","Strike_G","Defend_G","Defend_G","Defend_G","Defend_G+1","Defend_G","Survivor+1","Neutralize","All Out Attack+1","infinitespire:Gouge+1","Backstab","Pot Of Greed+1","Pot Of Greed+1","Prepared","Blade Dance","Skewer+1","Sucker Punch+1","Prepared","Slice+1","Calculated Gamble+1","Eviscerate+1","Masterful Stab","Pot Of Greed+1","Tools of the Trade","Prepared","infinitespire:Oblivion","Leg Sweep+1"],"relics":["Ring of the Snake","NeowsBlessing","Grinning Jar","Tingsha","Nunchaku","Busted Crown","MutagenicStrength","infinitespire:Beetle Shell","Centennial Puzzle","Du-Vu Doll","Philosopher\u0027s Stone","The Courier","Whetstone","Art of War","ReplayFunnel","Bag of Preparation","Pen Nib","War Paint","Akabeko","FossilizedHelix"],"acts_visited":["Exordium","TheCity","TheBeyond"],"potions_floor_usage":[14,14,27,29,29,33,45,50],"damage_taken":[{"damage":0,"enemies":"Small Slimes","floor":1,"turns":1},{"damage":0,"enemies":"Cultist","floor":5,"turns":1},{"damage":0,"enemies":"Gremlin Nob","floor":6,"turns":1},{"damage":11,"enemies":"Lagavulin","floor":8,"turns":6},{"damage":0,"enemies":"2 Louse","floor":10,"turns":2},{"damage":0,"enemies":"Large Slime","floor":14,"turns":2},{"damage":21,"enemies":"Hexaghost","floor":16,"turns":9},{"damage":0,"enemies":"Spheric Guardian","floor":18,"turns":1},{"damage":0,"enemies":"Chosen","floor":20,"turns":3},{"damage":5,"enemies":"Centurion and Healer","floor":24,"turns":3},{"damage":0,"enemies":"3 Cultists","floor":25,"turns":3},{"damage":7,"enemies":"Slavers","floor":27,"turns":3},{"damage":26,"enemies":"Book of Stabbing","floor":29,"turns":4},{"damage":0,"enemies":"Snecko","floor":31,"turns":3},{"damage":12,"enemies":"Automaton","floor":33,"turns":4},{"damage":9,"enemies":"3 Darklings","floor":35,"turns":3},{"damage":0,"enemies":"Orb Walker","floor":38,"turns":1},{"damage":13,"enemies":"R_Hoarder","floor":41,"turns":4},{"damage":0,"enemies":"Writhing Mass","floor":42,"turns":4},{"damage":0,"enemies":"Reptomancer","floor":44,"turns":2},{"damage":0,"enemies":"Sphere and 2 Shapes","floor":45,"turns":1},{"damage":0,"enemies":"Jaw Worm Horde","floor":46,"turns":3},{"damage":0,"enemies":"4 Shapes","floor":47,"turns":4},{"damage":29,"enemies":"infinitespire:MassOfShapes","floor":50,"turns":7}],"seed_played":"-1334313671808845763","potions_obtained":[{"floor":1,"key":"AttackPotion"},{"floor":6,"key":"AttackPotion"},{"floor":8,"key":"Fire Potion"},{"floor":10,"key":"Fire Potion"},{"floor":24,"key":"BlessingOfTheForge"},{"floor":25,"key":"Regen Potion"},{"floor":27,"key":"Poison Potion"},{"floor":29,"key":"LifebloodPotion"},{"floor":42,"key":"FearPotion"},{"floor":44,"key":"Dexterity Potion"},{"floor":46,"key":"Cursed Concoction"},{"floor":47,"key":"PowerPotion"}],"is_trial":false,"path_per_floor":["M","?","$","?","M","E","R","E","T","M","R","?","?","M","R_BF","B",null,"M","$","M","$","?","R","M","M","T","E","R","E","?","M","R_BF","B",null,"M","?","AVR","M","T","R","E","M","T","E","M","M","M","$","R","B"],"character_chosen":"THE_SILENT","items_purchased":["Slice+1","War Paint","Akabeko","FossilizedHelix"],"campfire_rested":1,"item_purchase_floors":[21,48,48,48],"current_hp_per_floor":[59,43,43,43,43,43,43,32,32,32,32,21,21,21,40,19,54,54,54,54,54,54,54,49,49,49,42,42,30,30,30,49,37,59,50,24,24,24,24,24,11,11,11,11,11,11,11,11,29,0,0],"gold":106,"neow_bonus":"THREE_ENEMY_KILL","is_daily":false,"chose_seed":false,"campfire_upgraded":5,"win_rate":0.0,"timestamp":1612390862,"path_taken":["M","?","$","?","?","E","R","E","T","M","R","?","?","M","R_BF","BOSS","M","$","M","$","?","R","M","M","T","E","R","E","?","M","R_BF","BOSS","M","?","AVR","M","?","R","E","M","T","E","?","M","M","$","R","BOSS"],"items_purchased_type":["Card","Relic","Relic","Relic"],"build_version":"2020-12-22","purchased_purges":5,"victory":false,"max_hp_per_floor":[66,66,66,66,66,66,66,66,66,66,66,66,66,66,66,66,66,66,66,66,66,66,66,66,66,66,66,66,66,66,66,66,66,66,66,66,66,66,66,66,66,66,66,66,66,66,66,63,63,63,63],"card_choices":[{"not_picked":["Bouncing Flask","Sucker Punch"],"picked":"All Out Attack","floor":1},{"not_picked":["ReplayTheSpireMod:??????????????????????","infinitespire:UltimateForm"],"picked":"infinitespire:Gouge","floor":2},{"not_picked":["Backflip","Cloak And Dagger","Acrobatics"],"picked":"SKIP","floor":5},{"not_picked":["Quick Slash","Flying Knee"],"picked":"Prepared","floor":6},{"not_picked":["Dash","Deflect"],"picked":"Blade Dance","floor":8},{"not_picked":["ReplayTheSpireMod:Tripwire","Dagger Spray","Sneak Up"],"picked":"SKIP","floor":10},{"not_picked":["Dagger Spray","Concentrate"],"picked":"Skewer","floor":14},{"not_picked":[],"picked":"Sucker Punch","floor":18},{"not_picked":[],"picked":"Prepared","floor":20},{"not_picked":[],"picked":"Calculated Gamble","floor":24},{"not_picked":["ReplayTheSpireMod:The Works"],"picked":"SKIP","floor":25},{"not_picked":[],"picked":"Eviscerate","floor":27},{"not_picked":[],"picked":"Masterful Stab","floor":29},{"not_picked":["Deflect"],"picked":"SKIP","floor":31},{"not_picked":[],"picked":"Tools of the Trade","floor":33},{"not_picked":["Masterful Stab"],"picked":"SKIP","floor":35},{"not_picked":[],"picked":"Prepared","floor":36},{"not_picked":["Deflect"],"picked":"SKIP","floor":38},{"not_picked":["Backflip"],"picked":"SKIP","floor":41},{"not_picked":["ReplayTheSpireMod:Tripwire+1"],"picked":"SKIP","floor":42},{"not_picked":[],"picked":"Leg Sweep+1","floor":44},{"not_picked":["Deadly Poison"],"picked":"SKIP","floor":45},{"not_picked":["Draining Mist+1"],"picked":"SKIP","floor":46},{"not_picked":["Hidden Blade"],"picked":"SKIP","floor":47}],"player_experience":1002818,"relics_obtained":[{"floor":6,"key":"Grinning Jar"},{"floor":8,"key":"Tingsha"},{"floor":9,"key":"Nunchaku"},{"floor":26,"key":"infinitespire:Beetle Shell"},{"floor":27,"key":"Centennial Puzzle"},{"floor":29,"key":"Du-Vu Doll"},{"floor":36,"key":"The Courier"},{"floor":39,"key":"Art of War"},{"floor":41,"key":"ReplayFunnel"},{"floor":43,"key":"Bag of Preparation"},{"floor":44,"key":"Pen Nib"}],"event_choices":[{"damage_healed":0,"gold_gain":0,"cards_transformed":["Strike_G"],"player_choice":"Transformed","damage_taken":0,"max_hp_gain":0,"max_hp_loss":0,"event_name":"Transmorgrifier","floor":4,"gold_loss":0,"cards_obtained":["Backstab"]},{"damage_healed":0,"gold_gain":75,"player_choice":"Gather Gold","damage_taken":11,"max_hp_gain":0,"max_hp_loss":0,"event_name":"World of Goop","floor":12,"gold_loss":0},{"damage_healed":0,"gold_gain":150,"player_choice":"AGREE","damage_taken":0,"max_hp_gain":0,"max_hp_loss":0,"event_name":"Liars Game","floor":13,"gold_loss":0,"cards_obtained":["Doubt"]},{"damage_healed":0,"gold_gain":0,"player_choice":"Inject Mutagens","damage_taken":0,"relics_obtained":["MutagenicStrength"],"max_hp_gain":0,"max_hp_loss":0,"event_name":"Drug Dealer","floor":22,"gold_loss":0},{"damage_healed":0,"gold_gain":50,"player_choice":"Stole From Cult","damage_taken":0,"max_hp_gain":0,"max_hp_loss":0,"event_name":"Nest","floor":30,"gold_loss":0}],"is_beta":false,"boss_relics":[{"not_picked":["ChewingGum","Replay:Drink Me"],"picked":"Busted Crown"},{"not_picked":["ReplayTheSpireMod:DimensionalGlitch","Pandora\u0027s Box"],"picked":"Philosopher\u0027s Stone"}],"items_purged_floors":[3,19,21,37,48],"is_endless":false,"potions_floor_spawned":[1,6,8,10,16,24,25,27,29,42,44,46,47],"killed_by":"infinitespire:MassOfShapes","ascension_level":16}}