{"host":"3po7ngt2j61s4rmj","time":1612381283,"event":{"mods":["Act Like it!","BaseMod","Elementarium","JesterMod","Minty Spire (QoL Compilation)","Relic Stats","Shade Mod","StSLib"],"gold_per_floor":[110,128,128,151,175,218,230,280,292,43,2,20,20,38,38,133,133,151,151,151,172,172,216,216,249,249,249,282,300,319,319,319],"floor_reached":31,"language":"ENG","playtime":2632,"items_purged":[],"score":489,"play_id":"5a019b3c-d5da-4319-a126-bc635c530d37","local_time":"20210203124123","is_ascension_mode":true,"campfire_choices":[{"data":"Shade:PressTheAttack","floor":7,"key":"SMITH"},{"floor":13,"key":"REST"},{"data":"Shade:TouchOfTheGrave","floor":15,"key":"SMITH"},{"floor":27,"key":"REST"}],"circlet_count":0,"master_deck":["AscendersBane","Shade:Strike_Shade","Shade:Strike_Shade","Shade:Strike_Shade","Shade:Strike_Shade","Shade:Defend_Shade","Shade:Defend_Shade","Shade:Defend_Shade","Shade:Defend_Shade","Shade:AnimateDead","Shade:CarefulCut","Shade:MadHubris","Shade:Frenzy","Shade:PressTheAttack+1","Injury","Shade:BoneShards","Shade:Asphyxiate","Shade:TouchOfTheGrave+1","Shade:Bonestorm","Shade:CloudOfShrapnel","Shade:Coordination","Shade:PressTheAttack","Shade:SpectralStrikes+1","Shade:Bonestorm","Ghostly","Elementarium:FireblessedBlade","Elementarium:WindblessedBlade","Elementarium:EarthblessedBlade","Elementarium:IceblessedBlade","Elementarium:VoidblessedBlade","Shade:Bonestorm+1","Shade:LichForm","Shade:FleshOffering","Shade:StitchTogether+1","Shade:OfferingToTheBeyond","Shade:CallOfTheGrave"],"relics":["Shade:YorickSkull","Golden Idol","MawBank","Prayer Wheel","Mummified Hand","HornCleat","Sozu","Eternal Feather","Question Card","Juzu Bracelet","Lantern","Vajra"],"acts_visited":["Exordium","Exordium"],"potions_floor_usage":[12,12,23,31],"damage_taken":[{"damage":0,"enemies":"Cultist","floor":1,"turns":3},{"damage":2,"enemies":"Small Slimes","floor":2,"turns":2},{"damage":0,"enemies":"2 Louse","floor":4,"turns":2},{"damage":0,"enemies":"2 Fungi Beasts","floor":5,"turns":1},{"damage":10,"enemies":"Gremlin Nob","floor":6,"turns":3},{"damage":36,"enemies":"3 Sentries","floor":8,"turns":9},{"damage":0,"enemies":"Blue Slaver","floor":12,"turns":2},{"damage":0,"enemies":"3 Louse","floor":14,"turns":2},{"damage":15,"enemies":"Hexaghost","floor":16,"turns":9},{"damage":1,"enemies":"Elementarium:MUD_AND_TAR_GOLEMS","floor":18,"turns":4},{"damage":3,"enemies":"Elementarium:Cyclone","floor":21,"turns":3},{"damage":16,"enemies":"Elementarium:FIRE_NOBILITY","floor":23,"turns":6},{"damage":22,"enemies":"Elementarium:ElementalPortal","floor":25,"turns":6},{"damage":12,"enemies":"Elementarium:WarGolem","floor":28,"turns":4},{"damage":6,"enemies":"Elementarium:VoidBeast","floor":29,"turns":3},{"damage":0,"enemies":"Elementarium:RubyGolem","floor":30,"turns":2},{"damage":16,"enemies":"Elementarium:VOID_CORRUPTION_AND_TAR_GOLEM","floor":31,"turns":2}],"seed_played":"4488643283264370461","potions_obtained":[{"floor":8,"key":"EntropicBrew"},{"floor":12,"key":"Fire Potion"}],"is_trial":false,"path_per_floor":["M","M","?","M","M","E","R","E","T","$","?","M","R","M","R","B",null,"M","?","?","M","?","E","?","E","T","R","E","M","M","M"],"character_chosen":"SHADE","items_purchased":["HornCleat"],"campfire_rested":2,"item_purchase_floors":[10],"current_hp_per_floor":[59,57,57,57,57,47,47,11,11,11,11,11,30,30,30,15,53,52,52,35,32,32,16,28,6,6,34,22,16,16,0,0],"gold":319,"neow_bonus":"ONE_RANDOM_RARE_CARD","is_daily":false,"chose_seed":false,"campfire_upgraded":2,"win_rate":0.0,"timestamp":1612381283,"path_taken":["M","?","?","M","M","E","R","E","T","$","?","M","R","M","R","BOSS","M","?","?","M","?","E","?","E","T","R","E","M","M","M"],"items_purchased_type":["Relic"],"build_version":"2020-12-22","purchased_purges":0,"victory":false,"max_hp_per_floor":[65,65,65,65,65,65,65,65,65,65,65,65,65,65,65,65,65,65,58,35,35,35,35,35,35,35,35,35,35,35,35,35],"relic_stats":{"Sozu":2,"counters":[17,63],"Golden Idol":93,"Mummified Hand":[31],"Prayer Wheel":6,"Eternal Feather":18,"Juzu Bracelet":0,"MawBank":48,"Question Card":6,"obtain_stats":[{"Sozu":17,"Lantern":26,"HornCleat":10,"Shade:YorickSkull":0,"Golden Idol":3,"Mummified Hand":9,"Vajra":28,"Prayer Wheel":8,"Eternal Feather":22,"Juzu Bracelet":25,"MawBank":6,"Question Card":23},{"Sozu":9,"Lantern":13,"HornCleat":6,"Shade:YorickSkull":0,"Golden Idol":2,"Mummified Hand":6,"Vajra":14,"Prayer Wheel":6,"Eternal Feather":11,"Juzu Bracelet":13,"MawBank":5,"Question Card":12},{"Sozu":33,"Lantern":52,"HornCleat":20,"Shade:YorickSkull":0,"Golden Idol":5,"Mummified Hand":20,"Vajra":56,"Prayer Wheel":20,"Eternal Feather":40,"Juzu Bracelet":52,"MawBank":11,"Question Card":46}]},"card_choices":[{"not_picked":["Shade:GreyBargain","Shade:ExtraLimbs"],"picked":"Shade:Frenzy","floor":1},{"not_picked":["Shade:FeralStrike","Shade:TouchOfTheGrave"],"picked":"Shade:PressTheAttack","floor":2},{"not_picked":["Shade:Premonition","Shade:CallOfTheGrave"],"picked":"Shade:BoneShards","floor":4},{"not_picked":["Shade:Haruspicy","Shade:FleshOffering"],"picked":"Shade:Asphyxiate","floor":5},{"not_picked":["Shade:OpenGraves","Shade:FeralStrike"],"picked":"Shade:TouchOfTheGrave","floor":6},{"not_picked":["Shade:ScuttlingHand","Shade:CloudOfShrapnel"],"picked":"Shade:Bonestorm","floor":8},{"not_picked":["Shade:TouchOfTheGrave","Shade:LyeBath"],"picked":"Shade:CloudOfShrapnel","floor":12},{"not_picked":["Shade:AncientSpear","Shade:Trample","Shade:FeralStrike"],"picked":"SKIP","floor":12},{"not_picked":["Shade:WallOfFlesh","Shade:PressTheAttack"],"picked":"Shade:Coordination","floor":14},{"not_picked":["Shade:Premonition","Shade:SensePrey"],"picked":"Shade:PressTheAttack","floor":14},{"not_picked":["Shade:PressTheAttack","Shade:Patience"],"picked":"Shade:SpectralStrikes+1","floor":18},{"not_picked":["Shade:Frenzy","Shade:BoneShards"],"picked":"Shade:Bonestorm","floor":18},{"not_picked":["Shade:ExtraLimbs","Shade:AncientSpear+1"],"picked":"Shade:Bonestorm+1","floor":21},{"not_picked":["Shade:FingerOfDeath","Shade:Trample","Shade:WallOfFlesh"],"picked":"SKIP","floor":21},{"not_picked":["Shade:Frenzy","Shade:SensePrey"],"picked":"Shade:LichForm","floor":23},{"not_picked":["Shade:Bonestorm","Shade:GraveStillness","Shade:ClawBack"],"picked":"Shade:FleshOffering","floor":25},{"not_picked":["Shade:SkeletonHug","Shade:CallWraith","Shade:PressTheAttack+1"],"picked":"Shade:StitchTogether+1","floor":28},{"not_picked":["Shade:FeralStrike","Shade:FingerOfDeath","Shade:Trample"],"picked":"Shade:OfferingToTheBeyond","floor":29},{"not_picked":["Shade:CoffinDance","Shade:ExtraLimbs","Shade:FreshBones","Shade:CloudOfShrapnel"],"picked":"SKIP","floor":29},{"not_picked":["Shade:Trample","Shade:SkeletonHug","Shade:SanguineRitual"],"picked":"Shade:CallOfTheGrave","floor":30},{"not_picked":["Shade:AblativeArmor","Shade:SkeletonHug","Shade:FreshBones","Shade:SanguineRitual"],"picked":"SKIP","floor":30}],"player_experience":1145048,"relics_obtained":[{"floor":6,"key":"MawBank"},{"floor":8,"key":"Prayer Wheel"},{"floor":9,"key":"Mummified Hand"},{"floor":23,"key":"Question Card"},{"floor":25,"key":"Juzu Bracelet"},{"floor":26,"key":"Lantern"},{"floor":28,"key":"Vajra"}],"event_choices":[{"damage_healed":0,"gold_gain":0,"player_choice":"Take Wound","damage_taken":0,"relics_obtained":["Golden Idol"],"max_hp_gain":0,"max_hp_loss":0,"event_name":"Golden Idol","floor":3,"gold_loss":0,"cards_obtained":["Injury"]},{"damage_healed":0,"gold_gain":0,"player_choice":"Left Gold","damage_taken":0,"max_hp_gain":0,"max_hp_loss":0,"event_name":"World of Goop","floor":11,"gold_loss":41},{"damage_healed":0,"gold_gain":0,"player_choice":"Touch","damage_taken":0,"max_hp_gain":0,"max_hp_loss":7,"event_name":"Elementarium:HeartOfTheVoid","floor":19,"gold_loss":0,"cards_obtained":["Ghostly"]},{"damage_healed":0,"gold_gain":0,"player_choice":"Touch","damage_taken":0,"max_hp_gain":0,"max_hp_loss":23,"event_name":"Elementarium:ElementalBlades","floor":20,"gold_loss":0,"cards_obtained":["Elementarium:FireblessedBlade","Elementarium:WindblessedBlade","Elementarium:EarthblessedBlade","Elementarium:IceblessedBlade","Elementarium:VoidblessedBlade"]},{"damage_healed":0,"gold_gain":0,"player_choice":"Open","damage_taken":0,"relics_obtained":["Eternal Feather"],"max_hp_gain":0,"max_hp_loss":0,"event_name":"Elementarium:TarCoveredCasket","floor":22,"gold_loss":0,"cards_obtained":["Elementarium:StickyTar"]},{"damage_healed":12,"gold_gain":0,"player_choice":"Drink","damage_taken":0,"max_hp_gain":0,"max_hp_loss":0,"event_name":"Elementarium:StickySituation","floor":24,"gold_loss":0,"cards_obtained":["Elementarium:StickyTar"]}],"is_beta":false,"boss_relics":[{"not_picked":["jesterMod:MachoBrace","Empty Cage"],"picked":"Sozu"}],"items_purged_floors":[],"is_endless":false,"potions_floor_spawned":[8,12,14,25,29],"killed_by":"Elementarium:VOID_CORRUPTION_AND_TAR_GOLEM","ascension_level":13}}