{"host":"37ccm3d17clopct7","time":1612370259,"event":{"mods":["BaseMod","Lobotomy","Minty Spire (QoL Compilation)","StSLib","The Bug Knight","The Cursed","The Hierophant","The Jungle","The Runesmith"],"gold_per_floor":[117,42,54,65,65,99,117,117,171,71,71,46,46,57,57,152,152,169,169,119,34,34,34,47,47,47,146,146,165,165,11,11,11,11],"floor_reached":33,"language":"KOR","playtime":1567,"items_purged":["HollowMod:QuickDashStart","HollowMod:QuickDashStart"],"score":241,"play_id":"c5023d78-9f46-42cb-9dda-19a0dcbdae18","local_time":"20210204013739","is_ascension_mode":false,"campfire_choices":[{"floor":8,"key":"REST"},{"data":"HollowMod:DoubleDash","floor":11,"key":"SMITH"},{"data":"HollowMod:HowlingWraiths","floor":13,"key":"SMITH"},{"floor":15,"key":"REST"},{"floor":23,"key":"REST"},{"floor":30,"key":"REST"},{"data":"HollowMod:PerfectDash","floor":32,"key":"SMITH"}],"circlet_count":0,"master_deck":["HollowMod:NailStrikeStart+1","HollowMod:NailStrikeStart+1","HollowMod:NailStrikeStart+1","HollowMod:NailStrikeStart+1","HollowMod:QuickDashStart+1","HollowMod:QuickDashStart+1","HollowMod:FocusHealStart","HollowMod:PogoStrike","HollowMod:TaintedHusks","HollowMod:HowlingWraiths+1","HollowMod:DoubleDash+1","HollowMod:SoulSplash","HollowMod:Weaversong","HollowMod:PerfectDash+1","HollowMod:GoodIntentions","HollowMod:DoubleDash+1","HollowMod:BrokenVessel+1"],"relics":["HollowMod:KingsSoulRelic","Omamori","Pear","Happy Flower","Nunchaku","Bottled Flame","ClockworkSouvenir"],"acts_visited":["Exordium","TheCity"],"potions_floor_usage":[6,16,16],"damage_taken":[{"damage":1,"enemies":"Cultist","floor":1,"turns":3},{"damage":2,"enemies":"Jaw Worm","floor":3,"turns":4},{"damage":10,"enemies":"2 Louse","floor":4,"turns":2},{"damage":21,"enemies":"Gremlin Nob","floor":6,"turns":4},{"damage":14,"enemies":"2 Fungi Beasts","floor":7,"turns":4},{"damage":9,"enemies":"Gremlin Gang","floor":14,"turns":2},{"damage":65,"enemies":"Slime Boss","floor":16,"turns":13},{"damage":33,"enemies":"3 Byrds","floor":18,"turns":4},{"damage":10,"enemies":"HollowMod:HuskSentry","floor":24,"turns":4},{"damage":22,"enemies":"Sentry and Sphere","floor":29,"turns":7},{"damage":74,"enemies":"Collector","floor":33,"turns":8}],"seed_played":"-6393087591813841477","potions_obtained":[{"floor":1,"key":"CultistPotion"},{"floor":3,"key":"Energy Potion"},{"floor":14,"key":"Weak Potion"}],"is_trial":false,"path_per_floor":["M","$","M","M","?","E","M","R","T","$","R","$","R","M","R","B",null,"M","?","$","?","?","R","M","?","T","?","?","M","R","$","R","B"],"character_chosen":"THE_BUGKNIGHT","items_purchased":["HollowMod:SoulSplash","HollowMod:GoodIntentions","ClockworkSouvenir"],"campfire_rested":4,"item_purchase_floors":[12,20,31],"current_hp_per_floor":[74,74,72,62,62,51,43,68,68,68,68,68,68,59,84,19,85,52,52,52,52,52,77,67,67,67,67,67,45,70,70,70,0,0],"gold":11,"neow_bonus":"RANDOM_COMMON_RELIC","is_daily":false,"chose_seed":false,"campfire_upgraded":3,"win_rate":0.0,"timestamp":1612370259,"path_taken":["M","?","?","M","?","E","M","R","T","$","R","?","R","?","R","BOSS","M","?","$","?","?","R","?","?","T","?","?","?","R","?","R","BOSS"],"items_purchased_type":["Card","Card","Relic"],"build_version":"2020-12-22","purchased_purges":2,"victory":false,"max_hp_per_floor":[75,75,75,75,75,85,85,85,85,85,85,85,85,85,85,85,85,85,85,85,85,85,85,85,85,85,85,85,85,85,85,85,85,85],"card_choices":[{"not_picked":["HollowMod:Grubsong","HollowMod:InfectedCysts"],"picked":"HollowMod:TaintedHusks","floor":1},{"not_picked":["HollowMod:NewLittleFool","HollowMod:TaintedHusks"],"picked":"HollowMod:HowlingWraiths","floor":3},{"not_picked":["HollowMod:DashSlash","HollowMod:NewJinnsSoul"],"picked":"HollowMod:DoubleDash","floor":4},{"not_picked":["HollowMod:NewJinnsSoul","HollowMod:BlackTendrils","HollowMod:WraithStrike"],"picked":"SKIP","floor":6},{"not_picked":["HollowMod:VengefulVoid","HollowMod:VoidDash","HollowMod:SiblingsSouls"],"picked":"SKIP","floor":7},{"not_picked":["HollowMod:SiblingsSouls","HollowMod:SiblingsShadow","HollowMod:CornifersMapStart"],"picked":"SKIP","floor":14},{"not_picked":["HollowMod:ZotesMagnificence","HollowMod:NewInfectedGuardian"],"picked":"HollowMod:Weaversong","floor":16},{"not_picked":["HollowMod:InfectedAttack","HollowMod:SiblingsSouls"],"picked":"HollowMod:PerfectDash","floor":18},{"not_picked":["HollowMod:SoulVessel","HollowMod:FallenFury"],"picked":"HollowMod:BrokenVessel+1","floor":24},{"not_picked":["HollowMod:SharpenedShadows","HollowMod:LifebloodCocoon","HollowMod:WraithStrike"],"picked":"SKIP","floor":29}],"player_experience":106619,"relics_obtained":[{"floor":6,"key":"Pear"},{"floor":9,"key":"Happy Flower"},{"floor":26,"key":"Bottled Flame"}],"event_choices":[{"damage_healed":0,"gold_gain":0,"player_choice":"Ignored","damage_taken":0,"max_hp_gain":0,"max_hp_loss":0,"event_name":"Shining Light","floor":5,"gold_loss":0},{"damage_healed":0,"gold_gain":0,"player_choice":"Simplicity","damage_taken":0,"max_hp_gain":0,"max_hp_loss":0,"event_name":"Back to Basics","floor":19,"gold_loss":0,"cards_upgraded":["HollowMod:NailStrikeStart","HollowMod:NailStrikeStart","HollowMod:NailStrikeStart","HollowMod:NailStrikeStart","HollowMod:QuickDashStart","HollowMod:QuickDashStart"]},{"damage_healed":0,"gold_gain":0,"player_choice":"Obtained Relic","damage_taken":0,"relics_obtained":["Nunchaku"],"max_hp_gain":0,"max_hp_loss":0,"event_name":"Addict","floor":21,"gold_loss":85},{"damage_healed":0,"gold_gain":0,"player_choice":"Copied","damage_taken":0,"max_hp_gain":0,"max_hp_loss":0,"event_name":"Duplicator","floor":22,"gold_loss":0,"cards_obtained":["HollowMod:DoubleDash"]},{"damage_healed":0,"gold_gain":99,"player_choice":"Stole From Cult","damage_taken":0,"max_hp_gain":0,"max_hp_loss":0,"event_name":"Nest","floor":27,"gold_loss":0},{"damage_healed":0,"gold_gain":0,"player_choice":"Leave","damage_taken":0,"max_hp_gain":0,"max_hp_loss":0,"event_name":"FaceTrader","floor":28,"gold_loss":0}],"is_beta":false,"boss_relics":[{"not_picked":["Runic Pyramid","Astrolabe"],"picked":"HollowMod:KingsSoulRelic"}],"items_purged_floors":[2,10],"is_endless":false,"potions_floor_spawned":[1,3,14],"killed_by":"Collector","ascension_level":0}}