{"host":"m4pe905ae9bldoe7","time":1612350061,"event":{"mods":["BaseMod","Bestiary","Block Reminder","Downfall","Minty Spire (QoL Compilation)","StSLib"],"gold_per_floor":[99,113,123,135,199,199,226,107,107,130,130,130,166,350,377,481,481,481,509,509,522,261,261,287,287,296,333,359,359,359,386,413,413,413,413],"floor_reached":33,"language":"ENG","playtime":1652,"items_purged":["Slimebound:Strike_Slimebound","Slimebound:Strike_Slimebound"],"score":306,"play_id":"795d19be-57cd-430f-9c6c-b79333d936a5","local_time":"20210203120101","is_ascension_mode":true,"campfire_choices":[{"data":"Slimebound:RollThrough","floor":1,"key":"SMITH"},{"floor":9,"key":"REST"},{"floor":12,"key":"REST"},{"data":"Slimebound:GoopTackle","floor":18,"key":"SMITH"},{"floor":25,"key":"REST"},{"floor":30,"key":"REST"}],"circlet_count":0,"master_deck":["Slimebound:Tackle","Slimebound:Defend_Slimebound","Slimebound:Defend_Slimebound","Slimebound:Defend_Slimebound","Slimebound:Defend_Slimebound","Slimebound:Split","Slimebound:CorrosiveSpit","Slimebound:RollThrough+1","Slimebound:Chomp","Slimebound:ComboTackle","Slimebound:RollThrough","Slimebound:Grow","Slimebound:GoopTackle+1","Slimebound:Prepare","Slimebound:ComboTackle","Slimebound:GoopTackle","Slimebound:SelfFormingGoo","Slimebound:GoopTackle+1","Slimebound:GoopSpray","Slimebound:Grow","Slimebound:SamplingLick","Slimebound:GoopTackle+1","Slimebound:GoopSpray+1","Slimebound:MegaLick+1"],"relics":["Slimebound:AbsorbEndCombat","Torii","Matryoshka","Centennial Puzzle","CeramicFish","Odd Mushroom","Empty Cage","Ancient Tea Set","Enchiridion","Blood Vial","Bag of Preparation","Art of War"],"acts_visited":["Exordium","TheCity"],"potions_floor_usage":[10,16,16,27,28],"damage_taken":[{"damage":12,"enemies":"Small Slimes","floor":2,"turns":3},{"damage":13,"enemies":"Jaw Worm","floor":3,"turns":4},{"damage":2,"enemies":"2 Louse","floor":4,"turns":2},{"damage":21,"enemies":"3 Sentries","floor":5,"turns":6},{"damage":3,"enemies":"downfall:FleeingMerchant","floor":8,"turns":4},{"damage":24,"enemies":"Exordium Thugs","floor":10,"turns":5},{"damage":16,"enemies":"The Mushroom Lair","floor":13,"turns":3},{"damage":1,"enemies":"Blue Slaver","floor":15,"turns":2},{"damage":17,"enemies":"IC_STATUS_ARCHETYPE","floor":16,"turns":5},{"damage":17,"enemies":"Spheric Guardian","floor":19,"turns":3},{"damage":0,"enemies":"Chosen","floor":20,"turns":1},{"damage":20,"enemies":"Snake Plant","floor":21,"turns":4},{"damage":10,"enemies":"downfall:FleeingMerchant","floor":22,"turns":4},{"damage":28,"enemies":"Slavers","floor":27,"turns":5},{"damage":9,"enemies":"Snecko","floor":28,"turns":5},{"damage":16,"enemies":"3 Cultists","floor":31,"turns":4},{"damage":0,"enemies":"Chosen and Byrds","floor":32,"turns":3},{"damage":43,"enemies":"WA_ARCHETYPE_CALM","floor":33,"turns":5}],"seed_played":"106098184116831667","potions_obtained":[{"floor":2,"key":"Slimebound:SpawnSlimePotion"},{"floor":4,"key":"ColorlessPotion"},{"floor":10,"key":"Weak Potion"},{"floor":13,"key":"Slimebound:SpawnSlimePotion"},{"floor":21,"key":"Explosive Potion"},{"floor":27,"key":"SpeedPotion"},{"floor":28,"key":"Dexterity Potion"}],"is_trial":false,"path_per_floor":["R","M","M","M","?","?","T","$","R","M","?","R","?","?","M","B",null,"R","M","M","M","$","?","T","R","?","E","M","?","R","M","M","B"],"character_chosen":"SLIMEBOUND","items_purchased":["Slimebound:GoopTackle","Ancient Tea Set"],"campfire_rested":4,"item_purchase_floors":[8,22],"current_hp_per_floor":[65,55,46,44,23,20,20,25,44,24,24,43,27,27,28,13,65,65,48,48,34,26,10,10,29,29,7,8,8,27,21,29,0,0,0],"gold":413,"neow_bonus":"THREE_CARDS","is_daily":false,"chose_seed":false,"campfire_upgraded":2,"win_rate":0.0,"timestamp":1612350061,"path_taken":["R","M","M","M","?","?","T","$","R","?","?","R","?","?","M","BOSS","R","M","M","M","$","?","T","R","?","E","?","?","R","M","M","BOSS"],"items_purchased_type":["Card","Relic"],"build_version":"2020-12-22","purchased_purges":2,"victory":false,"max_hp_per_floor":[65,65,65,65,65,65,65,65,65,65,65,65,65,65,65,65,65,65,65,65,65,65,65,65,65,65,65,65,65,65,65,65,65,65,65],"card_choices":[{"not_picked":["Slimebound:ComboTackle","Slimebound:Prepare"],"picked":"Slimebound:RollThrough","floor":0},{"not_picked":["Slimebound:LivingWall","Slimebound:AcidTongue"],"picked":"Slimebound:ForwardTackle","floor":2},{"not_picked":["Slimebound:LeechingTouch","Slimebound:SlimeSpikes"],"picked":"Slimebound:Chomp","floor":3},{"not_picked":["Slimebound:AcidTongue","Slimebound:LivingWall"],"picked":"Slimebound:ComboTackle","floor":4},{"not_picked":["Slimebound:DisruptingSlam","Slimebound:HauntingLick"],"picked":"Slimebound:RollThrough","floor":5},{"not_picked":["Slimebound:LeechEnergy","Slimebound:Prepare"],"picked":"Slimebound:Grow","floor":8},{"not_picked":["Slimebound:MegaLick","Slimebound:Dissolve"],"picked":"Slimebound:Prepare","floor":10},{"not_picked":["Slimebound:DouseInSlime","Slimebound:DisruptingSlam"],"picked":"Slimebound:ComboTackle","floor":13},{"not_picked":["Slimebound:LivingWall","Slimebound:ProtectTheBoss"],"picked":"Slimebound:GoopTackle","floor":15},{"not_picked":["Slimebound:RallyTheTroops","Slimebound:OneTwoCombo"],"picked":"Slimebound:SelfFormingGoo","floor":16},{"not_picked":["Slimebound:SlimeSpikes","Slimebound:Repurpose"],"picked":"Slimebound:GoopTackle+1","floor":19},{"not_picked":["Slimebound:ItLooksTasty","Slimebound:SplitMire","Slimebound:Dissolve"],"picked":"SKIP","floor":20},{"not_picked":["Slimebound:LeechEnergy+1","Slimebound:ComboTackle","Slimebound:ProtectTheBoss"],"picked":"SKIP","floor":21},{"not_picked":["Slimebound:LevelUp+1","Slimebound:ItLooksTasty"],"picked":"Slimebound:GoopSpray","floor":22},{"not_picked":["Slimebound:ComboTackle","Slimebound:GrowthPunch"],"picked":"Slimebound:SamplingLick","floor":27},{"not_picked":["Slimebound:RainOfGoop","Slimebound:LeechingTouch"],"picked":"Slimebound:GoopTackle+1","floor":28},{"not_picked":["Slimebound:DisruptingSlam","Slimebound:SplitBruiser"],"picked":"Slimebound:GoopSpray+1","floor":31},{"not_picked":["Slimebound:MassRepurpose","Slimebound:SpikyOuterGoop"],"picked":"Slimebound:MegaLick+1","floor":32}],"player_experience":513971,"relics_obtained":[{"floor":5,"key":"Torii"},{"floor":7,"key":"Centennial Puzzle"},{"floor":7,"key":"CeramicFish"},{"floor":13,"key":"Odd Mushroom"},{"floor":23,"key":"Enchiridion"},{"floor":24,"key":"Blood Vial"},{"floor":24,"key":"Bag of Preparation"},{"floor":27,"key":"Art of War"}],"event_choices":[{"damage_healed":0,"gold_gain":0,"player_choice":"Success","damage_taken":3,"relics_obtained":["Matryoshka"],"max_hp_gain":0,"max_hp_loss":0,"event_name":"Scrap Ooze","floor":6,"gold_loss":0},{"damage_healed":0,"gold_gain":0,"player_choice":"Fought Mushrooms","damage_taken":0,"max_hp_gain":0,"max_hp_loss":0,"event_name":"Mushrooms","floor":13,"gold_loss":0}],"is_beta":false,"boss_relics":[{"not_picked":["Busted Crown","Coffee Dripper"],"picked":"Empty Cage"}],"items_purged_floors":[8,22],"is_endless":false,"potions_floor_spawned":[2,4,10,13,21,27,28],"killed_by":"WA_ARCHETYPE_CALM","ascension_level":2}}