{"host":"1dz819zv7fs9tsdy","time":1612316641,"event":{"mods":["AchievementEnabler","BaseMod","Colored Powertips","Curses Come First","Downfall","Minty Spire (QoL Compilation)","Rare Cards Sparkle","Replay The Spire","Shop Mod","StSLib"],"gold_per_floor":[99,112,130,130,3,27,27,27,40,40,59,79,96,110,125,226,226,26,38,53,69,69,69,69,54,54,54,73,73,73,85,103,199,249,249,269,287,287,68,99,181,81,93,93,109,109,128,144,154,154,154,154],"floor_reached":50,"language":"ENG","playtime":3794,"items_purged":[],"score":622,"play_id":"aac0690e-3454-4cd5-8755-5b152c9115d6","local_time":"20210203014401","is_ascension_mode":false,"campfire_choices":[{"data":"Slimebound:Split","floor":1,"key":"SMITH"},{"floor":8,"key":"RECALL"},{"floor":10,"key":"REST"},{"data":"Slimebound:LevelUp","floor":18,"key":"SMITH"},{"data":"Slimebound:Overexert","floor":26,"key":"SMITH"},{"data":"Slimebound:GoopTackle","floor":35,"key":"SMITH"},{"data":"Slimebound:SelfFormingGoo","floor":42,"key":"SMITH"},{"data":"Slimebound:LivingWall","floor":42,"key":"SMITH"},{"floor":46,"key":"REST"}],"circlet_count":0,"master_deck":["Slimebound:Strike_Slimebound","Slimebound:Strike_Slimebound","Slimebound:Strike_Slimebound","Slimebound:Tackle","Slimebound:Defend_Slimebound","Slimebound:Defend_Slimebound","Slimebound:Defend_Slimebound","Slimebound:Defend_Slimebound","Slimebound:Split+1","Slimebound:CorrosiveSpit","Slimebound:SplitLeeching","Slimebound:SplitAcid","Slimebound:Teamwork","Slimebound:ProtectTheBoss","Slimebound:ProtectTheBoss","Slimebound:LeechEnergy","Pot Of Greed","Pot Of Greed","Slimebound:FinishingTackle","Slimebound:SplitLeeching","Slimebound:LevelUp+1","Slimebound:GoopTackle+1","Slimebound:ItLooksTasty","Slimebound:LeadByExample","Slimebound:Overexert+1","Slimebound:Prepare","Pot Of Greed","Slimebound:SplitLeeching","Slimebound:ViciousTackle","Slimebound:LivingWall+1","Slimebound:RollThrough+1","Slimebound:GoopSpray+1","Necronomicurse","Slimebound:GrowthPunch+1","Slimebound:SplitAcid+1","Slimebound:Teamwork","Slimebound:RollThrough+1","Slimebound:DisruptingSlam","Pot Of Greed","Slimebound:Dissolve","Slimebound:SelfFormingGoo+1","Slimebound:Prepare","Slimebound:LevelUp","Slimebound:SamplingLick","Slimebound:SplitMire","expansioncontent:YouAreMine","Slimebound:RollThrough+1","Slimebound:SlimeSpikes+1","Slimebound:ItLooksTasty+1","Slimebound:PressTheAttack","Slimebound:Prepare+1","Pot Of Greed","Slimebound:Replication+1"],"relics":["Slimebound:AbsorbEndCombat","Slimebound:AggressiveSlimeRelic","Grinning Jar","Busted Crown","downfall:HeartBlessingBlue","downfall:HeartBlessingRed","sneckomod:BabySnecko","Pantograph","Necronomicon","Tiny House","Replay:Arrowhead","Chameleon Ring","Frozen Egg 2","downfall:HeartBlessingGreen"],"acts_visited":["Exordium","TheCity","TheBeyond"],"potions_floor_usage":[16,16],"damage_taken":[{"damage":1,"enemies":"Cultist","floor":2,"turns":4},{"damage":1,"enemies":"2 Louse","floor":3,"turns":2},{"damage":0,"enemies":"downfall:FleeingMerchant","floor":5,"turns":4},{"damage":5,"enemies":"Jaw Worm","floor":9,"turns":4},{"damage":5,"enemies":"Exordium Wildlife","floor":11,"turns":4},{"damage":47,"enemies":"Gremlin Gang","floor":12,"turns":5},{"damage":0,"enemies":"Large Slime","floor":13,"turns":5},{"damage":1,"enemies":"2 Fungi Beasts","floor":14,"turns":3},{"damage":6,"enemies":"Exordium Wildlife","floor":15,"turns":2},{"damage":23,"enemies":"IC_STATUS_ARCHETYPE","floor":16,"turns":9},{"damage":8,"enemies":"Chosen","floor":19,"turns":4},{"damage":9,"enemies":"3 Byrds","floor":20,"turns":3},{"damage":9,"enemies":"Snecko","floor":21,"turns":4},{"damage":2,"enemies":"downfall:FleeingMerchant","floor":25,"turns":4},{"damage":18,"enemies":"Chosen and Byrds","floor":28,"turns":3},{"damage":7,"enemies":"Snake Plant","floor":31,"turns":4},{"damage":1,"enemies":"Snecko","floor":32,"turns":4},{"damage":58,"enemies":"SI_MIRROR_ARCHETYPE","floor":33,"turns":8},{"damage":9,"enemies":"3 Shapes","floor":36,"turns":3},{"damage":6,"enemies":"3 Darklings","floor":37,"turns":2},{"damage":10,"enemies":"downfall:FleeingMerchant","floor":39,"turns":3},{"damage":40,"enemies":"Reptomancer","floor":40,"turns":5},{"damage":27,"enemies":"Spire Growth","floor":43,"turns":4},{"damage":0,"enemies":"Transient","floor":45,"turns":5},{"damage":11,"enemies":"3 Darklings","floor":47,"turns":3},{"damage":10,"enemies":"4 Shapes","floor":48,"turns":4},{"damage":10,"enemies":"Transient","floor":49,"turns":5},{"damage":123,"enemies":"WA_ARCHETYPE_DIVINITY","floor":50,"turns":7}],"seed_played":"4018348165878516205","potions_obtained":[{"floor":2,"key":"FairyPotion"},{"floor":11,"key":"Explosive Potion"},{"floor":14,"key":"SkillPotion"},{"floor":20,"key":"Adrenaline Potion"},{"floor":31,"key":"bronze:BurnAndBuffPotion"},{"floor":34,"key":"LifebloodPotion"},{"floor":47,"key":"Slimebound:SlimedPotion"}],"is_trial":false,"path_per_floor":["R","M","M","?","$","T","T","R","M","R","M","M","M","M","M","B",null,"R","M","M","M","?","?","T","$","R","?","M","?","?","M","M","B",null,"R","M","M","?","$","E","T","R","M","$","M","R","M","M","M","B"],"character_chosen":"SLIMEBOUND","items_purchased":["Slimebound:ProtectTheBoss","Slimebound:LeechEnergy","Slimebound:LevelUp","Slimebound:SamplingLick","Slimebound:SplitMire","expansioncontent:YouAreMine","Replay:Arrowhead"],"campfire_rested":2,"item_purchase_floors":[5,5,39,39,39,39,39],"current_hp_per_floor":[71,71,71,53,55,55,55,55,54,71,68,23,25,28,24,9,71,81,73,64,59,59,59,59,65,65,65,49,49,33,28,29,2,86,86,77,71,71,61,27,27,27,4,4,10,35,24,18,16,0,0,0],"gold":154,"neow_bonus":"TEN_PERCENT_HP_BONUS","is_daily":false,"chose_seed":false,"campfire_upgraded":6,"win_rate":0.0,"timestamp":1612316641,"path_taken":["R","?","?","?","$","?","T","R","M","R","M","?","?","M","M","BOSS","R","M","M","?","?","?","T","$","R","?","?","?","?","M","M","BOSS","R","M","M","?","?","E","T","R","M","$","M","R","?","M","M","BOSS"],"items_purchased_type":["Card","Card","Card","Card","Card","Card","Relic"],"build_version":"2020-12-22","purchased_purges":0,"victory":false,"max_hp_per_floor":[71,71,71,71,71,71,71,71,71,71,71,71,71,71,71,71,71,81,81,81,81,81,81,81,81,81,81,81,81,81,81,81,81,86,86,86,86,86,86,86,86,86,86,86,86,86,86,86,86,86,86,86],"card_choices":[{"not_picked":["Slimebound:AcidTongue","Slimebound:SlimeBrawl"],"picked":"Slimebound:SplitLeeching","floor":2},{"not_picked":["Slimebound:ComboTackle","Slimebound:SplitBruiser"],"picked":"Slimebound:SplitAcid","floor":3},{"not_picked":["Slimebound:SlimeSpikes","Slimebound:TongueLash"],"picked":"Slimebound:Teamwork","floor":5},{"not_picked":["Slimebound:Grow","Slimebound:SlimeSpikes"],"picked":"Slimebound:FinishingTackle","floor":9},{"not_picked":["Slimebound:RollThrough","Slimebound:SamplingLick"],"picked":"Slimebound:SplitLeeching","floor":11},{"not_picked":["Slimebound:SlimeBrawl","Slimebound:Grow"],"picked":"Slimebound:LevelUp","floor":12},{"not_picked":["Slimebound:Prepare","Slimebound:LeechEnergy"],"picked":"Slimebound:GoopTackle","floor":13},{"not_picked":["Slimebound:AcidTongue","Slimebound:TongueLash"],"picked":"Slimebound:ItLooksTasty","floor":14},{"not_picked":["Slimebound:ViciousTackle","Slimebound:LevelUp"],"picked":"Slimebound:LeadByExample","floor":15},{"not_picked":["Slimebound:MinionMaster","Slimebound:SelfFormingGoo"],"picked":"Slimebound:Overexert","floor":16},{"not_picked":[],"picked":"Slimebound:Prepare","floor":19},{"not_picked":[],"picked":"Slimebound:SplitLeeching","floor":20},{"not_picked":[],"picked":"Slimebound:ViciousTackle","floor":21},{"not_picked":[],"picked":"Slimebound:RollThrough+1","floor":25},{"not_picked":[],"picked":"Slimebound:GoopSpray+1","floor":28},{"not_picked":[],"picked":"Slimebound:GrowthPunch","floor":31},{"not_picked":[],"picked":"Slimebound:SplitAcid+1","floor":32},{"not_picked":[],"picked":"Slimebound:Teamwork","floor":33},{"not_picked":[],"picked":"Slimebound:RollThrough+1","floor":34},{"not_picked":[],"picked":"Slimebound:DisruptingSlam","floor":36},{"not_picked":[],"picked":"Slimebound:Dissolve","floor":37},{"not_picked":[],"picked":"Slimebound:Prepare","floor":39},{"not_picked":[],"picked":"Slimebound:RollThrough+1","floor":40},{"not_picked":[],"picked":"Slimebound:SlimeSpikes+1","floor":43},{"not_picked":[],"picked":"Slimebound:ItLooksTasty+1","floor":45},{"not_picked":[],"picked":"Slimebound:PressTheAttack","floor":47},{"not_picked":[],"picked":"Slimebound:Prepare+1","floor":48},{"not_picked":[],"picked":"Slimebound:Replication+1","floor":49}],"player_experience":391864,"relics_obtained":[{"floor":7,"key":"Grinning Jar"},{"floor":24,"key":"Pantograph"},{"floor":30,"key":"Necronomicon"},{"floor":40,"key":"Chameleon Ring"},{"floor":41,"key":"Frozen Egg 2"}],"event_choices":[{"damage_healed":0,"gold_gain":0,"player_choice":"Success","damage_taken":18,"relics_obtained":["Slimebound:AggressiveSlimeRelic"],"max_hp_gain":0,"max_hp_loss":0,"event_name":"Scrap Ooze","floor":4,"gold_loss":0},{"damage_healed":0,"gold_gain":0,"player_choice":"Read","damage_taken":0,"max_hp_gain":0,"max_hp_loss":0,"event_name":"The Library","floor":22,"gold_loss":0,"cards_obtained":["Slimebound:LivingWall"]},{"damage_healed":0,"gold_gain":0,"player_choice":"Ignored","damage_taken":0,"max_hp_gain":0,"max_hp_loss":0,"event_name":"Vampires","floor":27,"gold_loss":0}],"is_beta":false,"boss_relics":[{"not_picked":["Painkiller Herb","Cursed Key"],"picked":"Busted Crown"},{"not_picked":["ReplayTheSpireMod:DimensionalGlitch","Runic Pyramid"],"picked":"Tiny House"}],"items_purged_floors":[],"is_endless":false,"potions_floor_spawned":[2,11,14,15,20,31,33,40,47,48,49],"killed_by":"WA_ARCHETYPE_DIVINITY","ascension_level":0}}