{"host":"2se5dq1do2gp0x9k","time":1612326784,"event":{"mods":["AchievementEnabler","BaseMod","Block Reminder","Colored Map","Colored Powertips","Minty Spire (QoL Compilation)","Relic Stats","StSLib","SuperFastMode"],"gold_per_floor":[111,130,130,130,149,162,180,180,180,20,20,46,46,75,75,75,75],"floor_reached":16,"language":"ENG","playtime":454,"items_purged":[],"score":220,"play_id":"18cb85e6-d468-4c42-967a-ca52b74b93d5","local_time":"20210202203304","is_ascension_mode":true,"campfire_choices":[{"floor":11,"key":"REST"},{"data":"Reprogram","floor":13,"key":"SMITH"},{"data":"Sunder","floor":15,"key":"SMITH"}],"circlet_count":0,"master_deck":["AscendersBane","Strike_B","Strike_B","Strike_B","Strike_B","Defend_B","Defend_B","Defend_B","Defend_B","Zap","Dualcast","Machine Learning","Go for the Eyes","Sunder+1","Beam Cell","Hologram","All For One","All For One","Reprogram+1"],"relics":["Cracked Core","Regal Pillow","WarpedTongs","Gremlin Horn","DollysMirror","Mango","Ginger"],"acts_visited":["Exordium"],"potions_floor_usage":[6],"damage_taken":[{"damage":1,"enemies":"Cultist","floor":1,"turns":3},{"damage":13,"enemies":"Small Slimes","floor":2,"turns":4},{"damage":1,"enemies":"2 Louse","floor":5,"turns":2},{"damage":16,"enemies":"Large Slime","floor":6,"turns":6},{"damage":9,"enemies":"2 Fungi Beasts","floor":7,"turns":2},{"damage":27,"enemies":"3 Sentries","floor":12,"turns":6},{"damage":6,"enemies":"Lagavulin","floor":14,"turns":7},{"damage":41,"enemies":"Slime Boss","floor":16,"turns":6}],"seed_played":"2967170797495914625","potions_obtained":[{"floor":1,"key":"Regen Potion"},{"floor":2,"key":"FairyPotion"},{"floor":7,"key":"SpeedPotion"}],"is_trial":false,"path_per_floor":["M","M","?","?","M","M","M","?","T","$","R","E","R","E","R","B"],"character_chosen":"DEFECT","items_purchased":["DollysMirror"],"campfire_rested":1,"item_purchase_floors":[10],"current_hp_per_floor":[63,50,15,15,14,10,1,21,21,21,57,44,44,38,38,0,0],"gold":75,"neow_bonus":"ONE_RANDOM_RARE_CARD","is_daily":false,"chose_seed":false,"campfire_upgraded":2,"win_rate":0.0,"timestamp":1612326784,"path_taken":["M","M","?","?","M","M","?","?","T","$","R","E","R","E","R","BOSS"],"items_purchased_type":["Relic"],"build_version":"2020-12-22","purchased_purges":0,"victory":false,"max_hp_per_floor":[71,71,71,71,71,71,71,71,71,71,71,85,85,85,85,85,85],"relic_stats":{"Regal Pillow":15,"Gremlin Horn":[2,2],"counters":[8,36],"Ginger":[1],"obtain_stats":[{"Regal Pillow":3,"Gremlin Horn":9,"DollysMirror":10,"Mango":12,"Ginger":14,"Cracked Core":0,"WarpedTongs":4},{"Regal Pillow":2,"Gremlin Horn":5,"DollysMirror":5,"Mango":6,"Ginger":7,"Cracked Core":0,"WarpedTongs":2},{"Regal Pillow":7,"Gremlin Horn":17,"DollysMirror":17,"Mango":23,"Ginger":30,"Cracked Core":0,"WarpedTongs":7}],"WarpedTongs":[29]},"card_choices":[{"not_picked":["White Noise","Tempest"],"picked":"Go for the Eyes","floor":1},{"not_picked":["Coolheaded","Redo"],"picked":"Sunder","floor":2},{"not_picked":["Stack","Hologram"],"picked":"Beam Cell","floor":5},{"not_picked":["Reprogram","Aggregate"],"picked":"Hologram","floor":6},{"not_picked":["Hologram","Go for the Eyes"],"picked":"All For One","floor":7},{"not_picked":["Redo","Beam Cell"],"picked":"Reprogram","floor":12},{"not_picked":["Cold Snap","Capacitor","Compile Driver"],"picked":"SKIP","floor":14}],"player_experience":4057292,"relics_obtained":[{"floor":9,"key":"Gremlin Horn"},{"floor":12,"key":"Mango"},{"floor":14,"key":"Ginger"}],"event_choices":[{"damage_healed":0,"gold_gain":0,"player_choice":"Success","damage_taken":35,"relics_obtained":["Regal Pillow"],"max_hp_gain":0,"max_hp_loss":0,"event_name":"Scrap Ooze","floor":3,"gold_loss":0},{"damage_healed":0,"gold_gain":0,"player_choice":"Rummage","damage_taken":0,"relics_obtained":["WarpedTongs"],"max_hp_gain":0,"max_hp_loss":0,"event_name":"Accursed Blacksmith","floor":4,"gold_loss":0,"cards_obtained":["Pain"]},{"cards_removed":["Pain"],"damage_healed":0,"gold_gain":0,"player_choice":"Card Removal","damage_taken":7,"max_hp_gain":0,"max_hp_loss":0,"event_name":"Golden Wing","floor":8,"gold_loss":0}],"is_beta":false,"boss_relics":[],"items_purged_floors":[],"is_endless":false,"potions_floor_spawned":[1,2,5,7],"killed_by":"Slime Boss","ascension_level":20}}