{"host":"2smcgt1ki1qcud40","time":1612354485,"event":{"mods":["BaseMod","Minty Spire (QoL Compilation)"],"gold_per_floor":[118,130,80,80,155,181,181,181,181,20,50,50,67,94,94,94,94],"floor_reached":16,"language":"ENG","playtime":331,"items_purged":[],"score":219,"play_id":"0d413e87-681a-446d-ae3c-9a5e4674ea29","local_time":"20210203131445","is_ascension_mode":true,"campfire_choices":[{"data":"Darkness","floor":7,"key":"SMITH"},{"data":"Sweeping Beam","floor":12,"key":"SMITH"},{"floor":15,"key":"REST"}],"circlet_count":0,"master_deck":["AscendersBane","Strike_B+1","Strike_B","Strike_B","Defend_B","Defend_B","Defend_B","Zap","Dualcast+1","Reinforced Body","Gash","Double Energy","Darkness+1","Consume","Loop","Sweeping Beam+1","Doom and Gloom"],"relics":["Cracked Core","NeowsBlessing","Pear","Letter Opener","Pen Nib","MealTicket"],"acts_visited":["Exordium"],"potions_floor_usage":[11],"damage_taken":[{"damage":0,"enemies":"Small Slimes","floor":1,"turns":1},{"damage":0,"enemies":"Jaw Worm","floor":2,"turns":1},{"damage":0,"enemies":"Lagavulin","floor":6,"turns":1},{"damage":10,"enemies":"Gremlin Nob","floor":11,"turns":4},{"damage":0,"enemies":"Cultist","floor":13,"turns":2},{"damage":35,"enemies":"Lagavulin","floor":14,"turns":6},{"damage":31,"enemies":"Hexaghost","floor":16,"turns":4}],"seed_played":"-6552028425578985708","potions_obtained":[{"floor":6,"key":"DuplicationPotion"},{"floor":14,"key":"CultistPotion"}],"is_trial":false,"path_per_floor":["M","M","?","?","?","E","R","?","T","$","E","R","M","E","R","B"],"character_chosen":"DEFECT","items_purchased":["Consume","Loop"],"campfire_rested":1,"item_purchase_floors":[10,10],"current_hp_per_floor":[68,68,68,68,57,67,67,50,50,50,40,40,40,5,30,0,0],"gold":94,"neow_bonus":"THREE_ENEMY_KILL","is_daily":false,"chose_seed":false,"campfire_upgraded":2,"win_rate":0.0,"timestamp":1612354485,"path_taken":["M","M","?","?","?","E","R","?","T","$","E","R","M","E","R","BOSS"],"items_purchased_type":["Card","Card"],"build_version":"2020-12-22","purchased_purges":0,"victory":false,"max_hp_per_floor":[75,75,75,75,75,85,85,85,85,85,85,85,85,85,85,85,85],"card_choices":[{"not_picked":["Beam Cell","Redo"],"picked":"Reinforced Body","floor":1},{"not_picked":["Hologram","Storm"],"picked":"Gash","floor":2},{"not_picked":["Loop","Fusion"],"picked":"Darkness","floor":6},{"not_picked":["Aggregate","Turbo"],"picked":"Sweeping Beam","floor":11},{"not_picked":["Go for the Eyes","Gash"],"picked":"Doom and Gloom","floor":13},{"not_picked":["Rebound","Fusion","All For One"],"picked":"SKIP","floor":14}],"player_experience":722335,"relics_obtained":[{"floor":6,"key":"Pear"},{"floor":9,"key":"Letter Opener"},{"floor":11,"key":"Pen Nib"},{"floor":14,"key":"MealTicket"}],"event_choices":[{"cards_removed":["Defend_B"],"damage_healed":0,"gold_gain":0,"player_choice":"Card Removal","damage_taken":0,"max_hp_gain":0,"max_hp_loss":0,"event_name":"The Cleric","floor":3,"gold_loss":50},{"damage_healed":0,"gold_gain":0,"cards_transformed":["Strike_B"],"player_choice":"Change","damage_taken":0,"max_hp_gain":0,"max_hp_loss":0,"event_name":"Living Wall","floor":4,"gold_loss":0,"cards_obtained":["Double Energy"]},{"damage_healed":0,"gold_gain":75,"player_choice":"Gather Gold","damage_taken":11,"max_hp_gain":0,"max_hp_loss":0,"event_name":"World of Goop","floor":5,"gold_loss":0},{"damage_healed":0,"gold_gain":0,"player_choice":"Entered Light","damage_taken":17,"max_hp_gain":0,"max_hp_loss":0,"event_name":"Shining Light","floor":8,"gold_loss":0,"cards_upgraded":["Strike_B","Dualcast"]}],"is_beta":false,"boss_relics":[],"items_purged_floors":[],"is_endless":false,"potions_floor_spawned":[6,14],"killed_by":"Hexaghost","ascension_level":11}}