{"host":"kqjncq1jgqa58i7s","time":1612385808,"event":{"mods":["AchievementEnabler","BaseMod","Colored Map","Minty Spire (QoL Compilation)","Relic Stats"],"gold_per_floor":[113,125,139,159,170,198,198,80,80,80,96,70,142,169,169,246,246,257,52,65,79,96,131,131,165,165,165,198,198,229,241,241,241,241],"floor_reached":33,"language":"ENG","playtime":1396,"items_purged":["Strike_B"],"score":678,"play_id":"226a7911-2f41-4e88-8971-8adb426abe2d","local_time":"20210203215648","is_ascension_mode":true,"campfire_choices":[{"data":"Defragment","floor":7,"key":"SMITH"},{"data":"Static Discharge","floor":10,"key":"SMITH"},{"floor":15,"key":"REST"},{"floor":24,"key":"REST"},{"floor":27,"key":"REST"},{"data":"Loop","floor":29,"key":"SMITH"},{"data":"Coolheaded","floor":32,"key":"SMITH"}],"circlet_count":0,"master_deck":["AscendersBane","Strike_B","Strike_B","Strike_B","Defend_B","Defend_B","Defend_B","Defend_B+1","Zap","Dualcast","Coolheaded+1","Static Discharge+1","Biased Cognition","Melter","Lockon","Defragment+1","Self Repair","Skim","White Noise","Seek","Aggregate","Loop+1","Chaos+1","Storm","Chill","Genetic Algorithm+1","Stack","Coolheaded+1"],"relics":["Cracked Core","PreservedInsect","MealTicket","Tiny Chest","Inserter","War Paint","Blue Candle","HornCleat","Emotion Chip","StrikeDummy","Akabeko"],"acts_visited":["Exordium","TheCity"],"potions_floor_usage":[6,25,28,33],"damage_taken":[{"damage":9,"enemies":"Small Slimes","floor":1,"turns":3},{"damage":0,"enemies":"Cultist","floor":2,"turns":3},{"damage":9,"enemies":"2 Louse","floor":3,"turns":3},{"damage":7,"enemies":"Looter","floor":4,"turns":3},{"damage":5,"enemies":"Gremlin Gang","floor":5,"turns":6},{"damage":6,"enemies":"Gremlin Nob","floor":6,"turns":3},{"damage":8,"enemies":"Blue Slaver","floor":11,"turns":3},{"damage":15,"enemies":"Exordium Thugs","floor":12,"turns":4},{"damage":19,"enemies":"3 Sentries","floor":14,"turns":4},{"damage":27,"enemies":"Slime Boss","floor":16,"turns":5},{"damage":19,"enemies":"Chosen","floor":18,"turns":6},{"damage":23,"enemies":"Shell Parasite","floor":20,"turns":4},{"damage":3,"enemies":"Snake Plant","floor":21,"turns":5},{"damage":6,"enemies":"Snecko","floor":22,"turns":4},{"damage":44,"enemies":"Slavers","floor":23,"turns":4},{"damage":25,"enemies":"Book of Stabbing","floor":25,"turns":3},{"damage":12,"enemies":"Gremlin Leader","floor":28,"turns":4},{"damage":7,"enemies":"Book of Stabbing","floor":30,"turns":3},{"damage":5,"enemies":"3 Cultists","floor":31,"turns":4},{"damage":47,"enemies":"Collector","floor":33,"turns":8}],"seed_played":"-501576969741975510","potions_obtained":[{"floor":2,"key":"AttackPotion"},{"floor":3,"key":"SpeedPotion"},{"floor":12,"key":"Strength Potion"},{"floor":16,"key":"FocusPotion"},{"floor":25,"key":"SkillPotion"}],"is_trial":false,"path_per_floor":["M","M","M","M","M","E","R","$","T","R","M","M","?","E","R","B",null,"M","$","M","M","M","E","R","E","T","R","E","R","E","M","R","B"],"character_chosen":"DEFECT","items_purchased":["Self Repair","Loop","War Paint"],"campfire_rested":3,"item_purchase_floors":[8,19,19],"current_hp_per_floor":[62,62,53,46,41,35,35,35,35,35,34,26,26,14,37,17,63,51,66,50,54,55,11,34,16,16,39,34,34,34,36,36,0,0],"gold":241,"neow_bonus":"TEN_PERCENT_HP_BONUS","is_daily":false,"chose_seed":false,"campfire_upgraded":4,"win_rate":0.0,"timestamp":1612385808,"path_taken":["M","M","M","M","M","E","R","$","T","R","M","M","?","E","R","BOSS","M","$","M","M","M","E","R","E","T","R","E","R","E","M","R","BOSS"],"items_purchased_type":["Card","Card","Relic"],"build_version":"2020-12-22","purchased_purges":1,"victory":false,"max_hp_per_floor":[78,78,78,78,78,78,78,78,78,78,78,78,78,78,78,78,78,78,78,78,78,78,78,78,78,78,78,78,78,78,78,78,78,78],"relic_stats":{"Emotion Chip":[19,15,3,1,0],"Inserter":[22],"counters":[20,82],"Blue Candle":[0],"MealTicket":15,"Tiny Chest":0,"PreservedInsect":209,"War Paint":["Defend_B","Coolheaded"],"obtain_stats":[{"Emotion Chip":26,"Inserter":17,"HornCleat":25,"Blue Candle":23,"MealTicket":9,"Tiny Chest":14,"PreservedInsect":6,"War Paint":19,"Cracked Core":0,"StrikeDummy":28,"Akabeko":30},{"Emotion Chip":16,"Inserter":10,"HornCleat":16,"Blue Candle":15,"MealTicket":6,"Tiny Chest":9,"PreservedInsect":6,"War Paint":11,"Cracked Core":0,"StrikeDummy":17,"Akabeko":18},{"Emotion Chip":63,"Inserter":37,"HornCleat":63,"Blue Candle":60,"MealTicket":21,"Tiny Chest":32,"PreservedInsect":21,"War Paint":43,"Cracked Core":0,"StrikeDummy":67,"Akabeko":70}]},"card_choices":[{"not_picked":["Steam","Consume"],"picked":"Coolheaded","floor":1},{"not_picked":["Rebound","Turbo"],"picked":"Static Discharge","floor":2},{"not_picked":["Conserve Battery","Hologram"],"picked":"Biased Cognition","floor":3},{"not_picked":["Reinforced Body","Beam Cell"],"picked":"Melter","floor":4},{"not_picked":["Leap","FTL"],"picked":"Lockon","floor":5},{"not_picked":["Barrage","Undo"],"picked":"Defragment","floor":6},{"not_picked":["Barrage","Streamline"],"picked":"Skim","floor":11},{"not_picked":["Stack","BootSequence"],"picked":"White Noise","floor":12},{"not_picked":["Skim","Heatsinks","Compile Driver"],"picked":"SKIP","floor":14},{"not_picked":["Machine Learning","Fission"],"picked":"Seek","floor":16},{"not_picked":["Sweeping Beam","Gash"],"picked":"Aggregate","floor":18},{"not_picked":["Rebound","Coolheaded"],"picked":"Chaos+1","floor":20},{"not_picked":["Skim","Recycle","Compile Driver+1"],"picked":"SKIP","floor":21},{"not_picked":["Leap","Streamline"],"picked":"Storm","floor":22},{"not_picked":["Rebound","Melter","Heatsinks"],"picked":"SKIP","floor":23},{"not_picked":["Steam","Rebound"],"picked":"Chill","floor":25},{"not_picked":["Skim+1","Chaos"],"picked":"Genetic Algorithm+1","floor":28},{"not_picked":["BootSequence","Rainbow"],"picked":"Stack","floor":30},{"not_picked":["Gash","Turbo"],"picked":"Coolheaded","floor":31}],"player_experience":1650486,"relics_obtained":[{"floor":6,"key":"PreservedInsect"},{"floor":9,"key":"MealTicket"},{"floor":14,"key":"Tiny Chest"},{"floor":23,"key":"Blue Candle"},{"floor":25,"key":"HornCleat"},{"floor":26,"key":"Emotion Chip"},{"floor":28,"key":"StrikeDummy"},{"floor":30,"key":"Akabeko"}],"event_choices":[{"damage_healed":0,"gold_gain":72,"player_choice":"Gained Gold","damage_taken":0,"max_hp_gain":0,"max_hp_loss":0,"event_name":"Golden Wing","floor":13,"gold_loss":0}],"is_beta":false,"boss_relics":[{"not_picked":["Coffee Dripper","Tiny House"],"picked":"Inserter"}],"items_purged_floors":[8],"is_endless":false,"potions_floor_spawned":[2,3,5,12,14,16,18,22,25],"killed_by":"Collector","ascension_level":20}}