{"host":"pjgcdp3h1plnbocs","time":1612377347,"event":{"mods":["AchievementEnabler","BaseMod","Colored Map","Downfall","Highlight Path","Minty Spire (QoL Compilation)","StSLib"],"gold_per_floor":[113,130,130,130,146,146,178,178,178,205,205,222,247,197,197,299,299,318,337,337,109,119,119,119,119],"floor_reached":24,"language":"ENG","playtime":912,"items_purged":["Strike_B"],"score":300,"play_id":"56aeb8fa-ab6c-4a0d-85c1-8ddadf354768","local_time":"20210203193547","is_ascension_mode":true,"campfire_choices":[{"data":"Conserve Battery","floor":6.0,"key":"SMITH"},{"data":"Dualcast","floor":8.0,"key":"SMITH"},{"floor":15.0,"key":"REST"},{"floor":23.0,"key":"RECALL"}],"circlet_count":0,"master_deck":["Strike_B","Defend_B","Defend_B","Zap","Dualcast+1","Conserve Battery+1","Capacitor","Ball Lightning","White Noise","Sweeping Beam","Seek","Chill+1","Chaos+1","Loop+1","Redo","Stack+1"],"relics":["Cracked Core","HornCleat","Tiny Chest","Blue Candle","Boot","Astrolabe","Question Card","PreservedInsect"],"acts_visited":["Exordium","TheCity"],"potions_floor_usage":[24],"damage_taken":[{"damage":2.0,"enemies":"Jaw Worm","floor":1.0,"turns":3.0},{"damage":0.0,"enemies":"Small Slimes","floor":2.0,"turns":4.0},{"damage":2.0,"enemies":"Cultist","floor":5.0,"turns":5.0},{"damage":27.0,"enemies":"3 Sentries","floor":7.0,"turns":11.0},{"damage":11.0,"enemies":"Gremlin Nob","floor":10.0,"turns":4.0},{"damage":3.0,"enemies":"Blue Slaver","floor":12.0,"turns":3.0},{"damage":25.0,"enemies":"3 Sentries","floor":13.0,"turns":7.0},{"damage":32.0,"enemies":"Slime Boss","floor":16.0,"turns":8.0},{"damage":3.0,"enemies":"Spheric Guardian","floor":18.0,"turns":4.0},{"damage":9.0,"enemies":"Chosen","floor":19.0,"turns":5.0},{"damage":23.0,"enemies":"Shelled Parasite and Fungi","floor":22.0,"turns":7.0},{"damage":26,"enemies":"Gremlin Leader","floor":24,"turns":4}],"seed_played":"383328588613100792","potions_obtained":[{"floor":0.0,"key":"SkillPotion"},{"floor":0.0,"key":"SneckoOil"},{"floor":0.0,"key":"FairyPotion"},{"floor":1.0,"key":"ColorlessPotion"},{"floor":4.0,"key":"EntropicBrew"},{"floor":13.0,"key":"SteroidPotion"},{"floor":22.0,"key":"SpeedPotion"}],"is_trial":false,"path_per_floor":["M","M","?","?","M","R","E","R","T","E","?","M","E","?","R","B",null,"M","M","T","$","M","R","E"],"character_chosen":"DEFECT","items_purchased":["PreservedInsect"],"campfire_rested":1,"item_purchase_floors":[21],"current_hp_per_floor":[66,66,59,59,57,57,30,30,30,19,19,16,15,15,37,5,58,55,46,46,46,23,23,0,0],"gold":119,"neow_bonus":"THREE_SMALL_POTIONS","is_daily":false,"chose_seed":false,"campfire_upgraded":2,"win_rate":0.0,"timestamp":1612377347,"path_taken":["M","M","?","?","?","R","E","R","T","E","?","?","E","?","R","BOSS","M","M","?","$","M","R","E"],"items_purchased_type":["Relic"],"build_version":"2020-12-22","purchased_purges":1,"victory":false,"max_hp_per_floor":[75,75,75,75,75,75,75,75,75,75,75,75,75,75,75,75,75,75,75,75,75,75,75,75,75],"card_choices":[{"not_picked":["Melter","Doom and Gloom"],"picked":"Conserve Battery","floor":1.0},{"not_picked":["Compile Driver","FTL"],"picked":"Capacitor","floor":2.0},{"not_picked":["Conserve Battery","Stack"],"picked":"Skim","floor":5.0},{"not_picked":["Beam Cell","Conserve Battery"],"picked":"Ball Lightning","floor":7.0},{"not_picked":["Conserve Battery","Hologram"],"picked":"White Noise","floor":10.0},{"not_picked":["Capacitor","Streamline"],"picked":"Steam","floor":12.0},{"not_picked":["Genetic Algorithm","All For One"],"picked":"Sweeping Beam","floor":13.0},{"not_picked":["Machine Learning","Meteor Strike"],"picked":"Seek","floor":16.0},{"not_picked":["Barrage","Beam Cell"],"picked":"Redo","floor":18.0},{"not_picked":["Beam Cell","Gash"],"picked":"Stack+1","floor":19.0},{"not_picked":["White Noise","Turbo","FTL","Ball Lightning+1"],"picked":"SKIP","floor":22.0}],"player_experience":222359,"relics_obtained":[{"floor":7.0,"key":"HornCleat"},{"floor":9.0,"key":"Tiny Chest"},{"floor":10.0,"key":"Blue Candle"},{"floor":13.0,"key":"Boot"},{"floor":20.0,"key":"Question Card"}],"event_choices":[{"cards_removed":["Strike_B"],"damage_healed":0.0,"max_hp_gain":0.0,"max_hp_loss":0.0,"gold_gain":0.0,"event_name":"Golden Wing","player_choice":"Card Removal","floor":3.0,"gold_loss":0.0,"damage_taken":7.0},{"damage_healed":0.0,"max_hp_gain":0.0,"max_hp_loss":0.0,"gold_gain":0.0,"event_name":"Lab","player_choice":"Got Potions","floor":4.0,"gold_loss":0.0,"damage_taken":0.0},{"cards_removed":["Strike_B"],"damage_healed":0.0,"max_hp_gain":0.0,"max_hp_loss":0.0,"gold_gain":0.0,"event_name":"Purifier","player_choice":"Purged","floor":11.0,"gold_loss":0.0,"damage_taken":0.0},{"cards_removed":["Defend_B"],"damage_healed":0.0,"max_hp_gain":0.0,"max_hp_loss":0.0,"gold_gain":0.0,"event_name":"The Cleric","player_choice":"Card Removal","floor":14.0,"gold_loss":50.0,"damage_taken":0.0}],"is_beta":false,"boss_relics":[{"not_picked":["Pandora\u0027s Box","Fusion Hammer"],"picked":"Astrolabe"}],"items_purged_floors":[21],"is_endless":false,"potions_floor_spawned":[1,5,13,22],"killed_by":"Gremlin Leader","ascension_level":8}}