{"host":"sav7uxregyirlf69","time":1612355763,"event":{"mods":["AchievementEnabler","BaseMod","Colored Map","DeckTracker","Keyboard Shortcuts","Minty Spire (QoL Compilation)","READ ME - Guardian Mod","StSLib","SuperFastMode"],"gold_per_floor":[118,118,118,43,58,58,84,84,138,153,47,47,63,88,88,88,88],"floor_reached":16,"language":"KOR","playtime":207,"items_purged":["Strike_G"],"score":250,"play_id":"735a78ec-68e0-4999-a652-b42e2731cd3f","local_time":"20210203213603","is_ascension_mode":true,"campfire_choices":[{"data":"Deadly Poison","floor":6,"key":"SMITH"},{"data":"Footwork","floor":15,"key":"SMITH"}],"circlet_count":0,"master_deck":["AscendersBane","Strike_G+1","Strike_G+1","Strike_G","Defend_G","Defend_G","Defend_G","Defend_G","Survivor","Neutralize","Dagger Throw","Deadly Poison+1","Footwork+1","Flash of Steel"],"relics":["Ring of the Snake","NeowsBlessing","Whetstone","Golden Idol"],"acts_visited":["Exordium"],"potions_floor_usage":[14,16,16],"damage_taken":[{"damage":0,"enemies":"2 Louse","floor":1,"turns":1},{"damage":0,"enemies":"Small Slimes","floor":5,"turns":1},{"damage":0,"enemies":"Lagavulin","floor":7,"turns":1},{"damage":0,"enemies":"Cultist","floor":10,"turns":3},{"damage":4,"enemies":"Red Slaver","floor":13,"turns":3},{"damage":12,"enemies":"Exordium Wildlife","floor":14,"turns":4},{"damage":25,"enemies":"Hexaghost","floor":16,"turns":10}],"seed_played":"-6439844314931265777","potions_obtained":[{"floor":1,"key":"AttackPotion"},{"floor":5,"key":"Regen Potion"},{"floor":14,"key":"DistilledChaos"}],"is_trial":false,"path_per_floor":["M","?","?","$","M","R","E","$","T","M","$","?","M","M","R","B"],"character_chosen":"THE_SILENT","items_purchased":["Flash of Steel"],"campfire_rested":0,"item_purchase_floors":[11],"current_hp_per_floor":[59,59,59,59,59,59,59,59,59,59,59,36,32,20,20,0,0],"gold":88,"neow_bonus":"THREE_ENEMY_KILL","is_daily":false,"chose_seed":false,"campfire_upgraded":2,"win_rate":0.0,"timestamp":1612355763,"path_taken":["M","?","?","$","?","R","E","$","T","M","?","?","M","M","R","BOSS"],"items_purchased_type":["Card"],"build_version":"2020-12-22","purchased_purges":1,"victory":false,"max_hp_per_floor":[66,66,66,66,66,66,66,66,66,66,66,66,66,66,66,66,66],"card_choices":[{"not_picked":["Concentrate","All Out Attack"],"picked":"Dagger Throw","floor":1},{"not_picked":["Setup","Bane"],"picked":"Footwork","floor":5},{"not_picked":["Slice","Dodge and Roll","Outmaneuver"],"picked":"SKIP","floor":7},{"not_picked":["Night Terror","Outmaneuver","Bane"],"picked":"SKIP","floor":10},{"not_picked":["Riddle With Holes","Distraction","Eviscerate"],"picked":"SKIP","floor":13},{"not_picked":["Bane","Footwork","Blade Dance"],"picked":"SKIP","floor":14}],"player_experience":1470600,"relics_obtained":[{"floor":7,"key":"Whetstone"}],"event_choices":[{"damage_healed":0,"gold_gain":0,"cards_transformed":["Strike_G"],"player_choice":"Change","damage_taken":0,"max_hp_gain":0,"max_hp_loss":0,"event_name":"Living Wall","floor":2,"gold_loss":0,"cards_obtained":["Deadly Poison"]},{"cards_removed":["Defend_G"],"damage_healed":0,"gold_gain":0,"player_choice":"Offered Basic","damage_taken":0,"max_hp_gain":0,"max_hp_loss":0,"event_name":"Bonfire Elementals","floor":3,"gold_loss":0},{"damage_healed":0,"gold_gain":0,"player_choice":"Take Damage","damage_taken":23,"relics_obtained":["Golden Idol"],"max_hp_gain":0,"max_hp_loss":0,"event_name":"Golden Idol","floor":12,"gold_loss":0}],"is_beta":false,"boss_relics":[],"items_purged_floors":[4],"is_endless":false,"potions_floor_spawned":[1,5,14],"killed_by":"Hexaghost","ascension_level":20}}