{"host":"j4g6ia6asvpyu2b0","time":1612393456,"event":{"mods":["BaseMod","Colored Map","Minty Spire (QoL Compilation)","Permanent Neow","Quick Restart","Relic Stats","StSLib","Unceasing Turn Reminder"],"gold_per_floor":[19,19,94,115,128,128,171,171,198,198,213,213,64,95,95,95,95],"floor_reached":16,"language":"ENG","playtime":323,"items_purged":[],"score":146,"play_id":"212915e5-eaa2-43b2-8c55-f784660b4bb8","local_time":"20210203160416","is_ascension_mode":true,"campfire_choices":[{"data":"Apotheosis","floor":6.0,"key":"SMITH"},{"floor":10.0,"key":"REST"},{"floor":15.0,"key":"RECALL"}],"circlet_count":0,"master_deck":["Strike_B","Strike_B","Strike_B","Strike_B","Defend_B","Defend_B","Defend_B","Defend_B","Zap","Dualcast","Apotheosis+1","Conserve Battery","Capacitor","Chaos","Capacitor","Chaos"],"relics":["Cracked Core","Golden Idol","Regal Pillow","Toy Ornithopter","OrangePellets","Orichalcum"],"acts_visited":["Exordium"],"potions_floor_usage":[],"damage_taken":[{"damage":2.0,"enemies":"Jaw Worm","floor":1.0,"turns":4.0},{"damage":7.0,"enemies":"Small Slimes","floor":4.0,"turns":3.0},{"damage":0.0,"enemies":"2 Louse","floor":5.0,"turns":3.0},{"damage":28.0,"enemies":"3 Sentries","floor":7.0,"turns":9.0},{"damage":18.0,"enemies":"2 Fungi Beasts","floor":11.0,"turns":5.0},{"damage":0.0,"enemies":"Lagavulin","floor":14.0,"turns":6.0},{"damage":0,"enemies":"Hexaghost","floor":16,"turns":1}],"seed_played":"328617024429374353","potions_obtained":[{"floor":1.0,"key":"LiquidMemories"},{"floor":5.0,"key":"PotionOfCapacity"},{"floor":11.0,"key":"BlessingOfTheForge"},{"floor":14.0,"key":"Weak Potion"}],"is_trial":false,"path_per_floor":["M","?","?","M","M","R","E","?","T","R","M","T","$","E","R","B"],"character_chosen":"DEFECT","items_purchased":["OrangePellets"],"campfire_rested":1,"item_purchase_floors":[13],"current_hp_per_floor":[73,55,44,37,37,37,9,9,9,46,28,28,28,33,33,33,33],"gold":95,"neow_bonus":"RANDOM_COLORLESS_2","is_daily":false,"chose_seed":false,"campfire_upgraded":1,"win_rate":0.0,"timestamp":1612393456,"path_taken":["M","?","?","M","M","R","E","?","T","R","M","?","$","E","R","BOSS"],"items_purchased_type":["Relic"],"build_version":"2020-12-22","purchased_purges":0,"victory":false,"max_hp_per_floor":[75,75,75,75,75,75,75,75,75,75,75,75,75,75,75,75,75],"relic_stats":{"OrangePellets":[0],"Regal Pillow":15,"counters":[7,31],"Golden Idol":25,"Orichalcum":[0],"obtain_stats":[{"OrangePellets":13,"Regal Pillow":7,"Golden Idol":2,"Orichalcum":14,"Cracked Core":0,"Toy Ornithopter":12},{"OrangePellets":5,"Regal Pillow":4,"Golden Idol":1,"Orichalcum":6,"Cracked Core":0,"Toy Ornithopter":5},{"OrangePellets":24,"Regal Pillow":19,"Golden Idol":4,"Orichalcum":30,"Cracked Core":0,"Toy Ornithopter":24}],"Toy Ornithopter":5},"card_choices":[{"not_picked":["Transmutation","Secret Technique"],"picked":"Apotheosis","floor":0.0},{"not_picked":["Gash","Beam Cell","Blizzard"],"picked":"SKIP","floor":1.0},{"not_picked":["Undo","Recycle"],"picked":"Conserve Battery","floor":4.0},{"not_picked":["Scrape","Streamline"],"picked":"Capacitor","floor":5.0},{"not_picked":["Steam Power","Rip and Tear"],"picked":"Chaos","floor":7.0},{"not_picked":["Hello World","Heatsinks"],"picked":"Capacitor","floor":11.0},{"not_picked":["Gash","Blizzard"],"picked":"Chaos","floor":14.0}],"player_experience":1128327,"relics_obtained":[{"floor":7.0,"key":"Regal Pillow"},{"floor":12.0,"key":"Toy Ornithopter"},{"floor":14.0,"key":"Orichalcum"}],"event_choices":[{"damage_healed":0.0,"max_hp_gain":0.0,"max_hp_loss":0.0,"gold_gain":0.0,"event_name":"Golden Idol","player_choice":"Take Damage","floor":2.0,"gold_loss":0.0,"damage_taken":18.0,"relics_obtained":["Golden Idol"]},{"damage_healed":0.0,"max_hp_gain":0.0,"max_hp_loss":0.0,"gold_gain":75.0,"event_name":"World of Goop","player_choice":"Gather Gold","floor":3.0,"gold_loss":0.0,"damage_taken":11.0},{"damage_healed":0.0,"max_hp_gain":0.0,"max_hp_loss":0.0,"gold_gain":0.0,"event_name":"Shining Light","player_choice":"Ignored","floor":8.0,"gold_loss":0.0,"damage_taken":0.0}],"is_beta":false,"boss_relics":[],"items_purged_floors":[],"is_endless":false,"potions_floor_spawned":[1,5,11,14],"killed_by":"Hexaghost","ascension_level":2}}