{"host":"rf8f5793azs0jd9i","time":1612338403,"event":{"mods":["AchievementEnabler","Aspiration","BaseMod","Colored Powertips","Hubris","Infinite Spire","Minty Spire (QoL Compilation)","Replay The Spire","StSLib"],"gold_per_floor":[118,128,128,4460,4410,4443,4463,4490,4513,4513,4513,4513],"floor_reached":11,"language":"ENG","playtime":319,"items_purged":["Strike_R"],"score":117,"play_id":"8efd3a68-3060-4a2f-8e42-0f1a94b0fc90","local_time":"20210203014643","is_ascension_mode":true,"campfire_choices":[{"data":"infinitespire:OneForAll","floor":10,"key":"SMITH"}],"circlet_count":0,"master_deck":["Strike_R","Strike_R+1","Strike_R","Defend_R","Defend_R","Defend_R","Defend_R","Bash+1","infinitespire:OneForAll+1","ReplayUltimateDefense"],"relics":["Burning Blood","NeowsBlessing","Membership Card","Pondfish Scales","aspiration:HiddenCompartment","Chameleon Ring","infinitespire:Golems Mask","Potion Belt"],"acts_visited":["Exordium"],"potions_floor_usage":[7,8,11,11],"damage_taken":[{"damage":0,"enemies":"2 Louse","floor":1,"turns":1},{"damage":0,"enemies":"Jaw Worm","floor":2,"turns":1},{"damage":0,"enemies":"Lagavulin","floor":6,"turns":1},{"damage":0,"enemies":"Cultist","floor":7,"turns":2},{"damage":71,"enemies":"3 Sentries","floor":8,"turns":10},{"damage":18,"enemies":"Lagavulin","floor":11,"turns":2}],"seed_played":"8117205534265145271","potions_obtained":[{"floor":8,"key":"AttackPotion"}],"is_trial":false,"path_per_floor":["M","M","?","$","?","E","M","E","T","R","E"],"character_chosen":"IRONCLAD","items_purchased":["Membership Card","Pondfish Scales","ReplayUltimateDefense","Strength Potion","Fire Potion","SteroidPotion","aspiration:HiddenCompartment"],"campfire_rested":0,"item_purchase_floors":[4,4,4,4,4,4,4],"current_hp_per_floor":[80,80,64,64,64,70,76,11,11,11,0,0],"gold":4513,"neow_bonus":"THREE_ENEMY_KILL","is_daily":false,"chose_seed":false,"campfire_upgraded":1,"win_rate":0.0,"timestamp":1612338403,"path_taken":["M","M","?","$","?","E","M","E","T","R","E"],"items_purchased_type":["Relic","Relic","Card","Potion","Potion","Potion","Relic"],"build_version":"2020-12-22","purchased_purges":1,"victory":false,"max_hp_per_floor":[80,80,80,80,80,80,80,80,80,80,80,80],"card_choices":[{"not_picked":["Warcry","True Grit","ReplayReversal"],"picked":"SKIP","floor":1},{"not_picked":["Twin Strike","Carnage"],"picked":"infinitespire:OneForAll","floor":2},{"not_picked":["Clash","Heavy Blade","infinitespire:OneForAll"],"picked":"SKIP","floor":6},{"not_picked":["ReplayTheSpireMod:Corrosion Curse","Carnage","Replay:Undeath\u0027s Touch"],"picked":"SKIP","floor":7},{"not_picked":["Body Slam","Sword Boomerang","Thunderclap"],"picked":"SKIP","floor":8}],"player_experience":10422,"relics_obtained":[{"floor":6,"key":"Chameleon Ring"},{"floor":8,"key":"infinitespire:Golems Mask"},{"floor":9,"key":"Potion Belt"}],"event_choices":[{"damage_healed":0,"gold_gain":0,"player_choice":"Entered Light","damage_taken":16,"max_hp_gain":0,"max_hp_loss":0,"event_name":"Shining Light","floor":3,"gold_loss":0,"cards_upgraded":["Strike_R","Bash"]},{"cards_removed":["Strike_R"],"damage_healed":0,"gold_gain":0,"player_choice":"Card Removal","damage_taken":0,"max_hp_gain":0,"max_hp_loss":0,"event_name":"The Cleric","floor":5,"gold_loss":50}],"is_beta":false,"boss_relics":[],"items_purged_floors":[4],"is_endless":false,"potions_floor_spawned":[7,8],"killed_by":"Lagavulin","ascension_level":2}}