{"host":"pyelotildgrd5mks","time":1612361669,"event":{"mods":["BaseMod","Downfall","Minty Spire (QoL Compilation)","Quick Restart","StSLib"],"gold_per_floor":[99,110,127,127,145,171,171,198,98,118,18,3,0,150,166,262,262,262,273,273,287,197,197,197,197],"floor_reached":23,"language":"ZHS","playtime":1011,"items_purged":["hexamod:Strike"],"score":259,"play_id":"e4144475-3043-4381-83af-833355ffe854","local_time":"20210203221429","is_ascension_mode":true,"campfire_choices":[{"data":"hexamod:Float","floor":1.0,"key":"SMITH"},{"data":"hexamod:EmpoweredFlame","floor":9.0,"key":"SMITH"},{"data":"hexamod:GiftsFromTheDead","floor":11.0,"key":"SMITH"},{"data":"hexamod:SearingWound","floor":18.0,"key":"SMITH"}],"circlet_count":0,"master_deck":["hexamod:Strike","hexamod:Strike","hexamod:Defend","hexamod:Defend","hexamod:Defend","hexamod:Sear","hexamod:Float+1","Finesse","hexamod:NightmareGuise","hexamod:EmpoweredFlame+1","hexamod:GiftsFromTheDead+1","hexamod:ApocalypticArmor","hexamod:Hexaguard","hexamod:SearingWound+1","hexamod:GiftsFromTheDead+1","hexamod:SpectersWail"],"relics":["hexamod:SpiritBrand","StrikeDummy","Blue Candle","downfall:HeartBlessingGreen","downfall:HeartBlessingBlue","Empty Cage"],"acts_visited":["Exordium","TheCity"],"potions_floor_usage":[],"damage_taken":[{"damage":0.0,"enemies":"Cultist","floor":2.0,"turns":3.0},{"damage":0.0,"enemies":"2 Louse","floor":3.0,"turns":3.0},{"damage":0.0,"enemies":"Small Slimes","floor":5.0,"turns":3.0},{"damage":26.0,"enemies":"3 Sentries","floor":6.0,"turns":11.0},{"damage":22.0,"enemies":"Gremlin Nob","floor":8.0,"turns":4.0},{"damage":0.0,"enemies":"Exordium Thugs","floor":10.0,"turns":4.0},{"damage":0.0,"enemies":"downfall:FleeingMerchant","floor":12.0,"turns":4.0},{"damage":0.0,"enemies":"downfall:FleeingMerchant","floor":13.0,"turns":4.0},{"damage":11.0,"enemies":"Gremlin Gang","floor":15.0,"turns":4.0},{"damage":9.0,"enemies":"WA_ARCHETYPE_RETAIN","floor":16.0,"turns":7.0},{"damage":13.0,"enemies":"Spheric Guardian","floor":19.0,"turns":7.0},{"damage":10.0,"enemies":"3 Byrds","floor":21.0,"turns":5.0},{"damage":6.0,"enemies":"downfall:FleeingMerchant","floor":22.0,"turns":4.0},{"damage":0,"enemies":"Gremlin Leader","floor":23,"turns":1}],"seed_played":"-3757935141133095428","potions_obtained":[{"floor":2.0,"key":"Dexterity Potion"},{"floor":8.0,"key":"SmokeBomb"},{"floor":15.0,"key":"champ:CounterPotion"},{"floor":16.0,"key":"Energy Potion"}],"is_trial":false,"path_per_floor":["R","M","M","?","M","E","T","E","R","M","R","$","$","?","M","B",null,"R","M","?","M","$","E"],"character_chosen":"THE_SPIRIT","items_purchased":[],"campfire_rested":0,"item_purchase_floors":[],"current_hp_per_floor":[63,63,63,63,63,37,37,15,15,15,25,25,25,25,14,5,61,61,48,48,38,32,32,32,32],"gold":197,"neow_bonus":"RANDOM_COLORLESS","is_daily":false,"chose_seed":false,"campfire_upgraded":4,"win_rate":0.0,"timestamp":1612361669,"path_taken":["R","M","M","?","?","E","T","E","R","?","R","?","$","?","M","BOSS","R","M","?","M","$","E"],"items_purchased_type":[],"build_version":"2020-12-22","purchased_purges":1,"victory":false,"max_hp_per_floor":[70,70,70,70,70,70,70,70,70,70,80,80,80,80,80,80,80,80,80,80,80,80,80,80,80],"card_choices":[{"not_picked":["Dark Shackles","Madness"],"picked":"Finesse","floor":0.0},{"not_picked":["hexamod:BacktrackSmack","hexamod:SpectersWail","hexamod:ChargedBarrage"],"picked":"SKIP","floor":2.0},{"not_picked":["hexamod:InspiringFlames","hexamod:SuperheatedStrike"],"picked":"hexamod:NightmareGuise","floor":3.0},{"not_picked":["hexamod:FlamesFromBeyond","hexamod:RainOfEmbers"],"picked":"hexamod:EmpoweredFlame","floor":5.0},{"not_picked":["hexamod:ShieldOfDarkness","hexamod:HauntingEcho"],"picked":"hexamod:GiftsFromTheDead","floor":6.0},{"not_picked":["hexamod:FlamesFromBeyond","hexamod:GhostLash","hexamod:ShieldOfDarkness"],"picked":"SKIP","floor":8.0},{"not_picked":["hexamod:SecondSeal","hexamod:DynamicBlow","hexamod:GhostflameBarrier"],"picked":"SKIP","floor":10.0},{"not_picked":["hexamod:FastForward","hexamod:HeatMetal"],"picked":"hexamod:ApocalypticArmor","floor":12.0},{"not_picked":["hexamod:SkipABeat","hexamod:RainOfEmbers","hexamod:FastForward"],"picked":"SKIP","floor":13.0},{"not_picked":["hexamod:HeatMetal","hexamod:SecondSeal"],"picked":"hexamod:Hexaguard","floor":15.0},{"not_picked":["hexamod:TurnItUp","hexamod:UnleashSpirits"],"picked":"hexamod:SearingWound","floor":16.0},{"not_picked":["hexamod:RetreatToShadows","hexamod:ThermalTransfer","hexamod:HeatShield"],"picked":"SKIP","floor":19.0},{"not_picked":["hexamod:NightmareStrike","hexamod:InspiringFlames"],"picked":"hexamod:SpectersWail","floor":21.0},{"not_picked":["hexamod:SpectersWail+1","hexamod:SecondSeal","hexamod:HeatMetal"],"picked":"SKIP","floor":22.0}],"player_experience":700461,"relics_obtained":[{"floor":6.0,"key":"StrikeDummy"},{"floor":8.0,"key":"Blue Candle"}],"event_choices":[{"cards_removed":["hexamod:Defend"],"damage_healed":0.0,"max_hp_gain":0.0,"max_hp_loss":0.0,"gold_gain":0.0,"event_name":"Bonfire Elementals","player_choice":"Offered Basic","floor":4.0,"gold_loss":0.0,"damage_taken":0.0}],"is_beta":false,"boss_relics":[{"not_picked":["Black Star","Fusion Hammer"],"picked":"Empty Cage"}],"items_purged_floors":[22],"is_endless":false,"potions_floor_spawned":[2,8,15,16,19],"killed_by":"Gremlin Leader","ascension_level":6}}