{"host":"vyjryxuuuxkt43k4","time":1612369033,"event":{"mods":["AchievementEnabler","BaseMod","Colored Map","DeckTracker","Keyboard Shortcuts","Minty Spire (QoL Compilation)","Permanent Neow","Quick Restart","Rare Cards Sparkle","Relic Stats","StSLib","SuperFastMode","everything is the same but u backflip on backflip"],"gold_per_floor":[118,118,131,131,156,190,208,239,239,263,307,307,351,316,316,409,409,425,443,443,493,443,476,82,82,109,127,143,159,1,15,15,110,110,124,143,143,143,157,200,200,236,236,279,279,298,298,338,338,338,338],"floor_reached":50,"language":"KOR","playtime":1708,"items_purged":[],"score":1362,"play_id":"a23931a7-da75-45c4-bf7f-9be62e7ce492","local_time":"20210204011713","is_ascension_mode":true,"campfire_choices":[{"floor":12.0,"key":"REST"},{"data":"Perfected Strike","floor":15.0,"key":"SMITH"},{"data":"Apotheosis","floor":25.0,"key":"SMITH"},{"floor":32.0,"key":"REST"},{"floor":41.0,"key":"REST"},{"floor":45,"key":"REST"},{"floor":47,"key":"RECALL"},{"floor":49,"key":"REST"}],"circlet_count":0,"master_deck":["AscendersBane","Strike_R","Strike_R","Strike_R","Strike_R","Strike_R+1","Defend_R+1","Defend_R+1","Defend_R","Defend_R+1","Bash","Perfected Strike+1","Battle Trance","Wild Strike","Twin Strike","Ghostly Armor","Perfected Strike+1","Headbutt","Immolate","Body Slam+1","Disarm","Perfected Strike","Dark Embrace","Apotheosis+1","Pommel Strike","Dual Wield","Flex+1","Feel No Pain","Berserk","Perfected Strike","Warcry+1","Corruption","Pommel Strike+1","Shrug It Off+1","Evolve+1"],"relics":["Burning Blood","NeowsBlessing","Golden Idol","War Paint","Regal Pillow","Bottled Lightning","Letter Opener","Toy Ornithopter","Mummified Hand","Centennial Puzzle","Sozu","Pocketwatch","MealTicket","Happy Flower","ClockworkSouvenir","Fusion Hammer","Blood Vial","Orichalcum","Vajra","Ancient Tea Set","Oddly Smooth Stone"],"acts_visited":["Exordium","TheCity","TheBeyond"],"potions_floor_usage":[],"damage_taken":[{"damage":0.0,"enemies":"2 Louse","floor":1.0,"turns":1.0},{"damage":0.0,"enemies":"Cultist","floor":3.0,"turns":1.0},{"damage":0.0,"enemies":"3 Sentries","floor":6.0,"turns":1.0},{"damage":6.0,"enemies":"Small Slimes","floor":7.0,"turns":2.0},{"damage":35.0,"enemies":"Lagavulin","floor":8.0,"turns":5.0},{"damage":25.0,"enemies":"3 Sentries","floor":11.0,"turns":7.0},{"damage":10.0,"enemies":"Lagavulin","floor":13.0,"turns":3.0},{"damage":64.0,"enemies":"Hexaghost","floor":16.0,"turns":9.0},{"damage":23.0,"enemies":"2 Thieves","floor":18.0,"turns":3.0},{"damage":16.0,"enemies":"3 Byrds","floor":19.0,"turns":4.0},{"damage":18.0,"enemies":"Book of Stabbing","floor":23.0,"turns":4.0},{"damage":23.0,"enemies":"Centurion and Healer","floor":27.0,"turns":3.0},{"damage":20.0,"enemies":"Shelled Parasite and Fungi","floor":28.0,"turns":4.0},{"damage":7.0,"enemies":"Snecko","floor":29.0,"turns":3.0},{"damage":0.0,"enemies":"Snake Plant","floor":31.0,"turns":2.0},{"damage":71.0,"enemies":"Champ","floor":33.0,"turns":7.0},{"damage":14.0,"enemies":"3 Darklings","floor":35.0,"turns":3.0},{"damage":0.0,"enemies":"Orb Walker","floor":36.0,"turns":2.0},{"damage":12.0,"enemies":"4 Shapes","floor":39.0,"turns":2.0},{"damage":45.0,"enemies":"Reptomancer","floor":40.0,"turns":5.0},{"damage":51.0,"enemies":"Giant Head","floor":42.0,"turns":6.0},{"damage":6,"enemies":"Reptomancer","floor":44,"turns":5},{"damage":0,"enemies":"Spire Growth","floor":46,"turns":2},{"damage":7,"enemies":"Giant Head","floor":48,"turns":3},{"damage":77,"enemies":"Awakened One","floor":50,"turns":9}],"seed_played":"-2403438465995362051","potions_obtained":[{"floor":6.0,"key":"FearPotion"},{"floor":7.0,"key":"FearPotion"},{"floor":8.0,"key":"Fruit Juice"},{"floor":11.0,"key":"PowerPotion"},{"floor":16.0,"key":"BloodPotion"}],"is_trial":false,"path_per_floor":["M","?","M","?","T","E","M","E","T","T","E","R","E","?","R","B",null,"M","M","?","?","?","E","$","R","T","M","M","M","$","M","R","B",null,"M","M","?","?","M","E","R","E","T","E","R","M","R","E","R","B"],"character_chosen":"IRONCLAD","items_purchased":["Apotheosis","MealTicket","Pommel Strike","ClockworkSouvenir"],"campfire_rested":5,"item_purchase_floors":[24,24,24,30],"current_hp_per_floor":[74,74,75,49,49,55,55,31,31,31,17,56,57,77,77,19,65,48,59,59,59,59,47,47,47,47,30,16,15,30,36,75,10,63,55,61,61,61,57,20,57,14,14,16,53,61,61,62,76,0,0],"gold":338,"neow_bonus":"THREE_ENEMY_KILL","is_daily":false,"chose_seed":false,"campfire_upgraded":2,"win_rate":0.0,"timestamp":1612369033,"path_taken":["M","?","?","?","?","E","M","E","T","?","E","R","E","?","R","BOSS","M","M","?","?","?","E","$","R","T","M","M","?","?","M","R","BOSS","M","M","?","?","M","E","R","E","T","E","R","?","R","E","R","BOSS"],"items_purchased_type":["Card","Relic","Card","Relic"],"build_version":"2020-12-22","purchased_purges":0,"victory":false,"max_hp_per_floor":[75,75,75,75,75,75,75,80,80,80,80,80,80,80,80,80,80,80,80,80,80,80,80,80,80,80,80,80,80,80,80,80,80,80,80,80,76,76,76,76,76,76,76,76,76,76,76,76,76,76,76],"relic_stats":{"Regal Pillow":60,"Happy Flower":[18],"counters":[25,96],"Golden Idol":147,"Letter Opener":[167],"War Paint":["Defend_R","Defend_R"],"Orichalcum":[60],"Burning Blood":139,"Sozu":7,"Blood Vial":12,"Centennial Puzzle":[45],"Mummified Hand":[23],"MealTicket":15,"obtain_stats":[{"Regal Pillow":6,"NeowsBlessing":0,"Happy Flower":26,"Golden Idol":4,"Vajra":42,"Oddly Smooth Stone":48,"Letter Opener":9,"War Paint":5,"Orichalcum":40,"Ancient Tea Set":44,"Burning Blood":0,"ClockworkSouvenir":30,"Sozu":17,"Blood Vial":38,"Centennial Puzzle":13,"Mummified Hand":11,"MealTicket":24,"Fusion Hammer":34,"Bottled Lightning":8,"Toy Ornithopter":10,"Pocketwatch":23},{"Regal Pillow":3,"NeowsBlessing":0,"Happy Flower":11,"Golden Idol":2,"Vajra":21,"Oddly Smooth Stone":24,"Letter Opener":5,"War Paint":2,"Orichalcum":20,"Ancient Tea Set":22,"Burning Blood":0,"ClockworkSouvenir":14,"Sozu":8,"Blood Vial":18,"Centennial Puzzle":7,"Mummified Hand":6,"MealTicket":11,"Fusion Hammer":16,"Bottled Lightning":5,"Toy Ornithopter":5,"Pocketwatch":11},{"Regal Pillow":3,"NeowsBlessing":0,"Happy Flower":40,"Golden Idol":2,"Vajra":77,"Oddly Smooth Stone":87,"Letter Opener":10,"War Paint":2,"Orichalcum":71,"Ancient Tea Set":82,"Burning Blood":0,"ClockworkSouvenir":50,"Sozu":29,"Blood Vial":64,"Centennial Puzzle":20,"Mummified Hand":17,"MealTicket":40,"Fusion Hammer":59,"Bottled Lightning":10,"Toy Ornithopter":10,"Pocketwatch":40}],"Toy Ornithopter":15,"Pocketwatch":[31]},"card_choices":[{"not_picked":["Heavy Blade","Thunderclap"],"picked":"Perfected Strike","floor":1.0},{"not_picked":["Flex","Power Through"],"picked":"Battle Trance","floor":3.0},{"not_picked":["Clash","Sever Soul"],"picked":"Wild Strike","floor":6.0},{"not_picked":["Carnage","Warcry"],"picked":"Twin Strike","floor":7.0},{"not_picked":["Entrench","Hemokinesis"],"picked":"Ghostly Armor","floor":8.0},{"not_picked":["Pummel","Iron Wave"],"picked":"Perfected Strike","floor":11.0},{"not_picked":["Clothesline","Metallicize"],"picked":"Headbutt","floor":13.0},{"not_picked":["Corruption","Bludgeon"],"picked":"Immolate","floor":16.0},{"not_picked":["Armaments","Battle Trance"],"picked":"Body Slam+1","floor":18.0},{"not_picked":["Anger","Rage"],"picked":"Disarm","floor":19.0},{"not_picked":["Intimidate","Whirlwind"],"picked":"Dark Embrace","floor":23.0},{"not_picked":["Headbutt+1","True Grit"],"picked":"Dual Wield","floor":27.0},{"not_picked":["Heavy Blade","Anger"],"picked":"Flex+1","floor":28.0},{"not_picked":["Rampage","Havoc"],"picked":"Feel No Pain","floor":29.0},{"not_picked":["Sever Soul","Sentinel","Armaments"],"picked":"SKIP","floor":31.0},{"not_picked":["Exhume","Demon Form"],"picked":"Berserk","floor":33.0},{"not_picked":["Anger+1","Cleave"],"picked":"Perfected Strike","floor":35.0},{"not_picked":["Anger+1","Dual Wield"],"picked":"Warcry+1","floor":36.0},{"not_picked":["Clash+1","Metallicize+1","Clothesline"],"picked":"SKIP","floor":39.0},{"not_picked":["Sever Soul","Headbutt+1","Uppercut+1"],"picked":"SKIP","floor":40.0},{"not_picked":["Headbutt","Body Slam+1"],"picked":"Corruption","floor":42.0},{"not_picked":["Corruption","Flex"],"picked":"Pommel Strike+1","floor":44},{"not_picked":["Perfected Strike","Pummel"],"picked":"Shrug It Off+1","floor":46},{"not_picked":["Entrench","Clash"],"picked":"Evolve+1","floor":48}],"player_experience":677369,"relics_obtained":[{"floor":5.0,"key":"War Paint"},{"floor":6.0,"key":"Regal Pillow"},{"floor":8.0,"key":"Bottled Lightning"},{"floor":9.0,"key":"Letter Opener"},{"floor":10.0,"key":"Toy Ornithopter"},{"floor":11.0,"key":"Mummified Hand"},{"floor":13.0,"key":"Centennial Puzzle"},{"floor":23.0,"key":"Pocketwatch"},{"floor":26.0,"key":"Happy Flower"},{"floor":38.0,"key":"Blood Vial"},{"floor":40.0,"key":"Orichalcum"},{"floor":42.0,"key":"Vajra"},{"floor":44,"key":"Ancient Tea Set"},{"floor":48,"key":"Oddly Smooth Stone"}],"event_choices":[{"damage_healed":0.0,"max_hp_gain":0.0,"max_hp_loss":0.0,"gold_gain":0.0,"event_name":"Upgrade Shrine","player_choice":"Upgraded","floor":2.0,"gold_loss":0.0,"damage_taken":0.0,"cards_upgraded":["Perfected Strike"]},{"damage_healed":0.0,"max_hp_gain":0.0,"max_hp_loss":0.0,"gold_gain":0.0,"event_name":"Golden Idol","player_choice":"Take Damage","floor":4.0,"gold_loss":0.0,"damage_taken":26.0,"relics_obtained":["Golden Idol"]},{"damage_healed":20.0,"max_hp_gain":0.0,"max_hp_loss":0.0,"gold_gain":0.0,"event_name":"The Cleric","player_choice":"Healed","floor":14.0,"gold_loss":35.0,"damage_taken":0.0},{"damage_healed":0.0,"max_hp_gain":0.0,"max_hp_loss":0.0,"gold_gain":0.0,"event_name":"The Library","player_choice":"Read","floor":20.0,"gold_loss":0.0,"damage_taken":0.0,"cards_obtained":["Perfected Strike"]},{"damage_healed":0.0,"max_hp_gain":0.0,"max_hp_loss":0.0,"gold_gain":50.0,"event_name":"Nest","player_choice":"Stole From Cult","floor":21.0,"gold_loss":0.0,"damage_taken":0.0},{"damage_healed":0.0,"max_hp_gain":0.0,"max_hp_loss":0.0,"gold_gain":0.0,"event_name":"Designer","player_choice":"Upgraded Two","floor":22.0,"gold_loss":50.0,"damage_taken":0.0,"cards_upgraded":["Defend_R","Strike_R"]},{"damage_healed":0.0,"max_hp_gain":0.0,"max_hp_loss":4.0,"gold_gain":0.0,"event_name":"Winding Halls","player_choice":"Max HP","floor":37.0,"gold_loss":0.0,"damage_taken":0.0},{"damage_healed":0.0,"max_hp_gain":0.0,"max_hp_loss":0.0,"gold_gain":0.0,"event_name":"Wheel of Change","player_choice":"Relic","floor":38.0,"gold_loss":0.0,"damage_taken":0.0}],"is_beta":false,"boss_relics":[{"not_picked":["Mark of Pain","Empty Cage"],"picked":"Sozu"},{"not_picked":["Busted Crown","SlaversCollar"],"picked":"Fusion Hammer"}],"items_purged_floors":[],"is_endless":false,"potions_floor_spawned":[6,7,8,11,16,18,19,29,36,39,40,44],"killed_by":"Awakened One","ascension_level":20}}