{"host":"1focbxb2e8qu7ccd","time":1612320199,"event":{"mods":["BaseMod","Highlight Path","Minty Spire (QoL Compilation)","Relic Stats"],"gold_per_floor":[115,115,129,54,54,54,93,93,117,133,32,67,83,9,9,99,99,120,120,141,213,232,232,232],"floor_reached":23,"language":"ENG","playtime":977,"items_purged":["Strike_G"],"score":521,"play_id":"c89de3ce-bf0f-4e93-9d0b-39aaab481398","local_time":"20210202214319","is_ascension_mode":true,"campfire_choices":[{"data":"Poisoned Stab","floor":6.0,"key":"SMITH"},{"data":"Neutralize","floor":8.0,"key":"SMITH"},{"floor":15.0,"key":"REST"}],"circlet_count":0,"master_deck":["AscendersBane","Defend_G","Defend_G","Defend_G","Defend_G","Survivor","Neutralize+1","Well Laid Plans","Poisoned Stab+1","Acrobatics","Blade Dance","Blade Dance","Blade Dance","Accuracy","A Thousand Cuts","Expertise+1","Slice+1","Poisoned Stab+1","Cloak And Dagger","Flying Knee"],"relics":["Ring of the Snake","NeowsBlessing","Golden Idol","Gremlin Horn","Potion Belt","Kunai","Astrolabe","Bottled Tornado"],"acts_visited":["Exordium","TheCity"],"potions_floor_usage":[],"damage_taken":[{"damage":0.0,"enemies":"Small Slimes","floor":1.0,"turns":1.0},{"damage":0.0,"enemies":"Jaw Worm","floor":3.0,"turns":1.0},{"damage":0.0,"enemies":"3 Sentries","floor":7.0,"turns":1.0},{"damage":0.0,"enemies":"2 Louse","floor":10.0,"turns":4.0},{"damage":19.0,"enemies":"Gremlin Nob","floor":12.0,"turns":4.0},{"damage":0.0,"enemies":"Blue Slaver","floor":13.0,"turns":3.0},{"damage":0.0,"enemies":"Slime Boss","floor":16.0,"turns":6.0},{"damage":16.0,"enemies":"Shell Parasite","floor":18.0,"turns":5.0},{"damage":7.0,"enemies":"2 Thieves","floor":20.0,"turns":4.0},{"damage":5,"enemies":"Centurion and Healer","floor":22,"turns":5},{"damage":33,"enemies":"Slavers","floor":23,"turns":2}],"seed_played":"5558432367696532888","potions_obtained":[{"floor":1.0,"key":"Explosive Potion"},{"floor":7.0,"key":"Block Potion"},{"floor":12.0,"key":"SpeedPotion"},{"floor":13.0,"key":"SmokeBomb"},{"floor":18.0,"key":"GamblersBrew"}],"is_trial":false,"path_per_floor":["M","?","M","?","?","R","E","R","T","M","$","E","M","$","R","B",null,"M","?","M","T","M","E"],"character_chosen":"THE_SILENT","items_purchased":["Blade Dance","Accuracy"],"campfire_rested":1,"item_purchase_floors":[11,14],"current_hp_per_floor":[59,52,52,52,29,29,29,29,29,29,29,10,10,10,29,29,57,41,41,34,34,29,0,0],"gold":232,"neow_bonus":"THREE_ENEMY_KILL","is_daily":false,"chose_seed":false,"campfire_upgraded":2,"win_rate":0.0,"timestamp":1612320199,"path_taken":["M","?","M","?","?","R","E","R","T","M","$","E","M","?","R","BOSS","M","?","M","?","?","E"],"items_purchased_type":["Card","Card"],"build_version":"2020-12-22","purchased_purges":1,"victory":false,"max_hp_per_floor":[66,66,66,66,66,66,66,66,66,66,66,66,66,66,66,66,66,66,66,66,66,66,66,66],"relic_stats":{"Gremlin Horn":[7,7],"counters":[11,36],"Golden Idol":51,"Astrolabe":["Expertise","Slice","Poisoned Stab"],"Kunai":[28],"obtain_stats":[{"Potion Belt":9,"NeowsBlessing":0,"Gremlin Horn":7,"Golden Idol":5,"Astrolabe":17,"Kunai":12,"Bottled Tornado":21,"Ring of the Snake":0},{"Potion Belt":3,"NeowsBlessing":0,"Gremlin Horn":3,"Golden Idol":2,"Astrolabe":7,"Kunai":5,"Bottled Tornado":9,"Ring of the Snake":0},{"Potion Belt":3,"NeowsBlessing":0,"Gremlin Horn":3,"Golden Idol":2,"Astrolabe":20,"Kunai":11,"Bottled Tornado":29,"Ring of the Snake":0}],"Ring of the Snake":[22]},"card_choices":[{"not_picked":["Expertise","Tactician"],"picked":"Well Laid Plans","floor":1.0},{"not_picked":["Predator","Blade Dance"],"picked":"Poisoned Stab","floor":3.0},{"not_picked":["Heel Hook","Prepared"],"picked":"Acrobatics","floor":7.0},{"not_picked":["Sucker Punch","Calculated Gamble"],"picked":"Blade Dance","floor":10.0},{"not_picked":["Deflect","PiercingWail"],"picked":"Blade Dance","floor":12.0},{"not_picked":["Concentrate","Outmaneuver","Underhanded Strike"],"picked":"SKIP","floor":13.0},{"not_picked":["Phantasmal Killer","Bullet Time"],"picked":"A Thousand Cuts","floor":16.0},{"not_picked":["Dash","Slice"],"picked":"Cloak And Dagger","floor":18.0},{"not_picked":["Underhanded Strike","Choke","Heel Hook"],"picked":"SKIP","floor":20.0},{"not_picked":["Acrobatics","Quick Slash"],"picked":"Flying Knee","floor":22}],"player_experience":858035,"relics_obtained":[{"floor":7.0,"key":"Gremlin Horn"},{"floor":9.0,"key":"Potion Belt"},{"floor":12.0,"key":"Kunai"},{"floor":21,"key":"Bottled Tornado"}],"event_choices":[{"cards_removed":["Strike_G"],"damage_healed":0.0,"max_hp_gain":0.0,"max_hp_loss":0.0,"gold_gain":0.0,"event_name":"Golden Wing","player_choice":"Card Removal","floor":2.0,"gold_loss":0.0,"damage_taken":7.0},{"cards_removed":["Strike_G"],"damage_healed":0.0,"max_hp_gain":0.0,"max_hp_loss":0.0,"gold_gain":0.0,"event_name":"The Cleric","player_choice":"Card Removal","floor":4.0,"gold_loss":75.0,"damage_taken":0.0},{"damage_healed":0.0,"max_hp_gain":0.0,"max_hp_loss":0.0,"gold_gain":0.0,"event_name":"Golden Idol","player_choice":"Take Damage","floor":5.0,"gold_loss":0.0,"damage_taken":23.0,"relics_obtained":["Golden Idol"]},{"damage_healed":0.0,"max_hp_gain":0.0,"max_hp_loss":0.0,"gold_gain":0.0,"event_name":"Cursed Tome","player_choice":"Ignored","floor":19.0,"gold_loss":0.0,"damage_taken":0.0}],"is_beta":false,"boss_relics":[{"not_picked":["Pandora\u0027s Box","Snecko Eye"],"picked":"Astrolabe"}],"items_purged_floors":[11],"is_endless":false,"potions_floor_spawned":[1,7,12,13,18],"killed_by":"Slavers","ascension_level":18}}