{"host":"2yqfi47fogfu1ic4","time":1612328249,"event":{"mods":["AchievementEnabler","BaseMod","Colored Map","Colored Powertips","Highlight Path","Minty Spire (QoL Compilation)","Permanent Neow","Relic Stats","StSLib"],"gold_per_floor":[109,109,24,36,48,83,83,114,114,114,114],"floor_reached":10,"language":"DEU","playtime":616,"items_purged":[],"score":152,"play_id":"961e4bab-b4cd-405e-b218-b777c3fb8ef9","local_time":"20210203055729","is_ascension_mode":true,"campfire_choices":[{"data":"Choke","floor":7.0,"key":"SMITH"}],"circlet_count":0,"master_deck":["AscendersBane","Strike_G","Strike_G","Strike_G","Strike_G","Strike_G","Defend_G","Defend_G","Defend_G","Defend_G","Defend_G","Survivor","Neutralize","Dagger Spray","Flying Knee","Blur","Dagger Spray","Choke+1","Cloak And Dagger"],"relics":["Black Star","CultistMask","Ninja Scroll","Eternal Feather","Tiny Chest","Potion Belt","Toxic Egg 2"],"acts_visited":["Exordium"],"potions_floor_usage":[10],"damage_taken":[{"damage":4.0,"enemies":"Small Slimes","floor":1.0,"turns":5.0},{"damage":2.0,"enemies":"Cultist","floor":4.0,"turns":4.0},{"damage":5.0,"enemies":"Jaw Worm","floor":5.0,"turns":4.0},{"damage":17.0,"enemies":"3 Sentries","floor":6.0,"turns":8.0},{"damage":21.0,"enemies":"Lagavulin","floor":8.0,"turns":6.0},{"damage":26,"enemies":"Gremlin Nob","floor":10,"turns":3}],"seed_played":"954636871288677022","potions_obtained":[{"floor":1.0,"key":"Explosive Potion"},{"floor":8.0,"key":"PowerPotion"}],"is_trial":false,"path_per_floor":["M","?","$","M","M","E","R","E","T","E"],"character_chosen":"THE_SILENT","items_purchased":["Flying Knee","Strength Potion"],"campfire_rested":0,"item_purchase_floors":[3,3],"current_hp_per_floor":[55,55,55,53,48,31,40,19,19,0,0],"gold":114,"neow_bonus":"BOSS_RELIC","is_daily":false,"chose_seed":false,"campfire_upgraded":1,"win_rate":0.0,"timestamp":1612328249,"path_taken":["M","?","?","M","M","E","R","E","T","E"],"items_purchased_type":["Card","Potion"],"build_version":"2020-12-22","purchased_purges":0,"victory":false,"max_hp_per_floor":[66,66,66,66,66,66,66,66,66,66,66],"relic_stats":{"counters":[6,30],"Eternal Feather":9,"Tiny Chest":0,"Black Star":2,"obtain_stats":[{"Potion Belt":8,"Ninja Scroll":6,"Eternal Feather":6,"Tiny Chest":8,"CultistMask":2,"Black Star":0,"Toxic Egg 2":9,"Ring of the Snake":0},{"Potion Belt":5,"Ninja Scroll":4,"Eternal Feather":4,"Tiny Chest":5,"CultistMask":1,"Black Star":0,"Toxic Egg 2":5,"Ring of the Snake":0},{"Potion Belt":27,"Ninja Scroll":21,"Eternal Feather":21,"Tiny Chest":27,"CultistMask":5,"Black Star":0,"Toxic Egg 2":27,"Ring of the Snake":0}]},"card_choices":[{"not_picked":["Catalyst","Flying Knee"],"picked":"Dagger Spray","floor":1.0},{"not_picked":["Skewer","Setup"],"picked":"Blur","floor":4.0},{"not_picked":["Cloak And Dagger","Calculated Gamble"],"picked":"Dagger Spray","floor":5.0},{"not_picked":["Poisoned Stab","Crippling Poison"],"picked":"Choke","floor":6.0},{"not_picked":["Choke","Deflect"],"picked":"Cloak And Dagger","floor":8.0}],"player_experience":1611721,"relics_obtained":[{"floor":6.0,"key":"Ninja Scroll"},{"floor":6.0,"key":"Eternal Feather"},{"floor":8.0,"key":"Tiny Chest"},{"floor":8.0,"key":"Potion Belt"},{"floor":9.0,"key":"Toxic Egg 2"}],"event_choices":[{"damage_healed":0.0,"max_hp_gain":0.0,"max_hp_loss":0.0,"gold_gain":0.0,"event_name":"FaceTrader","player_choice":"Trade","floor":2.0,"gold_loss":0.0,"damage_taken":0.0,"relics_obtained":["CultistMask"]}],"is_beta":false,"boss_relics":[],"items_purged_floors":[],"is_endless":false,"potions_floor_spawned":[1,8],"killed_by":"Gremlin Nob","ascension_level":20}}