{"host":"imy0w7zcgpxryx7c","time":1612373017,"event":{"mods":["AchievementEnabler","BaseMod","Colored Map","Colored Powertips","Minty Spire (QoL Compilation)","Relic Sorter","StSLib"],"gold_per_floor":[115,115,134,84,84,84,84,115,160,172,203,203,236,253,253,354,354,367,282,292,292,317,358,370,398,410,122,122,136,86,114,114,216,216,234,82,98,114,114,114,141,141,141,88,106,132,145,181,181,181],"floor_reached":51,"language":"ENG","playtime":5361,"items_purged":[],"score":1324,"play_id":"606c8088-2a6b-45e8-9e0f-d228ca9f6947","local_time":"20210203122337","is_ascension_mode":true,"campfire_choices":[{"data":"Neutralize","floor":6.0,"key":"SMITH"},{"floor":15.0,"key":"REST"},{"data":"Terror","floor":24.0,"key":"SMITH"},{"data":"Backstab","floor":28.0,"key":"SMITH"},{"data":"Reflex","floor":32.0,"key":"SMITH"},{"data":"Swift Strike","floor":40.0,"key":"SMITH"},{"floor":42.0,"key":"REST"},{"data":"Adrenaline","floor":49,"key":"SMITH"}],"circlet_count":0,"master_deck":["AscendersBane","Strike_G+1","Strike_G+1","Strike_G","Survivor","Neutralize+1","Footwork","Backstab+1","Leg Sweep","Infinite Blades+1","Footwork+1","Acrobatics","Deflect","Terror+1","Envenom+1","Dagger Spray+1","Reflex+1","Caltrops+1","Adrenaline+1","Die Die Die","Backstab+1","Deflect+1","Blur+1","Deep Breath","Swift Strike+1","Slice+1","Underhanded Strike+1","Riddle With Holes+1","Slice"],"relics":["Ring of the Snake","Happy Flower","Pen Nib","Centennial Puzzle","Art of War","MutagenicStrength","Lantern","StrikeDummy","MawBank","Empty Cage","NeowsBlessing","Frozen Egg 2","Matryoshka","Bronze Scales","Potion Belt","Toy Ornithopter","Anchor","Whetstone","Runic Pyramid","DollysMirror","Ninja Scroll","Torii","Dream Catcher","CeramicFish"],"acts_visited":["Exordium","TheCity","TheBeyond"],"potions_floor_usage":[50,50,50,50,50],"damage_taken":[{"damage":0.0,"enemies":"Cultist","floor":1.0,"turns":1.0},{"damage":0.0,"enemies":"Small Slimes","floor":3.0,"turns":1.0},{"damage":0.0,"enemies":"Lagavulin","floor":8.0,"turns":1.0},{"damage":2.0,"enemies":"Jaw Worm","floor":10.0,"turns":3.0},{"damage":15.0,"enemies":"Gremlin Nob","floor":11.0,"turns":7.0},{"damage":27.0,"enemies":"3 Sentries","floor":13.0,"turns":6.0},{"damage":5.0,"enemies":"Blue Slaver","floor":14.0,"turns":3.0},{"damage":0.0,"enemies":"The Guardian","floor":16.0,"turns":11.0},{"damage":0.0,"enemies":"Chosen","floor":18.0,"turns":5.0},{"damage":9.0,"enemies":"Shell Parasite","floor":20.0,"turns":4.0},{"damage":5.0,"enemies":"Gremlin Leader","floor":23.0,"turns":4.0},{"damage":12.0,"enemies":"Shelled Parasite and Fungi","floor":25.0,"turns":4.0},{"damage":1.0,"enemies":"3 Cultists","floor":29.0,"turns":3.0},{"damage":13.0,"enemies":"Slavers","floor":31.0,"turns":4.0},{"damage":24.0,"enemies":"Automaton","floor":33.0,"turns":8.0},{"damage":1.0,"enemies":"3 Shapes","floor":35.0,"turns":4.0},{"damage":0.0,"enemies":"Orb Walker","floor":37.0,"turns":2.0},{"damage":17.0,"enemies":"Sphere and 2 Shapes","floor":38.0,"turns":5.0},{"damage":0.0,"enemies":"Giant Head","floor":41.0,"turns":7.0},{"damage":0.0,"enemies":"3 Darklings","floor":45.0,"turns":3.0},{"damage":0.0,"enemies":"Reptomancer","floor":46.0,"turns":4.0},{"damage":8,"enemies":"Spire Growth","floor":47,"turns":2},{"damage":8,"enemies":"Nemesis","floor":48,"turns":3},{"damage":39,"enemies":"Time Eater","floor":50,"turns":5}],"seed_played":"-508409576744590191","potions_obtained":[{"floor":3.0,"key":"Weak Potion"},{"floor":13.0,"key":"Fruit Juice"},{"floor":14.0,"key":"PowerPotion"},{"floor":16.0,"key":"GamblersBrew"},{"floor":20.0,"key":"PowerPotion"},{"floor":25.0,"key":"Fire Potion"},{"floor":31.0,"key":"BlessingOfTheForge"},{"floor":35.0,"key":"GamblersBrew"},{"floor":37.0,"key":"SkillPotion"},{"floor":41.0,"key":"Energy Potion"},{"floor":48,"key":"ColorlessPotion"}],"is_trial":false,"path_per_floor":["M","?","M","?","?","R","?","E","T","M","E","?","E","M","R","B",null,"M","?","M","?","T","E","R","M","T","$","R","M","?","E","R","B",null,"M","$","M","M","?","R","E","R","T","?","M","E","M","E","R","B",null],"character_chosen":"THE_SILENT","items_purchased":["Anchor","Art of War","DollysMirror"],"campfire_rested":2,"item_purchase_floors":[27,27,36],"current_hp_per_floor":[63,63,63,63,63,63,63,63,63,61,46,39,17,12,34,34,65,65,65,56,56,56,51,51,39,39,39,39,38,38,30,30,11,59,58,58,58,41,36,36,36,58,58,58,63,63,55,47,47,33],"gold":181,"neow_bonus":"THREE_ENEMY_KILL","is_daily":false,"chose_seed":false,"campfire_upgraded":6,"win_rate":0.0,"timestamp":1612373017,"path_taken":["M","?","?","?","?","R","?","E","T","?","E","?","E","M","R","BOSS","M","?","M","?","?","E","R","M","T","$","R","?","?","E","R","BOSS","M","$","?","M","?","R","E","R","T","?","?","E","M","E","R","BOSS"],"items_purchased_type":["Relic","Relic","Relic"],"build_version":"2020-12-22","purchased_purges":0,"victory":true,"max_hp_per_floor":[70,70,70,70,70,70,70,70,70,70,70,70,75,75,75,75,75,75,75,75,75,75,75,75,75,75,75,75,75,75,75,75,75,75,75,75,75,75,75,75,75,75,75,75,75,75,75,75,75,75],"card_choices":[{"not_picked":["Slice","Flechettes"],"picked":"Footwork","floor":1.0},{"not_picked":["Cloak And Dagger","Setup"],"picked":"Backstab","floor":3.0},{"not_picked":["Deadly Poison","Dodge and Roll"],"picked":"Infinite Blades+1","floor":8.0},{"not_picked":["Leg Sweep","Outmaneuver"],"picked":"Footwork+1","floor":10.0},{"not_picked":["Infinite Blades+1","Concentrate"],"picked":"Acrobatics","floor":11.0},{"not_picked":["Quick Slash","Dagger Throw"],"picked":"Deflect","floor":13.0},{"not_picked":["Storm of Steel","Acrobatics"],"picked":"Terror","floor":14.0},{"not_picked":["Die Die Die","Malaise"],"picked":"Envenom+1","floor":16.0},{"not_picked":["Well Laid Plans+1","Catalyst"],"picked":"Dagger Spray+1","floor":18.0},{"not_picked":["Backflip","Quick Slash"],"picked":"Reflex","floor":20.0},{"not_picked":["Dagger Spray","Riddle With Holes","Setup"],"picked":"SKIP","floor":23.0},{"not_picked":["Terror+1","Outmaneuver"],"picked":"Caltrops+1","floor":25.0},{"not_picked":["All Out Attack","Slice"],"picked":"Adrenaline","floor":29.0},{"not_picked":["Prepared","Endless Agony","Skewer+1"],"picked":"SKIP","floor":31.0},{"not_picked":["Bullet Time","Grand Finale"],"picked":"Die Die Die","floor":33.0},{"not_picked":["Dodge and Roll","Predator+1","Distraction"],"picked":"SKIP","floor":35.0},{"not_picked":["Caltrops+1","Heel Hook+1"],"picked":"Deflect+1","floor":37.0},{"not_picked":["Dagger Throw+1","Underhanded Strike"],"picked":"Blur+1","floor":38.0},{"not_picked":["Violence","Mind Blast"],"picked":"Deep Breath","floor":39.0},{"not_picked":["Jack Of All Trades","Blind"],"picked":"Swift Strike","floor":39.0},{"not_picked":["Dodge and Roll+1","PiercingWail+1"],"picked":"Slice+1","floor":41.0},{"not_picked":["PiercingWail+1","Endless Agony"],"picked":"Underhanded Strike+1","floor":45.0},{"not_picked":["Night Terror","Prepared+1"],"picked":"Riddle With Holes+1","floor":46},{"not_picked":["Poisoned Stab+1","Concentrate","Flying Knee"],"picked":"SKIP","floor":47},{"not_picked":["Outmaneuver+1","Poisoned Stab"],"picked":"Slice","floor":48}],"player_experience":355200,"relics_obtained":[{"floor":8.0,"key":"Frozen Egg 2"},{"floor":9.0,"key":"Lantern"},{"floor":11.0,"key":"StrikeDummy"},{"floor":13.0,"key":"Matryoshka"},{"floor":22.0,"key":"Bronze Scales"},{"floor":22.0,"key":"MawBank"},{"floor":23.0,"key":"Centennial Puzzle"},{"floor":26.0,"key":"Potion Belt"},{"floor":26.0,"key":"Toy Ornithopter"},{"floor":31.0,"key":"Whetstone"},{"floor":41.0,"key":"Happy Flower"},{"floor":43.0,"key":"Ninja Scroll"},{"floor":46,"key":"Dream Catcher"},{"floor":48,"key":"CeramicFish"}],"event_choices":[{"cards_removed":["Defend_G"],"damage_healed":0.0,"max_hp_gain":0.0,"max_hp_loss":0.0,"gold_gain":0.0,"event_name":"Bonfire Elementals","player_choice":"Offered Basic","floor":2.0,"gold_loss":0.0,"damage_taken":0.0},{"cards_removed":["Defend_G"],"damage_healed":0.0,"max_hp_gain":0.0,"max_hp_loss":0.0,"gold_gain":0.0,"event_name":"The Cleric","player_choice":"Card Removal","floor":4.0,"gold_loss":50.0,"damage_taken":0.0},{"cards_removed":["Strike_G"],"damage_healed":0.0,"max_hp_gain":0.0,"max_hp_loss":0.0,"gold_gain":0.0,"event_name":"Living Wall","player_choice":"Forget","floor":5.0,"gold_loss":0.0,"damage_taken":0.0},{"damage_healed":0.0,"max_hp_gain":0.0,"max_hp_loss":0.0,"gold_gain":0.0,"cards_transformed":["Defend_G"],"event_name":"Transmorgrifier","player_choice":"Transformed","floor":7.0,"gold_loss":0.0,"damage_taken":0.0,"cards_obtained":["Leg Sweep"]},{"cards_removed":["Defend_G"],"damage_healed":0.0,"max_hp_gain":0.0,"max_hp_loss":0.0,"gold_gain":0.0,"event_name":"Golden Wing","player_choice":"Card Removal","floor":12.0,"gold_loss":0.0,"damage_taken":7.0},{"damage_healed":0.0,"max_hp_gain":0.0,"max_hp_loss":0.0,"gold_gain":0.0,"event_name":"Addict","player_choice":"Obtained Relic","floor":19.0,"gold_loss":85.0,"damage_taken":0.0,"relics_obtained":["Pen Nib"]},{"damage_healed":0.0,"max_hp_gain":0.0,"max_hp_loss":0.0,"gold_gain":0.0,"event_name":"Drug Dealer","player_choice":"Inject Mutagens","floor":21.0,"gold_loss":0.0,"damage_taken":0.0,"relics_obtained":["MutagenicStrength"]},{"damage_healed":0.0,"max_hp_gain":0.0,"max_hp_loss":0.0,"gold_gain":0.0,"event_name":"The Joust","player_choice":"Bet on Murderer","floor":30.0,"gold_loss":50.0,"damage_taken":0.0},{"damage_healed":0.0,"max_hp_gain":0.0,"max_hp_loss":0.0,"gold_gain":0.0,"event_name":"SensoryStone","player_choice":"Memory 2","floor":39.0,"gold_loss":0.0,"damage_taken":5.0},{"damage_healed":0.0,"max_hp_gain":0.0,"max_hp_loss":0.0,"gold_gain":0.0,"event_name":"WeMeetAgain","player_choice":"Paid Gold","floor":44.0,"gold_loss":53.0,"damage_taken":0.0,"relics_obtained":["Torii"]}],"is_beta":false,"boss_relics":[{"not_picked":["Cursed Key","Sozu"],"picked":"Empty Cage"},{"not_picked":["Fusion Hammer","WristBlade"],"picked":"Runic Pyramid"}],"items_purged_floors":[],"is_endless":false,"potions_floor_spawned":[3,13,14,16,20,25,31,35,37,41,48],"ascension_level":10}}