{"host":"lne8wiuoeo5kx55p","time":1612334303,"event":{"mods":["BaseMod","Colored Map","Colored Powertips","Googly Eyes","Minty Spire (QoL Compilation)"],"gold_per_floor":[113,113,133,133,148,181,181,200,253,33,33,60,74,85,85,184,184,200,200,212,212,223,223,240,268,293,310,326,353,372,389,389,487,487,506,214,124,136,148,148,161,161,213,244,244,244,244,255,255,255],"floor_reached":51,"language":"ZHS","playtime":5736,"items_purged":["Strike_B","Defend_B"],"score":738,"play_id":"4389bfb3-48c2-4217-be9d-4dd34de559e9","local_time":"20210203143823","is_ascension_mode":false,"campfire_choices":[{"data":"Defragment","floor":7,"key":"SMITH"},{"data":"Storm","floor":11,"key":"SMITH"},{"floor":15,"key":"REST"},{"data":"Capacitor","floor":23,"key":"SMITH"},{"floor":32,"key":"REST"},{"data":"Machine Learning","floor":40,"key":"SMITH"},{"floor":42,"key":"REST"},{"data":"Amplify","floor":47,"key":"SMITH"},{"floor":49,"key":"REST"}],"circlet_count":0,"master_deck":["Strike_B+1","Defend_B","Dualcast","Ball Lightning","Genetic Algorithm","Reboot+1","Defragment+1","Capacitor+1","Multi-Cast","Storm+1","Loop","Coolheaded","Thunder Strike+1","Coolheaded+1","Barrage","Conserve Battery","Force Field","Machine Learning+1","Barrage+1","Creative AI","Reinforced Body+1","White Noise","Reboot","Amplify+1","Capacitor","Cold Snap+1","Redo+1","Lockon+1","Machine Learning","Beam Cell+1"],"relics":["Cracked Core","Pear","Orichalcum","Nuclear Battery","Pocketwatch","Nloth\u0027s Gift","InkBottle","Oddly Smooth Stone","Nunchaku","Empty Cage","Whetstone","Juzu Bracelet","Sundial"],"acts_visited":["Exordium","TheCity","TheBeyond"],"potions_floor_usage":[6,12,22,31,38,41,44,50,50,50],"damage_taken":[{"damage":3,"enemies":"Small Slimes","floor":1,"turns":3},{"damage":5,"enemies":"2 Louse","floor":3,"turns":2},{"damage":0,"enemies":"Cultist","floor":5,"turns":3},{"damage":36,"enemies":"3 Sentries","floor":6,"turns":8},{"damage":13,"enemies":"Red Slaver","floor":8,"turns":2},{"damage":23,"enemies":"Lagavulin","floor":12,"turns":4},{"damage":5,"enemies":"Looter","floor":13,"turns":3},{"damage":11,"enemies":"Gremlin Gang","floor":14,"turns":3},{"damage":0,"enemies":"Slime Boss","floor":16,"turns":9},{"damage":2,"enemies":"Shell Parasite","floor":18,"turns":4},{"damage":5,"enemies":"3 Byrds","floor":20,"turns":3},{"damage":15,"enemies":"Centurion and Healer","floor":22,"turns":3},{"damage":0,"enemies":"Snecko","floor":24,"turns":5},{"damage":15,"enemies":"Book of Stabbing","floor":25,"turns":6},{"damage":4,"enemies":"Cultist and Chosen","floor":27,"turns":5},{"damage":5,"enemies":"Snake Plant","floor":28,"turns":5},{"damage":16,"enemies":"Centurion and Healer","floor":30,"turns":5},{"damage":6,"enemies":"Shelled Parasite and Fungi","floor":31,"turns":5},{"damage":34,"enemies":"Automaton","floor":33,"turns":9},{"damage":14,"enemies":"Orb Walker","floor":35,"turns":3},{"damage":22,"enemies":"3 Shapes","floor":38,"turns":3},{"damage":0,"enemies":"Maw","floor":39,"turns":5},{"damage":13,"enemies":"Jaw Worm Horde","floor":41,"turns":6},{"damage":10,"enemies":"Nemesis","floor":44,"turns":5},{"damage":15,"enemies":"3 Darklings","floor":48,"turns":5},{"damage":60,"enemies":"Awakened One","floor":50,"turns":7}],"seed_played":"-4729414409494421091","potions_obtained":[{"floor":3,"key":"Regen Potion"},{"floor":8,"key":"AttackPotion"},{"floor":14,"key":"PowerPotion"},{"floor":20,"key":"DuplicationPotion"},{"floor":24,"key":"Ancient Potion"},{"floor":30,"key":"Fire Potion"},{"floor":33,"key":"Explosive Potion"},{"floor":38,"key":"LiquidMemories"},{"floor":39,"key":"ColorlessPotion"},{"floor":41,"key":"Weak Potion"},{"floor":48,"key":"Energy Potion"}],"is_trial":false,"path_per_floor":["M","?","M","?","M","E","R","M","T","$","R","E","M","M","R","B",null,"M","T","M","?","M","R","M","E","T","M","M","T","M","M","R","B",null,"M","$","?","M","M","R","M","R","T","E","?","?","R","M","R","B",null],"character_chosen":"DEFECT","items_purchased":["Multi-Cast","Storm","Capacitor","Whetstone"],"campfire_rested":4,"item_purchase_floors":[10,10,36,36],"current_hp_per_floor":[79,72,67,67,67,56,56,43,43,43,43,20,15,4,31,31,92,90,90,85,85,70,70,70,55,55,51,46,46,30,24,51,17,92,78,78,78,56,56,56,43,70,70,60,60,60,60,45,72,12],"gold":255,"neow_bonus":"TEN_PERCENT_HP_BONUS","is_daily":false,"chose_seed":false,"campfire_upgraded":5,"win_rate":0.0,"timestamp":1612334303,"path_taken":["M","?","M","?","M","E","R","?","T","$","R","E","M","M","R","BOSS","M","?","M","?","M","R","M","E","T","?","M","?","M","M","R","BOSS","M","$","?","M","M","R","?","R","T","E","?","?","R","M","R","BOSS"],"items_purchased_type":["Card","Card","Card","Relic"],"build_version":"2020-12-22","purchased_purges":2,"victory":true,"max_hp_per_floor":[82,82,82,82,82,92,92,92,92,92,92,92,92,92,92,92,92,92,92,92,92,92,92,92,92,92,92,92,92,92,92,92,92,92,92,92,92,92,92,92,92,92,92,92,92,92,92,92,92,92],"card_choices":[{"not_picked":["Stack","Go for the Eyes"],"picked":"Ball Lightning","floor":1},{"not_picked":["Beam Cell","Ball Lightning"],"picked":"Genetic Algorithm","floor":3},{"not_picked":["Compile Driver","BootSequence"],"picked":"Reboot","floor":5},{"not_picked":["Redo","Aggregate"],"picked":"Defragment","floor":6},{"not_picked":["Steam","FTL"],"picked":"Capacitor","floor":8},{"not_picked":["Sweeping Beam","Hologram"],"picked":"Leap","floor":12},{"not_picked":["Fusion","Steam Power"],"picked":"Loop","floor":13},{"not_picked":["Barrage","Hologram"],"picked":"Coolheaded","floor":14},{"not_picked":["Biased Cognition","Fission"],"picked":"Thunder Strike","floor":16},{"not_picked":["Conserve Battery","Compile Driver"],"picked":"Coolheaded+1","floor":18},{"not_picked":["Go for the Eyes","FTL"],"picked":"Barrage","floor":20},{"not_picked":["Steam Power","Stack"],"picked":"Conserve Battery","floor":22},{"not_picked":["Compile Driver","Stack"],"picked":"Force Field","floor":24},{"not_picked":["BootSequence","Hologram"],"picked":"Machine Learning","floor":25},{"not_picked":["Scrape","Steam+1"],"picked":"Barrage+1","floor":27},{"not_picked":["Defragment","Cold Snap+1"],"picked":"Creative AI","floor":28},{"not_picked":["FTL","Steam Power"],"picked":"Reinforced Body+1","floor":30},{"not_picked":["Streamline+1","Compile Driver"],"picked":"White Noise","floor":31},{"not_picked":["Buffer","Biased Cognition"],"picked":"Reboot","floor":33},{"not_picked":["Aggregate","Cold Snap+1"],"picked":"Amplify","floor":35},{"not_picked":["Heatsinks","Reprogram"],"picked":"Cold Snap+1","floor":38},{"not_picked":["Genetic Algorithm","Barrage+1"],"picked":"Redo+1","floor":39},{"not_picked":["Reprogram+1","Beam Cell+1"],"picked":"Lockon+1","floor":41},{"not_picked":["Redo","Consume"],"picked":"Machine Learning","floor":44},{"not_picked":["Coolheaded","Barrage"],"picked":"Beam Cell+1","floor":48}],"player_experience":8912,"relics_obtained":[{"floor":6,"key":"Pear"},{"floor":9,"key":"Orichalcum"},{"floor":12,"key":"Centennial Puzzle"},{"floor":19,"key":"Pocketwatch"},{"floor":25,"key":"InkBottle"},{"floor":26,"key":"Oddly Smooth Stone"},{"floor":29,"key":"Nunchaku"},{"floor":43,"key":"Juzu Bracelet"},{"floor":44,"key":"Sundial"}],"event_choices":[{"cards_removed":["Strike_B"],"damage_healed":0,"gold_gain":0,"player_choice":"Card Removal","damage_taken":7,"max_hp_gain":0,"max_hp_loss":0,"event_name":"Golden Wing","floor":2,"gold_loss":0},{"cards_removed":["Defend_B"],"damage_healed":0,"gold_gain":0,"player_choice":"Purged","damage_taken":0,"max_hp_gain":0,"max_hp_loss":0,"event_name":"Purifier","floor":4,"gold_loss":0},{"damage_healed":0,"gold_gain":0,"player_choice":"Traded Relic","damage_taken":0,"relics_obtained":["Nloth\u0027s Gift"],"max_hp_gain":0,"max_hp_loss":0,"event_name":"N\u0027loth","floor":21,"relics_lost":["Centennial Puzzle"],"gold_loss":0},{"cards_removed":["Strike_B"],"damage_healed":0,"gold_gain":0,"player_choice":"Upgrade and Remove","damage_taken":0,"max_hp_gain":0,"max_hp_loss":0,"event_name":"Designer","floor":37,"gold_loss":90,"cards_upgraded":["Reboot"]},{"cards_removed":["Zap"],"damage_healed":0,"gold_gain":0,"player_choice":"Removed Skill","damage_taken":0,"max_hp_gain":0,"max_hp_loss":0,"event_name":"Falling","floor":45,"gold_loss":0},{"damage_healed":0,"gold_gain":0,"player_choice":"Ignored","damage_taken":0,"max_hp_gain":0,"max_hp_loss":0,"event_name":"Tomb of Lord Red Mask","floor":46,"gold_loss":0}],"is_beta":false,"boss_relics":[{"not_picked":["Runic Dome","Runic Pyramid"],"picked":"Nuclear Battery"},{"not_picked":["Philosopher\u0027s Stone","Velvet Choker"],"picked":"Empty Cage"}],"items_purged_floors":[10,36],"is_endless":false,"potions_floor_spawned":[3,8,14,20,24,30,33,38,39,41,48],"ascension_level":0}}