{"host":"3a1ypf1irl30q4k8","time":1612374990,"event":{"mods":["AchievementEnabler","BaseMod","Bestiary","Colored Map","Minty Spire (QoL Compilation)","Relic Stats","ojb\u0027s Info Mod"],"gold_per_floor":[117,130,144,161,18,18,38,54,54,88,88,88,108,123,123,227,227,245,263,263,263],"floor_reached":20,"language":"ENG","playtime":1198,"items_purged":[],"score":216,"play_id":"11a904e5-0481-42de-93f1-2361f1193cf0","local_time":"20210203175630","is_ascension_mode":true,"campfire_choices":[{"data":"Choke","floor":6,"key":"SMITH"},{"data":"Deadly Poison","floor":15,"key":"SMITH"}],"circlet_count":0,"master_deck":["Survivor","Neutralize","Noxious Fumes","Blade Dance","Choke+1","Backflip","Noxious Fumes","Poisoned Stab","PiercingWail","PiercingWail","Flechettes","Deadly Poison+1","Corpse Explosion","Deadly Poison","Choke","Bane","Heel Hook","Crippling Poison","Deadly Poison","Outmaneuver","Finisher","Leg Sweep","Dagger Spray"],"relics":["Sozu","Tingsha","Oddly Smooth Stone","Pandora\u0027s Box"],"acts_visited":["Exordium","TheCity"],"potions_floor_usage":[],"damage_taken":[{"damage":0,"enemies":"Cultist","floor":1,"turns":4},{"damage":0,"enemies":"Jaw Worm","floor":2,"turns":5},{"damage":5,"enemies":"Small Slimes","floor":3,"turns":4},{"damage":17,"enemies":"Gremlin Gang","floor":4,"turns":4},{"damage":1,"enemies":"3 Louse","floor":7,"turns":3},{"damage":1,"enemies":"Looter","floor":8,"turns":3},{"damage":29,"enemies":"3 Sentries","floor":10,"turns":8},{"damage":8,"enemies":"Red Slaver","floor":13,"turns":3},{"damage":0,"enemies":"Large Slime","floor":14,"turns":4},{"damage":18,"enemies":"The Guardian","floor":16,"turns":8},{"damage":18,"enemies":"Shell Parasite","floor":18,"turns":4},{"damage":26,"enemies":"2 Thieves","floor":19,"turns":4},{"damage":33,"enemies":"Sentry and Sphere","floor":20,"turns":4}],"seed_played":"-3292475469809873121","potions_obtained":[],"is_trial":false,"path_per_floor":["M","M","M","M","$","R","M","M","T","E","?","?","M","M","R","B",null,"M","M","M"],"character_chosen":"THE_SILENT","items_purchased":["Endless Agony","Noxious Fumes"],"campfire_rested":0,"item_purchase_floors":[5,5],"current_hp_per_floor":[70,70,65,48,48,48,47,46,46,17,17,70,62,62,62,44,70,52,26,0,0],"gold":263,"neow_bonus":"BOSS_RELIC","is_daily":false,"chose_seed":false,"campfire_upgraded":2,"win_rate":0.0,"timestamp":1612374990,"path_taken":["M","M","M","?","?","R","?","M","T","E","?","?","?","M","R","BOSS","M","M","?"],"items_purchased_type":["Card","Card"],"build_version":"2020-12-22","purchased_purges":0,"victory":false,"max_hp_per_floor":[70,70,70,70,70,70,70,70,70,70,70,70,70,70,70,70,70,70,70,70,70],"relic_stats":{"Sozu":4,"counters":[13,58],"Tingsha":[9],"Pandora\u0027s Box":["Deadly Poison","Choke","Bane","Heel Hook","Crippling Poison","Deadly Poison","Outmaneuver","Finisher","Leg Sweep","Dagger Spray"],"obtain_stats":[{"Sozu":0,"Oddly Smooth Stone":10,"Tingsha":9,"Pandora\u0027s Box":17,"Ring of the Snake":0},{"Sozu":0,"Oddly Smooth Stone":7,"Tingsha":6,"Pandora\u0027s Box":10,"Ring of the Snake":0},{"Sozu":0,"Oddly Smooth Stone":31,"Tingsha":23,"Pandora\u0027s Box":46,"Ring of the Snake":0}]},"card_choices":[{"not_picked":["Sucker Punch","Bane"],"picked":"Noxious Fumes","floor":1},{"not_picked":["Tools of the Trade","Calculated Gamble"],"picked":"Blade Dance","floor":2},{"not_picked":["Eviscerate","Deflect"],"picked":"Choke","floor":3},{"not_picked":["Outmaneuver","Distraction"],"picked":"Backflip","floor":4},{"not_picked":["Underhanded Strike","Slice"],"picked":"Poisoned Stab","floor":7},{"not_picked":["Dagger Spray","Deadly Poison"],"picked":"PiercingWail","floor":8},{"not_picked":["Endless Agony","Sucker Punch"],"picked":"PiercingWail","floor":10},{"not_picked":["Grand Finale","Underhanded Strike"],"picked":"Flechettes","floor":13},{"not_picked":["Poisoned Stab","Terror"],"picked":"Deadly Poison","floor":14},{"not_picked":["Night Terror","A Thousand Cuts"],"picked":"Corpse Explosion","floor":16},{"not_picked":["Outmaneuver","Accuracy","Bane"],"picked":"SKIP","floor":18},{"not_picked":["Outmaneuver+1","Underhanded Strike","Flying Knee"],"picked":"SKIP","floor":19}],"player_experience":1303968,"relics_obtained":[{"floor":9,"key":"Tingsha"},{"floor":10,"key":"Oddly Smooth Stone"}],"event_choices":[{"damage_healed":0,"gold_gain":0,"player_choice":"Ignored","damage_taken":0,"max_hp_gain":0,"max_hp_loss":0,"event_name":"Liars Game","floor":11,"gold_loss":0},{"cards_removed":["Endless Agony"],"damage_healed":53,"gold_gain":0,"player_choice":"Offered Uncommon","damage_taken":0,"max_hp_gain":0,"max_hp_loss":0,"event_name":"Bonfire Elementals","floor":12,"gold_loss":0}],"is_beta":false,"boss_relics":[{"not_picked":["Tiny House","Astrolabe"],"picked":"Pandora\u0027s Box"}],"items_purged_floors":[],"is_endless":false,"potions_floor_spawned":[2,4,8,16],"killed_by":"Sentry and Sphere","ascension_level":4}}