{"host":"m6aaltr68g9tvoay","time":1612322224,"event":{"mods":["AchievementEnabler","BaseMod","Colored Map","Downfall","Minty Spire (QoL Compilation)","StSLib"],"gold_per_floor":[99,116,266,24,24,37,37,37,37,37,137,137,37,65,82,180,180,180,198,198,210,39,39,39,39,56,67,78,93,93,103,116,220,220,220,239,252,268,33,45,114,114,11,11,27,27,43,70,70,70],"floor_reached":51,"language":"ENG","playtime":3754,"items_purged":["downfall:Icky","bronze:Strike"],"score":1001,"play_id":"49835e82-b08a-4076-8e6a-bb03353f619f","local_time":"20210202191704","is_ascension_mode":true,"campfire_choices":[{"data":"bronze:Library","floor":1,"key":"SMITH"},{"floor":8,"key":"RECALL"},{"data":"bronze:Iterate","floor":10,"key":"SMITH"},{"floor":13,"key":"REST"},{"data":"bronze:FindAndReplace","floor":18,"key":"SMITH"},{"data":"bronze:Format","floor":25,"key":"SMITH"},{"floor":30,"key":"REST"},{"data":"bronze:Boost","floor":35,"key":"SMITH"},{"data":"bronze:HardenedForm","floor":42,"key":"SMITH"},{"data":"bronze:HardenedForm","floor":44,"key":"SMITH"},{"floor":49,"key":"REST"}],"circlet_count":0,"master_deck":["bronze:Strike","bronze:Strike","bronze:Defend","bronze:Defend","bronze:Defend","bronze:Defend","bronze:Replicate","bronze:Goto","bronze:Library+1","bronze:WildBeam","bronze:Constructor","bronze:Repair","bronze:ChosenStrike","bronze:Iterate+1","bronze:Branch","bronze:FindAndReplace+1","bronze:HardenedForm+1","bronze:Frontload","RitualDagger+1","bronze:OilSpill","bronze:Boost+1","bronze:Format+1","bronze:Terminator","bronze:Turbo+1","bronze:Branch+1","bronze:HardenedForm+1","bronze:DelayedSlice","Parasite"],"relics":["bronze:BronzeCore","Strawberry","MealTicket","downfall:HeartBlessingRed","Busted Crown","StoneCalendar","SlaversCollar","Mummified Hand","Ice Cream","bronze:BronzeIdol","Shuriken"],"acts_visited":["Exordium","TheCity","TheBeyond"],"potions_floor_usage":[16,21,29,33,40,47,50,50,50],"damage_taken":[{"damage":9,"enemies":"Jaw Worm","floor":2,"turns":4},{"damage":5,"enemies":"downfall:FleeingMerchant","floor":4,"turns":4},{"damage":5,"enemies":"2 Louse","floor":6,"turns":3},{"damage":0,"enemies":"Cultist","floor":9,"turns":1},{"damage":7,"enemies":"Gremlin Nob","floor":14,"turns":4},{"damage":8,"enemies":"3 Louse","floor":15,"turns":3},{"damage":21,"enemies":"WA_ARCHETYPE_RETAIN","floor":16,"turns":5},{"damage":0,"enemies":"Spheric Guardian","floor":19,"turns":2},{"damage":0,"enemies":"Shell Parasite","floor":21,"turns":3},{"damage":0,"enemies":"downfall:FleeingMerchant","floor":22,"turns":4},{"damage":13,"enemies":"Centurion and Healer","floor":26,"turns":6},{"damage":4,"enemies":"3 Cultists","floor":27,"turns":6},{"damage":3,"enemies":"Chosen and Byrds","floor":28,"turns":5},{"damage":19,"enemies":"Snecko","floor":29,"turns":5},{"damage":11,"enemies":"Snake Plant","floor":31,"turns":3},{"damage":1,"enemies":"3 Cultists","floor":32,"turns":4},{"damage":4,"enemies":"IC_MUSHROOM_ARCHETYPE","floor":33,"turns":7},{"damage":8,"enemies":"Orb Walker","floor":36,"turns":3},{"damage":7,"enemies":"3 Shapes","floor":37,"turns":4},{"damage":25,"enemies":"3 Darklings","floor":38,"turns":7},{"damage":0,"enemies":"downfall:FleeingMerchant","floor":39,"turns":4},{"damage":0,"enemies":"Maw","floor":40,"turns":7},{"damage":0,"enemies":"downfall:FleeingMerchant","floor":43,"turns":1},{"damage":15,"enemies":"Jaw Worm Horde","floor":45,"turns":3},{"damage":18,"enemies":"Writhing Mass","floor":47,"turns":5},{"damage":17,"enemies":"Giant Head","floor":48,"turns":6},{"damage":0,"enemies":"DF_ARCHETYPE_ORBS","floor":50,"turns":6}],"seed_played":"-8003360569674205012","potions_obtained":[{"floor":6,"key":"Guardian:BlockOnCardUsePotion"},{"floor":14,"key":"Block Potion"},{"floor":16,"key":"Weak Potion"},{"floor":19,"key":"Weak Potion"},{"floor":20,"key":"CultistPotion"},{"floor":28,"key":"Explosive Potion"},{"floor":29,"key":"Explosive Potion"},{"floor":40,"key":"SkillPotion"},{"floor":47,"key":"bronze:BurnAndBuffPotion"},{"floor":48,"key":"Dexterity Potion"}],"is_trial":false,"path_per_floor":["R","M","?","$","?","M","T","R","M","R","?","?","R","E","M","B",null,"R","M","?","M","$","?","T","R","M","M","M","M","R","M","M","B",null,"R","M","M","M","$","M","T","R","$","R","M","?","M","E","R","B",null],"character_chosen":"THE_AUTOMATON","items_purchased":["Strawberry","bronze:Repair","bronze:Boost","bronze:HardenedForm","Weak Potion","Ice Cream","bronze:BronzeIdol"],"campfire_rested":3,"item_purchase_floors":[4,4,22,39,39,43,43],"current_hp_per_floor":[63,54,54,56,56,58,58,58,58,58,58,58,77,70,62,48,70,70,70,70,77,77,77,77,77,71,74,71,58,77,66,72,73,76,76,75,68,50,72,77,77,77,77,77,62,87,69,59,85,87],"gold":70,"neow_bonus":"ONE_RANDOM_RARE_CARD","is_daily":false,"chose_seed":false,"campfire_upgraded":7,"win_rate":0.0,"timestamp":1612322224,"path_taken":["R","M","?","$","?","M","T","R","M","R","?","?","R","E","M","BOSS","R","M","?","M","$","?","T","R","M","M","M","M","R","M","M","BOSS","R","M","M","M","$","M","T","R","$","R","?","?","?","E","R","BOSS"],"items_purchased_type":["Relic","Card","Card","Card","Potion","Relic","Relic"],"build_version":"2020-12-22","purchased_purges":2,"victory":true,"max_hp_per_floor":[70,70,70,77,77,77,77,77,77,77,77,77,77,77,77,77,77,77,77,77,77,77,77,77,77,77,77,77,77,77,77,77,77,77,77,77,77,77,77,77,77,77,77,77,77,87,87,87,87,87],"card_choices":[{"not_picked":["bronze:DarkDash","bronze:Deprecate"],"picked":"bronze:WildBeam","floor":2},{"not_picked":["bronze:CleanCode","bronze:BitShift"],"picked":"bronze:Constructor","floor":4},{"not_picked":["bronze:DelayedGuard","bronze:Overheat"],"picked":"bronze:ChosenStrike","floor":6},{"not_picked":["bronze:WhirlingStrike","bronze:Invalidate"],"picked":"bronze:Iterate","floor":9},{"not_picked":["bronze:Constructor","bronze:ClassDefault"],"picked":"bronze:Branch","floor":14},{"not_picked":["bronze:Deprecate","bronze:DelayedGuard"],"picked":"bronze:FindAndReplace","floor":15},{"not_picked":["bronze:Verify","bronze:Assembly"],"picked":"bronze:HardenedForm","floor":16},{"not_picked":[],"picked":"bronze:Frontload","floor":19},{"not_picked":["bronze:CloningBeam"],"picked":"SKIP","floor":21},{"not_picked":[],"picked":"bronze:OilSpill","floor":22},{"not_picked":["bronze:Separator"],"picked":"SKIP","floor":26},{"not_picked":["bronze:Shield"],"picked":"SKIP","floor":27},{"not_picked":["bronze:Allocate"],"picked":"SKIP","floor":28},{"not_picked":[],"picked":"bronze:Terminator","floor":29},{"not_picked":[],"picked":"bronze:Turbo+1","floor":31},{"not_picked":["bronze:Constructor"],"picked":"SKIP","floor":32},{"not_picked":[],"picked":"bronze:Mutator","floor":33},{"not_picked":["bronze:OilSpill+1"],"picked":"SKIP","floor":36},{"not_picked":[],"picked":"bronze:Branch+1","floor":37},{"not_picked":["bronze:CutThrough+1"],"picked":"SKIP","floor":38},{"not_picked":["bronze:Frontload+1"],"picked":"SKIP","floor":39},{"not_picked":[],"picked":"bronze:DelayedSlice","floor":40},{"not_picked":["bronze:GetLatest"],"picked":"SKIP","floor":43},{"not_picked":["bronze:Branch+1"],"picked":"SKIP","floor":45},{"not_picked":["bronze:Fortify+1"],"picked":"SKIP","floor":47},{"not_picked":["bronze:DelayedGuard+1"],"picked":"SKIP","floor":48}],"player_experience":1849392,"relics_obtained":[{"floor":7,"key":"MealTicket"},{"floor":24,"key":"StoneCalendar"},{"floor":41,"key":"Mummified Hand"},{"floor":48,"key":"Shuriken"}],"event_choices":[{"cards_removed":["bronze:Mutator"],"damage_healed":15,"gold_gain":0,"player_choice":"Offered Rare","damage_taken":0,"max_hp_gain":10,"max_hp_loss":0,"event_name":"Bonfire Elementals","floor":46,"gold_loss":0}],"is_beta":false,"boss_relics":[{"not_picked":["Tiny House","Cursed Key"],"picked":"Busted Crown"},{"not_picked":["Runic Pyramid","Runic Dome"],"picked":"SlaversCollar"}],"items_purged_floors":[22,39],"is_endless":false,"potions_floor_spawned":[6,14,16,19,28,29,32,40,45,47,48],"ascension_level":8}}