{"host":"cyiefo55v5hz1ih5","time":1612332632,"event":{"mods":["2.2 Compatiblity","AchievementEnabler","Arknights","BaseMod","Downfall","GifTheSpireLib","Hubris","Minty Spire (QoL Compilation)","Replay The Spire","Spicy Shops","StSLib"],"gold_per_floor":[109,34,34,34,52,77,91,104,150,168,118,118,18,30,30,131,131,145,145,145,20,38,38,38,52,52,52,69,69,169,203,203,307,307,320,320,336,336,105,138,154,165,165,215,215,139,154,165,165,165,165,165,10,43,43],"floor_reached":56,"language":"ENG","playtime":6893,"items_purged":["ats:Strike V","ats:Defend","Delirium"],"score":1122,"play_id":"8f0eeff8-536d-4f1f-9fb5-f395cbddd976","local_time":"20210203011032","is_ascension_mode":false,"campfire_choices":[{"data":"ats:Blood Oath","floor":12.0,"key":"SMITH"},{"data":"ats:Magnetic Hammer","floor":15,"key":"SMITH"},{"floor":24,"key":"RECALL"},{"data":"ats:Shadow Assault","floor":27,"key":"SMITH"},{"data":"ats:Rat Pack","floor":32,"key":"SMITH"},{"data":"ats:Defend","floor":45,"key":"SMITH"},{"data":"ats:Thermite Blade","floor":49,"key":"SMITH"},{"data":"ats:Shell Defense","floor":52,"key":"SMITH"}],"circlet_count":0,"master_deck":["ats:Armor Crushing Shot","ats:Defend+1","ats:Defend","ats:Emotion Absorption+1","ats:Blood Oath+1","ats:Rat Pack+1","ats:Magnetic Hammer+1","ats:Leaping Hammer","ats:Shadow Assault+1","ats:Healing Strengthening+1","ats:Apocalypse","ats:Thorns+1","ats:Shell Defense+1","ats:Soul Rend+1","ats:Thermite Blade+1","ats:Demon Strength+1","ats:Shell Defense+1","ats:Song Of Battle+1","ats:Part Time Job+1"],"relics":["ats:Sanity","ats:Originium","hubris:SphereOfDissonance","Toy Ornithopter","Coffee Dripper","ReplayTheSpireMod:Ring of Exchange","Frozen Egg 2","hubris:Zylophone","Eternal Feather","Replay:WaspNest","Ring of Chaos","Medical Kit","hubris:ToyBattleship","ats:Remnant Ash","Bird Faced Urn","Oddly Smooth Stone","Onion Ring"],"acts_visited":["Exordium","TheCity","TheBeyond","TheEnding"],"potions_floor_usage":[16,16,22,42,55],"damage_taken":[{"damage":2.0,"enemies":"Small Slimes","floor":1.0,"turns":5.0},{"damage":1.0,"enemies":"Jaw Worm","floor":5.0,"turns":6.0},{"damage":27.0,"enemies":"Lagavulin","floor":6.0,"turns":8.0},{"damage":1.0,"enemies":"Cultist","floor":7.0,"turns":3.0},{"damage":7.0,"enemies":"Looter","floor":8.0,"turns":3.0},{"damage":2.0,"enemies":"Exordium Thugs","floor":10.0,"turns":4.0},{"damage":7,"enemies":"3 Louse","floor":14,"turns":3},{"damage":94,"enemies":"Hexaghost","floor":16,"turns":18},{"damage":0,"enemies":"Chosen","floor":18,"turns":3},{"damage":0,"enemies":"2 Thieves","floor":22,"turns":2},{"damage":25,"enemies":"Centurion and Healer","floor":25,"turns":7},{"damage":14,"enemies":"Snake Plant","floor":28,"turns":4},{"damage":19,"enemies":"Colosseum Slavers","floor":30,"turns":7},{"damage":23,"enemies":"Colosseum Nobs","floor":30,"turns":5},{"damage":51,"enemies":"Slavers","floor":31,"turns":8},{"damage":20,"enemies":"Automaton","floor":33,"turns":11},{"damage":0,"enemies":"3 Shapes","floor":35,"turns":3},{"damage":6,"enemies":"3 Darklings","floor":37,"turns":5},{"damage":18,"enemies":"Nemesis","floor":40,"turns":5},{"damage":25,"enemies":"4 Shapes","floor":41,"turns":7},{"damage":25,"enemies":"Transient","floor":42,"turns":5},{"damage":1,"enemies":"Mind Bloom Boss Battle","floor":44,"turns":6},{"damage":14,"enemies":"Writhing Mass","floor":47,"turns":7},{"damage":43,"enemies":"3 Darklings","floor":48,"turns":4},{"damage":19,"enemies":"Time Eater","floor":50,"turns":11},{"damage":97,"enemies":"Shield and Spear","floor":54,"turns":7},{"damage":104,"enemies":"The Heart","floor":55,"turns":9}],"seed_played":"2762113866625150002","potions_obtained":[{"floor":5.0,"key":"EntropicBrew"},{"floor":10.0,"key":"Cursed Concoction"},{"floor":14,"key":"SmokeBomb"},{"floor":16,"key":"DistilledChaos"},{"floor":22,"key":"FairyPotion"},{"floor":25,"key":"Elixir"},{"floor":40,"key":"ColorlessPotion"},{"floor":48,"key":"BlessingOfTheForge"}],"is_trial":false,"path_per_floor":["M","$","?","?","M","E","M","M","T","M","?","R","$","M","R","B",null,"M","?","?","$","M","$","R","M","T","R","M","$","?","E","R","B",null,"M","?","M","?","$","E","M","M","T","?","R","$","M","M","R","B",null,"R","$","E","B",null],"character_chosen":"DOCTOR_CLASS","items_purchased":["Medical Kit","hubris:ToyBattleship","ats:Part Time Job+1","Oddly Smooth Stone"],"campfire_rested":0,"item_purchase_floors":[39,39,46,53],"current_hp_per_floor":[70,70,63,63,71,57,56,52,52,59,59,59,59,62,62,13,72,72,72,72,72,72,72,72,72,72,72,65,65,60,42,48,72,72,72,72,72,72,72,72,58,72,72,72,72,72,72,72,72,72,72,72,72,33,52],"gold":43,"neow_bonus":"RANDOM_EVENT","is_daily":false,"chose_seed":false,"campfire_upgraded":7,"win_rate":0.0,"timestamp":1612332632,"path_taken":["M","$","?","?","M","E","M","M","T","?","?","R","$","M","R","BOSS","M","?","?","$","?","?","R","M","T","R","M","$","?","E","R","BOSS","M","?","M","?","$","E","M","M","T","?","R","?","M","M","R","BOSS","R","$","E","BOSS"],"items_purchased_type":["Relic","Relic","Card","Relic"],"build_version":"2020-12-22","purchased_purges":3,"victory":true,"max_hp_per_floor":[72,72,72,72,72,72,72,72,72,72,72,72,72,72,72,72,72,72,72,72,72,72,72,72,72,72,72,72,72,72,72,72,72,72,72,72,72,72,72,72,72,72,72,72,72,72,72,72,72,72,72,72,72,72,72],"card_choices":[{"not_picked":["ats:Apocalypse","ats:Healing Drone"],"picked":"ats:Blood Oath","floor":1.0},{"not_picked":["ats:Ignite","ats:Consecutive Shot Auto"],"picked":"ats:Magnetic Hammer","floor":5.0},{"not_picked":["ats:Cat Scratch","ats:Closed Bolt Burst Fire"],"picked":"ats:Leaping Hammer","floor":6.0},{"not_picked":["ats:Explosion Area Strengthen","ats:Poison Spread","ats:Curse Doll"],"picked":"SKIP","floor":7.0},{"not_picked":["ats:Hammer On","ats:Assault Order","ats:Rapid Magazine"],"picked":"SKIP","floor":8.0},{"not_picked":["ats:Rapid Magazine","ats:Magnetic Hammer","ats:Counter Healing Mode"],"picked":"SKIP","floor":10.0},{"not_picked":["ats:Powerful Strike","ats:Consecutive Shot Auto","ats:Ignite"],"picked":"SKIP","floor":14},{"not_picked":["ats:Durian","ats:Rat Pack"],"picked":"ats:Shadow Assault","floor":16},{"not_picked":["ats:Hammer On+1","ats:Poison Spread"],"picked":"ats:Healing Strengthening+1","floor":18},{"not_picked":["ats:Beaten Up","ats:Assault Order","ats:Soul Absorption"],"picked":"SKIP","floor":22},{"not_picked":["ats:Beaten Up","ats:Assault Order","ats:Soul Absorption"],"picked":"SKIP","floor":22},{"not_picked":["ats:Revitalization","ats:Explosion Area Strengthen","ats:Powerful Strike"],"picked":"SKIP","floor":25},{"not_picked":["ats:Literary Storm","ats:Leaping Hammer+1"],"picked":"ats:Apocalypse","floor":28},{"not_picked":["ats:Revitalization","ats:Hook Shot+1"],"picked":"ats:Thorns+1","floor":30},{"not_picked":["ats:Assault Order+1","ats:Demon Strength+1"],"picked":"ats:Shell Defense","floor":31},{"not_picked":["ats:Wolf Pack","ats:Volcano"],"picked":"ats:Soul Rend+1","floor":33},{"not_picked":["ats:Overload","ats:Guard Mode","ats:Chain Hook+1"],"picked":"SKIP","floor":35},{"not_picked":["ats:Encircling Forest","ats:Guard Mode"],"picked":"ats:Thermite Blade","floor":37},{"not_picked":["ats:Overload","ats:Sunburst"],"picked":"ats:Demon Strength+1","floor":40},{"not_picked":["ats:Revitalization","ats:Defend Order+1"],"picked":"ats:Shell Defense+1","floor":41},{"not_picked":["ats:Collapsing Strike","ats:Guard Mode"],"picked":"ats:Song Of Battle+1","floor":42},{"not_picked":["ats:Literary Storm+1","ats:Curse Doll+1","ats:Blood Oath"],"picked":"SKIP","floor":47},{"not_picked":["ats:Magnetic Hammer+1","ats:Consecutive Shot Auto","ats:Volcano"],"picked":"SKIP","floor":48},{"not_picked":["ats:Magnetic Hammer+1","ats:Consecutive Shot Auto","ats:Volcano"],"picked":"SKIP","floor":48},{"not_picked":["ats:Powerful Strike+1","ats:Blood Oath","ats:Cat Scratch"],"picked":"SKIP","floor":54}],"player_experience":858482,"relics_obtained":[{"floor":6.0,"key":"ats:Originium"},{"floor":6.0,"key":"hubris:SphereOfDissonance"},{"floor":9.0,"key":"Toy Ornithopter"},{"floor":19,"key":"ReplayTheSpireMod:Ring of Exchange"},{"floor":26,"key":"Frozen Egg 2"},{"floor":30,"key":"hubris:Zylophone"},{"floor":30,"key":"Eternal Feather"},{"floor":31,"key":"ats:Originium"},{"floor":31,"key":"Replay:WaspNest"},{"floor":40,"key":"ats:Originium"},{"floor":40,"key":"ats:Remnant Ash"},{"floor":44,"key":"Bird Faced Urn"},{"floor":54,"key":"ats:Originium"},{"floor":54,"key":"Onion Ring"}],"event_choices":[{"cards_removed":["ats:Strike S"],"damage_healed":0.0,"max_hp_gain":0.0,"max_hp_loss":0.0,"gold_gain":0.0,"event_name":"Golden Wing","player_choice":"Card Removal","floor":3.0,"gold_loss":0.0,"damage_taken":7.0},{"damage_healed":0.0,"max_hp_gain":0.0,"max_hp_loss":0.0,"gold_gain":0.0,"cards_transformed":["ats:Strike C"],"event_name":"Transmorgrifier","player_choice":"Transformed","floor":4.0,"gold_loss":0.0,"damage_taken":0.0,"cards_obtained":["ats:Rat Pack"]},{"cards_removed":["ats:Strike G"],"damage_healed":0.0,"max_hp_gain":0.0,"max_hp_loss":0.0,"gold_gain":0.0,"event_name":"The Cleric","player_choice":"Card Removal","floor":11.0,"gold_loss":50.0,"damage_taken":0.0},{"damage_healed":0,"gold_gain":0,"player_choice":"Fight","damage_taken":0,"max_hp_gain":0,"max_hp_loss":0,"event_name":"Colosseum","floor":30,"gold_loss":0},{"damage_healed":0,"gold_gain":0,"player_choice":"Fought Nobs","damage_taken":0,"max_hp_gain":0,"max_hp_loss":0,"event_name":"Colosseum","floor":30,"gold_loss":0},{"damage_healed":0,"gold_gain":0,"player_choice":"Ignored","damage_taken":0,"max_hp_gain":0,"max_hp_loss":0,"event_name":"Tomb of Lord Red Mask","floor":36,"gold_loss":0},{"cards_removed":["ats:Defend"],"damage_healed":0,"gold_gain":0,"player_choice":"Removed Skill","damage_taken":0,"max_hp_gain":0,"max_hp_loss":0,"event_name":"Falling","floor":38,"gold_loss":0},{"damage_healed":0,"gold_gain":0,"player_choice":"Fight","damage_taken":0,"max_hp_gain":0,"max_hp_loss":0,"event_name":"MindBloom","floor":44,"gold_loss":0}],"is_beta":false,"boss_relics":[{"not_picked":["Ectoplasm","Replay:Drink Me"],"picked":"Coffee Dripper"},{"not_picked":["Calling Bell","Cauldron"],"picked":"Ring of Chaos"}],"items_purged_floors":[2,13,21],"is_endless":false,"potions_floor_spawned":[5,10,14,16,22,25,30,35,40,41,48],"ascension_level":0}}