{"host":"92wx9z21c4p52du4","time":1612323468,"event":{"mods":["BaseMod","Downfall","Hermit","Minty Spire (QoL Compilation)","Reliquary","StSLib","The Hierophant"],"gold_per_floor":[0,17,34,34,48,48,126,138,588,22,60,60,60,114,148,148,148,148],"floor_reached":16,"language":"ENG","playtime":660,"items_purged":["downfall:Icky"],"score":94,"play_id":"59c32180-9a51-4fa4-ab10-5b2e11c743c3","local_time":"20210202213748","is_ascension_mode":false,"campfire_choices":[{"data":"sneckomod:SnekBite","floor":1,"key":"SMITH"},{"data":"sneckomod:WideSting","floor":6,"key":"SMITH"},{"data":"sneckomod:SnekBeam","floor":12,"key":"SMITH"}],"circlet_count":0,"master_deck":["sneckomod:Strike","sneckomod:Strike","sneckomod:Defend","sneckomod:Defend","sneckomod:TailWhip","sneckomod:SnekBite+1","sneckomod:Unknown","sneckomod:Unknown","sneckomod:SnekBeam+1","sneckomod:SlitherStrike","sneckomod:WideSting+1","sneckomod:Unknown2Cost","downfall:Icky","downfall:Icky","sneckomod:UnknownUncommonSkill","HandOfGreed","HandOfGreed","sneckomod:UnknownBlock","sneckomod:UnknownUncommonAttack","sneckomod:UnknownBoss"],"relics":["sneckomod:SneckoSoul","Meat on the Bone","The Courier","reliquary:FerryPass","reliquary:Aerogel","DollysMirror"],"acts_visited":["Exordium"],"potions_floor_usage":[14,14,15,16],"damage_taken":[{"damage":0,"enemies":"Cultist","floor":2,"turns":3},{"damage":7,"enemies":"2 Louse","floor":3,"turns":3},{"damage":5,"enemies":"Small Slimes","floor":5,"turns":2},{"damage":0,"enemies":"Large Slime","floor":8,"turns":5},{"damage":10,"enemies":"downfall:FleeingMerchant","floor":10,"turns":4},{"damage":13,"enemies":"2 Fungi Beasts","floor":11,"turns":4},{"damage":11,"enemies":"3 Louse","floor":14,"turns":3},{"damage":14,"enemies":"Gremlin Gang","floor":15,"turns":3},{"damage":72,"enemies":"SI_SHIV_ARCHETYPE","floor":16,"turns":8}],"seed_played":"2471968614902482910","potions_obtained":[{"floor":11,"key":"FearPotion"},{"floor":13,"key":"PowerPotion"},{"floor":13,"key":"Regen Potion"},{"floor":14,"key":"Swift Potion"}],"is_trial":false,"path_per_floor":["R","M","M","?","M","R","T","M","?","$","M","R","?","M","M","B"],"character_chosen":"THE_SNECKO","items_purchased":["HandOfGreed","reliquary:FerryPass","reliquary:Aerogel","DollysMirror"],"campfire_rested":0,"item_purchase_floors":[10,10,10,10],"current_hp_per_floor":[90,90,83,65,60,60,60,60,60,50,49,49,49,47,49,0,0,0],"gold":148,"neow_bonus":"REMOVE_TWO","is_daily":false,"chose_seed":false,"campfire_upgraded":3,"win_rate":0.0,"timestamp":1612323468,"path_taken":["R","M","?","?","M","R","T","M","?","$","M","R","?","M","M","BOSS"],"items_purchased_type":["Card","Relic","Relic","Relic"],"build_version":"2020-12-22","purchased_purges":1,"victory":false,"max_hp_per_floor":[90,90,90,90,90,90,90,90,90,90,90,90,90,90,90,90,90,90],"card_choices":[{"not_picked":["sneckomod:QuickMove","sneckomod:MasterEye"],"picked":"sneckomod:SnekBeam","floor":2},{"not_picked":["sneckomod:UnknownCommonAttack","sneckomod:RainOfDice"],"picked":"sneckomod:SlitherStrike","floor":3},{"not_picked":["sneckomod:SnakeSap","sneckomod:DiceBlock"],"picked":"sneckomod:WideSting","floor":5},{"not_picked":["sneckomod:SoulRoll","sneckomod:SoulCleanse"],"picked":"sneckomod:Unknown2Cost","floor":8},{"not_picked":["sneckomod:UnknownStrike","sneckomod:SlitherStrike"],"picked":"sneckomod:UnknownUncommonSkill","floor":10},{"not_picked":["sneckomod:UnknownCommonAttack","sneckomod:MasterEye"],"picked":"sneckomod:UnknownBlock","floor":11},{"not_picked":["sneckomod:UnknownWeak","sneckomod:MasterEye"],"picked":"sneckomod:UnknownUncommonAttack","floor":14},{"not_picked":["sneckomod:ImprovisedAttack","sneckomod:UnknownCommonAttack"],"picked":"sneckomod:UnknownBoss","floor":15}],"player_experience":226632,"relics_obtained":[{"floor":7,"key":"The Courier"}],"event_choices":[{"damage_healed":0,"gold_gain":0,"player_choice":"Success","damage_taken":18,"relics_obtained":["Meat on the Bone"],"max_hp_gain":0,"max_hp_loss":0,"event_name":"Scrap Ooze","floor":4,"gold_loss":0},{"damage_healed":0,"gold_gain":0,"player_choice":"Got Potions","damage_taken":0,"max_hp_gain":0,"max_hp_loss":0,"event_name":"Lab","floor":13,"gold_loss":0}],"is_beta":false,"boss_relics":[],"items_purged_floors":[10],"is_endless":false,"potions_floor_spawned":[11,14],"killed_by":"SI_SHIV_ARCHETYPE","ascension_level":0}}