{"host":"p0hktren06injwdf","time":1612386660,"event":{"mods":["AchievementEnabler","BaseMod","Colored Map","DeckTracker","Minty Spire (QoL Compilation)","Permanent Neow","StSLib","SuperFastMode"],"gold_per_floor":[116,136,61,76,76,108,108,119,119,139,158,208,50,81,81,155,155,170,181,124,142,42,70,82,82,130,143,143,143],"floor_reached":28,"language":"KOR","playtime":611,"items_purged":["Doubt","Strike_R"],"score":504,"play_id":"0e9c0604-49e5-42f2-b6ac-383cec605bc9","local_time":"20210204061100","is_ascension_mode":true,"campfire_choices":[{"data":"Demon Form","floor":7.0,"key":"SMITH"},{"floor":15.0,"key":"REST"},{"data":"Sword Boomerang","floor":25,"key":"SMITH"}],"circlet_count":0,"master_deck":["AscendersBane","Strike_R","Strike_R","Strike_R","Defend_R","Defend_R","Defend_R","Defend_R","Bash","Reaper","Wild Strike","Demon Form+1","Bloodletting","Twin Strike","Cleave","Spot Weakness","Reaper","Double Tap","Sword Boomerang+1","True Grit+1","Pommel Strike","Shrug It Off","Exhume","Thunderclap"],"relics":["Burning Blood","Paper Frog","Orichalcum","Sozu","The Courier","Tiny Chest"],"acts_visited":["Exordium","TheCity"],"potions_floor_usage":[23,28],"damage_taken":[{"damage":17.0,"enemies":"Small Slimes","floor":1.0,"turns":5.0},{"damage":12.0,"enemies":"Cultist","floor":2.0,"turns":4.0},{"damage":4.0,"enemies":"Jaw Worm","floor":4.0,"turns":4.0},{"damage":43.0,"enemies":"Lagavulin","floor":6.0,"turns":6.0},{"damage":18.0,"enemies":"Gremlin Gang","floor":8.0,"turns":3.0},{"damage":23.0,"enemies":"Lots of Slimes","floor":10.0,"turns":3.0},{"damage":5.0,"enemies":"2 Fungi Beasts","floor":11.0,"turns":4.0},{"damage":28.0,"enemies":"3 Sentries","floor":14.0,"turns":4.0},{"damage":34.0,"enemies":"Hexaghost","floor":16.0,"turns":8.0},{"damage":26.0,"enemies":"Chosen","floor":18.0,"turns":5.0},{"damage":30.0,"enemies":"Shell Parasite","floor":19.0,"turns":4.0},{"damage":36.0,"enemies":"Centurion and Healer","floor":21.0,"turns":6.0},{"damage":39,"enemies":"Gremlin Leader","floor":23,"turns":6},{"damage":17,"enemies":"3 Cultists","floor":24,"turns":4},{"damage":36,"enemies":"Snake Plant","floor":27,"turns":5},{"damage":83,"enemies":"Slavers","floor":28,"turns":3}],"seed_played":"-3925592021082979896","potions_obtained":[{"floor":2.0,"key":"ElixirPotion"},{"floor":6.0,"key":"AttackPotion"},{"floor":10.0,"key":"EssenceOfSteel"},{"floor":11.0,"key":"AttackPotion"},{"floor":16.0,"key":"Strength Potion"}],"is_trial":false,"path_per_floor":["M","M","$","M","?","E","R","M","T","M","M","?","$","E","R","B",null,"M","M","$","M","$","E","M","R","T","M","E"],"character_chosen":"IRONCLAD","items_purchased":["Reaper","Pommel Strike"],"campfire_rested":1,"item_purchase_floors":[13,20],"current_hp_per_floor":[60,54,54,56,56,34,34,26,26,29,34,34,34,24,46,51,69,56,55,55,49,49,42,55,55,55,30,0,0],"gold":143,"neow_bonus":"THREE_RARE_CARDS","is_daily":false,"chose_seed":false,"campfire_upgraded":2,"win_rate":0.0,"timestamp":1612386660,"path_taken":["M","M","$","M","?","E","R","M","T","M","?","?","$","E","R","BOSS","M","?","$","M","?","E","M","R","T","M","E"],"items_purchased_type":["Card","Card"],"build_version":"2020-12-22","purchased_purges":2,"victory":false,"max_hp_per_floor":[75,75,75,75,75,75,75,75,75,75,75,75,75,75,75,75,75,75,75,75,75,75,75,75,75,75,75,75,75],"card_choices":[{"not_picked":["Bludgeon","Berserk"],"picked":"Reaper","floor":0.0},{"not_picked":["True Grit","Heavy Blade"],"picked":"Wild Strike","floor":1.0},{"not_picked":["Sever Soul","Clash","Havoc"],"picked":"SKIP","floor":2.0},{"not_picked":["Armaments","Iron Wave"],"picked":"Demon Form","floor":4.0},{"not_picked":["Ghostly Armor","Hemokinesis"],"picked":"Twin Strike","floor":6.0},{"not_picked":["Clothesline","Warcry","Cleave"],"picked":"SKIP","floor":8.0},{"not_picked":["Clothesline","Warcry"],"picked":"Cleave","floor":8.0},{"not_picked":["Wild Strike","Headbutt"],"picked":"Spot Weakness","floor":10.0},{"not_picked":["Rage","Dual Wield","Bloodletting"],"picked":"SKIP","floor":11.0},{"not_picked":["Clash","Warcry","Sentinel"],"picked":"SKIP","floor":14.0},{"not_picked":["Corruption","Exhume"],"picked":"Double Tap","floor":16.0},{"not_picked":["Body Slam","Feel No Pain"],"picked":"Sword Boomerang","floor":18.0},{"not_picked":["Wild Strike+1","Shockwave"],"picked":"True Grit+1","floor":19.0},{"not_picked":["Clothesline","Carnage+1"],"picked":"Shrug It Off","floor":21.0},{"not_picked":["True Grit","Shockwave"],"picked":"Exhume","floor":23},{"not_picked":["Body Slam","Inflame","Wild Strike"],"picked":"SKIP","floor":24},{"not_picked":["Pommel Strike","Blood for Blood"],"picked":"Thunderclap","floor":27}],"player_experience":997105,"relics_obtained":[{"floor":6.0,"key":"Paper Frog"},{"floor":14.0,"key":"Orichalcum"},{"floor":23,"key":"The Courier"},{"floor":26,"key":"Tiny Chest"}],"event_choices":[{"damage_healed":0.0,"max_hp_gain":0.0,"max_hp_loss":0.0,"gold_gain":0.0,"cards_transformed":["Strike_R"],"event_name":"Transmorgrifier","player_choice":"Transformed","floor":5.0,"gold_loss":0.0,"damage_taken":0.0,"cards_obtained":["Bloodletting"]},{"damage_healed":0.0,"max_hp_gain":0.0,"max_hp_loss":0.0,"gold_gain":50.0,"event_name":"Golden Shrine","player_choice":"Pray","floor":12.0,"gold_loss":0.0,"damage_taken":0.0}],"is_beta":false,"boss_relics":[{"not_picked":["Tiny House","Cursed Key"],"picked":"Sozu"}],"items_purged_floors":[3,22],"is_endless":false,"potions_floor_spawned":[2,6,10,11,16,21],"killed_by":"Slavers","ascension_level":20}}