{"host":"nsc6ozq3atyrdr3m","time":1612389506,"event":{"mods":["BaseMod","Colored Map","Minty Spire (QoL Compilation)"],"gold_per_floor":[110,260,105,105,123,149,149,163,163,52,72,105,115,115,115,189,189,205,221,146,219,97,97,132,146,169,169,198,198,213,246,246,246,246],"floor_reached":33,"language":"FRA","playtime":687,"items_purged":["Doubt","Decay"],"score":626,"play_id":"8f3c55fa-a798-47ba-8381-c02ff3f1464c","local_time":"20210203225826","is_ascension_mode":true,"campfire_choices":[{"data":"Limit Break","floor":7,"key":"SMITH"},{"floor":15,"key":"REST"},{"data":"Flex","floor":23,"key":"SMITH"},{"floor":27,"key":"REST"},{"data":"Heavy Blade","floor":29,"key":"SMITH"},{"floor":32,"key":"REST"}],"circlet_count":0,"master_deck":["AscendersBane","Strike_R","Strike_R","Strike_R","Strike_R","Strike_R","Defend_R","Bash","Spot Weakness","Sword Boomerang","Thunderclap","Cleave","Limit Break+1","Flex","Double Tap","Flex+1","Immolate","Heavy Blade+1","Regret","Sword Boomerang","Heavy Blade"],"relics":["Burning Blood","Meat on the Bone","Oddly Smooth Stone","Happy Flower","Cursed Key","The Courier","Tiny Chest","Toy Ornithopter","Lizard Tail","Bag of Preparation"],"acts_visited":["Exordium","TheCity"],"potions_floor_usage":[6,12,13,16,24,28,30,30],"damage_taken":[{"damage":6,"enemies":"Cultist","floor":1,"turns":3},{"damage":10,"enemies":"Small Slimes","floor":5,"turns":2},{"damage":40,"enemies":"Lagavulin","floor":6,"turns":6},{"damage":12,"enemies":"Jaw Worm","floor":8,"turns":3},{"damage":29,"enemies":"Gremlin Gang","floor":11,"turns":3},{"damage":28,"enemies":"3 Sentries","floor":12,"turns":6},{"damage":15,"enemies":"Blue Slaver","floor":13,"turns":3},{"damage":18,"enemies":"Slime Boss","floor":16,"turns":8},{"damage":36,"enemies":"Spheric Guardian","floor":18,"turns":5},{"damage":29,"enemies":"Shell Parasite","floor":19,"turns":3},{"damage":30,"enemies":"Gremlin Leader","floor":24,"turns":4},{"damage":24,"enemies":"Snake Plant","floor":25,"turns":2},{"damage":14,"enemies":"Book of Stabbing","floor":28,"turns":2},{"damage":66,"enemies":"Snecko","floor":30,"turns":5},{"damage":38,"enemies":"Slavers","floor":31,"turns":3},{"damage":114,"enemies":"Collector","floor":33,"turns":6}],"seed_played":"7675516026040985421","potions_obtained":[{"floor":5,"key":"DistilledChaos"},{"floor":8,"key":"Dexterity Potion"},{"floor":12,"key":"BloodPotion"},{"floor":13,"key":"Explosive Potion"},{"floor":24,"key":"PowerPotion"},{"floor":28,"key":"EntropicBrew"}],"is_trial":false,"path_per_floor":["M","?","$","?","M","E","R","M","T","$","M","E","M","?","R","B",null,"M","M","?","T","$","R","E","M","T","R","E","R","M","E","R","B"],"character_chosen":"IRONCLAD","items_purchased":["Sword Boomerang","Thunderclap","FairyPotion","PowerPotion"],"campfire_rested":3,"item_purchase_floors":[3,3,10,22],"current_hp_per_floor":[50,50,50,75,71,37,37,43,43,43,32,22,40,40,62,50,69,51,40,40,40,40,40,28,22,22,44,53,53,40,20,42,0,0],"gold":246,"neow_bonus":"REMOVE_TWO","is_daily":false,"chose_seed":false,"campfire_upgraded":3,"win_rate":0.0,"timestamp":1612389506,"path_taken":["M","?","$","?","M","E","R","M","T","?","?","E","M","?","R","BOSS","M","M","?","?","$","R","E","M","T","R","E","R","M","E","R","BOSS"],"items_purchased_type":["Card","Card","Potion","Potion"],"build_version":"2020-12-22","purchased_purges":2,"victory":false,"max_hp_per_floor":[75,75,75,75,75,75,75,75,75,75,75,75,75,75,75,75,75,75,75,75,75,75,75,75,75,75,75,75,75,75,75,75,75,75],"card_choices":[{"not_picked":["Headbutt","Anger"],"picked":"Spot Weakness","floor":1},{"not_picked":["Havoc","Twin Strike"],"picked":"Cleave","floor":5},{"not_picked":["Wild Strike","Double Tap"],"picked":"Limit Break","floor":6},{"not_picked":["Infernal Blade","Fire Breathing"],"picked":"Flex","floor":8},{"not_picked":["Clothesline","Pommel Strike","Wild Strike"],"picked":"SKIP","floor":11},{"not_picked":["Clash","Rage"],"picked":"Double Tap","floor":12},{"not_picked":["Anger","Wild Strike"],"picked":"Flex","floor":13},{"not_picked":["Reaper","Limit Break"],"picked":"Immolate","floor":16},{"not_picked":["Flex","Cleave","Hemokinesis"],"picked":"SKIP","floor":18},{"not_picked":["Armaments","Hemokinesis","True Grit"],"picked":"SKIP","floor":19},{"not_picked":["Whirlwind","Searing Blow"],"picked":"Heavy Blade","floor":24},{"not_picked":["Clash","Headbutt","Searing Blow+1"],"picked":"SKIP","floor":25},{"not_picked":["Carnage+1","Perfected Strike"],"picked":"Sword Boomerang","floor":28},{"not_picked":["Dropkick+1","Carnage+1"],"picked":"Heavy Blade","floor":30},{"not_picked":["Armaments","Searing Blow","Body Slam"],"picked":"SKIP","floor":31}],"player_experience":375990,"relics_obtained":[{"floor":6,"key":"Meat on the Bone"},{"floor":9,"key":"Oddly Smooth Stone"},{"floor":12,"key":"Happy Flower"},{"floor":21,"key":"The Courier"},{"floor":24,"key":"Tiny Chest"},{"floor":26,"key":"Toy Ornithopter"},{"floor":28,"key":"Lizard Tail"},{"floor":31,"key":"Bag of Preparation"}],"event_choices":[{"damage_healed":0,"gold_gain":150,"player_choice":"AGREE","damage_taken":0,"max_hp_gain":0,"max_hp_loss":0,"event_name":"Liars Game","floor":2,"gold_loss":0,"cards_obtained":["Doubt"]},{"damage_healed":25,"gold_gain":0,"player_choice":"Banana","damage_taken":0,"max_hp_gain":0,"max_hp_loss":0,"event_name":"Big Fish","floor":4,"gold_loss":0},{"damage_healed":0,"gold_gain":0,"player_choice":"Fled","damage_taken":0,"max_hp_gain":0,"max_hp_loss":0,"event_name":"Scrap Ooze","floor":14,"gold_loss":0},{"cards_removed":["Defend_R"],"damage_healed":0,"gold_gain":0,"player_choice":"Gave Gold","damage_taken":0,"max_hp_gain":0,"max_hp_loss":0,"event_name":"Beggar","floor":20,"gold_loss":75}],"is_beta":false,"boss_relics":[{"not_picked":["Runic Cube","Fusion Hammer"],"picked":"Cursed Key"}],"items_purged_floors":[3,22],"is_endless":false,"potions_floor_spawned":[5,8,12,13,24,28],"killed_by":"Collector","ascension_level":20}}