{"host":"c2vrdknshfutmcsq","time":1612395103,"event":{"mods":["BaseMod","Minty Spire (QoL Compilation)"],"gold_per_floor":[116,133,133,133,16,48,48,75,98,98,98,98,129,149,149,224,224,234,131,131,147,72,72,122,157,202,16,16,27,62,79,79,79,79],"floor_reached":33,"language":"ENG","playtime":1553,"items_purged":["Pain","Strike_B"],"score":632,"play_id":"e8a1da93-506b-4b43-8b24-0ffeb645ae4f","local_time":"20210204003143","is_ascension_mode":true,"campfire_choices":[{"floor":7.0,"key":"REST"},{"data":"Dualcast","floor":11.0,"key":"SMITH"},{"data":"Sunder","floor":15.0,"key":"SMITH"},{"floor":23.0,"key":"REST"},{"data":"Fusion","floor":32.0,"key":"SMITH"}],"circlet_count":0,"master_deck":["AscendersBane","Strike_B","Defend_B","Defend_B","Defend_B","Defend_B","Zap","Dualcast+1","Steam","Compile Driver","Sunder+1","Loop","Go for the Eyes","Melter","Sunder+1","Rebound","Hyperbeam","Fusion+1","Stack","Conserve Battery","Writhe","Stack","Core Surge","Hologram"],"relics":["Cracked Core","NeowsBlessing","PreservedInsect","Vajra","Ancient Tea Set","Juzu Bracelet","WarpedTongs","HornCleat","Black Star","Boot","Bronze Scales","Toy Ornithopter","MealTicket","Pantograph","Pen Nib","Lantern"],"acts_visited":["Exordium","TheCity"],"potions_floor_usage":[33],"damage_taken":[{"damage":0.0,"enemies":"Cultist","floor":1.0,"turns":1.0},{"damage":0.0,"enemies":"Small Slimes","floor":2.0,"turns":1.0},{"damage":0.0,"enemies":"Lagavulin","floor":6.0,"turns":1.0},{"damage":11.0,"enemies":"Gremlin Nob","floor":8.0,"turns":3.0},{"damage":8.0,"enemies":"3 Sentries","floor":13.0,"turns":5.0},{"damage":0.0,"enemies":"2 Louse","floor":14.0,"turns":1.0},{"damage":8.0,"enemies":"Slime Boss","floor":16.0,"turns":7.0},{"damage":1.0,"enemies":"Chosen","floor":18.0,"turns":3.0},{"damage":20.0,"enemies":"2 Thieves","floor":21.0,"turns":3.0},{"damage":20.0,"enemies":"Book of Stabbing","floor":25.0,"turns":4.0},{"damage":0.0,"enemies":"Sentry and Sphere","floor":29.0,"turns":3.0},{"damage":9.0,"enemies":"Slavers","floor":30.0,"turns":3.0},{"damage":1.0,"enemies":"Snecko","floor":31.0,"turns":4.0},{"damage":77,"enemies":"Collector","floor":33,"turns":13}],"seed_played":"-4409401222250232032","potions_obtained":[{"floor":6.0,"key":"GamblersBrew"},{"floor":8.0,"key":"Fire Potion"},{"floor":14.0,"key":"SteroidPotion"},{"floor":25.0,"key":"SteroidPotion"},{"floor":29.0,"key":"DistilledChaos"},{"floor":30.0,"key":"AttackPotion"}],"is_trial":false,"path_per_floor":["M","M","?","?","$","E","R","E","T","?","R","?","E","M","R","B",null,"M","$","T","M","?","R","?","E","T","$","?","M","E","M","R","B"],"character_chosen":"DEFECT","items_purchased":["Sunder","Loop","Stack","Regen Potion"],"campfire_rested":2,"item_purchase_floors":[5,5,19,27],"current_hp_per_floor":[64,64,57,31,31,31,52,41,41,41,41,41,33,33,33,25,60,59,59,59,39,39,60,53,33,33,48,48,53,49,53,53,14,14],"gold":79,"neow_bonus":"THREE_ENEMY_KILL","is_daily":false,"chose_seed":false,"campfire_upgraded":3,"win_rate":0.0,"timestamp":1612395103,"path_taken":["M","?","?","?","$","E","R","E","T","?","R","?","E","M","R","BOSS","M","$","?","M","?","R","?","E","T","?","?","M","E","M","R","BOSS"],"items_purchased_type":["Card","Card","Card","Potion"],"build_version":"2020-12-22","purchased_purges":2,"victory":false,"max_hp_per_floor":[71,71,71,71,71,71,71,71,71,71,71,71,71,71,71,71,71,71,71,71,71,71,71,71,71,71,71,71,71,71,71,71,71,71],"card_choices":[{"not_picked":["Hello World","Capacitor"],"picked":"Steam","floor":1.0},{"not_picked":["Barrage","Steam"],"picked":"Compile Driver","floor":2.0},{"not_picked":["Aggregate","Steam"],"picked":"Go for the Eyes","floor":6.0},{"not_picked":["Hologram","All For One"],"picked":"Melter","floor":8.0},{"not_picked":["Force Field","Conserve Battery"],"picked":"Sunder","floor":13.0},{"not_picked":["Rip and Tear","Steam"],"picked":"Rebound","floor":14.0},{"not_picked":["Amplify","Multi-Cast"],"picked":"Hyperbeam","floor":16.0},{"not_picked":["Steam","Turbo"],"picked":"Fusion","floor":18.0},{"not_picked":["Chill","Doom and Gloom"],"picked":"Conserve Battery","floor":21.0},{"not_picked":["Steam","Consume","Recycle"],"picked":"SKIP","floor":25.0},{"not_picked":["Steam","Turbo"],"picked":"Stack","floor":29.0},{"not_picked":["Stack","Gash+1"],"picked":"Core Surge","floor":30.0},{"not_picked":["Chill","Self Repair"],"picked":"Hologram","floor":31.0}],"player_experience":1342952,"relics_obtained":[{"floor":6.0,"key":"Vajra"},{"floor":8.0,"key":"Ancient Tea Set"},{"floor":9.0,"key":"Juzu Bracelet"},{"floor":13.0,"key":"HornCleat"},{"floor":20.0,"key":"Boot"},{"floor":25.0,"key":"Bronze Scales"},{"floor":25.0,"key":"Toy Ornithopter"},{"floor":26.0,"key":"MealTicket"},{"floor":30.0,"key":"Pen Nib"},{"floor":30.0,"key":"Lantern"}],"event_choices":[{"cards_removed":["Strike_B"],"damage_healed":0.0,"max_hp_gain":0.0,"max_hp_loss":0.0,"gold_gain":0.0,"event_name":"Golden Wing","player_choice":"Card Removal","floor":3.0,"gold_loss":0.0,"damage_taken":7.0},{"damage_healed":0.0,"max_hp_gain":0.0,"max_hp_loss":0.0,"gold_gain":0.0,"event_name":"Scrap Ooze","player_choice":"Success","floor":4.0,"gold_loss":0.0,"damage_taken":26.0,"relics_obtained":["PreservedInsect"]},{"damage_healed":0.0,"max_hp_gain":0.0,"max_hp_loss":0.0,"gold_gain":0.0,"event_name":"Living Wall","player_choice":"Grow","floor":10.0,"gold_loss":0.0,"damage_taken":0.0,"cards_upgraded":["Sunder"]},{"damage_healed":0.0,"max_hp_gain":0.0,"max_hp_loss":0.0,"gold_gain":0.0,"event_name":"Accursed Blacksmith","player_choice":"Rummage","floor":12.0,"gold_loss":0.0,"damage_taken":0.0,"relics_obtained":["WarpedTongs"],"cards_obtained":["Pain"]},{"cards_removed":["Strike_B"],"damage_healed":0.0,"max_hp_gain":0.0,"max_hp_loss":0.0,"gold_gain":0.0,"event_name":"Beggar","player_choice":"Gave Gold","floor":22.0,"gold_loss":75.0,"damage_taken":0.0},{"damage_healed":0.0,"max_hp_gain":0.0,"max_hp_loss":0.0,"gold_gain":50.0,"event_name":"FaceTrader","player_choice":"Touch","floor":24.0,"gold_loss":0.0,"damage_taken":7.0},{"damage_healed":0.0,"max_hp_gain":0.0,"max_hp_loss":0.0,"gold_gain":0.0,"event_name":"The Mausoleum","player_choice":"Opened","floor":28.0,"gold_loss":0.0,"damage_taken":0.0,"relics_obtained":["Pantograph"],"cards_obtained":["Writhe"]}],"is_beta":false,"boss_relics":[{"not_picked":["Velvet Choker","Fusion Hammer"],"picked":"Black Star"}],"items_purged_floors":[19,27],"is_endless":false,"potions_floor_spawned":[6,8,14,25,29,30],"killed_by":"Collector","ascension_level":19}}