{"host":"0tiuc76yumknr6qf","time":1612394135,"event":{"mods":["BaseMod","Bestiary","Colored Map","DeckTracker","Highlight Path","Minty Spire (QoL Compilation)","StSLib"],"gold_per_floor":[118,128,144,156,171,198,198,198,198,233,333,333,346,379,379,452,452,469,119,119,137,153,179,229,255,279,279,279],"floor_reached":27,"language":"ENG","playtime":1496,"items_purged":["Strike_R"],"score":646,"play_id":"4dd65f04-0ffd-4ed8-8deb-6162cfcf0499","local_time":"20210203171535","is_ascension_mode":true,"campfire_choices":[{"data":"Dramatic Entrance","floor":8,"key":"SMITH"},{"data":"Carnage","floor":12,"key":"SMITH"},{"data":"Hemokinesis","floor":15,"key":"SMITH"}],"circlet_count":0,"master_deck":["AscendersBane","Strike_R","Strike_R","Strike_R","Strike_R","Defend_R","Defend_R","Defend_R","Defend_R","Bash","Dramatic Entrance+1","Hemokinesis+1","Shrug It Off","Feel No Pain","Carnage+1","Disarm","Disarm","Dual Wield","Second Wind","Shrug It Off","Demon Form","Shrug It Off+1","Dramatic Entrance+1","True Grit+1","Barricade"],"relics":["Burning Blood","PreservedInsect","Pen Nib","Akabeko","Molten Egg 2","Runic Cube","Bottled Tornado","HornCleat","Bag of Preparation"],"acts_visited":["Exordium","TheCity"],"potions_floor_usage":[23,23],"damage_taken":[{"damage":12.0,"enemies":"Jaw Worm","floor":1.0,"turns":3.0},{"damage":3.0,"enemies":"Cultist","floor":2.0,"turns":3.0},{"damage":14.0,"enemies":"Small Slimes","floor":3.0,"turns":3.0},{"damage":0.0,"enemies":"3 Louse","floor":4.0,"turns":3.0},{"damage":8.0,"enemies":"Looter","floor":5.0,"turns":2.0},{"damage":18,"enemies":"3 Sentries","floor":6,"turns":7},{"damage":10,"enemies":"Gremlin Nob","floor":10,"turns":3},{"damage":2,"enemies":"Large Slime","floor":13,"turns":4},{"damage":3,"enemies":"3 Sentries","floor":14,"turns":4},{"damage":14,"enemies":"The Guardian","floor":16,"turns":12},{"damage":34,"enemies":"3 Byrds","floor":18,"turns":7},{"damage":21,"enemies":"2 Thieves","floor":21,"turns":3},{"damage":18,"enemies":"Centurion and Healer","floor":22,"turns":7},{"damage":2,"enemies":"Book of Stabbing","floor":23,"turns":8},{"damage":0,"enemies":"Gremlin Leader","floor":25,"turns":4},{"damage":22,"enemies":"Book of Stabbing","floor":27,"turns":7}],"seed_played":"3809523013989163258","potions_obtained":[{"floor":5.0,"key":"PowerPotion"},{"floor":6,"key":"FairyPotion"},{"floor":18,"key":"DuplicationPotion"}],"is_trial":false,"path_per_floor":["M","M","M","M","M","E","?","R","T","E","?","R","M","E","R","B",null,"M","$","?","M","M","E","?","E","T","E"],"character_chosen":"IRONCLAD","items_purchased":["Bottled Tornado"],"campfire_rested":0,"item_purchase_floors":[19],"current_hp_per_floor":[62,65,57,63,61,49,49,49,49,45,45,45,49,52,52,44,67,39,39,39,24,12,16,16,22,22,0,0],"gold":279,"neow_bonus":"RANDOM_COLORLESS","is_daily":false,"chose_seed":false,"campfire_upgraded":3,"win_rate":0.0,"timestamp":1612394135,"path_taken":["M","M","M","M","M","E","?","R","T","E","?","R","M","E","R","BOSS","M","$","?","?","M","E","?","E","T","E"],"items_purchased_type":["Relic"],"build_version":"2020-12-22","purchased_purges":1,"victory":false,"max_hp_per_floor":[75,75,75,75,75,75,75,75,75,75,75,75,75,75,75,75,75,75,75,75,75,75,75,75,75,75,75,75],"card_choices":[{"not_picked":["Impatience","Purity"],"picked":"Dramatic Entrance","floor":0.0},{"not_picked":["Flex","Headbutt"],"picked":"Hemokinesis","floor":1.0},{"not_picked":["Headbutt","Thunderclap"],"picked":"Shrug It Off","floor":2.0},{"not_picked":["Power Through","Twin Strike"],"picked":"Feel No Pain","floor":3.0},{"not_picked":["Anger","Iron Wave"],"picked":"Carnage","floor":4.0},{"not_picked":["Spot Weakness","Headbutt"],"picked":"Disarm","floor":5.0},{"not_picked":["Searing Blow","Power Through"],"picked":"Disarm","floor":6},{"not_picked":["Infernal Blade","Bloodletting"],"picked":"Dual Wield","floor":10},{"not_picked":["Armaments","Uppercut"],"picked":"Second Wind","floor":13},{"not_picked":["Seeing Red","Bloodletting"],"picked":"Shrug It Off","floor":14},{"not_picked":["Brutality","Immolate+1"],"picked":"Demon Form","floor":16},{"not_picked":["Flex","Body Slam+1"],"picked":"Shrug It Off+1","floor":18},{"not_picked":["Anger+1","Flex","Inflame"],"picked":"SKIP","floor":21},{"not_picked":["Pommel Strike+1","Combust"],"picked":"True Grit+1","floor":22},{"not_picked":["Bludgeon+1","Intimidate"],"picked":"Barricade","floor":23},{"not_picked":["Anger+1","Warcry","Headbutt+1"],"picked":"SKIP","floor":25}],"player_experience":1929131,"relics_obtained":[{"floor":6,"key":"PreservedInsect"},{"floor":9,"key":"Pen Nib"},{"floor":10,"key":"Akabeko"},{"floor":14,"key":"Molten Egg 2"},{"floor":23,"key":"HornCleat"},{"floor":25,"key":"Bag of Preparation"}],"event_choices":[{"damage_healed":0,"gold_gain":0,"player_choice":"Ignored","damage_taken":0,"max_hp_gain":0,"max_hp_loss":0,"event_name":"Liars Game","floor":7,"gold_loss":0},{"damage_healed":0,"gold_gain":100,"player_choice":"Gold","damage_taken":0,"max_hp_gain":0,"max_hp_loss":0,"event_name":"Wheel of Change","floor":11,"gold_loss":0},{"damage_healed":0,"gold_gain":0,"player_choice":"Copied","damage_taken":0,"max_hp_gain":0,"max_hp_loss":0,"event_name":"Duplicator","floor":20,"gold_loss":0,"cards_obtained":["Dramatic Entrance"]},{"damage_healed":0,"gold_gain":50,"player_choice":"Pray","damage_taken":0,"max_hp_gain":0,"max_hp_loss":0,"event_name":"Golden Shrine","floor":24,"gold_loss":0}],"is_beta":false,"boss_relics":[{"not_picked":["SacredBark","Black Star"],"picked":"Runic Cube"}],"items_purged_floors":[19],"is_endless":false,"potions_floor_spawned":[5,6,14,18],"killed_by":"Book of Stabbing","ascension_level":20}}