{"host":"d744ndivyohnro60","time":1612323418,"event":{"mods":["BaseMod","Bestiary","Colored Powertips","Minty Spire (QoL Compilation)","Relic Stats"],"gold_per_floor":[113,288,288,298,298,330,340,80,151,151,182,36,36,46,46,46,46],"floor_reached":16,"language":"ENG","playtime":324,"items_purged":["Doubt"],"score":160,"play_id":"4e825829-ceda-4738-9851-54089d6b2961","local_time":"20210202223658","is_ascension_mode":true,"campfire_choices":[{"floor":13,"key":"REST"},{"floor":15,"key":"REST"}],"circlet_count":0,"master_deck":["Strike_B","Strike_B","Strike_B","Strike_B","Defend_B","Defend_B","Defend_B","Defend_B","Zap+1","Dualcast","Compile Driver","Force Field","Decay","Streamline","Thunder Strike","Static Discharge","Skim","Lockon","BootSequence","Ball Lightning+1"],"relics":["Cracked Core","NeowsBlessing","Omamori","Molten Egg 2","CultistMask","Frozen Egg 2","PreservedInsect"],"acts_visited":["Exordium"],"potions_floor_usage":[14,16],"damage_taken":[{"damage":0,"enemies":"2 Louse","floor":1,"turns":1},{"damage":0,"enemies":"Cultist","floor":4,"turns":1},{"damage":0,"enemies":"Gremlin Nob","floor":6,"turns":1},{"damage":7,"enemies":"Jaw Worm","floor":7,"turns":2},{"damage":34,"enemies":"Lagavulin","floor":11,"turns":6},{"damage":24,"enemies":"Exordium Thugs","floor":14,"turns":3},{"damage":60,"enemies":"Slime Boss","floor":16,"turns":7}],"seed_played":"-6207066968471209831","potions_obtained":[{"floor":1,"key":"GamblersBrew"},{"floor":6,"key":"Explosive Potion"}],"is_trial":false,"path_per_floor":["M","?","?","M","?","E","M","$","T","?","E","$","R","M","R","B"],"character_chosen":"DEFECT","items_purchased":["Static Discharge","Skim","Lockon","PreservedInsect"],"campfire_rested":2,"item_purchase_floors":[8,8,8,12],"current_hp_per_floor":[75,75,75,75,75,75,68,68,68,68,34,34,56,32,54,0,0],"gold":46,"neow_bonus":"THREE_ENEMY_KILL","is_daily":false,"chose_seed":false,"campfire_upgraded":0,"win_rate":0.0,"timestamp":1612323418,"path_taken":["M","?","?","?","?","E","?","$","T","?","E","?","R","M","R","BOSS"],"items_purchased_type":["Card","Card","Card","Relic"],"build_version":"2020-12-22","purchased_purges":1,"victory":false,"max_hp_per_floor":[75,75,75,75,75,75,75,75,75,75,75,75,75,75,75,75,75],"relic_stats":{"counters":[7,21],"PreservedInsect":0,"obtain_stats":[{"NeowsBlessing":0,"Molten Egg 2":9,"CultistMask":10,"PreservedInsect":12,"Omamori":6,"Frozen Egg 2":11,"Cracked Core":0},{"NeowsBlessing":0,"Molten Egg 2":4,"CultistMask":4,"PreservedInsect":5,"Omamori":3,"Frozen Egg 2":5,"Cracked Core":0},{"NeowsBlessing":0,"Molten Egg 2":5,"CultistMask":5,"PreservedInsect":11,"Omamori":3,"Frozen Egg 2":11,"Cracked Core":0}]},"card_choices":[{"not_picked":["Heatsinks","Rebound"],"picked":"Compile Driver","floor":1},{"not_picked":["Steam","Barrage"],"picked":"Force Field","floor":4},{"not_picked":["Recycle","Redo"],"picked":"Streamline","floor":6},{"not_picked":["Compile Driver","Force Field"],"picked":"Thunder Strike","floor":7},{"not_picked":["Stack","Hologram"],"picked":"BootSequence","floor":11},{"not_picked":["BootSequence","Hologram"],"picked":"Ball Lightning+1","floor":14}],"player_experience":201455,"relics_obtained":[{"floor":6,"key":"Omamori"},{"floor":9,"key":"Molten Egg 2"},{"floor":11,"key":"Frozen Egg 2"}],"event_choices":[{"damage_healed":0,"gold_gain":175,"player_choice":"AGREE","damage_taken":0,"max_hp_gain":0,"max_hp_loss":0,"event_name":"Liars Game","floor":2,"gold_loss":0,"cards_obtained":["Doubt"]},{"damage_healed":0,"gold_gain":0,"player_choice":"Upgraded","damage_taken":0,"max_hp_gain":0,"max_hp_loss":0,"event_name":"Upgrade Shrine","floor":3,"gold_loss":0,"cards_upgraded":["Zap"]},{"damage_healed":0,"gold_gain":0,"player_choice":"Cursed","damage_taken":0,"max_hp_gain":0,"max_hp_loss":0,"event_name":"Wheel of Change","floor":5,"gold_loss":0,"cards_obtained":["Decay"]},{"damage_healed":0,"gold_gain":0,"player_choice":"Trade","damage_taken":0,"relics_obtained":["CultistMask"],"max_hp_gain":0,"max_hp_loss":0,"event_name":"FaceTrader","floor":10,"gold_loss":0}],"is_beta":false,"boss_relics":[],"items_purged_floors":[8],"is_endless":false,"potions_floor_spawned":[1,6],"killed_by":"Slime Boss","ascension_level":4}}