{"host":"vyiqbz5w606ur92t","time":1612385479,"event":{"mods":["BaseMod","Downfall","Minty Spire (QoL Compilation)","StSLib"],"gold_per_floor":[99,113,126,145,145,145,199,37,63,81,101,131,131,143,156,156,156,156],"floor_reached":16,"language":"ENG","playtime":1393,"items_purged":[],"score":131,"play_id":"3de56b9d-2097-40a8-b85d-4f5bf8e3f910","local_time":"20210203205119","is_ascension_mode":true,"campfire_choices":[{"data":"Guardian:StasisField","floor":1,"key":"SMITH"}],"circlet_count":0,"master_deck":["Guardian:Defend_Guardian","Guardian:Defend_Guardian","Guardian:Defend_Guardian","Guardian:Defend_Guardian","Guardian:CurlUp","Guardian:TwinSlam","Guardian:StasisField+1","Guardian:Planning","Guardian:BronzeOrb","Guardian:FloatingOrbs","Guardian:EvasiveProtocol","Guardian:ChargeCore","Guardian:ChargeCore","Guardian:BodySlam","Guardian:Repulse","Guardian:CompilePackage","Guardian:Repulse","Guardian:CrystalBeam","downfall:Haunted","Guardian:ShieldCharger","Guardian:Gem_Yellow","Guardian:Clone"],"relics":["Guardian:ModeShifter","Toolbox","StoneCalendar","Gremlin Horn"],"acts_visited":["Exordium"],"potions_floor_usage":[16],"damage_taken":[{"damage":0,"enemies":"Jaw Worm","floor":2,"turns":6},{"damage":4,"enemies":"Small Slimes","floor":3,"turns":5},{"damage":1,"enemies":"Cultist","floor":4,"turns":4},{"damage":0,"enemies":"downfall:FleeingMerchant","floor":8,"turns":4},{"damage":10,"enemies":"Gremlin Nob","floor":9,"turns":4},{"damage":8,"enemies":"Large Slime","floor":10,"turns":5},{"damage":9,"enemies":"Exordium Thugs","floor":11,"turns":4},{"damage":15,"enemies":"Lagavulin","floor":12,"turns":7},{"damage":1,"enemies":"2 Fungi Beasts","floor":14,"turns":3},{"damage":3,"enemies":"Exordium Wildlife","floor":15,"turns":4},{"damage":19,"enemies":"DF_ARCHETYPE_STREAMLINE","floor":16,"turns":3}],"seed_played":"-4109530154055123339","potions_obtained":[{"floor":2,"key":"bronze:BurnAndBuffPotion"},{"floor":3,"key":"FearPotion"},{"floor":10,"key":"Dexterity Potion"},{"floor":14,"key":"Guardian:AcceleratePotion"}],"is_trial":false,"path_per_floor":["R","M","M","M","?","?","T","$","E","M","M","E","?","M","M","B"],"character_chosen":"GUARDIAN","items_purchased":["Toolbox"],"campfire_rested":0,"item_purchase_floors":[8],"current_hp_per_floor":[56,56,52,51,51,51,51,51,41,33,24,9,9,8,5,0,0,0],"gold":156,"neow_bonus":"THREE_RARE_CARDS","is_daily":false,"chose_seed":false,"campfire_upgraded":1,"win_rate":0.0,"timestamp":1612385479,"path_taken":["R","M","M","M","?","?","T","$","E","M","?","E","?","M","M","BOSS"],"items_purchased_type":["Relic"],"build_version":"2020-12-22","purchased_purges":0,"victory":false,"max_hp_per_floor":[80,80,80,80,80,80,80,80,80,80,80,80,80,80,80,80,80,80],"card_choices":[{"not_picked":["Guardian:TimeSifter","Guardian:GatlingBeam"],"picked":"Guardian:StasisField","floor":0},{"not_picked":["Guardian:Repulse","Guardian:ArmoredProtocol"],"picked":"Guardian:Planning","floor":2},{"not_picked":["Guardian:Gem_Cyan","Guardian:ShieldSpikes"],"picked":"Guardian:BronzeOrb","floor":3},{"not_picked":["Guardian:VentSteam","Guardian:ChargeUp"],"picked":"Guardian:FloatingOrbs","floor":4},{"not_picked":["Guardian:GuardianWhirl","Guardian:TemporalStrike","Guardian:Gem_Green"],"picked":"SKIP","floor":8},{"not_picked":["Guardian:TemporalShield","Guardian:Gem_Crimson"],"picked":"Guardian:ChargeCore","floor":9},{"not_picked":["Guardian:VentSteam","Guardian:Gem_Cyan"],"picked":"Guardian:BodySlam","floor":10},{"not_picked":["Guardian:Harden","Guardian:VentSteam"],"picked":"Guardian:Repulse","floor":11},{"not_picked":["Guardian:Suspension","Guardian:DecasProtection"],"picked":"Guardian:CompilePackage","floor":12},{"not_picked":["Guardian:Gem_Green","Guardian:SpikerProtocol"],"picked":"Guardian:Gem_Yellow","floor":14},{"not_picked":["Guardian:Recover","Guardian:VentSteam"],"picked":"Guardian:Clone","floor":15}],"player_experience":1451822,"relics_obtained":[{"floor":9,"key":"StoneCalendar"},{"floor":12,"key":"Gremlin Horn"}],"event_choices":[],"is_beta":false,"boss_relics":[],"items_purged_floors":[],"is_endless":false,"potions_floor_spawned":[2,3,10,11,14],"killed_by":"DF_ARCHETYPE_STREAMLINE","ascension_level":3}}