{"host":"07r93aoh0acudpwr","time":1612373519,"event":{"mods":["AchievementEnabler","Art Attack!","Ascension Reborn","Ascension Unlocker","Aspiration","BaseMod","Beaked The Cultist","Better Third Choice","BetterRewards","Bossed Relics","Conspire","Custom Start","Defuse TimeMaze Blight","Downfall","Duelist Mod","Energized Spire","Evolution","Grow up Mod","GungeonMod","Halation","Hermit","Hero for Fun","Hubris","Jedi Mod","Minty Spire (QoL Compilation)","QueenMod","RRrroohrrRGHHhhh!!","Replay The Spire","Small Relic Pack","Spikes Relics","StSLib","The Bug Knight","The Construct","The Hierophant","The Saiyan","Trackpad","Wandering Minibosses","Warlord Emblem","[IsaacMod]????"],"gold_per_floor":[110,123,138,152,37,68,81,106,106,106,106,136,156,173,173,274,274,285,301,301,318,328,328,355,355,355,355,366,386,403,419,434,434,434,532,532,545,545,44,44,44,79,90,90,90,156,206,206,256,334,334,380,380,380,25,103,173],"floor_reached":58,"language":"ENG","playtime":8760,"items_purged":["Defend_P"],"score":1272,"play_id":"02bc1e83-241c-48e9-a02a-e66753e10054","local_time":"20210203123159","is_ascension_mode":true,"campfire_choices":[{"floor":10,"key":"RECALL"},{"floor":15,"key":"REST"},{"floor":23,"key":"REST"},{"data":"Eruption","floor":25,"key":"SMITH"},{"data":"DevaForm","floor":27,"key":"SMITH"},{"floor":33,"key":"REST"},{"data":"RitualDagger","floor":44,"key":"SMITH"},{"floor":51,"key":"REST"},{"data":"Replay:Hum","floor":54,"key":"SMITH"}],"circlet_count":0,"master_deck":["ArtAttackMod:ArtAttack","Strike_P","Strike_P","Strike_P","Strike_P","Defend_P","Defend_P","Defend_P","Eruption+1","Vigilance","CrushJoints","FearNoEvil","FlyingSleeves","JustLucky","Worship","SashWhip","FearNoEvil","Consecrate","Consecrate","Halt","DevaForm+1","BowlingBash","CrushJoints","RitualDagger+1","FlyingSleeves","CrushJoints","BowlingBash","CrushJoints+1","FlurryOfBlows+1","Replay:BluntJabs+1","Indignation","Replay:Cycle+1","DemoMod:Elimentaler","Vault","Replay:AtTheReady+1","Consecrate+1","Conclude","Replay:BluntJabs","FlyingSleeves+1","FlurryOfBlows+1","CutThroughFate","Conclude","Replay:Hum+1","DemoMod:Spice","FlurryOfBlows","ForeignInfluence+1"],"relics":["PureWater","EVO:Axolotl","HushsDoor","BookofShadows","Strawberry","CrustySpines","Replay:Wax Seal","Replay:Baseball","Black Star","BookOfRevelations","DemoMod:MonsterBlood","DemoMod:ResourcefulSack","DemoMod:PartiallyEatenCheese","hubris:RunicObelisk","energizedSpire:BlackCloud","DemoMod:RatBoots","jedi:crownofsimplicity","hubris:BundleOfHerbs","relicPack:OneForAll","MealTicket","aspiration:FetidBarrel","Replay:Bandana","TuHaoJin","ReplayTheSpireMod:Lightbulb","Replay:Rubber Ducky","TheBible","DemoMod:WeirdEgg","trackpad:SappingStone","hubris:CuriousFeather"],"acts_visited":["Exordium","TheCity","DemoMod:Maze","TheBeyond","TheEnding"],"potions_floor_usage":[46,49,49,49,57,57],"damage_taken":[{"damage":9,"enemies":"conspire:RoseBush","floor":1,"turns":1},{"damage":0,"enemies":"Jaw Worm","floor":2,"turns":1},{"damage":0,"enemies":"2 Louse","floor":3,"turns":1},{"damage":20,"enemies":"Looter","floor":4,"turns":2},{"damage":16,"enemies":"Gremlin Nob","floor":6,"turns":3},{"damage":19,"enemies":"Lots of Slimes","floor":7,"turns":2},{"damage":56,"enemies":"3 Sentries","floor":8,"turns":4},{"damage":13,"enemies":"Gremlin Nob","floor":12,"turns":3},{"damage":0,"enemies":"Large Slime","floor":13,"turns":3},{"damage":1,"enemies":"2 Fungi Beasts","floor":14,"turns":2},{"damage":58,"enemies":"The Guardian","floor":16,"turns":8},{"damage":66,"enemies":"2 Thieves","floor":18,"turns":3},{"damage":52,"enemies":"3 Byrds","floor":19,"turns":3},{"damage":49,"enemies":"3 Cultists","floor":21,"turns":5},{"damage":33,"enemies":"Chosen and Byrds","floor":22,"turns":4},{"damage":94,"enemies":"Book of Stabbing","floor":24,"turns":4},{"damage":14,"enemies":"DemoMod:Red_and_blue_shotgun_kin","floor":28,"turns":2},{"damage":5,"enemies":"DemoMod:4_Bullet_Kins_with_one_veteran","floor":29,"turns":3},{"damage":45,"enemies":"DemoMod:Veteran_shot_gun_kin_and_red_shotgun_kin_with_gunsinger","floor":30,"turns":3},{"damage":25,"enemies":"DemoMod:Veteran_shot_gun_kin_and_blue_shotgun_kin","floor":31,"turns":2},{"damage":41,"enemies":"DemoMod:Red_and_blue_shotgun_kin_with_gunsinger","floor":32,"turns":3},{"damage":89,"enemies":"DemoMod:ResourcefulRat","floor":35,"turns":10},{"damage":84,"enemies":"3 Shapes","floor":37,"turns":3},{"damage":124,"enemies":"R_Hoarder","floor":42,"turns":9},{"damage":0,"enemies":"Orb Walker","floor":43,"turns":2},{"damage":158,"enemies":"Giant Head","floor":46,"turns":10},{"damage":52,"enemies":"4 Shapes","floor":47,"turns":4},{"damage":63,"enemies":"beaked:SuperParasite","floor":49,"turns":8},{"damage":0,"enemies":"Transient","floor":50,"turns":5},{"damage":178,"enemies":"Awakened One","floor":52,"turns":12},{"damage":122,"enemies":"Shield and Spear","floor":56,"turns":5},{"damage":208,"enemies":"The Heart","floor":57,"turns":7}],"seed_played":"-7119960694393725404","potions_obtained":[{"floor":1,"key":"Swift Potion"},{"floor":2,"key":"Flashbang"},{"floor":12,"key":"Fire Potion"},{"floor":14,"key":"SpeedPotion"},{"floor":46,"key":"Block Potion"},{"floor":49,"key":"Swift Potion"},{"floor":56,"key":"sneckomod:MuddlingPotion"}],"is_trial":false,"path_per_floor":["M","M","M","M","$","E","M","E","T","R","?","E","M","M","R","B",null,"M","M","?","M","M","R","E","R","T","R","M","M","M","M","M","R","B","B",null,"M","?","$","?","?","E","M","R","T","E","M","?","E","M","R","B",null,"R","$","E","B",null],"character_chosen":"WATCHER","items_purchased":["DemoMod:GnawedKey","jedi:crownofsimplicity","hubris:BundleOfHerbs","Conclude","DemoMod:WeirdEgg","DemoMod:Spice","FlurryOfBlows"],"campfire_rested":4,"item_purchase_floors":[5,39,39,39,55,55,55],"current_hp_per_floor":[90,100,110,100,110,104,95,49,59,69,79,76,86,95,173,125,259,203,161,165,126,103,205,128,138,356,366,362,367,332,317,286,420,268,189,456,382,392,402,412,422,308,318,328,338,190,148,158,105,115,303,135,626,636,646,534,336],"gold":173,"neow_bonus":"RANDOM_COMMON_RELIC","is_daily":false,"chose_seed":false,"campfire_upgraded":4,"win_rate":0.0,"timestamp":1612373519,"path_taken":["M","M","M","M","$","E","M","E","T","R","?","E","M","M","R","BOSS","M","M","?","?","M","R","E","R","T","R","M","M","M","M","M","R","BOSS","BOSS","M","?","$","?","?","E","?","R","T","E","M","?","E","M","R","BOSS","R","$","E","BOSS"],"items_purchased_type":["Relic","Relic","Relic","Card","Relic","Card","Card"],"build_version":"2020-12-22","purchased_purges":1,"victory":true,"max_hp_per_floor":[99,109,119,129,139,149,159,169,179,189,199,209,219,229,239,249,259,269,279,289,299,309,319,336,346,356,366,376,386,396,406,416,426,436,446,456,466,476,486,496,506,516,526,536,546,556,566,576,586,596,606,616,626,636,646,656,664],"card_choices":[{"not_picked":[],"picked":"ChaosCard","floor":0},{"not_picked":["Bomb","TalkToTheHand"],"picked":"CrushJoints","floor":1},{"not_picked":["ForeignInfluence","WaveOfTheHand"],"picked":"FearNoEvil","floor":2},{"not_picked":["Replay:ManipulateFuture","EmptyMind"],"picked":"FlyingSleeves","floor":3},{"not_picked":["CrushJoints","ClearTheMind"],"picked":"JustLucky","floor":4},{"not_picked":["PathToVictory","Evaluate"],"picked":"Worship","floor":6},{"not_picked":["Replay:ManipulateFuture","Evaluate"],"picked":"SashWhip","floor":7},{"not_picked":["Replay:Hum","CrushJoints"],"picked":"FearNoEvil","floor":8},{"not_picked":["SashWhip","Protect"],"picked":"Consecrate","floor":12},{"not_picked":["Crescendo","CutThroughFate"],"picked":"Consecrate","floor":13},{"not_picked":["Replay:ManipulateFuture","Bomb"],"picked":"Halt","floor":14},{"not_picked":["Omniscience","Alpha"],"picked":"DevaForm","floor":16},{"not_picked":["Crescendo","CrushJoints"],"picked":"BowlingBash","floor":18},{"not_picked":["DeceiveReality+1","Halt+1"],"picked":"CrushJoints","floor":19},{"not_picked":["Vault","Weave+1"],"picked":"FlyingSleeves","floor":21},{"not_picked":["Replay:AtTheReady","Evaluate"],"picked":"CrushJoints","floor":22},{"not_picked":["Prostrate","Crescendo"],"picked":"BowlingBash","floor":24},{"not_picked":["FearNoEvil+1","LikeWater+1"],"picked":"CrushJoints+1","floor":28},{"not_picked":["PathToVictory+1","TalkToTheHand+1"],"picked":"FlurryOfBlows+1","floor":29},{"not_picked":["DeceiveReality","rorgmod:Follow-Up"],"picked":"Replay:BluntJabs+1","floor":30},{"not_picked":["EmptyFist+1","Replay:DivineShield+1"],"picked":"Indignation","floor":31},{"not_picked":["Halt+1","ClearTheMind"],"picked":"Replay:Cycle+1","floor":32},{"not_picked":[],"picked":"DemoMod:Elimentaler","floor":35},{"not_picked":["Brilliance","Alpha"],"picked":"Vault","floor":35},{"not_picked":["Replay:BluntJabs","Replay:Vibes"],"picked":"Replay:AtTheReady+1","floor":36},{"not_picked":["PathToVictory","WindmillStrike"],"picked":"Consecrate+1","floor":37},{"not_picked":["Halt+1","Replay:Anticipation"],"picked":"Replay:BluntJabs","floor":42},{"not_picked":["BattleHymn","Wallop+1"],"picked":"FlyingSleeves+1","floor":43},{"not_picked":["Replay:Hum+1","Replay:Vibes+1"],"picked":"FlurryOfBlows+1","floor":46},{"not_picked":["LikeWater+1","Fasting2+1"],"picked":"CutThroughFate","floor":47},{"not_picked":["Replay:BluntJabs+1","Replay:Anticipation+1"],"picked":"Conclude","floor":49},{"not_picked":["Brilliance","Protect+1"],"picked":"Replay:Hum","floor":50},{"not_picked":["PathToVictory","Halt"],"picked":"ForeignInfluence+1","floor":56}],"player_experience":158556,"relics_obtained":[{"floor":6,"key":"CrustySpines"},{"floor":8,"key":"Replay:Wax Seal"},{"floor":12,"key":"Replay:Baseball"},{"floor":24,"key":"BookOfRevelations"},{"floor":24,"key":"DemoMod:MonsterBlood"},{"floor":36,"key":"DemoMod:ResourcefulSack"},{"floor":36,"key":"DemoMod:PartiallyEatenCheese"},{"floor":36,"key":"hubris:RunicObelisk"},{"floor":36,"key":"energizedSpire:BlackCloud"},{"floor":36,"key":"DemoMod:RatBoots"},{"floor":42,"key":"MealTicket"},{"floor":42,"key":"aspiration:FetidBarrel"},{"floor":45,"key":"Replay:Bandana"},{"floor":46,"key":"TuHaoJin"},{"floor":46,"key":"ReplayTheSpireMod:Lightbulb"},{"floor":49,"key":"Replay:Rubber Ducky"},{"floor":49,"key":"TheBible"},{"floor":56,"key":"trackpad:SappingStone"},{"floor":56,"key":"hubris:CuriousFeather"}],"event_choices":[{"damage_healed":0,"gold_gain":0,"player_choice":"Dagger","damage_taken":6,"max_hp_gain":0,"max_hp_loss":0,"event_name":"betterThird:BetterNest","floor":20,"gold_loss":0,"cards_obtained":["RitualDagger"]}],"is_beta":false,"boss_relics":[{"not_picked":["energizedSpire:EnergizedDie","energizedSpire:NeverEndingSparkler"],"picked":"Black Star"},{"not_picked":[]},{"not_picked":[]}],"items_purged_floors":[55],"is_endless":false,"potions_floor_spawned":[1,2,12,14,16,19,21,28,29,43,46,49,56],"ascension_level":2}}