{"host":"k7hcond86h7ozquk","time":1612395760,"event":{"mods":["AchievementEnabler","BaseMod","Downfall","Hermit","Hubris","Infinite Spire","Minty Spire (QoL Compilation)","Replay The Spire","StSLib","The Cursed","The Jungle"],"gold_per_floor":[110,110,130,130,130,160,160,174,252,252,267,292,292,302,302,397,397,417,231,245,260,260,260,260,260],"floor_reached":24,"language":"ENG","playtime":3374,"items_purged":[],"score":231,"play_id":"992c5d08-cf9e-4fdf-92a5-6753a37877e7","local_time":"20210204094240","is_ascension_mode":false,"campfire_choices":[{"data":"hermit:SprayPray","floor":7.0,"key":"SMITH"},{"data":"hermit:Snapshot","floor":10.0,"key":"SMITH"},{"data":"hermit:Headshot","floor":15.0,"key":"SMITH"},{"data":"hermit:Headshot","floor":23,"key":"SMITH"}],"circlet_count":0,"master_deck":["hermit:Strike_Hermit","hermit:Strike_Hermit+1","hermit:Strike_Hermit","hermit:Strike_Hermit","hermit:Defend_Hermit+1","hermit:Defend_Hermit","hermit:Defend_Hermit+1","hermit:Defend_Hermit","hermit:Snapshot+1","hermit:Covet+1","hermit:SprayPray+1","hermit:ItchyTrigger+1","hermit:Dive","hermit:Determination","hermit:TrackingShot+1","hermit:Desperado","hermit:Headshot+1","hermit:Reprieve","hermit:Headshot+1","hermit:Ricochet","hermit:Ricochet","hermit:PistolWhip","hermit:Ricochet"],"relics":["hermit:Momento","NeowsBlessing","War Paint","infinitespire:PuzzleCube","Replay:Fungal Core","Blue Doll"],"acts_visited":["Exordium","Exordium"],"potions_floor_usage":[21,21],"damage_taken":[{"damage":0.0,"enemies":"Jaw Worm","floor":1.0,"turns":1.0},{"damage":0.0,"enemies":"2 Louse","floor":3.0,"turns":1.0},{"damage":0.0,"enemies":"Gremlin Nob","floor":6.0,"turns":1.0},{"damage":0.0,"enemies":"Cultist","floor":8.0,"turns":3.0},{"damage":17.0,"enemies":"Large Slime","floor":11.0,"turns":6.0},{"damage":8.0,"enemies":"Replay:BlueRogue","floor":12.0,"turns":6.0},{"damage":4.0,"enemies":"Gremlin Gang","floor":14.0,"turns":2.0},{"damage":30.0,"enemies":"Hexaghost","floor":16.0,"turns":8.0},{"damage":5.0,"enemies":"theJungle:5_Spyders","floor":18.0,"turns":6.0},{"damage":6.0,"enemies":"theJungle:MUSHROOMGANG","floor":20.0,"turns":4.0},{"damage":16,"enemies":"theJungle:2_Snecko_Cultists","floor":21,"turns":4},{"damage":63,"enemies":"theJungle:2_Flameangoes","floor":24,"turns":5}],"seed_played":"-461699196423938545","potions_obtained":[{"floor":6.0,"key":"hexamod:SoulburnPotion"},{"floor":12.0,"key":"SpeedPotion"},{"floor":14.0,"key":"Fire Potion"},{"floor":16.0,"key":"Guardian:BlockOnCardUsePotion"},{"floor":18.0,"key":"AttackPotion"},{"floor":20.0,"key":"DuplicationPotion"}],"is_trial":false,"path_per_floor":["M","?","M","$","?","E","R","M","T","R","M","E","?","M","R","B",null,"M","$","M","M","?","R","M"],"character_chosen":"HERMIT","items_purchased":["hermit:Ricochet","Blue Doll"],"campfire_rested":0,"item_purchase_floors":[19,19],"current_hp_per_floor":[75,60,60,60,60,60,60,60,60,60,43,35,35,31,31,1,75,70,70,64,48,58,58,0,0],"gold":260,"neow_bonus":"THREE_ENEMY_KILL","is_daily":false,"chose_seed":false,"campfire_upgraded":4,"win_rate":0.0,"timestamp":1612395760,"path_taken":["M","?","M","$","?","E","R","?","T","R","M","E","?","M","R","BOSS","M","$","M","?","?","R","M"],"items_purchased_type":["Card","Relic"],"build_version":"2020-12-22","purchased_purges":0,"victory":false,"max_hp_per_floor":[75,75,75,75,75,75,75,75,75,75,75,75,75,75,75,75,75,75,75,75,75,75,75,75,75],"card_choices":[{"not_picked":["hermit:Feint","hermit:Quickdraw"],"picked":"hermit:SprayPray","floor":1.0},{"not_picked":["hermit:CalledShot","hermit:Desperado"],"picked":"hermit:ItchyTrigger","floor":3.0},{"not_picked":["hermit:Misfire","hermit:Glare"],"picked":"hermit:Dive","floor":6.0},{"not_picked":["hermit:LowProfile","hermit:Feint"],"picked":"hermit:Determination","floor":8.0},{"not_picked":["hermit:Snipe","hermit:BodyArmor"],"picked":"hermit:TrackingShot","floor":11.0},{"not_picked":["hermit:DeadMansHand","hermit:EyeOfTheStorm"],"picked":"hermit:Desperado","floor":12.0},{"not_picked":["hermit:BodyArmor","hermit:SprayPray"],"picked":"hermit:Headshot","floor":14.0},{"not_picked":["hermit:Roughhouse","hermit:BlackWind"],"picked":"hermit:Reprieve","floor":16.0},{"not_picked":["hermit:Roulette","hermit:Brawl"],"picked":"hermit:Headshot","floor":18.0},{"not_picked":["hermit:Coalescence","hermit:Manifest"],"picked":"hermit:PistolWhip","floor":20.0},{"not_picked":["hermit:Showdown","hermit:Glare"],"picked":"hermit:Ricochet","floor":21}],"player_experience":134576,"relics_obtained":[{"floor":6.0,"key":"War Paint"},{"floor":12.0,"key":"infinitespire:PuzzleCube"}],"event_choices":[{"damage_healed":0.0,"max_hp_gain":0.0,"max_hp_loss":0.0,"gold_gain":0.0,"event_name":"Shining Light","player_choice":"Entered Light","floor":2.0,"gold_loss":0.0,"damage_taken":15.0,"cards_upgraded":["hermit:Defend_Hermit","hermit:Strike_Hermit"]},{"damage_healed":0.0,"max_hp_gain":0.0,"max_hp_loss":0.0,"gold_gain":0.0,"event_name":"Accursed Blacksmith","player_choice":"Forge","floor":5.0,"gold_loss":0.0,"damage_taken":0.0,"cards_upgraded":["hermit:ItchyTrigger"]},{"damage_healed":0.0,"max_hp_gain":0.0,"max_hp_loss":0.0,"gold_gain":0.0,"event_name":"Upgrade Shrine","player_choice":"Upgraded","floor":13.0,"gold_loss":0.0,"damage_taken":0.0,"cards_upgraded":["hermit:TrackingShot"]}],"is_beta":false,"boss_relics":[{"not_picked":["hubris:VirtuousBlindfold","Cursed Key"],"picked":"Replay:Fungal Core"}],"items_purged_floors":[],"is_endless":false,"potions_floor_spawned":[6,12,14,16,18,20],"killed_by":"theJungle:2_Flameangoes","ascension_level":0}}