{"host":"lktusdb9orijgc6z","time":1612312034,"event":{"mods":["BaseMod","Bestiary","Colored Map","Colored Powertips","Minty Spire (QoL Compilation)","Permanent Neow","Quick Restart","Relic Stats","StSLib","everything is the same but u backflip on backflip","slay the spire mod where everything is the same but ironclad has a cowboy hat"],"gold_per_floor":[20,20,33,58,71,107,107,120,120,134,169,169,244,278,278,278,278],"floor_reached":16,"language":"ENG","playtime":490,"items_purged":[],"score":207,"play_id":"ff4509d8-57a7-43ea-9ad4-61bc8705f519","local_time":"20210203012714","is_ascension_mode":true,"campfire_choices":[{"data":"Whirlwind","floor":7.0,"key":"SMITH"},{"data":"Uppercut","floor":12,"key":"SMITH"},{"floor":15,"key":"REST"}],"circlet_count":0,"master_deck":["AscendersBane","Strike_R","Strike_R","Strike_R","Strike_R","Strike_R","Defend_R","Defend_R","Defend_R","Defend_R","Bash","Headbutt","Thunderclap","Anger","Feel No Pain","Whirlwind+1","Carnage","Brutality","Uppercut+1","Dark Embrace"],"relics":["Burning Blood","Unceasing Top","Golden Idol","Question Card","Letter Opener","Juzu Bracelet","Matryoshka"],"acts_visited":["Exordium"],"potions_floor_usage":[11,14],"damage_taken":[{"damage":5.0,"enemies":"Small Slimes","floor":1.0,"turns":5.0},{"damage":18.0,"enemies":"Jaw Worm","floor":3.0,"turns":4.0},{"damage":6.0,"enemies":"Cultist","floor":4.0,"turns":4.0},{"damage":7.0,"enemies":"Looter","floor":5.0,"turns":3.0},{"damage":28.0,"enemies":"Lagavulin","floor":6.0,"turns":8.0},{"damage":0.0,"enemies":"2 Fungi Beasts","floor":8.0,"turns":2.0},{"damage":8,"enemies":"Red Slaver","floor":10,"turns":3},{"damage":16,"enemies":"3 Sentries","floor":11,"turns":5},{"damage":8,"enemies":"Gremlin Nob","floor":14,"turns":3},{"damage":35,"enemies":"The Guardian","floor":16,"turns":8}],"seed_played":"-7577615495132444696","potions_obtained":[{"floor":4.0,"key":"ElixirPotion"},{"floor":6.0,"key":"BlessingOfTheForge"},{"floor":8.0,"key":"SkillPotion"},{"floor":11,"key":"SpeedPotion"}],"is_trial":false,"path_per_floor":["M","?","M","M","M","E","R","M","T","M","E","R","?","E","R","B"],"character_chosen":"IRONCLAD","items_purchased":[],"campfire_rested":1,"item_purchase_floors":[],"current_hp_per_floor":[69,69,57,57,56,34,34,40,40,38,28,28,17,15,35,0,0],"gold":278,"neow_bonus":"ONE_RARE_RELIC","is_daily":false,"chose_seed":false,"campfire_upgraded":2,"win_rate":0.0,"timestamp":1612312034,"path_taken":["M","?","M","M","M","E","R","M","T","M","E","R","?","E","R","BOSS"],"items_purchased_type":[],"build_version":"2020-12-22","purchased_purges":0,"victory":false,"max_hp_per_floor":[75,69,69,69,69,69,69,69,69,69,69,69,69,69,69,69,69],"relic_stats":{"counters":[10,45],"Golden Idol":38,"Juzu Bracelet":0,"Letter Opener":[0],"Question Card":4,"obtain_stats":[{"Matryoshka":14,"Golden Idol":2,"Juzu Bracelet":11,"Letter Opener":9,"Question Card":6,"Burning Blood":0,"Unceasing Top":0},{"Matryoshka":9,"Golden Idol":1,"Juzu Bracelet":8,"Letter Opener":6,"Question Card":5,"Burning Blood":0,"Unceasing Top":0},{"Matryoshka":37,"Golden Idol":5,"Juzu Bracelet":34,"Letter Opener":26,"Question Card":24,"Burning Blood":0,"Unceasing Top":0}],"Burning Blood":54,"Unceasing Top":[9]},"card_choices":[{"not_picked":["Blood for Blood","Reckless Charge"],"picked":"Headbutt","floor":1.0},{"not_picked":["Sword Boomerang","Evolve"],"picked":"Thunderclap","floor":3.0},{"not_picked":["Whirlwind","Disarm"],"picked":"Anger","floor":4.0},{"not_picked":["True Grit","Rampage"],"picked":"Feel No Pain","floor":5.0},{"not_picked":["Cleave","Sword Boomerang"],"picked":"Whirlwind","floor":6.0},{"not_picked":["Clothesline","Metallicize","Perfected Strike"],"picked":"Carnage","floor":8.0},{"not_picked":["Body Slam","Hemokinesis","Carnage"],"picked":"Brutality","floor":10},{"not_picked":["True Grit","Perfected Strike","Carnage"],"picked":"Uppercut","floor":11},{"not_picked":["Rage","Warcry","Uppercut"],"picked":"Dark Embrace","floor":14}],"player_experience":752692,"relics_obtained":[{"floor":6.0,"key":"Question Card"},{"floor":9.0,"key":"Letter Opener"},{"floor":11,"key":"Juzu Bracelet"},{"floor":14,"key":"Matryoshka"}],"event_choices":[{"damage_healed":0.0,"max_hp_gain":0.0,"max_hp_loss":6.0,"gold_gain":0.0,"event_name":"Golden Idol","player_choice":"Lose Max HP","floor":2.0,"gold_loss":0.0,"damage_taken":0.0,"relics_obtained":["Golden Idol"]},{"damage_healed":0,"gold_gain":75,"player_choice":"Gather Gold","damage_taken":11,"max_hp_gain":0,"max_hp_loss":0,"event_name":"World of Goop","floor":13,"gold_loss":0}],"is_beta":false,"boss_relics":[],"items_purged_floors":[],"is_endless":false,"potions_floor_spawned":[4,6,8,11],"killed_by":"The Guardian","ascension_level":14}}