{"host":"4rvakrj1idbgia3f","time":1612345854,"event":{"mods":["BaseMod","Colored Map","Colored Powertips","DeckTracker","Highlight Path","Minty Spire (QoL Compilation)","Random Character Button","StSLib"],"gold_per_floor":[112,112,125,144,144,144,14,14,14,40,40,58,83,158,158,233,233,247,247,261,261,261],"floor_reached":21,"language":"JPN","playtime":521,"items_purged":[],"score":524,"play_id":"f906e726-22c1-477c-a0df-ab9810667e20","local_time":"20210203185054","is_ascension_mode":true,"campfire_choices":[{"data":"Blade Dance","floor":6.0,"key":"SMITH"},{"data":"Dagger Spray","floor":8.0,"key":"SMITH"},{"floor":11.0,"key":"REST"},{"data":"After Image","floor":15.0,"key":"SMITH"}],"circlet_count":0,"master_deck":["AscendersBane","Strike_G","Strike_G","Strike_G+1","Strike_G","Strike_G","Defend_G","Defend_G","Defend_G","Defend_G","Defend_G","Survivor","Neutralize","Acrobatics","Bane+1","Blade Dance+1","After Image+1","Dagger Spray+1","Deadly Poison","Wraith Form v2","Wraith Form v2","CurseOfTheBell","Footwork","Noxious Fumes"],"relics":["Ring of the Snake","NeowsBlessing","Snake Skull","Potion Belt","Pear","Calling Bell","Omamori","Mummified Hand","Ice Cream"],"acts_visited":["Exordium","TheCity"],"potions_floor_usage":[16,16,16],"damage_taken":[{"damage":0.0,"enemies":"Jaw Worm","floor":1.0,"turns":1.0},{"damage":0.0,"enemies":"Small Slimes","floor":3.0,"turns":1.0},{"damage":0.0,"enemies":"2 Louse","floor":4.0,"turns":1.0},{"damage":24.0,"enemies":"Gremlin Nob","floor":10.0,"turns":4.0},{"damage":9.0,"enemies":"Red Slaver","floor":12.0,"turns":4.0},{"damage":0.0,"enemies":"3 Sentries","floor":13.0,"turns":3.0},{"damage":0,"enemies":"Slime Boss","floor":16,"turns":4},{"damage":22,"enemies":"Shell Parasite","floor":18,"turns":6},{"damage":26,"enemies":"Spheric Guardian","floor":20,"turns":6},{"damage":9,"enemies":"Centurion and Healer","floor":21,"turns":2}],"seed_played":"5812050409004385448","potions_obtained":[{"floor":3.0,"key":"Explosive Potion"},{"floor":12.0,"key":"EntropicBrew"},{"floor":13.0,"key":"Fire Potion"},{"floor":16,"key":"GhostInAJar"},{"floor":18,"key":"Weak Potion"}],"is_trial":false,"path_per_floor":["M","?","M","M","?","R","$","R","T","E","R","M","E","?","R","B",null,"M","?","M","M"],"character_chosen":"THE_SILENT","items_purchased":["After Image","Dagger Spray"],"campfire_rested":1,"item_purchase_floors":[7,7],"current_hp_per_floor":[59,48,48,48,28,28,28,28,28,4,23,14,24,13,13,13,60,38,32,6,0,0],"gold":261,"neow_bonus":"THREE_ENEMY_KILL","is_daily":false,"chose_seed":false,"campfire_upgraded":3,"win_rate":0.0,"timestamp":1612345854,"path_taken":["M","?","M","M","?","R","$","R","T","E","R","M","E","?","R","BOSS","M","?","M","?"],"items_purchased_type":["Card","Card"],"build_version":"2020-12-22","purchased_purges":0,"victory":false,"max_hp_per_floor":[66,66,66,66,66,66,66,66,66,66,66,66,76,76,76,76,76,76,76,76,76,76],"card_choices":[{"not_picked":["Caltrops","Outmaneuver"],"picked":"Acrobatics","floor":1.0},{"not_picked":["Flying Knee","Backflip"],"picked":"Bane","floor":3.0},{"not_picked":["Tactician","Dodge and Roll"],"picked":"Blade Dance","floor":4.0},{"not_picked":["Underhanded Strike","Prepared","Endless Agony"],"picked":"SKIP","floor":10.0},{"not_picked":["Sucker Punch","Acrobatics"],"picked":"Deadly Poison","floor":12.0},{"not_picked":["Deadly Poison","Skewer"],"picked":"Wraith Form v2","floor":13.0},{"not_picked":["Night Terror","Glass Knife"],"picked":"Wraith Form v2","floor":16},{"not_picked":["Flechettes","Flying Knee"],"picked":"Footwork","floor":18},{"not_picked":["Blade Dance","Flying Knee"],"picked":"Noxious Fumes","floor":20}],"player_experience":2201981,"relics_obtained":[{"floor":10.0,"key":"Potion Belt"},{"floor":13.0,"key":"Pear"},{"floor":17,"key":"Omamori"},{"floor":17,"key":"Mummified Hand"},{"floor":17,"key":"Ice Cream"}],"event_choices":[{"damage_healed":0.0,"max_hp_gain":0.0,"max_hp_loss":0.0,"gold_gain":0.0,"event_name":"Scrap Ooze","player_choice":"Success","floor":2.0,"gold_loss":0.0,"damage_taken":11.0,"relics_obtained":["Snake Skull"]},{"damage_healed":0.0,"max_hp_gain":0.0,"max_hp_loss":0.0,"gold_gain":0.0,"event_name":"Shining Light","player_choice":"Entered Light","floor":5.0,"gold_loss":0.0,"damage_taken":20.0,"cards_upgraded":["Bane","Strike_G"]},{"damage_healed":0.0,"max_hp_gain":0.0,"max_hp_loss":0.0,"gold_gain":75.0,"event_name":"World of Goop","player_choice":"Gather Gold","floor":14.0,"gold_loss":0.0,"damage_taken":11.0},{"damage_healed":0,"gold_gain":0,"player_choice":"","damage_taken":6,"max_hp_gain":0,"max_hp_loss":0,"event_name":"Knowing Skull","floor":19,"potions_obtained":[],"gold_loss":0,"cards_obtained":[]}],"is_beta":false,"boss_relics":[{"not_picked":["Ring of the Serpent","Empty Cage"],"picked":"Calling Bell"}],"items_purged_floors":[],"is_endless":false,"potions_floor_spawned":[3,12,13,16,18],"killed_by":"Centurion and Healer","ascension_level":20}}