{"host":"ko40t1o51xotjt2v","time":1612394130,"event":{"mods":["2.2 Compatiblity","AchievementEnabler","Aspiration","BaseMod","Better Match","Better Third Choice","Better Vampires","Conspire","Downfall","Energized Spire","GifTheSpireLib","Halation","Hubris","Jedi Mod","Minty Spire (QoL Compilation)","MostiFishMod","Spicy Shops","Spikes Relics","StSLib","Stuff the Spire","TestMod","??????REMEMod"],"gold_per_floor":[117,129,70,70,70,99,99,174,174,206,218,248,263,288,288,288,288],"floor_reached":16,"language":"SPA","playtime":768,"items_purged":[],"score":275,"play_id":"3ba6981d-8a63-470d-826c-55ffd84ba211","local_time":"20210204001530","is_ascension_mode":true,"campfire_choices":[{"data":"Invigoration","floor":7.0,"key":"SMITH"},{"data":"Dual Wield","floor":15.0,"key":"SMITH"}],"circlet_count":0,"master_deck":["AscendersBane","Strike_R","Strike_R","Strike_R","Strike_R","Defend_R","Defend_R","Defend_R","Defend_R","Bash","Invigoration+1","jedi:hate","MostiFishMod:BrandingRite","Anger","MostiFishMod:UltimateDefense","Dual Wield+1","hubris:DuctTapeCard"],"relics":["Burning Blood","DaveBox","testmod-TestBox","REME_ComplimentaryCards","NeowsBlessing","hubris:Towel","hubris:Potato","testmod-Hope","hubris:DuctTape","Shuriken","The Courier"],"acts_visited":["Exordium"],"potions_floor_usage":[],"damage_taken":[{"damage":0.0,"enemies":"Cultist","floor":1.0,"turns":1.0},{"damage":0.0,"enemies":"Jaw Worm","floor":2.0,"turns":1.0},{"damage":0.0,"enemies":"3 Sentries","floor":6.0,"turns":2.0},{"damage":35.0,"enemies":"Lagavulin","floor":10.0,"turns":5.0},{"damage":0.0,"enemies":"2 Louse","floor":11.0,"turns":2.0},{"damage":25.0,"enemies":"3 Sentries","floor":12.0,"turns":9.0},{"damage":6.0,"enemies":"Looter","floor":13.0,"turns":3.0},{"damage":8.0,"enemies":"Lagavulin","floor":14.0,"turns":6.0},{"damage":28,"enemies":"Slime Boss","floor":16,"turns":3}],"seed_played":"-4735504809404829771","potions_obtained":[{"floor":2.0,"key":"Swift Potion"},{"floor":6.0,"key":"jedi:mysterypotion"},{"floor":12.0,"key":"SteroidPotion"},{"floor":13.0,"key":"BlessingOfTheForge"}],"is_trial":false,"path_per_floor":["M","M","$","?","?","E","R","?","T","E","M","E","M","E","R","B"],"character_chosen":"IRONCLAD","items_purchased":["jedi:hate"],"campfire_rested":0,"item_purchase_floors":[3],"current_hp_per_floor":[74,75,75,68,68,74,74,63,63,34,40,21,21,19,19,0,0],"gold":288,"neow_bonus":"THREE_ENEMY_KILL","is_daily":false,"chose_seed":false,"campfire_upgraded":2,"win_rate":0.0,"timestamp":1612394130,"path_taken":["M","?","$","?","?","E","R","?","T","E","M","E","?","E","R","BOSS"],"items_purchased_type":["Card"],"build_version":"2020-12-22","purchased_purges":0,"victory":false,"max_hp_per_floor":[75,75,75,75,75,75,75,75,75,75,75,75,75,75,75,75,75],"card_choices":[{"not_picked":["Headbutt","Warcry"],"picked":"Anger","floor":1.0},{"not_picked":["StuffTheSpire:RockThrow","Flex"],"picked":"Invigoration","floor":2.0},{"not_picked":["conspire:ExplosiveBarrier","StuffTheSpire:Incineration"],"picked":"Anger","floor":6.0},{"not_picked":["Headbutt","Perfected Strike"],"picked":"MostiFishMod:BrandingRite","floor":10.0},{"not_picked":["Dark Embrace","Power Through"],"picked":"Anger","floor":11.0},{"not_picked":["Intimidate","StuffTheSpire:Slingshot","StuffTheSpire:RagingBull"],"picked":"SKIP","floor":12.0},{"not_picked":["Cleave","Dark Embrace"],"picked":"MostiFishMod:UltimateDefense","floor":13.0},{"not_picked":["jedi:fear","Infernal Blade"],"picked":"Dual Wield","floor":14.0}],"player_experience":470113,"relics_obtained":[{"floor":6.0,"key":"hubris:Potato"},{"floor":9.0,"key":"testmod-Hope"},{"floor":10.0,"key":"hubris:DuctTape"},{"floor":12.0,"key":"Shuriken"},{"floor":14.0,"key":"The Courier"}],"event_choices":[{"cards_removed":["Strike_R"],"damage_healed":0.0,"max_hp_gain":0.0,"max_hp_loss":0.0,"gold_gain":0.0,"event_name":"Golden Wing","player_choice":"Card Removal","floor":4.0,"gold_loss":0.0,"damage_taken":7.0},{"damage_healed":0.0,"max_hp_gain":0.0,"max_hp_loss":0.0,"gold_gain":75.0,"event_name":"betterThird:BetterGoop","player_choice":"Gold","floor":8.0,"gold_loss":0.0,"damage_taken":11.0}],"is_beta":false,"boss_relics":[],"items_purged_floors":[],"is_endless":false,"potions_floor_spawned":[2,6,12,13],"killed_by":"Slime Boss","ascension_level":16}}