{"host":"y1nstw52wejfnhs9","time":1612329494,"event":{"mods":["BaseMod","Bestiary","Better Note","Better Skull","Better Third Choice","Custom Start","Minty Spire (QoL Compilation)","Practice Mode","Replay The Spire","SOS???????","StSLib","SuperFastMode","The Bug Knight","The Forsaken","The Wild Card"],"gold_per_floor":[115,115,209,257,291,291,359,359,359,391,33,33,46,79,79,201,201,86,86,26,125,175,175,57,57,84,130,130,149,176,205,205,170,170,61,95,140,158,32,32,132,132,132,132,155,196,196,252,252,131],"floor_reached":51,"language":"ENG","playtime":1378,"items_purged":["Defend_Dante"],"score":869,"play_id":"da332254-fbdb-4cd5-9594-05c1ea875062","local_time":"20210202211814","is_ascension_mode":true,"campfire_choices":[{"data":"GilgameshcomboA","floor":6.0,"key":"SMITH"},{"data":"Gilgamesh","floor":8.0,"key":"SMITH"},{"data":"Kick13","floor":15.0,"key":"SMITH"},{"data":"Dash2","floor":23.0,"key":"SMITH"},{"data":"Royalguard","floor":25.0,"key":"SMITH"},{"data":"Attack_b","floor":28.0,"key":"SMITH"},{"data":"Swordmaster","floor":32.0,"key":"SMITH"},{"data":"SSScard","floor":40,"key":"SMITH"},{"data":"Demonreform","floor":42,"key":"SMITH"},{"data":"Defend_Dante","floor":44,"key":"SMITH"},{"data":"Royaldefend","floor":47,"key":"SMITH"},{"data":"Defend_Dante","floor":49,"key":"SMITH"}],"circlet_count":0,"master_deck":["Attack_a","Attack_a","Attack_b+1","Shoot","Shoot","Provocation+1","Defend_Dante+1","Defend_Dante+1","Defend_Dante","Redorb","SSScard+1","Gilgamesh+1","GilgameshcomboA+1","Kick13+1","Purpleorb","DT","Royaldefend+1","Royalguard+1","Dash2+1","Millionkick+1","Kick13+1","Swordmaster+1","Demonreform+1","Unrisingdragon+1","Hightime+1","Airhike+1","Greenorb+1","Royaldefend"],"relics":["SSS","Combocheck","Sundial","Replay:Bottled Snecko","Replay:Wax Seal","Oddly Smooth Stone","Replay:Grab Bag","ReplayTheSpireMod:DimensionalGlitch","Painkiller Herb","SacredBark","MutagenicStrength","theForsaken:Gavel","Coffee Dripper","The Courier","Replay:PocketPolymizer"],"acts_visited":["Exordium","TheCity","TheBeyond"],"potions_floor_usage":[50,50,50],"damage_taken":[{"damage":0.0,"enemies":"Small Slimes","floor":1.0,"turns":2.0},{"damage":1.0,"enemies":"2 Louse","floor":4.0,"turns":2.0},{"damage":0.0,"enemies":"Cultist","floor":5.0,"turns":3.0},{"damage":0.0,"enemies":"Lagavulin","floor":7.0,"turns":4.0},{"damage":6.0,"enemies":"Exordium Thugs","floor":10.0,"turns":3.0},{"damage":0.0,"enemies":"2 Fungi Beasts","floor":13.0,"turns":2.0},{"damage":0.0,"enemies":"3 Louse","floor":14.0,"turns":2.0},{"damage":4.0,"enemies":"Hexaghost","floor":16.0,"turns":5.0},{"damage":0.0,"enemies":"3 Byrds","floor":18.0,"turns":1.0},{"damage":12.0,"enemies":"Shell Parasite","floor":22.0,"turns":4.0},{"damage":1.0,"enemies":"3 Cultists","floor":24.0,"turns":4.0},{"damage":0.0,"enemies":"Centurion and Healer","floor":27.0,"turns":2.0},{"damage":0.0,"enemies":"Snecko","floor":29.0,"turns":2.0},{"damage":0.0,"enemies":"Sentry and Sphere","floor":30.0,"turns":2.0},{"damage":0.0,"enemies":"Cultist and Chosen","floor":31.0,"turns":2.0},{"damage":0.0,"enemies":"Collector","floor":33.0,"turns":3.0},{"damage":0.0,"enemies":"3 Darklings","floor":35.0,"turns":3.0},{"damage":25,"enemies":"3 Shapes","floor":36,"turns":3},{"damage":0,"enemies":"Writhing Mass","floor":37,"turns":2},{"damage":30,"enemies":"Sphere and 2 Shapes","floor":38,"turns":2},{"damage":0,"enemies":"3 Darklings","floor":39,"turns":2},{"damage":0,"enemies":"Transient","floor":45,"turns":3},{"damage":0,"enemies":"Maw","floor":46,"turns":2},{"damage":0,"enemies":"2 Orb Walkers","floor":48,"turns":2},{"damage":0,"enemies":"Donu and Deca","floor":50,"turns":3}],"seed_played":"-5908729931007476579","potions_obtained":[{"floor":4.0,"key":"FearPotion"},{"floor":10.0,"key":"DistilledChaos"},{"floor":13.0,"key":"SteroidPotion"},{"floor":22.0,"key":"SkillPotion"},{"floor":29.0,"key":"CultistPotion"},{"floor":31.0,"key":"Fire Potion"},{"floor":33.0,"key":"SteroidPotion"},{"floor":35,"key":"SteroidPotion"}],"is_trial":false,"path_per_floor":["M","?","?","M","M","R","E","R","T","M","$","?","M","M","R","B",null,"?","?","?","?","?","T","?","T","T","?","T","?","?","?","T","B",null,"?","?","?","?","?","T","?","T","T","T","?","?","T","?","T","B",null],"character_chosen":"DANTE","items_purchased":["Replay:Wax Seal","Oddly Smooth Stone","DT"],"campfire_rested":0,"item_purchase_floors":[11,11,11],"current_hp_per_floor":[80,85,51,50,50,50,50,50,50,44,44,44,44,44,44,40,85,85,85,85,85,73,73,72,72,72,72,72,72,72,72,72,72,85,85,62,62,42,44,44,44,44,44,44,53,61,61,62,62,72],"gold":131,"neow_bonus":"UPGRADE_CARD","is_daily":false,"chose_seed":false,"campfire_upgraded":12,"win_rate":0.0,"timestamp":1612329494,"path_taken":["M","?","?","M","M","R","E","R","T","M","$","?","M","?","R","BOSS","?","?","?","?","?","T","?","T","T","?","T","?","?","?","T","BOSS","?","?","?","?","?","T","?","T","T","T","?","?","T","?","T","BOSS"],"items_purchased_type":["Relic","Relic","Card"],"build_version":"2020-12-22","purchased_purges":1,"victory":true,"max_hp_per_floor":[80,85,85,85,85,85,85,85,85,85,85,85,85,85,85,85,85,85,85,85,85,85,85,85,85,85,85,85,85,85,85,85,85,85,85,85,85,85,85,85,85,85,85,85,85,85,85,85,85,85],"card_choices":[{"not_picked":["Hightime","Shock","Fullhouse"],"picked":"SKIP","floor":1.0},{"not_picked":["Weaponupgrade","Gunstinger"],"picked":"SSScard","floor":3.0},{"not_picked":["Kick13","Weaponchange"],"picked":"Gilgamesh","floor":3.0},{"not_picked":["Holywater","Lucifer"],"picked":"GilgameshcomboA","floor":4.0},{"not_picked":["Splesh","Chargeshoot2"],"picked":"Kick13","floor":5.0},{"not_picked":["Holywater","Lucifer"],"picked":"Purpleorb","floor":7.0},{"not_picked":["LucifercomboD","VitalstarS","LucifercomboC"],"picked":"SKIP","floor":10.0},{"not_picked":["Doubleshoot","Whiteorb"],"picked":"Royaldefend","floor":13.0},{"not_picked":["Chargeshoot2","Dash1","EbonyIvory"],"picked":"SKIP","floor":14.0},{"not_picked":["Weaponreturn","DevilstarL"],"picked":"Royalguard","floor":16.0},{"not_picked":["Stinger","CoyoteA"],"picked":"Dash2","floor":18.0},{"not_picked":["Stinger","Gunstinger","VitalstarS+1"],"picked":"SKIP","floor":22.0},{"not_picked":["Honeycombofire","Fullhouse"],"picked":"Millionkick+1","floor":24.0},{"not_picked":["LucifercomboA+1","EbonyIvory","Dash1"],"picked":"SKIP","floor":27.0},{"not_picked":["Chargeshoot2","Weaponchange+1"],"picked":"Kick13+1","floor":29.0},{"not_picked":["Chargeshoot","Dash1"],"picked":"Swordmaster","floor":30.0},{"not_picked":["Greenorb","Weaponchange","EbonyIvory"],"picked":"SKIP","floor":31.0},{"not_picked":["Swordcombo","Enemystep"],"picked":"Demonreform","floor":33.0},{"not_picked":["Dash2+1","Doubleshoot"],"picked":"Unrisingdragon+1","floor":35},{"not_picked":["LucifercomboB+1","GilgameshcomboA+1"],"picked":"Hightime+1","floor":36},{"not_picked":["Whiteorb+1","Honeycombofire","Weaponupgrade"],"picked":"SKIP","floor":37},{"not_picked":["Doubleshoot+1","Weaponchange"],"picked":"Airhike+1","floor":38},{"not_picked":["VitalstarL","Whiteorb+1"],"picked":"Greenorb+1","floor":39},{"not_picked":["Holywater+1","Gunslinger+1","Stinger"],"picked":"SKIP","floor":45},{"not_picked":["Hightime","Greenorb+1","Unrisingdragon+1"],"picked":"SKIP","floor":46},{"not_picked":["Dash1+1","DevilstarS"],"picked":"Royaldefend","floor":48}],"player_experience":448799,"relics_obtained":[{"floor":7.0,"key":"Sundial"},{"floor":9.0,"key":"Replay:Bottled Snecko"},{"floor":26.0,"key":"theForsaken:Gavel"},{"floor":43,"key":"The Courier"},{"floor":48,"key":"Replay:PocketPolymizer"}],"event_choices":[{"damage_healed":0.0,"max_hp_gain":5.0,"max_hp_loss":0.0,"gold_gain":0.0,"event_name":"Big Fish","player_choice":"Donut","floor":2.0,"gold_loss":0.0,"damage_taken":0.0},{"damage_healed":0.0,"max_hp_gain":0.0,"max_hp_loss":0.0,"gold_gain":0.0,"event_name":"betterNote:BetterNote","player_choice":"Ignored","floor":12.0,"gold_loss":0.0,"damage_taken":0.0,"cards_obtained":["Feed"]},{"damage_healed":0.0,"max_hp_gain":0.0,"max_hp_loss":0.0,"gold_gain":0.0,"event_name":"Drug Dealer","player_choice":"Inject Mutagens","floor":19.0,"gold_loss":0.0,"damage_taken":0.0,"relics_obtained":["MutagenicStrength"]},{"damage_healed":0.0,"max_hp_gain":0.0,"max_hp_loss":0.0,"gold_gain":99.0,"event_name":"betterThird:BetterNest","player_choice":"Steal","floor":21.0,"gold_loss":0.0,"damage_taken":0.0},{"damage_healed":0,"gold_gain":100,"player_choice":"Pray","damage_taken":0,"max_hp_gain":0,"max_hp_loss":0,"event_name":"Golden Shrine","floor":41,"gold_loss":0},{"damage_healed":0,"gold_gain":0,"player_choice":"Fight","damage_taken":0,"max_hp_gain":0,"max_hp_loss":0,"event_name":"Mysterious Sphere","floor":48,"gold_loss":0}],"is_beta":false,"boss_relics":[{"not_picked":["ChewingGum","Replay:Ancient Bell"],"picked":"Replay:Grab Bag"},{"not_picked":["Cursed Key","Runic Dome"],"picked":"ReplayTheSpireMod:DimensionalGlitch"},{"not_picked":["Ectoplasm","Busted Crown"],"picked":"Painkiller Herb"},{"not_picked":["Pandora\u0027s Box","Ring of Chaos"],"picked":"SacredBark"},{"not_picked":["Tiny House","Replay:Wanted Poster"],"picked":"Coffee Dripper"}],"items_purged_floors":[11],"is_endless":false,"potions_floor_spawned":[4,10,13,14,22,29,31,33,35,38,45],"ascension_level":1}}