{"host":"3j2m8n0ywf988fwb","time":1612394226,"event":{"mods":["2.2 Compatiblity","AchievementEnabler","Act Like it!","Aspiration","Astrologer","BaseMod","Better Altar","Better Match","Better Note","Better Sensory Stone","Better Skull","Better Third Choice","CCEM2","ChefMod","Colored Map","Colored Powertips","Conspire","Dark Map","Energized Spire","GifTheSpireLib","Halation","Hallownest","Highlight Path","Hubris","Infinite Spire","Jedi Mod","Marisa????????","Marked Mod","Mimic Mod","Minty Spire (QoL Compilation)","Monster B Gone","Random Character Button","Relic Filter Mod","Relic Stats","Reliquary","Replay The Spire","Robot Space Explorer","Shade Mod","Shop Mod","Somnambulant","StS++","StSLib","Stuff the Spire","The Bug Knight","The Elementalist","The Hierophant","The Runesmith","TheBandit","TheFirefly","TheSurvivalist","Unceasing Turn Reminder","Weighted Paths","everything is the same but u backflip on backflip"],"gold_per_floor":[112,123,138,138,138,138,138],"floor_reached":6,"language":"ENG","playtime":234,"items_purged":[],"score":43,"play_id":"1de792fc-d82c-428e-8c75-51765e7cf9ee","local_time":"20210203171706","is_ascension_mode":true,"campfire_choices":[],"circlet_count":0,"master_deck":["Strike_R","Strike_R","Strike_R+1","Strike_R","Strike_R","Defend_R","Defend_R","Defend_R+1","Defend_R","Bash","Pummel","Reaper","jedi:LeechingStrike"],"relics":["Burning Blood","aspiration:PoetsPen","reliquary:Ember"],"acts_visited":["Exordium"],"potions_floor_usage":[6],"damage_taken":[{"damage":3,"enemies":"Cultist","floor":1,"turns":3},{"damage":12,"enemies":"2 Louse","floor":2,"turns":2},{"damage":24,"enemies":"Small Slimes","floor":3,"turns":3},{"damage":63,"enemies":"3 Sentries","floor":6,"turns":6}],"seed_played":"3909839332777647649","potions_obtained":[{"floor":1,"key":"Strength Potion"},{"floor":3,"key":"Block Potion"}],"is_trial":false,"path_per_floor":["M","M","M","?","?","E"],"character_chosen":"IRONCLAD","items_purchased":[],"campfire_rested":0,"item_purchase_floors":[],"current_hp_per_floor":[80,74,56,40,40,0,0],"gold":138,"neow_bonus":"DOUBLE_BOSS_RELIC","is_daily":false,"chose_seed":false,"campfire_upgraded":0,"win_rate":0.0,"timestamp":1612394226,"path_taken":["M","M","M","?","?","E"],"items_purchased_type":[],"build_version":"2020-12-22","purchased_purges":0,"victory":false,"max_hp_per_floor":[80,80,80,80,80,80,80],"relic_stats":{"counters":[4,14],"obtain_stats":[{"aspiration:PoetsPen":0,"reliquary:Ember":0,"Burning Blood":0},{"aspiration:PoetsPen":0,"reliquary:Ember":0,"Burning Blood":0},{"aspiration:PoetsPen":0,"reliquary:Ember":0,"Burning Blood":0}],"Burning Blood":15},"card_choices":[{"not_picked":["StuffTheSpire:BloodClot","Flex"],"picked":"Pummel","floor":1},{"not_picked":["hubris:ReadiedAction","jedi:controlledanger","Perfected Strike"],"picked":"SKIP","floor":2},{"not_picked":["Warcry","Clothesline"],"picked":"Reaper","floor":3},{"not_picked":["StSpp:MindBarrier","PanicButton"],"picked":"jedi:LeechingStrike","floor":5}],"player_experience":1064499,"relics_obtained":[],"event_choices":[{"damage_healed":56,"gold_gain":0,"player_choice":"Upgrade","damage_taken":16,"max_hp_gain":0,"max_hp_loss":80,"event_name":"betterThird:BetterShining","floor":4,"gold_loss":0,"cards_upgraded":["Defend_R","Strike_R"]},{"damage_healed":0,"gold_gain":1,"player_choice":"1","damage_taken":0,"max_hp_gain":0,"max_hp_loss":0,"event_name":"betterStone:BetterStone","floor":5,"gold_loss":0}],"is_beta":false,"boss_relics":[],"items_purged_floors":[],"is_endless":false,"potions_floor_spawned":[1,3],"killed_by":"3 Sentries","ascension_level":4}}