{"host":"mw3dmj42qtkbha4b","time":1612314404,"event":{"mods":["BaseMod","Colored Map","Colored Powertips","DeckTracker","Minty Spire (QoL Compilation)","StSLib","SuperFastMode"],"gold_per_floor":[113,113,263,280,334,369,385,385,385,403,58,58,58,69,69,69,69],"floor_reached":16,"language":"KOR","playtime":226,"items_purged":["Doubt"],"score":250,"play_id":"33462801-5569-4d98-9f99-b1217c5c4082","local_time":"20210203100644","is_ascension_mode":true,"campfire_choices":[{"data":"Eruption","floor":8,"key":"SMITH"},{"data":"ReachHeaven","floor":12,"key":"SMITH"},{"data":"Vigilance","floor":15,"key":"SMITH"}],"circlet_count":0,"master_deck":["AscendersBane","Strike_P","Strike_P","Strike_P","Strike_P","Defend_P","Defend_P","Defend_P","Defend_P","Eruption+1","Vigilance+1","ReachHeaven+1"],"relics":["PureWater","NeowsBlessing","Vajra","Bronze Scales","Prayer Wheel","Singing Bowl"],"acts_visited":["Exordium"],"potions_floor_usage":[10,14],"damage_taken":[{"damage":0.0,"enemies":"Cultist","floor":1.0,"turns":1.0},{"damage":0.0,"enemies":"Small Slimes","floor":4.0,"turns":1.0},{"damage":0.0,"enemies":"3 Sentries","floor":6.0,"turns":2.0},{"damage":0.0,"enemies":"Jaw Worm","floor":7.0,"turns":1.0},{"damage":12,"enemies":"Blue Slaver","floor":10,"turns":3},{"damage":18,"enemies":"2 Fungi Beasts","floor":14,"turns":2},{"damage":19,"enemies":"Hexaghost","floor":16,"turns":2}],"seed_played":"-3256665899481894110","potions_obtained":[{"floor":4.0,"key":"Block Potion"},{"floor":6.0,"key":"FearPotion"},{"floor":10,"key":"GamblersBrew"}],"is_trial":false,"path_per_floor":["M","?","?","M","T","E","M","R","T","M","$","R","$","M","R","B"],"character_chosen":"WATCHER","items_purchased":["Singing Bowl"],"campfire_rested":0,"item_purchase_floors":[11],"current_hp_per_floor":[61,43,43,43,43,43,43,43,43,31,31,31,31,17,17,0,0],"gold":69,"neow_bonus":"THREE_ENEMY_KILL","is_daily":false,"chose_seed":false,"campfire_upgraded":3,"win_rate":0.0,"timestamp":1612314404,"path_taken":["M","?","?","M","?","E","M","R","T","M","$","R","?","M","R","BOSS"],"items_purchased_type":["Relic"],"build_version":"2020-12-22","purchased_purges":1,"victory":false,"max_hp_per_floor":[68,68,68,68,68,68,68,68,68,68,68,68,68,72,72,72,72],"card_choices":[{"not_picked":["Crescendo","Protect","Conclude"],"picked":"SKIP","floor":1.0},{"not_picked":["Sanctity","EmptyFist","InnerPeace"],"picked":"SKIP","floor":4.0},{"not_picked":["CrushJoints","FlurryOfBlows","SignatureMove"],"picked":"SKIP","floor":6.0},{"not_picked":["CrushJoints","WheelKick","Establishment"],"picked":"SKIP","floor":7.0},{"not_picked":["FlyingSleeves","FlurryOfBlows"],"picked":"ReachHeaven","floor":10},{"not_picked":["SashWhip","JustLucky","Perseverance"],"picked":"SKIP","floor":10},{"not_picked":["Collect","InnerPeace","FlurryOfBlows"],"picked":"Singing Bowl","floor":14},{"not_picked":["Prostrate","WaveOfTheHand","ThirdEye"],"picked":"Singing Bowl","floor":14}],"player_experience":1787582,"relics_obtained":[{"floor":6.0,"key":"Bronze Scales"},{"floor":9,"key":"Prayer Wheel"}],"event_choices":[{"damage_healed":0.0,"max_hp_gain":0.0,"max_hp_loss":0.0,"gold_gain":0.0,"event_name":"Scrap Ooze","player_choice":"Success","floor":2.0,"gold_loss":0.0,"damage_taken":18.0,"relics_obtained":["Vajra"]},{"damage_healed":0.0,"max_hp_gain":0.0,"max_hp_loss":0.0,"gold_gain":150.0,"event_name":"Liars Game","player_choice":"AGREE","floor":3.0,"gold_loss":0.0,"damage_taken":0.0,"cards_obtained":["Doubt"]}],"is_beta":false,"boss_relics":[],"items_purged_floors":[11],"is_endless":false,"potions_floor_spawned":[4,6,10],"killed_by":"Hexaghost","ascension_level":20}}