{"host":"mg6qqnp83j5r6p2r","time":1612324545,"event":{"mods":["BaseMod","Colored Map","Colored Powertips","Highlight Path","Minty Spire (QoL Compilation)","Rare Cards Sparkle","Relic Sorter","Relic Stats","StSLib"],"gold_per_floor":[110,42,42,54,54,54,87,87,87,117,136,136,153,165,165,262,262,281,281,0,12,27,55,65,100,100,100,117,117,117,129,129,229,229,242,242,194,207,225,257,257,271,271,271,304,63,63,95,95,95,95,95,45,71,71,71],"floor_reached":55,"language":"ENG","playtime":3420,"items_purged":[],"score":1058,"play_id":"c032bcb8-a0bf-483f-aedb-495f9d0a6059","local_time":"20210202215545","is_ascension_mode":true,"campfire_choices":[{"data":"Neutralize","floor":6,"key":"SMITH"},{"floor":8,"key":"RECALL"},{"data":"Catalyst","floor":15,"key":"SMITH"},{"data":"Noxious Fumes","floor":27,"key":"SMITH"},{"data":"Footwork","floor":29,"key":"SMITH"},{"data":"After Image","floor":32,"key":"SMITH"},{"data":"Catalyst","floor":41,"key":"SMITH"},{"data":"Caltrops","floor":44,"key":"SMITH"},{"data":"Malaise","floor":49,"key":"SMITH"},{"data":"Infinite Blades","floor":52,"key":"SMITH"}],"circlet_count":0,"master_deck":["Strike_G","Strike_G","Strike_G","Defend_G","Defend_G","Defend_G","Defend_G","Defend_G","Survivor","Neutralize+1","Escape Plan","Noxious Fumes+1","Footwork+1","Quick Slash","Catalyst+1","PiercingWail","PiercingWail","Blade Dance","Catalyst+1","Corpse Explosion","Dagger Spray+1","Ghostly","Ghostly","Ghostly","Ghostly","Ghostly","Ghostly","Flying Knee+1","Caltrops+1","Dodge and Roll+1","PiercingWail+1","Cloak And Dagger+1","After Image+1","After Image","CurseOfTheBell","Blade Dance","Blade Dance+1","Slice","Malaise+1","Cloak And Dagger+1","Infinite Blades+1","Slice","Blade Dance","Night Terror"],"relics":["Ring of the Snake","NeowsBlessing","White Beast Statue","Eternal Feather","Prayer Wheel","Busted Crown","DollysMirror","Whetstone","Sundial","Pear","Calling Bell","Omamori","Kunai","FossilizedHelix","Akabeko","Bag of Preparation","Chemical X","StrikeDummy","Pantograph"],"acts_visited":["Exordium","TheCity","TheBeyond","TheEnding"],"potions_floor_usage":[16,18,25,25,33,33,35,39,40,40,45,48,50,54,55],"damage_taken":[{"damage":0,"enemies":"Jaw Worm","floor":1,"turns":1},{"damage":0,"enemies":"2 Louse","floor":4,"turns":1},{"damage":0,"enemies":"Lagavulin","floor":7,"turns":2},{"damage":26,"enemies":"Gremlin Nob","floor":10,"turns":5},{"damage":0,"enemies":"Cultist","floor":11,"turns":5},{"damage":3,"enemies":"Exordium Wildlife","floor":13,"turns":5},{"damage":7,"enemies":"Exordium Thugs","floor":14,"turns":7},{"damage":14,"enemies":"The Guardian","floor":16,"turns":12},{"damage":10,"enemies":"2 Thieves","floor":18,"turns":3},{"damage":10,"enemies":"Chosen","floor":21,"turns":9},{"damage":3,"enemies":"Snake Plant","floor":22,"turns":5},{"damage":8,"enemies":"Gremlin Leader","floor":23,"turns":9},{"damage":5,"enemies":"Centurion and Healer","floor":24,"turns":8},{"damage":9,"enemies":"Book of Stabbing","floor":25,"turns":6},{"damage":3,"enemies":"Shelled Parasite and Fungi","floor":28,"turns":9},{"damage":0,"enemies":"Cultist and Chosen","floor":31,"turns":7},{"damage":2,"enemies":"Collector","floor":33,"turns":12},{"damage":12,"enemies":"3 Darklings","floor":35,"turns":4},{"damage":0,"enemies":"Orb Walker","floor":38,"turns":6},{"damage":0,"enemies":"Writhing Mass","floor":39,"turns":10},{"damage":0,"enemies":"Reptomancer","floor":40,"turns":9},{"damage":1,"enemies":"Spire Growth","floor":42,"turns":10},{"damage":28,"enemies":"Nemesis","floor":45,"turns":11},{"damage":0,"enemies":"Giant Head","floor":48,"turns":12},{"damage":16,"enemies":"Donu and Deca","floor":50,"turns":10},{"damage":49,"enemies":"Shield and Spear","floor":54,"turns":9},{"damage":39,"enemies":"The Heart","floor":55,"turns":9}],"seed_played":"-773640426425068658","potions_obtained":[{"floor":1,"key":"LiquidBronze"},{"floor":10,"key":"Dexterity Potion"},{"floor":11,"key":"FairyPotion"},{"floor":16,"key":"SteroidPotion"},{"floor":18,"key":"Fire Potion"},{"floor":21,"key":"LiquidBronze"},{"floor":25,"key":"SpeedPotion"},{"floor":28,"key":"SkillPotion"},{"floor":31,"key":"Weak Potion"},{"floor":33,"key":"Regen Potion"},{"floor":35,"key":"DuplicationPotion"},{"floor":38,"key":"GamblersBrew"},{"floor":39,"key":"FairyPotion"},{"floor":40,"key":"SkillPotion"},{"floor":42,"key":"EssenceOfSteel"},{"floor":45,"key":"BlessingOfTheForge"},{"floor":48,"key":"Swift Potion"},{"floor":54,"key":"Fruit Juice"}],"is_trial":false,"path_per_floor":["M","$","?","M","$","R","E","R","T","E","M","?","M","M","R","B",null,"M","?","$","M","M","E","M","E","T","R","M","R","?","M","R","B",null,"M","?","$","M","M","E","R","M","T","R","E","$","$","E","R","B",null,"R","$","E","B"],"character_chosen":"THE_SILENT","items_purchased":["Noxious Fumes","DollysMirror","Flying Knee","Caltrops","Blade Dance","Chemical X","Infinite Blades","Slice","Blade Dance"],"campfire_rested":0,"item_purchase_floors":[2,20,20,20,37,46,46,46,53],"current_hp_per_floor":[70,70,70,70,70,70,70,70,70,44,44,44,41,34,46,32,70,60,35,35,25,22,14,9,10,20,38,35,45,45,45,45,43,45,33,33,33,33,45,45,45,44,44,45,17,17,17,17,41,25,45,45,45,14,0,0],"gold":71,"neow_bonus":"THREE_ENEMY_KILL","is_daily":false,"chose_seed":false,"campfire_upgraded":9,"win_rate":0.0,"timestamp":1612324545,"path_taken":["M","$","?","M","$","R","E","R","T","E","M","?","M","M","R","BOSS","M","?","$","M","M","E","M","E","T","R","M","R","?","?","R","BOSS","M","?","$","M","M","E","R","M","T","R","E","?","$","E","R","BOSS","R","$","E","BOSS"],"items_purchased_type":["Card","Relic","Card","Card","Card","Relic","Card","Card","Card"],"build_version":"2020-12-22","purchased_purges":0,"victory":false,"max_hp_per_floor":[70,70,70,70,70,70,70,70,70,70,70,70,70,70,70,70,70,70,35,35,35,35,35,35,35,45,45,45,45,45,45,45,45,45,45,45,45,45,45,45,45,45,45,45,45,45,45,45,45,45,45,45,45,50,50,50],"relic_stats":{"Busted Crown":56,"counters":[27,196],"Sundial":[6],"Pantograph":25,"Eternal Feather":65,"Prayer Wheel":13,"Bag of Preparation":[8],"Whetstone":["Dagger Spray","Flying Knee"],"Kunai":[60],"Chemical X":[4],"obtain_stats":[{"Pear":26,"NeowsBlessing":0,"Eternal Feather":9,"Omamori":34,"Bag of Preparation":45,"Whetstone":23,"White Beast Statue":7,"Akabeko":40,"Calling Bell":34,"Busted Crown":17,"DollysMirror":20,"Sundial":25,"Pantograph":54,"Prayer Wheel":10,"Kunai":34,"Chemical X":46,"StrikeDummy":48,"FossilizedHelix":34,"Ring of the Snake":0},{"Pear":14,"NeowsBlessing":0,"Eternal Feather":3,"Omamori":17,"Bag of Preparation":23,"Whetstone":12,"White Beast Statue":3,"Akabeko":21,"Calling Bell":17,"Busted Crown":8,"DollysMirror":9,"Sundial":14,"Pantograph":26,"Prayer Wheel":4,"Kunai":17,"Chemical X":23,"StrikeDummy":24,"FossilizedHelix":17,"Ring of the Snake":0},{"Pear":78,"NeowsBlessing":0,"Eternal Feather":4,"Omamori":106,"Bag of Preparation":156,"Whetstone":64,"White Beast Statue":4,"Akabeko":135,"Calling Bell":106,"Busted Crown":38,"DollysMirror":41,"Sundial":78,"Pantograph":187,"Prayer Wheel":9,"Kunai":106,"Chemical X":156,"StrikeDummy":168,"FossilizedHelix":106,"Ring of the Snake":0}],"Ring of the Snake":[54]},"card_choices":[{"not_picked":["Deadly Poison","Sucker Punch"],"picked":"Escape Plan","floor":1},{"not_picked":["Noxious Fumes","Flying Knee"],"picked":"Footwork","floor":4},{"not_picked":["Predator","Expertise"],"picked":"Quick Slash","floor":7},{"not_picked":["Blade Dance","Glass Knife"],"picked":"Catalyst","floor":10},{"not_picked":["Dash","Dagger Spray"],"picked":"PiercingWail","floor":11},{"not_picked":["Outmaneuver","Sucker Punch","Endless Agony"],"picked":"SKIP","floor":11},{"not_picked":["Endless Agony","Well Laid Plans"],"picked":"PiercingWail","floor":13},{"not_picked":["Dodge and Roll","Deadly Poison","Quick Slash"],"picked":"SKIP","floor":13},{"not_picked":["Slice","Deflect"],"picked":"Blade Dance","floor":14},{"not_picked":["Well Laid Plans","Acrobatics"],"picked":"Catalyst","floor":14},{"not_picked":["Venomology","Glass Knife"],"picked":"Corpse Explosion","floor":16},{"not_picked":[],"picked":"Dagger Spray","floor":18},{"not_picked":["Outmaneuver"],"picked":"SKIP","floor":18},{"not_picked":[],"picked":"Dodge and Roll+1","floor":21},{"not_picked":["Underhanded Strike"],"picked":"SKIP","floor":21},{"not_picked":["Riddle With Holes+1"],"picked":"SKIP","floor":22},{"not_picked":["Expertise+1"],"picked":"SKIP","floor":22},{"not_picked":[],"picked":"PiercingWail+1","floor":23},{"not_picked":["Outmaneuver"],"picked":"SKIP","floor":24},{"not_picked":["Heel Hook+1"],"picked":"SKIP","floor":24},{"not_picked":["Flying Knee"],"picked":"SKIP","floor":25},{"not_picked":[],"picked":"Cloak And Dagger+1","floor":28},{"not_picked":["Underhanded Strike"],"picked":"SKIP","floor":28},{"not_picked":["Endless Agony"],"picked":"SKIP","floor":31},{"not_picked":["Blade Dance"],"picked":"SKIP","floor":31},{"not_picked":[],"picked":"After Image","floor":33},{"not_picked":["Dodge and Roll+1"],"picked":"SKIP","floor":35},{"not_picked":["Quick Slash"],"picked":"SKIP","floor":35},{"not_picked":[],"picked":"Blade Dance+1","floor":38},{"not_picked":["All Out Attack"],"picked":"SKIP","floor":38},{"not_picked":[],"picked":"Slice","floor":39},{"not_picked":["Sucker Punch+1"],"picked":"SKIP","floor":39},{"not_picked":[],"picked":"Malaise","floor":40},{"not_picked":["Dodge and Roll+1"],"picked":"SKIP","floor":42},{"not_picked":["Choke+1"],"picked":"SKIP","floor":42},{"not_picked":[],"picked":"Cloak And Dagger+1","floor":45},{"not_picked":["Doppelganger"],"picked":"SKIP","floor":48},{"not_picked":[],"picked":"Night Terror","floor":54}],"player_experience":231719,"relics_obtained":[{"floor":7,"key":"White Beast Statue"},{"floor":9,"key":"Eternal Feather"},{"floor":10,"key":"Prayer Wheel"},{"floor":23,"key":"Whetstone"},{"floor":25,"key":"Sundial"},{"floor":26,"key":"Pear"},{"floor":34,"key":"Omamori"},{"floor":34,"key":"Kunai"},{"floor":34,"key":"FossilizedHelix"},{"floor":40,"key":"Akabeko"},{"floor":45,"key":"Bag of Preparation"},{"floor":48,"key":"StrikeDummy"},{"floor":54,"key":"Pantograph"}],"event_choices":[{"damage_healed":0,"gold_gain":0,"player_choice":"Ignored","damage_taken":0,"max_hp_gain":0,"max_hp_loss":0,"event_name":"Liars Game","floor":3,"gold_loss":0},{"damage_healed":0,"gold_gain":0,"player_choice":"Ignored","damage_taken":0,"max_hp_gain":0,"max_hp_loss":0,"event_name":"Golden Idol","floor":12,"gold_loss":0},{"damage_healed":0,"gold_gain":0,"player_choice":"Became a Ghost","damage_taken":0,"max_hp_gain":0,"max_hp_loss":35,"event_name":"Ghosts","floor":19,"gold_loss":0,"cards_obtained":["Ghostly","Ghostly","Ghostly","Ghostly","Ghostly"]},{"damage_healed":0,"gold_gain":0,"cards_transformed":["Strike_G"],"player_choice":"Transformed","damage_taken":0,"max_hp_gain":0,"max_hp_loss":0,"event_name":"Transmorgrifier","floor":30,"gold_loss":0,"cards_obtained":["After Image"]},{"cards_removed":["Strike_G"],"damage_healed":0,"gold_gain":0,"player_choice":"Offered Basic","damage_taken":0,"max_hp_gain":0,"max_hp_loss":0,"event_name":"Bonfire Elementals","floor":36,"gold_loss":0}],"is_beta":false,"boss_relics":[{"not_picked":["WristBlade","Tiny House"],"picked":"Busted Crown"},{"not_picked":["Pandora\u0027s Box","Empty Cage"],"picked":"Calling Bell"}],"items_purged_floors":[],"is_endless":false,"potions_floor_spawned":[1,10,11,13,14,16,18,21,22,23,24,25,28,31,33,35,38,39,40,42,45,48,54],"killed_by":"The Heart","ascension_level":3}}