{"host":"f0gpob8hq9vgebej","time":1612333664,"event":{"mods":["AchievementEnabler","BaseMod","Minty Spire (QoL Compilation)","Quick Restart","SuperFastMode"],"gold_per_floor":[113,17,17,29,29,58,74,104,104,104,134,134,234,254,254,328,328,339,339,353,84,84,84],"floor_reached":22,"language":"KOR","playtime":426,"items_purged":["Strike_B"],"score":369,"play_id":"f1c2881e-3c56-46c0-a63c-20135c4221d1","local_time":"20210203152744","is_ascension_mode":true,"campfire_choices":[{"data":"Static Discharge","floor":10,"key":"SMITH"},{"data":"Loop","floor":12,"key":"SMITH"},{"floor":15,"key":"REST"}],"circlet_count":0,"master_deck":["AscendersBane","Strike_B","Strike_B","Strike_B","Defend_B","Defend_B","Defend_B","Defend_B","Zap","Dualcast","Ball Lightning","Static Discharge+1","Cold Snap","Core Surge","Loop+1","Barrage","Seek","Coolheaded","Static Discharge+1","Defragment","Blizzard","Hologram"],"relics":["Cracked Core","NeowsBlessing","Potion Belt","Incense Burner","Letter Opener","Bottled Tornado","Nuclear Battery","Membership Card"],"acts_visited":["Exordium","TheCity"],"potions_floor_usage":[14,16],"damage_taken":[{"damage":0,"enemies":"2 Louse","floor":1,"turns":1},{"damage":0,"enemies":"Jaw Worm","floor":4,"turns":1},{"damage":0,"enemies":"3 Sentries","floor":6,"turns":1},{"damage":0,"enemies":"Cultist","floor":7,"turns":3},{"damage":19,"enemies":"Gremlin Nob","floor":8,"turns":4},{"damage":20,"enemies":"Exordium Thugs","floor":14,"turns":3},{"damage":31,"enemies":"The Guardian","floor":16,"turns":8},{"damage":26,"enemies":"Shell Parasite","floor":18,"turns":4},{"damage":15,"enemies":"2 Thieves","floor":20,"turns":3},{"damage":4,"enemies":"Snecko","floor":22,"turns":3}],"seed_played":"6171365997158516127","potions_obtained":[{"floor":1,"key":"Dexterity Potion"},{"floor":6,"key":"Explosive Potion"},{"floor":7,"key":"LiquidBronze"},{"floor":14,"key":"SteroidPotion"},{"floor":18,"key":"Strength Potion"}],"is_trial":false,"path_per_floor":["M","$","?","M","?","E","M","E","T","R","?","R","?","M","R","B",null,"M","?","M","$","M"],"character_chosen":"DEFECT","items_purchased":["Ball Lightning","Static Discharge","Membership Card","Defragment","Blizzard","Hologram"],"campfire_rested":1,"item_purchase_floors":[2,2,21,21,21,21],"current_hp_per_floor":[64,64,46,46,51,51,51,32,32,32,32,32,32,12,34,3,58,32,32,17,17,13,13],"gold":84,"neow_bonus":"THREE_ENEMY_KILL","is_daily":false,"chose_seed":false,"campfire_upgraded":2,"win_rate":0.0,"timestamp":1612333664,"path_taken":["M","$","?","M","?","E","M","E","T","R","?","R","?","M","R","BOSS","M","?","?","$","M"],"items_purchased_type":["Card","Card","Relic","Card","Card","Card"],"build_version":"2020-12-22","purchased_purges":1,"victory":false,"max_hp_per_floor":[71,71,71,71,76,76,76,76,76,76,76,76,76,76,76,76,76,76,76,76,76,76,76],"card_choices":[{"not_picked":["Undo","Steam","Rebound"],"picked":"SKIP","floor":1},{"not_picked":["Blizzard","Beam Cell"],"picked":"Cold Snap","floor":4},{"not_picked":["Auto Shields","Rip and Tear"],"picked":"Core Surge","floor":6},{"not_picked":["Capacitor","Coolheaded"],"picked":"Loop","floor":7},{"not_picked":["Rip and Tear","Hello World","Darkness"],"picked":"SKIP","floor":8},{"not_picked":["Gash","Lockon"],"picked":"Barrage","floor":14},{"not_picked":["Hyperbeam","All For One"],"picked":"Seek","floor":16},{"not_picked":["Redo","Barrage"],"picked":"Coolheaded","floor":18},{"not_picked":["Doom and Gloom+1","Redo","Ball Lightning"],"picked":"SKIP","floor":20}],"player_experience":368817,"relics_obtained":[{"floor":6,"key":"Incense Burner"},{"floor":8,"key":"Letter Opener"},{"floor":9,"key":"Bottled Tornado"}],"event_choices":[{"damage_healed":0,"gold_gain":0,"player_choice":"Success","damage_taken":18,"relics_obtained":["Potion Belt"],"max_hp_gain":0,"max_hp_loss":0,"event_name":"Scrap Ooze","floor":3,"gold_loss":0},{"damage_healed":0,"gold_gain":0,"player_choice":"Donut","damage_taken":0,"max_hp_gain":5,"max_hp_loss":0,"event_name":"Big Fish","floor":5,"gold_loss":0},{"damage_healed":0,"gold_gain":30,"player_choice":"Searched \u00271\u0027 times","damage_taken":0,"max_hp_gain":0,"max_hp_loss":0,"event_name":"Dead Adventurer","floor":11,"gold_loss":0},{"damage_healed":0,"gold_gain":100,"player_choice":"Pray","damage_taken":0,"max_hp_gain":0,"max_hp_loss":0,"event_name":"Golden Shrine","floor":13,"gold_loss":0},{"damage_healed":0,"gold_gain":0,"player_choice":"Copied","damage_taken":0,"max_hp_gain":0,"max_hp_loss":0,"event_name":"Duplicator","floor":19,"gold_loss":0,"cards_obtained":["Static Discharge"]}],"is_beta":false,"boss_relics":[{"not_picked":["Black Star","Velvet Choker"],"picked":"Nuclear Battery"}],"items_purged_floors":[21],"is_endless":false,"potions_floor_spawned":[1,6,7,14,18],"killed_by":"Snecko","ascension_level":14}}