{"host":"yq2wmfr0u0wuvxc0","time":1612384007,"event":{"mods":["Act Like it!","Aspiration","BaseMod","Colored Powertips","Curses Come First","Defuse TimeMaze Blight","Downfall","Friendly Minions","Gensokyo","Gremlin Mod","Hallownest","Hubris","Infinite Spire","Koishi","Marisa????????","Minty Spire (QoL Compilation)","Pale of the Ancients","Quick Restart","Rare Cards Sparkle","Remilia??????","Shop Mod","Smile Girya","Spicy Shops","StSLib","The Servant 0.9.4","Wide Potions","Youmu??????"],"gold_per_floor":[99,99,99,99,99,134,134,134,151,251,265,265,265,296,308,403,403,403,421,433,433,388,174,174,204,204,233,233,233,248,34,47,152,152,152,169,187,205,216,231,231,231,231,231],"floor_reached":42,"language":"ZHS","playtime":2477,"items_purged":["champ:Strike","champ:Defend","champ:Strike","champ:Strike"],"score":514,"play_id":"6dedd6de-4697-4f95-b9bf-7883165a5c8f","local_time":"20210203122647","is_ascension_mode":true,"campfire_choices":[{"data":"champ:Taunt","floor":1.0,"key":"SMITH"},{"data":"champ:ShieldWall","floor":8.0,"key":"SMITH"},{"data":"champ:TripleStrike","floor":12.0,"key":"SMITH"},{"data":"champ:GladiatorForm","floor":18.0,"key":"SMITH"},{"data":"champ:Backstep","floor":29,"key":"SMITH"},{"data":"champ:StrikeOfGenius","floor":35,"key":"SMITH"}],"circlet_count":0,"master_deck":["champ:Defend","champ:Defend","champ:Defend","champ:Execute","champ:Taunt+1","champ:Backstep+1","champ:ShieldWall+1","champ:Encircle","champ:RapidStrikes","champ:StanceDance","hubris:Disease","champ:GladiatorForm+1","champ:TripleStrike+1","champ:Backstep","champ:MurderStrike","downfall:Icky","hubris:Wrath","Pain","champ:AdrenalArmor","Clumsy","champ:StrikeOfGenius+1","champ:AdrenalArmor","champ:GutPunch+1","champ:FanOfKnives","champ:RageSigil","champ:FlashCut+1"],"relics":["champ:ChampionCrown","downfall:HeartsMalice","Bottled Tornado","Blue Candle","Darkstone Periapt","champ:LiftRelic","hubris:BundleOfHerbs","Astrolabe","hubris:SphereOfDissonance","infinitespire:CheckeredPen","Boot","Ice Cream","Nunchaku","Bag of Preparation","aspiration:FutureDiary"],"acts_visited":["Exordium","Hallownest:CityofTears","TheBeyond"],"potions_floor_usage":[30,33,33,40],"damage_taken":[{"damage":0.0,"enemies":"Small Slimes","floor":2.0,"turns":1.0},{"damage":0.0,"enemies":"Cultist","floor":3.0,"turns":1.0},{"damage":0.0,"enemies":"Jaw Worm","floor":5.0,"turns":1.0},{"damage":24.0,"enemies":"3 Sentries","floor":6.0,"turns":10.0},{"damage":10.0,"enemies":"2 Fungi Beasts","floor":9.0,"turns":3.0},{"damage":23.0,"enemies":"Blue Slaver","floor":11.0,"turns":5.0},{"damage":20.0,"enemies":"Lagavulin","floor":14.0,"turns":4.0},{"damage":6.0,"enemies":"3 Louse","floor":15.0,"turns":3.0},{"damage":53.0,"enemies":"DF_ARCHETYPE_STREAMLINE","floor":16.0,"turns":9.0},{"damage":36.0,"enemies":"Hallownest:2_Mistakes","floor":19.0,"turns":7.0},{"damage":21.0,"enemies":"Hallownest:Flukemon_and_Top","floor":20.0,"turns":5.0},{"damage":22.0,"enemies":"downfall:FleeingMerchant","floor":23.0,"turns":4.0},{"damage":33.0,"enemies":"Hallownest:Nosk","floor":25.0,"turns":6.0},{"damage":28.0,"enemies":"Hallownest:eliteSoulWarrior","floor":27.0,"turns":6.0},{"damage":22,"enemies":"Hallownest:3_Mistakes","floor":30,"turns":5},{"damage":22,"enemies":"downfall:FleeingMerchant","floor":31,"turns":4},{"damage":19,"enemies":"Hallownest:Master_and_Novice","floor":32,"turns":4},{"damage":45,"enemies":"SI_MIRROR_ARCHETYPE","floor":33,"turns":7},{"damage":28,"enemies":"3 Shapes","floor":36,"turns":4},{"damage":49,"enemies":"3 Darklings","floor":37,"turns":4},{"damage":57,"enemies":"Sphere and 2 Shapes","floor":38,"turns":5},{"damage":22,"enemies":"Jaw Worm Horde","floor":39,"turns":3},{"damage":44,"enemies":"Transient","floor":40,"turns":5},{"damage":22,"enemies":"4 Shapes","floor":42,"turns":1}],"seed_played":"2773086564642935311","potions_obtained":[{"floor":6.0,"key":"Weak Potion"},{"floor":9.0,"key":"GamblersBrew"},{"floor":11.0,"key":"FearPotion"},{"floor":19.0,"key":"Fire Potion"},{"floor":27.0,"key":"EssenceOfSteel"},{"floor":30,"key":"FearPotion"},{"floor":39,"key":"Block Potion"}],"is_trial":false,"path_per_floor":["R","M","M","?","M","E","T","R","M","?","M","R","?","E","M","B",null,"R","M","M","?","?","$","T","E","AVR","E","?","R","M","$","M","B",null,"R","M","M","M","M","M","T","M"],"character_chosen":"THE_CHAMP","items_purchased":["champ:AdrenalArmor","Bag of Preparation"],"campfire_rested":0,"item_purchase_floors":[23,31],"current_hp_per_floor":[90,90,90,90,90,76,76,76,76,100,87,87,87,82,76,74,132,132,106,85,91,91,89,89,81,81,73,87,87,80,78,69,85,138,138,120,101,74,62,18,18,0,0,0],"gold":231,"neow_bonus":"THREE_ENEMY_KILL","is_daily":false,"chose_seed":false,"campfire_upgraded":6,"win_rate":0.0,"timestamp":1612384007,"path_taken":["R","M","M","?","?","E","T","R","?","?","M","R","?","E","M","BOSS","R","M","M","?","?","$","T","E","AVR","E","?","R","M","$","M","BOSS","R","M","M","?","M","?","T","M"],"items_purchased_type":["Card","Relic"],"build_version":"2020-12-22","purchased_purges":4,"victory":false,"max_hp_per_floor":[90,90,90,90,90,90,90,90,90,114,114,114,114,114,114,114,132,132,132,132,138,138,138,138,138,138,138,138,138,138,138,138,138,138,138,138,138,138,138,138,138,138,138,138],"card_choices":[{"not_picked":["champ:SetATrap","champ:Endure"],"picked":"champ:Backstep","floor":2.0},{"not_picked":["champ:EnGarde","champ:TornadoPunch"],"picked":"champ:ShieldWall","floor":3.0},{"not_picked":["champ:StanceDance","champ:DefensiveShout"],"picked":"champ:Encircle","floor":5.0},{"not_picked":["champ:TornadoPunch","champ:BringItOn"],"picked":"champ:RapidStrikes","floor":6.0},{"not_picked":["champ:CrownThrow","champ:DefensiveStyle"],"picked":"champ:StanceDance","floor":9.0},{"not_picked":["champ:CrownThrow","champ:ShieldSlam"],"picked":"champ:TripleStrike","floor":11.0},{"not_picked":["champ:BladeFlurry","champ:PreemptiveStrike","champ:Circumvent"],"picked":"SKIP","floor":14.0},{"not_picked":["champ:GutPunch","champ:Backstep","champ:EnGarde"],"picked":"SKIP","floor":15.0},{"not_picked":["champ:GutPunch","champ:EnGarde"],"picked":"champ:Backstep","floor":15.0},{"not_picked":["champ:GladiatorForm","champ:IgnorePain"],"picked":"champ:MurderStrike","floor":16.0},{"not_picked":["champ:CrownThrow","champ:FocusedDefense+1","champ:PerfectedStrike"],"picked":"SKIP","floor":19.0},{"not_picked":["champ:CrownThrow","champ:BladeFlurry"],"picked":"champ:AdrenalArmor","floor":20.0},{"not_picked":["champ:BerserkerStyle","champ:ShieldSlam"],"picked":"champ:StrikeOfGenius","floor":23.0},{"not_picked":["champ:Circumvent","champ:ShieldWall","champ:Shatter"],"picked":"SKIP","floor":25.0},{"not_picked":["champ:PerfectedStrike+1","champ:CrownThrow"],"picked":"champ:GutPunch+1","floor":27.0},{"not_picked":["champ:Backstep+1","champ:AdrenalArmor+1"],"picked":"champ:FanOfKnives","floor":30},{"not_picked":["champ:Backstep+1","champ:PreciseThrust"],"picked":"champ:RageSigil","floor":31},{"not_picked":["champ:RecklessLeap","champ:FalseCounter","champ:AdrenalArmor+1"],"picked":"SKIP","floor":32},{"not_picked":["champ:FaceSlap+1","champ:RecklessLeap","champ:Circumvent"],"picked":"SKIP","floor":36},{"not_picked":["champ:DefensiveStyle","champ:FanOfKnives"],"picked":"champ:FlashCut+1","floor":37},{"not_picked":["champ:EnragedBash","champ:ShieldSigil","champ:Encircle"],"picked":"SKIP","floor":38},{"not_picked":["champ:GutPunch+1","champ:AdrenalArmor+1","champ:FancyFootwork"],"picked":"SKIP","floor":39},{"not_picked":["champ:Haymaker+1","champ:CrownThrow","champ:PerfectedStrike"],"picked":"SKIP","floor":40}],"player_experience":324002,"relics_obtained":[{"floor":6.0,"key":"Bottled Tornado"},{"floor":7.0,"key":"Blue Candle"},{"floor":14.0,"key":"hubris:BundleOfHerbs"},{"floor":24.0,"key":"infinitespire:CheckeredPen"},{"floor":25.0,"key":"Boot"},{"floor":27.0,"key":"Nunchaku"}],"event_choices":[{"cards_removed":["champ:Strike"],"damage_healed":0.0,"max_hp_gain":0.0,"max_hp_loss":0.0,"gold_gain":0.0,"event_name":"Bonfire Elementals","player_choice":"Offered Basic","floor":4.0,"gold_loss":0.0,"damage_taken":0.0}],"is_beta":false,"boss_relics":[{"not_picked":["SacredBark","hubris:BlackHole"],"picked":"Astrolabe"},{"not_picked":["Snecko Eye","bronze:MakeshiftBattery"],"picked":"aspiration:FutureDiary"}],"items_purged_floors":[23,23,26,31],"is_endless":false,"potions_floor_spawned":[6,9,11,15,19,27,30,39],"killed_by":"4 Shapes","ascension_level":1}}