{"host":"0m8zx4nh2snqg8t8","time":1612376157,"event":{"mods":["BaseMod","Colored Map","Hermit","Infinite Spire","Minty Spire (QoL Compilation)","Replay The Spire","StSLib","The Cursed","The Jungle"],"gold_per_floor":[128,128,145,145,176,241,241,275,275,87,87,154,195,195,195,372,372,390,410,410,444,444,444],"floor_reached":22,"language":"ENG","playtime":1868,"items_purged":["hermit:Defend_Hermit","hermit:Strike_Hermit"],"score":196,"play_id":"0ba8c039-9ec8-45b1-bd90-18ba83f7a760","local_time":"20210203101557","is_ascension_mode":false,"campfire_choices":[{"data":"hermit:Covet","floor":7,"key":"SMITH"},{"floor":15,"key":"REST"}],"circlet_count":0,"master_deck":["hermit:Strike_Hermit","hermit:Strike_Hermit","hermit:Defend_Hermit","hermit:Defend_Hermit","hermit:Snapshot","hermit:Covet+1","hermit:DeadOrAlive","hermit:GhostlyPresence","hermit:BigShot","hermit:ShadowCloak","hermit:FromBeyond","hermit:ItchyTrigger","hermit:DeadOrAlive","hermit:Adapt","hermit:FatalDesire","hermit:Vantage+1","hermit:Enervate","infinitespire:TheBestDefense","hermit:Deadeye"],"relics":["hermit:Momento","Replay:Accelerometer","ReplayTheSpireMod:TigerMarble","hermit:Spyglass","Membership Card","Bag of Preparation","Empty Cage"],"acts_visited":["Exordium","Exordium"],"potions_floor_usage":[12,16,18,19],"damage_taken":[{"damage":0,"enemies":"Small Slimes","floor":1,"turns":3},{"damage":6,"enemies":"infinitespire:Voidling","floor":3,"turns":4},{"damage":0,"enemies":"Cultist","floor":5,"turns":3},{"damage":12,"enemies":"Lagavulin","floor":6,"turns":8},{"damage":8,"enemies":"Red Slaver","floor":8,"turns":5},{"damage":8,"enemies":"3 Sentries","floor":12,"turns":8},{"damage":16,"enemies":"Exordium Wildlife","floor":13,"turns":6},{"damage":31,"enemies":"Slime Boss","floor":16,"turns":8},{"damage":46,"enemies":"theJungle:Flameango_and_Byrd","floor":18,"turns":7},{"damage":21,"enemies":"theJungle:GiantWrat","floor":19,"turns":7},{"damage":3,"enemies":"theJungle:SlimyTreeVines","floor":21,"turns":8},{"damage":19,"enemies":"theJungle:JungleHuntersEncounter","floor":22,"turns":3}],"seed_played":"-1513607034378451298","potions_obtained":[{"floor":1,"key":"Toxic Potion"},{"floor":6,"key":"SteroidPotion"},{"floor":8,"key":"LifebloodPotion"},{"floor":12,"key":"AttackPotion"}],"is_trial":false,"path_per_floor":["M","?","M","T","M","E","R","M","T","$","?","E","M","?","R_BF","B",null,"M","M","AVR","M","M"],"character_chosen":"HERMIT","items_purchased":["Membership Card"],"campfire_rested":1,"item_purchase_floors":[10],"current_hp_per_floor":[75,75,73,73,73,61,61,53,53,53,53,45,29,29,51,20,75,29,8,8,11,0,0],"gold":444,"neow_bonus":"ONE_RANDOM_RARE_CARD","is_daily":false,"chose_seed":false,"campfire_upgraded":1,"win_rate":0.0,"timestamp":1612376157,"path_taken":["M","?","?","?","M","E","R","?","T","$","?","E","M","?","R_BF","BOSS","M","M","AVR","M","M"],"items_purchased_type":["Relic"],"build_version":"2020-12-22","purchased_purges":2,"victory":false,"max_hp_per_floor":[75,75,75,75,75,75,75,75,75,75,75,75,75,75,75,75,75,75,75,75,75,75,75],"card_choices":[{"not_picked":["hermit:LowProfile","hermit:Ricochet"],"picked":"hermit:GhostlyPresence","floor":1},{"not_picked":["hermit:Ricochet","hermit:Coalescence"],"picked":"hermit:BigShot","floor":3},{"not_picked":["hermit:Brawl","hermit:Manifest"],"picked":"hermit:ShadowCloak","floor":5},{"not_picked":["hermit:GhostlyPresence","hermit:Desperado"],"picked":"hermit:FromBeyond","floor":6},{"not_picked":["hermit:Quickdraw","hermit:LowProfile"],"picked":"hermit:ItchyTrigger","floor":8},{"not_picked":["hermit:ItchyTrigger","hermit:WideOpen"],"picked":"hermit:DeadOrAlive","floor":12},{"not_picked":["hermit:Malice","hermit:LowProfile"],"picked":"hermit:Adapt","floor":13},{"not_picked":["hermit:FromBeyond","hermit:Dissolve"],"picked":"hermit:FatalDesire","floor":16},{"not_picked":["hermit:Combo","hermit:HoleUp+1"],"picked":"hermit:Vantage+1","floor":18},{"not_picked":["hermit:Feint","hermit:TakeAim"],"picked":"hermit:Enervate","floor":19},{"not_picked":["hermit:Quickdraw","hermit:Ricochet"],"picked":"hermit:Deadeye","floor":21}],"player_experience":312781,"relics_obtained":[{"floor":4,"key":"Replay:Accelerometer"},{"floor":6,"key":"ReplayTheSpireMod:TigerMarble"},{"floor":9,"key":"hermit:Spyglass"},{"floor":12,"key":"Bag of Preparation"}],"event_choices":[{"cards_removed":["hermit:Strike_Hermit"],"damage_healed":0,"gold_gain":0,"player_choice":"Offered Basic","damage_taken":0,"max_hp_gain":0,"max_hp_loss":0,"event_name":"Bonfire Elementals","floor":2,"gold_loss":0}],"is_beta":false,"boss_relics":[{"not_picked":["SacredBark","ChewingGum"],"picked":"Empty Cage"}],"items_purged_floors":[10,20],"is_endless":false,"potions_floor_spawned":[1,6,8,12],"killed_by":"theJungle:JungleHuntersEncounter","ascension_level":0}}