{"host":"630px4nyj50z5id8","time":1612357809,"event":{"mods":["BaseMod","Colored Powertips","Downfall","Minty Spire (QoL Compilation)","Quick Restart","Replay The Spire","StSLib","Waifu the Spire"],"gold_per_floor":[113,126,126,51,51,76,76,86,86,103,131,131,142,42,42,143,143,154,154,154,174,187,213,213,242,242,242,242],"floor_reached":27,"language":"ZHS","playtime":1288,"items_purged":["Strike_G","Strike_G"],"score":300,"play_id":"9a17cb46-07fc-4d04-8709-cfde45800dbb","local_time":"20210203211009","is_ascension_mode":true,"campfire_choices":[{"data":"Neutralize","floor":7.0,"key":"SMITH"},{"data":"Draining Mist","floor":15.0,"key":"SMITH"}],"circlet_count":0,"master_deck":["Defend_G","Defend_G","Defend_G","Defend_G","Defend_G","Survivor","Neutralize+1","Dagger Spray","Sneak Up+1","Draining Mist+1","ReplayTheSpireMod:Speed Training","Bouncing Flask","Blur","Poison Darts","Crippling Poison","Predator","Calculated Gamble+1","Calculated Gamble+1","Accuracy","Replay:Poison Smokescreen"],"relics":["Ring of the Snake","NeowsBlessing","ReplayTheSpireMod:Ring of Challenge","WingedGreaves","Replay:Multitool","Replay:Bottled Snecko","Sozu","Blue Candle","Ancient Tea Set","Girya"],"acts_visited":["Exordium","TheCity"],"potions_floor_usage":[23,23],"damage_taken":[{"damage":0.0,"enemies":"Small Slimes","floor":1.0,"turns":1.0},{"damage":0.0,"enemies":"Jaw Worm","floor":2.0,"turns":1.0},{"damage":0.0,"enemies":"Lagavulin","floor":6.0,"turns":2.0},{"damage":0.0,"enemies":"Cultist","floor":8.0,"turns":3.0},{"damage":0.0,"enemies":"Gremlin Gang","floor":10.0,"turns":4.0},{"damage":11.0,"enemies":"Replay:BlueRogue","floor":11.0,"turns":10.0},{"damage":1.0,"enemies":"Looter","floor":13.0,"turns":3.0},{"damage":31.0,"enemies":"The Guardian","floor":16.0,"turns":9.0},{"damage":2,"enemies":"Chosen","floor":18,"turns":5},{"damage":2,"enemies":"2 Thieves","floor":21,"turns":5},{"damage":8,"enemies":"Cultist and Chosen","floor":22,"turns":6},{"damage":9,"enemies":"Slavers","floor":23,"turns":5},{"damage":15,"enemies":"Book of Stabbing","floor":25,"turns":6},{"damage":14,"enemies":"Colosseum Slavers","floor":27,"turns":4},{"damage":23,"enemies":"Colosseum Nobs","floor":27,"turns":3}],"seed_played":"-986277282848775449","potions_obtained":[{"floor":1.0,"key":"champ:CounterPotion"},{"floor":8.0,"key":"Elixir"},{"floor":13.0,"key":"Adrenaline Potion"}],"is_trial":false,"path_per_floor":["M","M","?","$","?","E","R","M","T","M","E","R","M","$","R","B",null,"M","?","?","M","M","E","R","E","T","?"],"character_chosen":"THE_SILENT","items_purchased":[],"campfire_rested":0,"item_purchase_floors":[],"current_hp_per_floor":[70,70,70,70,70,70,70,70,70,70,59,59,58,58,58,27,70,68,68,63,61,53,44,44,29,29,0,0],"gold":242,"neow_bonus":"THREE_ENEMY_KILL","is_daily":false,"chose_seed":false,"campfire_upgraded":2,"win_rate":0.0,"timestamp":1612357809,"path_taken":["M","M","?","$","?","E","R","M","T","M","E","R","M","?","R","BOSS","M","?","?","M","M","E","R","E","T","?"],"items_purchased_type":[],"build_version":"2020-12-22","purchased_purges":2,"victory":false,"max_hp_per_floor":[70,70,70,70,70,70,70,70,70,70,70,70,70,70,70,70,70,70,70,70,70,70,70,70,70,70,70,70],"card_choices":[{"not_picked":["ReplayTheSpireMod:Exploit Weakness","Distraction","Underhanded Strike"],"picked":"SKIP","floor":1.0},{"not_picked":["Expertise","Quick Slash"],"picked":"Dagger Spray","floor":2.0},{"not_picked":["Fluid Movement","Dagger Throw"],"picked":"Finisher","floor":6.0},{"not_picked":["Underhanded Strike","Poisoned Stab"],"picked":"Draining Mist","floor":8.0},{"not_picked":["Backflip","ReplayTheSpireMod:Shiv Toss"],"picked":"ReplayTheSpireMod:Speed Training","floor":10.0},{"not_picked":["Leg Sweep","Backstab"],"picked":"Bouncing Flask","floor":11.0},{"not_picked":["Cloak And Dagger","Sneak Up"],"picked":"Blur","floor":13.0},{"not_picked":["ReplayTheSpireMod:From All Sides","Bullet Time"],"picked":"Poison Darts","floor":16.0},{"not_picked":["Accuracy","Flying Knee+1","ReplayTheSpireMod:Tripwire"],"picked":"SKIP","floor":18},{"not_picked":["Endless Agony+1","Slice","Backstab"],"picked":"SKIP","floor":21},{"not_picked":["ReplayTheSpireMod:The Works+1","Outmaneuver"],"picked":"Calculated Gamble+1","floor":22},{"not_picked":["Expertise","Eviscerate+1"],"picked":"Calculated Gamble+1","floor":23},{"not_picked":["Toxin Wave","ReplayTheSpireMod:Tripwire+1"],"picked":"Replay:Poison Smokescreen","floor":25}],"player_experience":359067,"relics_obtained":[{"floor":3.0,"key":"ReplayTheSpireMod:Ring of Challenge"},{"floor":6.0,"key":"WingedGreaves"},{"floor":9.0,"key":"Replay:Multitool"},{"floor":11.0,"key":"Replay:Bottled Snecko"},{"floor":23,"key":"Ancient Tea Set"},{"floor":25,"key":"Girya"}],"event_choices":[{"damage_healed":0,"gold_gain":0,"cards_transformed":["Strike_G","Finisher"],"player_choice":"Became Test Subject","damage_taken":0,"max_hp_gain":0,"max_hp_loss":0,"event_name":"Drug Dealer","floor":19,"gold_loss":0,"cards_obtained":["Crippling Poison","Predator"]},{"damage_healed":0,"gold_gain":0,"player_choice":"Fight","damage_taken":0,"max_hp_gain":0,"max_hp_loss":0,"event_name":"Colosseum","floor":27,"gold_loss":0},{"damage_healed":0,"gold_gain":0,"player_choice":"Fought Nobs","damage_taken":0,"max_hp_gain":0,"max_hp_loss":0,"event_name":"Colosseum","floor":27,"gold_loss":0}],"is_beta":false,"boss_relics":[{"not_picked":["Painkiller Herb","Replay:Drink Me"],"picked":"Sozu"}],"items_purged_floors":[4,14],"is_endless":false,"potions_floor_spawned":[1,8,13,21],"killed_by":"Colosseum Nobs","ascension_level":1}}