{"host":"92wx9z21c4p52du4","time":1612313952,"event":{"mods":["BaseMod","Downfall","Hermit","Minty Spire (QoL Compilation)","Reliquary","StSLib","The Hierophant"],"gold_per_floor":[99,118,130,130,130,142,216,234,252,252,252,252,252],"floor_reached":11,"language":"ENG","playtime":416,"items_purged":[],"score":65,"play_id":"fff719e7-4087-49ee-853a-32ff92cbc32a","local_time":"20210202185912","is_ascension_mode":false,"campfire_choices":[{"data":"Mayhem","floor":1,"key":"SMITH"}],"circlet_count":0,"master_deck":["hexamod:Strike","hexamod:Strike","hexamod:Strike","hexamod:Strike","hexamod:Defend","hexamod:Defend","hexamod:Defend","hexamod:Defend","hexamod:Sear","hexamod:Float","Mayhem+1","hexamod:RetreatToShadows","hexamod:FastForward","hexamod:Sear","hexamod:SpectralAdrenaline","hexamod:ChargedBarrage","hexamod:BurningTouch"],"relics":["hexamod:SpiritBrand","downfall:ShatteredFragment"],"acts_visited":["Exordium"],"potions_floor_usage":[],"damage_taken":[{"damage":4,"enemies":"2 Louse","floor":2,"turns":5},{"damage":1,"enemies":"Cultist","floor":3,"turns":4},{"damage":11,"enemies":"Small Slimes","floor":6,"turns":3},{"damage":9,"enemies":"Blue Slaver","floor":8,"turns":5},{"damage":18,"enemies":"Exordium Thugs","floor":9,"turns":5},{"damage":8,"enemies":"Lagavulin","floor":11,"turns":2}],"seed_played":"-440324358590604060","potions_obtained":[{"floor":9,"key":"SmokeBomb"}],"is_trial":false,"path_per_floor":["R","M","M","?","?","M","T","M","M","?","E"],"character_chosen":"THE_SPIRIT","items_purchased":[],"campfire_rested":0,"item_purchase_floors":[],"current_hp_per_floor":[70,66,65,44,44,33,33,24,6,6,0,0,0],"gold":252,"neow_bonus":"RANDOM_COLORLESS_2","is_daily":false,"chose_seed":false,"campfire_upgraded":1,"win_rate":0.0,"timestamp":1612313952,"path_taken":["R","M","M","?","?","M","T","?","M","?","E"],"items_purchased_type":[],"build_version":"2020-12-22","purchased_purges":0,"victory":false,"max_hp_per_floor":[70,70,70,70,70,70,70,70,70,70,70,70,70],"card_choices":[{"not_picked":["Metamorphosis","Secret Technique"],"picked":"Mayhem","floor":0},{"not_picked":["hexamod:HauntingEcho","hexamod:GhostflameBarrier"],"picked":"hexamod:RetreatToShadows","floor":2},{"not_picked":["hexamod:NightmareStrike","hexamod:Hexaguard"],"picked":"hexamod:FastForward","floor":3},{"not_picked":["hexamod:ShieldOfDarkness","hexamod:GhostOfSpireFuture"],"picked":"hexamod:SpectralAdrenaline","floor":6},{"not_picked":["hexamod:GhostOfSpireFuture","hexamod:NightmareStrike"],"picked":"hexamod:ChargedBarrage","floor":8},{"not_picked":["hexamod:GhostOfSpireFuture","hexamod:SkipABeat"],"picked":"hexamod:BurningTouch","floor":9}],"player_experience":218019,"relics_obtained":[],"event_choices":[{"cards_removed":["Normality"],"damage_healed":0,"gold_gain":0,"player_choice":"Forget","damage_taken":0,"max_hp_gain":0,"max_hp_loss":0,"event_name":"Living Wall","floor":10,"gold_loss":0}],"is_beta":false,"boss_relics":[],"items_purged_floors":[],"is_endless":false,"potions_floor_spawned":[9],"killed_by":"Lagavulin","ascension_level":0}}