{"host":"q4axc00jr2bozlh9","time":1612372404,"event":{"mods":["AchievementEnabler","BaseMod","Bestiary","Colored Map","Colored Powertips","Curses Come First","Minty Spire (QoL Compilation)","Relic Stats","StSLib","SuperFastMode","UnlockEverythingMod"],"gold_per_floor":[112,112,187,203,219,219,232,252,300,333,333,349,366,397,397,492,492,492,492],"floor_reached":18,"language":"ENG","playtime":738,"items_purged":[],"score":174,"play_id":"be0ac27d-eb8d-4b27-b46e-143206c29c1e","local_time":"20210203181324","is_ascension_mode":false,"campfire_choices":[{"data":"Uppercut","floor":6,"key":"SMITH"},{"floor":15,"key":"REST"}],"circlet_count":0,"master_deck":["Strike_R","Strike_R","Strike_R","Strike_R","Defend_R","Defend_R","Defend_R","Defend_R","Bash","Uppercut+1","Regret","Shrug It Off","Clash","Flex","Thunderclap","Armaments","Clash","Blood for Blood","Barricade"],"relics":["Burning Blood","Kunai","Pen Nib","Orichalcum","Bottled Lightning","Mark of Pain"],"acts_visited":["Exordium","TheCity"],"potions_floor_usage":[10,14,14,16],"damage_taken":[{"damage":5,"enemies":"Small Slimes","floor":1,"turns":3},{"damage":11,"enemies":"Jaw Worm","floor":4,"turns":6},{"damage":0,"enemies":"2 Louse","floor":5,"turns":2},{"damage":34,"enemies":"Exordium Thugs","floor":7,"turns":8},{"damage":2,"enemies":"Looter","floor":8,"turns":3},{"damage":21,"enemies":"Gremlin Nob","floor":10,"turns":4},{"damage":10,"enemies":"Red Slaver","floor":12,"turns":2},{"damage":5,"enemies":"3 Louse","floor":13,"turns":3},{"damage":29,"enemies":"Lagavulin","floor":14,"turns":7},{"damage":28,"enemies":"The Guardian","floor":16,"turns":8},{"damage":88,"enemies":"3 Byrds","floor":18,"turns":5}],"seed_played":"-5733835242810235560","potions_obtained":[{"floor":1,"key":"Explosive Potion"},{"floor":8,"key":"LiquidMemories"},{"floor":10,"key":"AttackPotion"},{"floor":13,"key":"Block Potion"}],"is_trial":false,"path_per_floor":["M","?","?","M","M","R","M","M","T","E","?","M","M","E","R","B",null,"M"],"character_chosen":"IRONCLAD","items_purchased":[],"campfire_rested":1,"item_purchase_floors":[],"current_hp_per_floor":[88,88,77,72,78,78,50,54,54,39,39,35,36,13,39,17,88,0,0],"gold":492,"neow_bonus":"TEN_PERCENT_HP_BONUS","is_daily":false,"chose_seed":false,"campfire_upgraded":1,"win_rate":0.0,"timestamp":1612372404,"path_taken":["M","?","?","M","M","R","M","M","T","E","?","M","M","E","R","BOSS","M"],"items_purchased_type":[],"build_version":"2020-12-22","purchased_purges":0,"victory":false,"max_hp_per_floor":[88,88,88,88,88,88,88,88,88,88,88,88,88,88,88,88,88,88,88],"relic_stats":{"counters":[11,51],"Pen Nib":[5],"Kunai":[5],"Orichalcum":[24],"obtain_stats":[{"Pen Nib":9,"Mark of Pain":17,"Kunai":2,"Bottled Lightning":14,"Orichalcum":10,"Burning Blood":0},{"Pen Nib":5,"Mark of Pain":10,"Kunai":1,"Bottled Lightning":9,"Orichalcum":6,"Burning Blood":0},{"Pen Nib":22,"Mark of Pain":46,"Kunai":3,"Bottled Lightning":38,"Orichalcum":26,"Burning Blood":0}],"Burning Blood":59},"card_choices":[{"not_picked":["Sword Boomerang","Heavy Blade"],"picked":"Uppercut","floor":1},{"not_picked":["Anger","Searing Blow"],"picked":"Shrug It Off","floor":4},{"not_picked":["Flex","Heavy Blade"],"picked":"Clash","floor":5},{"not_picked":["Sentinel","Reckless Charge","Clothesline"],"picked":"SKIP","floor":7},{"not_picked":["Body Slam","Hemokinesis"],"picked":"Flex","floor":8},{"not_picked":["Flame Barrier","Pummel"],"picked":"Thunderclap","floor":10},{"not_picked":["Shrug It Off","Thunderclap"],"picked":"Armaments","floor":12},{"not_picked":["Heavy Blade","Exhume"],"picked":"Clash","floor":13},{"not_picked":["Pommel Strike","Reckless Charge"],"picked":"Blood for Blood","floor":14},{"not_picked":["Reaper","Feed"],"picked":"Barricade","floor":16}],"player_experience":233311,"relics_obtained":[{"floor":9,"key":"Pen Nib"},{"floor":10,"key":"Orichalcum"},{"floor":14,"key":"Bottled Lightning"}],"event_choices":[{"damage_healed":0,"gold_gain":0,"player_choice":"Box","damage_taken":0,"relics_obtained":["Kunai"],"max_hp_gain":0,"max_hp_loss":0,"event_name":"Big Fish","floor":2,"gold_loss":0,"cards_obtained":["Regret"]},{"damage_healed":0,"gold_gain":75,"player_choice":"Gather Gold","damage_taken":11,"max_hp_gain":0,"max_hp_loss":0,"event_name":"World of Goop","floor":3,"gold_loss":0},{"cards_removed":["Strike_R"],"damage_healed":0,"gold_gain":0,"player_choice":"Forget","damage_taken":0,"max_hp_gain":0,"max_hp_loss":0,"event_name":"Living Wall","floor":11,"gold_loss":0}],"is_beta":false,"boss_relics":[{"not_picked":["Tiny House","Black Star"],"picked":"Mark of Pain"}],"items_purged_floors":[],"is_endless":false,"potions_floor_spawned":[1,8,10,13],"killed_by":"3 Byrds","ascension_level":0}}