{"host":"630px4nyj50z5id8","time":1612356465,"event":{"mods":["BaseMod","Colored Powertips","Downfall","Minty Spire (QoL Compilation)","Quick Restart","Replay The Spire","StSLib","Waifu the Spire"],"gold_per_floor":[119,49,68,81,96,123,123,135,135,60,60,60,60],"floor_reached":12,"language":"ZHS","playtime":605,"items_purged":["Strike_G"],"score":84,"play_id":"82447516-f91f-4a7b-a1df-1cdd046bac8b","local_time":"20210203204745","is_ascension_mode":true,"campfire_choices":[{"data":"Footwork","floor":7,"key":"SMITH"}],"circlet_count":0,"master_deck":["Strike_G","Strike_G","Strike_G","Defend_G","Defend_G","Defend_G","Defend_G","Survivor","Neutralize","Reflex","Dagger Throw","Hidden Blade","Footwork+1","Cloak And Dagger","Blade Dance","A Thousand Cuts","Deflect"],"relics":["Ring of the Snake","HornCleat","CaptainsWheel"],"acts_visited":["Exordium"],"potions_floor_usage":[],"damage_taken":[{"damage":0.0,"enemies":"Cultist","floor":1.0,"turns":4.0},{"damage":2,"enemies":"Jaw Worm","floor":3,"turns":4},{"damage":0,"enemies":"2 Louse","floor":4,"turns":4},{"damage":14,"enemies":"Exordium Thugs","floor":5,"turns":6},{"damage":23,"enemies":"3 Sentries","floor":6,"turns":11},{"damage":9,"enemies":"Exordium Wildlife","floor":8,"turns":6},{"damage":4,"enemies":"Gremlin Nob","floor":12,"turns":5}],"seed_played":"1506070191230639886","potions_obtained":[{"floor":5,"key":"Elixir"}],"is_trial":false,"path_per_floor":["M","$","M","M","M","E","R","M","T","$","?","E"],"character_chosen":"THE_SILENT","items_purchased":["Footwork"],"campfire_rested":0,"item_purchase_floors":[2],"current_hp_per_floor":[63,63,61,61,47,24,24,15,15,15,9,5,5],"gold":60,"neow_bonus":"TRANSFORM_TWO_CARDS","is_daily":false,"chose_seed":false,"campfire_upgraded":1,"win_rate":0.0,"timestamp":1612356465,"path_taken":["M","$","M","M","M","E","R","M","T","?","?","E"],"items_purchased_type":["Card"],"build_version":"2020-12-22","purchased_purges":1,"victory":false,"max_hp_per_floor":[63,63,63,63,63,63,63,63,63,63,63,63,63],"card_choices":[{"not_picked":["Dagger Spray","Predator"],"picked":"Hidden Blade","floor":1.0},{"not_picked":["Heel Hook","Blur"],"picked":"Cloak And Dagger","floor":3},{"not_picked":["Poisoned Stab","Underhanded Strike"],"picked":"Blade Dance","floor":4},{"not_picked":["Caltrops","Finisher","Dagger Throw"],"picked":"SKIP","floor":5},{"not_picked":["Dodge and Roll","Flechettes"],"picked":"A Thousand Cuts","floor":6},{"not_picked":["Dagger Throw","Replay:Poison Smokescreen"],"picked":"Deflect","floor":8}],"player_experience":358462,"relics_obtained":[{"floor":6,"key":"HornCleat"},{"floor":9,"key":"CaptainsWheel"}],"event_choices":[{"damage_healed":0,"gold_gain":0,"player_choice":"Damaged","damage_taken":6,"max_hp_gain":0,"max_hp_loss":0,"event_name":"Wheel of Change","floor":11,"gold_loss":0}],"is_beta":false,"boss_relics":[],"items_purged_floors":[10],"is_endless":false,"potions_floor_spawned":[5],"killed_by":"Gremlin Nob","ascension_level":1}}