{"host":"nyffms3wv8okr3l3","time":1612354221,"event":{"mods":["Astrologer","Bard","BaseMod","Beaked The Cultist","Bestiary","BetterRewards","Colored Powertips","Downfall","Fiend Mod","Gremlin Mod","Hermit","Hubris","Hunter ??","Infinite Spire","Marisa????????","Minty Spire (QoL Compilation)","Replay The Spire","SOS???????","StSLib","Synergy Search","The Forsaken"],"gold_per_floor":[113,113,131,156,179,179,198,237,263,263,287,287,287,310,310,438,501,522,522,536,536,536],"floor_reached":21,"language":"ENG","playtime":1093,"items_purged":[],"score":183,"play_id":"8f7aeefa-ba8d-4546-b9c1-58dd86ae74aa","local_time":"20210203101021","is_ascension_mode":false,"campfire_choices":[{"floor":6,"key":"REST"},{"floor":13,"key":"REST"},{"data":"Infernal Blade","floor":15,"key":"SMITH"}],"circlet_count":0,"master_deck":["Strike_R+1","Strike_R","Strike_R","Strike_R","Strike_R+1","Defend_R","Defend_R","Defend_R","Defend_R","Bash","Sword Boomerang","Injury","Anger+1","Thunderclap","Entrench","Twin Strike","Cleave","Infernal Blade+1","Clothesline","Demon Form","Perfected Strike","Pommel Strike+1","hubris:StunningStrike"],"relics":["Burning Blood","Ginger","Golden Idol","Simple Rune","Pet Ghost","infinitespire:FocusingShard","Tiny House"],"acts_visited":["Exordium","TheCity"],"potions_floor_usage":[8,16,16,16,18,18],"damage_taken":[{"damage":10,"enemies":"Jaw Worm","floor":1,"turns":4},{"damage":5,"enemies":"Small Slimes","floor":3,"turns":3},{"damage":1,"enemies":"Cultist","floor":4,"turns":3},{"damage":11,"enemies":"Large Slime","floor":5,"turns":6},{"damage":1,"enemies":"2 Fungi Beasts","floor":7,"turns":3},{"damage":34,"enemies":"3 Sentries","floor":8,"turns":7},{"damage":8,"enemies":"3 Louse","floor":11,"turns":2},{"damage":0,"enemies":"Large Slime","floor":14,"turns":4},{"damage":78,"enemies":"Hexaghost","floor":16,"turns":10},{"damage":20,"enemies":"2 Thieves","floor":18,"turns":4},{"damage":25,"enemies":"Spheric Guardian","floor":20,"turns":4},{"damage":54,"enemies":"Centurion and Healer","floor":21,"turns":6}],"seed_played":"649649331650375235","potions_obtained":[{"floor":1,"key":"DistilledChaos"},{"floor":5,"key":"sneckomod:MuddlingPotion"},{"floor":8,"key":"BloodPotion"},{"floor":11,"key":"DuplicationPotion"},{"floor":14,"key":"Fire Potion"},{"floor":16,"key":"DuplicationPotion"},{"floor":17,"key":"infinitespire:BlackPotion"}],"is_trial":false,"path_per_floor":["M","?","M","M","M","R","M","E","T","?","M","?","R","M","R","B",null,"M","?","M","M"],"character_chosen":"IRONCLAD","items_purchased":[],"campfire_rested":2,"item_purchase_floors":[],"current_hp_per_floor":[52,52,53,58,53,77,80,52,52,52,50,50,74,80,80,24,85,71,71,52,0,0],"gold":536,"neow_bonus":"ONE_RARE_RELIC","is_daily":false,"chose_seed":false,"campfire_upgraded":1,"win_rate":0.0,"timestamp":1612354221,"path_taken":["M","?","M","M","M","R","M","E","T","?","M","?","R","M","R","BOSS","M","?","M","M"],"items_purchased_type":[],"build_version":"2020-12-22","purchased_purges":0,"victory":false,"max_hp_per_floor":[80,80,80,80,80,80,80,80,80,80,80,80,80,80,80,80,85,85,85,85,85,85],"card_choices":[{"not_picked":["Evolve","Pummel"],"picked":"Sword Boomerang","floor":1},{"not_picked":["Wild Strike","Sword Boomerang"],"picked":"Anger","floor":3},{"not_picked":["Replay:Undeath\u0027s Touch","Run Through"],"picked":"Thunderclap","floor":4},{"not_picked":["Abandon","Warcry"],"picked":"Entrench","floor":5},{"not_picked":["Pommel Strike","Exhume"],"picked":"Twin Strike","floor":7},{"not_picked":["Demonic Infusion","Body Slam"],"picked":"Cleave","floor":8},{"not_picked":["Wild Strike","ReplayTheSpireMod:LeadingStrike"],"picked":"Infernal Blade","floor":11},{"not_picked":["Pommel Strike","ReplayTheSpireMod:Strike From Hell"],"picked":"Clothesline","floor":14},{"not_picked":["Fiend Fire","Brutality"],"picked":"Demon Form","floor":16},{"not_picked":["Wild Strike","Headbutt"],"picked":"Perfected Strike","floor":17},{"not_picked":["hubris:ReadiedAction","Replay:Undeath\u0027s Touch"],"picked":"Pommel Strike+1","floor":18},{"not_picked":["hubris:ReadiedAction","Wild Strike"],"picked":"hubris:StunningStrike","floor":20}],"player_experience":68026,"relics_obtained":[{"floor":8,"key":"Simple Rune"},{"floor":9,"key":"Pet Ghost"}],"event_choices":[{"damage_healed":0,"gold_gain":0,"player_choice":"Take Wound","damage_taken":0,"relics_obtained":["Golden Idol"],"max_hp_gain":0,"max_hp_loss":0,"event_name":"Golden Idol","floor":2,"gold_loss":0,"cards_obtained":["Injury"]},{"damage_healed":0,"gold_gain":0,"player_choice":"Searched \u00271\u0027 times","damage_taken":0,"relics_obtained":["infinitespire:FocusingShard"],"max_hp_gain":0,"max_hp_loss":0,"event_name":"Dead Adventurer","floor":10,"gold_loss":0}],"is_beta":false,"boss_relics":[{"not_picked":["Snecko Eye","hubris:RunicObelisk"],"picked":"Tiny House"}],"items_purged_floors":[],"is_endless":false,"potions_floor_spawned":[1,5,8,11,14,16],"killed_by":"Centurion and Healer","ascension_level":0}}