{"host":"0nndazl0keusavit","time":1612320100,"event":{"mods":["AchievementEnabler","BaseMod","Colored Map","Curses Come First","Highlight Path","Minty Spire (QoL Compilation)","Relic Stats","StSLib"],"gold_per_floor":[111,111,111,128,139,139,173,173,173,202,212,212,212,212,212,284,284,295,313,330,330,330,330,330],"floor_reached":23,"language":"ENG","playtime":1529,"items_purged":[],"score":448,"play_id":"68dc8521-245e-4bed-9530-71825d7777cf","local_time":"20210202214140","is_ascension_mode":true,"campfire_choices":[{"data":"Predator","floor":6.0,"key":"SMITH"},{"floor":8.0,"key":"REST"},{"floor":13,"key":"REST"},{"data":"Noxious Fumes","floor":15,"key":"SMITH"}],"circlet_count":0,"master_deck":["AscendersBane","Strike_G","Strike_G","Strike_G","Strike_G","Strike_G+1","Defend_G","Defend_G","Defend_G","Defend_G","Defend_G","Survivor","Neutralize+1","Noxious Fumes+1","Cloak And Dagger","Predator+1","Storm of Steel+1","After Image","Glass Knife","CurseOfTheBell","Well Laid Plans","Blade Dance","Shame"],"relics":["Ring of the Snake","Pear","Boot","Du-Vu Doll","Calling Bell","Ancient Tea Set","Sundial","Mango","Darkstone Periapt"],"acts_visited":["Exordium","TheCity"],"potions_floor_usage":[],"damage_taken":[{"damage":0.0,"enemies":"Small Slimes","floor":1.0,"turns":4.0},{"damage":1.0,"enemies":"2 Louse","floor":4.0,"turns":4.0},{"damage":2.0,"enemies":"Jaw Worm","floor":5.0,"turns":6.0},{"damage":21.0,"enemies":"Gremlin Nob","floor":7.0,"turns":4.0},{"damage":17.0,"enemies":"3 Sentries","floor":10.0,"turns":6.0},{"damage":16.0,"enemies":"Exordium Wildlife","floor":11.0,"turns":6.0},{"damage":37,"enemies":"The Guardian","floor":16,"turns":11},{"damage":18,"enemies":"3 Byrds","floor":18,"turns":5},{"damage":15,"enemies":"Shell Parasite","floor":19,"turns":6},{"damage":28,"enemies":"Snake Plant","floor":20,"turns":5},{"damage":43,"enemies":"Gremlin Leader","floor":23,"turns":7}],"seed_played":"-546589129926792664","potions_obtained":[{"floor":1.0,"key":"AttackPotion"},{"floor":5.0,"key":"Poison Potion"},{"floor":19,"key":"LiquidBronze"}],"is_trial":false,"path_per_floor":["M","?","?","M","M","R","E","R","T","E","M","?","R","?","R","B",null,"M","M","M","?","?","E"],"character_chosen":"THE_SILENT","items_purchased":[],"campfire_rested":2,"item_purchase_floors":[],"current_hp_per_floor":[65,70,47,46,44,44,33,59,59,42,26,26,52,52,52,15,83,65,50,22,22,28,0,0],"gold":330,"neow_bonus":"TEN_PERCENT_HP_BONUS","is_daily":false,"chose_seed":false,"campfire_upgraded":2,"win_rate":0.0,"timestamp":1612320100,"path_taken":["M","?","?","M","M","R","E","R","T","E","M","?","R","?","R","BOSS","M","M","M","?","?","E"],"items_purchased_type":[],"build_version":"2020-12-22","purchased_purges":0,"victory":false,"max_hp_per_floor":[72,77,77,77,77,77,87,87,87,87,87,87,87,87,87,87,101,101,101,101,101,107,107,107],"relic_stats":{"Darkstone Periapt":6,"counters":[11,64],"Sundial":[2],"Boot":[43],"obtain_stats":[{"Du-Vu Doll":10,"Calling Bell":17,"Darkstone Periapt":22,"Pear":7,"Sundial":17,"Mango":17,"Boot":9,"Ancient Tea Set":17,"Ring of the Snake":0},{"Du-Vu Doll":5,"Calling Bell":7,"Darkstone Periapt":10,"Pear":4,"Sundial":7,"Mango":7,"Boot":4,"Ancient Tea Set":7,"Ring of the Snake":0},{"Du-Vu Doll":24,"Calling Bell":41,"Darkstone Periapt":57,"Pear":18,"Sundial":41,"Mango":41,"Boot":18,"Ancient Tea Set":41,"Ring of the Snake":0}],"Ring of the Snake":[22]},"card_choices":[{"not_picked":["Reflex","Catalyst"],"picked":"Noxious Fumes","floor":1.0},{"not_picked":["Bane","Reflex"],"picked":"Cloak And Dagger","floor":4.0},{"not_picked":["Bane","Cloak And Dagger"],"picked":"Predator","floor":5.0},{"not_picked":["Poisoned Stab","Dagger Throw"],"picked":"Storm of Steel","floor":7.0},{"not_picked":["Distraction","Predator"],"picked":"After Image","floor":10.0},{"not_picked":["Deadly Poison","Setup","Crippling Poison"],"picked":"SKIP","floor":11.0},{"not_picked":["Grand Finale","Malaise"],"picked":"Glass Knife","floor":16},{"not_picked":["Predator","Bane"],"picked":"Well Laid Plans","floor":18},{"not_picked":["Sucker Punch","Tactician"],"picked":"Blade Dance","floor":19},{"not_picked":["Slice","Outmaneuver+1","Prepared"],"picked":"SKIP","floor":20}],"player_experience":902431,"relics_obtained":[{"floor":7.0,"key":"Pear"},{"floor":9.0,"key":"Boot"},{"floor":10.0,"key":"Du-Vu Doll"},{"floor":17,"key":"Ancient Tea Set"},{"floor":17,"key":"Sundial"},{"floor":17,"key":"Mango"}],"event_choices":[{"damage_healed":0.0,"max_hp_gain":5.0,"max_hp_loss":0.0,"gold_gain":0.0,"event_name":"Big Fish","player_choice":"Donut","floor":2.0,"gold_loss":0.0,"damage_taken":0.0},{"damage_healed":0.0,"max_hp_gain":0.0,"max_hp_loss":0.0,"gold_gain":0.0,"event_name":"Shining Light","player_choice":"Entered Light","floor":3.0,"gold_loss":0.0,"damage_taken":23.0,"cards_upgraded":["Strike_G","Neutralize"]},{"damage_healed":0,"gold_gain":0,"player_choice":"Searched \u00270\u0027 times","damage_taken":0,"max_hp_gain":0,"max_hp_loss":0,"event_name":"Dead Adventurer","floor":12,"gold_loss":0},{"damage_healed":0,"gold_gain":0,"player_choice":"Grow","damage_taken":0,"max_hp_gain":0,"max_hp_loss":0,"event_name":"Living Wall","floor":14,"gold_loss":0,"cards_upgraded":["Storm of Steel"]},{"damage_healed":0,"gold_gain":0,"player_choice":"Ignored","damage_taken":0,"max_hp_gain":0,"max_hp_loss":0,"event_name":"Vampires","floor":21,"gold_loss":0},{"damage_healed":0,"gold_gain":0,"player_choice":"Stole Relic","damage_taken":0,"relics_obtained":["Darkstone Periapt"],"max_hp_gain":0,"max_hp_loss":0,"event_name":"Addict","floor":22,"gold_loss":0,"cards_obtained":["Shame"]}],"is_beta":false,"boss_relics":[{"not_picked":["Pandora\u0027s Box","SlaversCollar"],"picked":"Calling Bell"}],"items_purged_floors":[],"is_endless":false,"potions_floor_spawned":[1,5,19],"killed_by":"Gremlin Leader","ascension_level":20}}