{"host":"oesxwbpns2feyl6p","time":1612354781,"event":{"mods":["BaseMod","Colored Powertips","Downfall","Hermit","Minty Spire (QoL Compilation)","Quick Restart","Replay The Spire","StSLib"],"gold_per_floor":[116,131,131,148,160,191,191,157,181,181,200,227,300,342,342,450,450,462,422,456,482,527,603,603,641,641,674,674,55,144,169,169,289,289,337,31,31,65,65,65,108,108,132,132,173,264,294,16,16,26,26],"floor_reached":50,"language":"ENG","playtime":4084,"items_purged":["hermit:EyeOfTheStorm"],"score":620,"play_id":"71dc5a15-5ffd-408f-8125-36c9a1e3a189","local_time":"20210203131941","is_ascension_mode":false,"campfire_choices":[{"floor":7.0,"key":"REST"},{"floor":10.0,"key":"REST"},{"floor":15.0,"key":"REST"},{"floor":24.0,"key":"REST"},{"floor":32.0,"key":"REST"},{"floor":40.0,"key":"REST"},{"floor":42,"key":"REST"},{"floor":49,"key":"REST"}],"circlet_count":0,"master_deck":["hermit:Strike_Hermit","hermit:Strike_Hermit","hermit:Strike_Hermit+1","hermit:Strike_Hermit","hermit:Defend_Hermit","hermit:Defend_Hermit","hermit:Defend_Hermit+1","hermit:Defend_Hermit+1","hermit:Snapshot","hermit:Covet","hermit:Feint+1","hermit:BodyArmor","hermit:FlashPowder+1","hermit:Headshot+1","hermit:Roughhouse","hermit:BigShot","hermit:Snipe+1","hermit:SprayPray","hermit:Brawl","hermit:Combo","hermit:DeadOrAlive+1","Ghostly+1","Ghostly+1","Ghostly+1","Ghostly+1","Ghostly+1","hermit:Maintenance+1","hermit:PistolWhip","hermit:EternalForm+1","hermit:Gambit","hermit:NoHoldsBarred+1","Pot Of Greed","Pot Of Greed","Pot Of Greed"],"relics":["hermit:Momento","Peace Pipe","Gremlin Food","CeramicFish","hermit:RyeStalk","Mummified Hand","Fusion Hammer","Art of War","Onion Ring","Pen Nib","Replay:Bandana","Bottled Tornado","Frozen Eye","Replay:Bottled Eggs","Painkiller Herb","War Paint","Bronze Scales","Kunai","Vajra","Bottled Lightning","Grinning Jar","ClockworkSouvenir"],"acts_visited":["Exordium","TheCity","TheBeyond"],"potions_floor_usage":[46,46,50,50,50],"damage_taken":[{"damage":5.0,"enemies":"Small Slimes","floor":1.0,"turns":4.0},{"damage":0.0,"enemies":"Cultist","floor":2.0,"turns":3.0},{"damage":0.0,"enemies":"Jaw Worm","floor":4.0,"turns":3.0},{"damage":0.0,"enemies":"2 Fungi Beasts","floor":5.0,"turns":4.0},{"damage":42.0,"enemies":"Lagavulin","floor":6.0,"turns":10.0},{"damage":0.0,"enemies":"Red Slaver","floor":11.0,"turns":3.0},{"damage":0.0,"enemies":"3 Louse","floor":12.0,"turns":2.0},{"damage":15.0,"enemies":"Gremlin Nob","floor":13.0,"turns":4.0},{"damage":9.0,"enemies":"Replay:BlueRogue","floor":14.0,"turns":5.0},{"damage":17.0,"enemies":"Hexaghost","floor":16.0,"turns":11.0},{"damage":0.0,"enemies":"Chosen","floor":18.0,"turns":4.0},{"damage":4.0,"enemies":"Shell Parasite","floor":20.0,"turns":3.0},{"damage":16.0,"enemies":"Snecko","floor":21.0,"turns":6.0},{"damage":7.0,"enemies":"Slavers","floor":23.0,"turns":9.0},{"damage":8.0,"enemies":"Gremlin Leader","floor":25.0,"turns":7.0},{"damage":18.0,"enemies":"Cultist and Chosen","floor":27.0,"turns":8.0},{"damage":5.0,"enemies":"Slavers","floor":30.0,"turns":7.0},{"damage":0.0,"enemies":"Snake Plant","floor":31.0,"turns":3.0},{"damage":14.0,"enemies":"Automaton","floor":33.0,"turns":11.0},{"damage":0.0,"enemies":"3 Shapes","floor":35.0,"turns":4.0},{"damage":1.0,"enemies":"Orb Walker","floor":38.0,"turns":2.0},{"damage":6,"enemies":"R_Hoarder","floor":41,"turns":10},{"damage":0,"enemies":"Spire Growth","floor":45,"turns":4},{"damage":16,"enemies":"Reptomancer","floor":46,"turns":5},{"damage":3,"enemies":"3 Darklings","floor":47,"turns":4},{"damage":49,"enemies":"Awakened One","floor":50,"turns":9}],"seed_played":"428605373736126142","potions_obtained":[{"floor":1.0,"key":"DuplicationPotion"},{"floor":5.0,"key":"Weak Potion"},{"floor":6.0,"key":"Milkshake"},{"floor":12.0,"key":"bronze:BurnAndBuffPotion"},{"floor":16.0,"key":"SkillPotion"},{"floor":18.0,"key":"hexamod:SoulburnPotion"},{"floor":25.0,"key":"Doom Potion"},{"floor":27.0,"key":"Energy Potion"},{"floor":35.0,"key":"Venom Potion"},{"floor":44,"key":"DistilledChaos"},{"floor":44,"key":"Reflective Coating"},{"floor":46,"key":"Dexterity Potion"},{"floor":47,"key":"Block Potion"}],"is_trial":false,"path_per_floor":["M","M","?","M","M","E","R","$","T","R","M","M","?","E","R","B",null,"M","?","M","M","?","E","R","E","T","M","?","$","E","M","R","B",null,"?","T","?","?","T","T","E","T","T","?","?","E","?","T","T","B"],"character_chosen":"HERMIT","items_purchased":["hermit:BigShot","Replay:Bandana","Bottled Tornado","Frozen Eye","War Paint","Bronze Scales","Grinning Jar","ClockworkSouvenir"],"campfire_rested":8,"item_purchase_floors":[8,29,29,29,36,36,48,48],"current_hp_per_floor":[70,70,70,70,70,28,50,50,50,72,72,72,57,48,70,53,75,75,75,71,55,37,30,37,29,29,11,11,11,6,6,17,3,37,37,37,37,36,36,37,31,37,37,37,37,21,18,18,29,0,0],"gold":26,"neow_bonus":"ONE_RARE_RELIC","is_daily":false,"chose_seed":false,"campfire_upgraded":0,"win_rate":0.0,"timestamp":1612354781,"path_taken":["M","M","?","M","M","E","R","$","T","R","M","?","?","E","R","BOSS","M","?","M","?","?","E","R","E","T","M","?","$","E","M","R","BOSS","?","T","?","?","T","T","E","T","T","?","?","E","?","?","T","BOSS"],"items_purchased_type":["Card","Relic","Relic","Relic","Relic","Relic","Relic","Relic"],"build_version":"2020-12-22","purchased_purges":1,"victory":false,"max_hp_per_floor":[75,75,75,75,75,75,75,75,75,75,75,75,75,75,75,75,75,75,75,75,75,37,37,37,37,37,37,37,37,37,37,37,37,37,37,37,37,37,37,37,37,37,37,37,37,37,37,37,37,37,37],"card_choices":[{"not_picked":["hermit:Midnight","hermit:Gestalt"],"picked":"hermit:Feint","floor":1.0},{"not_picked":["hermit:Dive","hermit:ItchyTrigger"],"picked":"hermit:BodyArmor","floor":2.0},{"not_picked":["hermit:Virtue","hermit:Misfire"],"picked":"hermit:FlashPowder","floor":4.0},{"not_picked":["hermit:TakeCover","hermit:BodyArmor"],"picked":"hermit:Headshot","floor":5.0},{"not_picked":["hermit:FullyLoaded","hermit:TrackingShot"],"picked":"hermit:Roughhouse","floor":6.0},{"not_picked":["hermit:Feint","hermit:BodyArmor"],"picked":"hermit:Snipe","floor":11.0},{"not_picked":["hermit:LoneWolf","hermit:Misfire"],"picked":"hermit:SprayPray","floor":12.0},{"not_picked":["hermit:ItchyTrigger","hermit:Coalescence"],"picked":"hermit:Brawl","floor":13.0},{"not_picked":["hermit:CursedWeapon","hermit:HoleUp"],"picked":"hermit:Combo","floor":14.0},{"not_picked":["hermit:Adapt","hermit:HighNoon"],"picked":"hermit:DeadOrAlive","floor":16.0},{"not_picked":["hermit:CursedWeapon","hermit:Virtue","hermit:LowProfile"],"picked":"SKIP","floor":18.0},{"not_picked":["hermit:Feint","hermit:Ricochet"],"picked":"hermit:Showdown","floor":20.0},{"not_picked":["hermit:CalledShot+1","hermit:Manifest"],"picked":"hermit:EyeOfTheStorm","floor":21.0},{"not_picked":["hermit:Headshot","hermit:DeadMansHand"],"picked":"hermit:Maintenance","floor":23.0},{"not_picked":["hermit:Manifest","hermit:Feint+1"],"picked":"hermit:PistolWhip","floor":25.0},{"not_picked":["hermit:Dive","hermit:SprayPray","hermit:Quickdraw"],"picked":"SKIP","floor":27.0},{"not_picked":["hermit:Quickdraw+1","hermit:FlashPowder"],"picked":"hermit:EternalForm","floor":30.0},{"not_picked":["hermit:CalledShot","hermit:LowProfile+1","hermit:Manifest+1"],"picked":"SKIP","floor":31.0},{"not_picked":["hermit:HighNoon","hermit:Purgatory"],"picked":"hermit:Gambit","floor":33.0},{"not_picked":["hermit:Quickdraw","hermit:Roulette+1"],"picked":"hermit:NoHoldsBarred+1","floor":35.0},{"not_picked":["hermit:Roulette+1","hermit:BodyArmor+1","hermit:PistolWhip+1"],"picked":"SKIP","floor":38.0},{"not_picked":["hermit:Deadeye","hermit:CursedWeapon","hermit:HoleUp"],"picked":"SKIP","floor":41},{"not_picked":["hermit:CalledShot","hermit:Deadeye","hermit:Glare"],"picked":"SKIP","floor":45},{"not_picked":["hermit:Dive","hermit:CursedWeapon","hermit:Combo"],"picked":"SKIP","floor":46},{"not_picked":["hermit:HighNoon","hermit:Quickdraw+1","hermit:SprayPray+1"],"picked":"SKIP","floor":47}],"player_experience":122145,"relics_obtained":[{"floor":6.0,"key":"Gremlin Food"},{"floor":9.0,"key":"CeramicFish"},{"floor":13.0,"key":"hermit:RyeStalk"},{"floor":14.0,"key":"Mummified Hand"},{"floor":23.0,"key":"Art of War"},{"floor":25.0,"key":"Onion Ring"},{"floor":26.0,"key":"Pen Nib"},{"floor":30.0,"key":"Replay:Bottled Eggs"},{"floor":41,"key":"Kunai"},{"floor":43,"key":"Vajra"},{"floor":46,"key":"Bottled Lightning"}],"event_choices":[{"cards_removed":["Replay:Hysterical Blindness"],"damage_healed":0.0,"max_hp_gain":0.0,"max_hp_loss":0.0,"gold_gain":0.0,"event_name":"Fountain of Cleansing","player_choice":"Removed Curses","floor":3.0,"gold_loss":0.0,"damage_taken":0.0},{"damage_healed":0.0,"max_hp_gain":0.0,"max_hp_loss":0.0,"gold_gain":0.0,"event_name":"Dead Adventurer","player_choice":"Searched \u00271\u0027 times","floor":13.0,"gold_loss":0.0,"damage_taken":0.0},{"damage_healed":0.0,"max_hp_gain":0.0,"max_hp_loss":0.0,"gold_gain":0.0,"event_name":"Designer","player_choice":"Upgrade","floor":19.0,"gold_loss":40.0,"damage_taken":0.0,"cards_upgraded":["hermit:DeadOrAlive"]},{"damage_healed":0.0,"max_hp_gain":0.0,"max_hp_loss":38.0,"gold_gain":0.0,"event_name":"Ghosts","player_choice":"Became a Ghost","floor":22.0,"gold_loss":0.0,"damage_taken":0.0,"cards_obtained":["Ghostly","Ghostly","Ghostly","Ghostly","Ghostly"]},{"damage_healed":0.0,"max_hp_gain":0.0,"max_hp_loss":0.0,"gold_gain":0.0,"event_name":"Vampires","player_choice":"Ignored","floor":28.0,"gold_loss":0.0,"damage_taken":0.0},{"cards_removed":["hermit:Showdown"],"damage_healed":0.0,"max_hp_gain":0.0,"max_hp_loss":0.0,"gold_gain":0.0,"event_name":"Bonfire Elementals","player_choice":"Offered Uncommon","floor":37.0,"gold_loss":0.0,"damage_taken":0.0},{"damage_healed":0,"gold_gain":0,"player_choice":"Got Potions","damage_taken":0,"max_hp_gain":0,"max_hp_loss":0,"event_name":"Lab","floor":44,"gold_loss":0}],"is_beta":false,"boss_relics":[{"not_picked":["ReplayTheSpireMod:DimensionalGlitch","Astrolabe"],"picked":"Fusion Hammer"},{"not_picked":["Replay:Drink Me","Honey Jar"],"picked":"Painkiller Herb"}],"items_purged_floors":[29],"is_endless":false,"potions_floor_spawned":[1,5,6,12,16,18,25,27,31,35,46,47],"killed_by":"Awakened One","ascension_level":0}}