{"host":"usru02jcpe2a942d","time":1612312244,"event":{"mods":["ATMod(°¢èªMod)","Act Like it!","BaseMod","Better Note","Better Vampires","Challenge The Spire","Colored Powertips","Conspire","Friendly Minions","GifTheSpireLib","Highlight Path","Hubris","Infinite Spire","Jedi Mod","Minty Spire (QoL Compilation)","MostiFishMod","Pale of the Ancients","Quick Restart","Relic Stats","Reliquary","RumiaBox-Â¶Ã×æ«µÄÉñÃØºÐ×Ó","StSLib","noobMod","¡¾ÒÅÎï¿¨ÅÆ¡¿REMEMod","óô»ðÖ¸ÄÏ"],"gold_per_floor":[450,248,990,1180,1320,1320,16,16,155,346,501,513,77,77,242,411,646,810],"floor_reached":19,"language":"ZHS","playtime":1379,"items_purged":["Strike_P","Strike_P","Defend_P"],"score":2815,"play_id":"2478adfb-b94c-4d2b-b0db-8bb5e96cee09","local_time":"20210203083044","daily_mods":["challengethespire:Bronze Difficulty","challengethespire:Modded Boss Rush","Uncertain Future"],"is_ascension_mode":false,"campfire_choices":[{"data":"Strike_P","floor":8,"key":"SMITH"},{"data":"Defend_P","floor":14,"key":"SMITH"}],"circlet_count":0,"master_deck":["Strike_P","Strike_P+1","Defend_P+1","Defend_P","Defend_P","Eruption+1","Vigilance+1","Double Tap+1","AT_FamilyPortrait+1","Master of Strategy+1","Prostrate+1","CutThroughFate+1","ForeignInfluence+1","REME_CRH+1","MostiFishMod:StarOceanP+1","ClearTheMind+1","ClearTheMind+1","MostiFishMod:ReprogramOld+1","Vigilance+1"],"relics":["PureWater","The Courier","Molten Egg 2","Toxic Egg 2","Frozen Egg 2","DaveBox","ice","REME_ComplimentaryCards","AT_ATBox","SentryEyes","jedi:heavyjacket","AT_MibuBalloonWealth","Technique","Centennial Puzzle","hubris:Metronome","Gremlin Horn","conspire:SpecialSausage","REME_CardOfGreed","infinitespire:Bottled Soul","jedi:crownofsimplicity","jedi:bottledfury","Akabeko","AT_SunfireAegis","jedi:HeartOfTheCards","reliquary:RoseTintedGlasses","Pen Nib","infinitespire:Midas Blood","MawBank","AT_TrinityForce","hubris:EmptyBottle","Ccalipers","reliquary:HotPoker","Bag of Marbles","infinitespire:Lucky Rock","LastBattle","reliquary:ExpiredCoupon"],"acts_visited":["Exordium"],"potions_floor_usage":[15,15,15,15],"damage_taken":[{"damage":0,"enemies":"The Guardian","floor":3,"turns":5},{"damage":0,"enemies":"Slime Boss","floor":4,"turns":4},{"damage":24,"enemies":"Hexaghost","floor":5,"turns":6},{"damage":34,"enemies":"hubris:MusketHawk","floor":9,"turns":5},{"damage":0,"enemies":"Collector","floor":10,"turns":3},{"damage":9,"enemies":"conspire:MysteriousRune","floor":11,"turns":3},{"damage":44,"enemies":"conspire:OrnateMirror","floor":15,"turns":4},{"damage":0,"enemies":"hubris:GrandSnecko","floor":16,"turns":3},{"damage":0,"enemies":"infinitespire:MassOfShapes","floor":17,"turns":3},{"damage":9,"enemies":"The Heart","floor":18,"turns":4}],"seed_played":"2808100379408748364","potions_obtained":[{"floor":5,"key":"PowerPotion"},{"floor":10,"key":"jedi:tentaclejuice"},{"floor":11,"key":"Energy Potion"},{"floor":16,"key":"jedi:wingpotion"},{"floor":17,"key":"FairyPotion"}],"is_trial":true,"path_per_floor":["$","$","M","M","M","T","$","R","M","M","M","T","$","R","M","M","M","M",null],"character_chosen":"WATCHER","items_purchased":["jedi:heavyjacket","AT_MibuBalloonWealth","Master of Strategy+1","Prostrate+1","Technique","REME_CardOfGreed","infinitespire:Bottled Soul","jedi:crownofsimplicity","jedi:bottledfury","Akabeko","AT_SunfireAegis","jedi:HeartOfTheCards","reliquary:RoseTintedGlasses","hubris:EmptyBottle","Ccalipers","reliquary:HotPoker"],"campfire_rested":0,"item_purchase_floors":[1,1,1,1,2,7,7,7,7,7,7,7,7,13,13,13],"current_hp_per_floor":[72,72,72,72,48,48,48,48,14,14,5,5,5,5,28,28,28,148],"gold":810,"neow_bonus":"","is_daily":false,"chose_seed":false,"campfire_upgraded":2,"win_rate":0.0,"timestamp":1612312244,"path_taken":["$","$","M","M","M","T","$","R","M","M","M","T","$","R","M","M","M","M"],"items_purchased_type":["Relic","Relic","Card","Card","Relic","Relic","Relic","Relic","Relic","Relic","Relic","Relic","Relic","Relic","Relic","Relic"],"build_version":"2020-12-22","purchased_purges":3,"victory":true,"max_hp_per_floor":[72,72,72,72,72,72,72,72,72,72,72,72,72,72,75,78,86,155],"relic_stats":{"Centennial Puzzle":[13],"Gremlin Horn":[6,9],"counters":[10,39],"Pen Nib":[7],"MawBank":24,"obtain_stats":[{"hubris:Metronome":4,"AT_ATBox":0,"DaveBox":0,"Gremlin Horn":5,"AT_MibuBalloonWealth":1,"conspire:SpecialSausage":6,"ice":0,"jedi:bottledfury":7,"hubris:EmptyBottle":13,"Centennial Puzzle":3,"reliquary:HotPoker":13,"infinitespire:Bottled Soul":7,"Ccalipers":13,"AT_TrinityForce":12,"reliquary:RoseTintedGlasses":7,"Toxic Egg 2":0,"The Courier":0,"Pen Nib":9,"jedi:crownofsimplicity":7,"infinitespire:Lucky Rock":16,"Frozen Egg 2":0,"LastBattle":17,"jedi:HeartOfTheCards":7,"MawBank":11,"Akabeko":7,"jedi:heavyjacket":1,"reliquary:ExpiredCoupon":18,"SentryEyes":0,"Molten Egg 2":0,"Bag of Marbles":15,"Technique":2,"REME_CardOfGreed":7,"PureWater":0,"AT_SunfireAegis":7,"REME_ComplimentaryCards":0,"infinitespire:Midas Blood":10},{"hubris:Metronome":2,"AT_ATBox":0,"DaveBox":0,"Gremlin Horn":3,"AT_MibuBalloonWealth":0,"conspire:SpecialSausage":3,"ice":0,"jedi:bottledfury":3,"hubris:EmptyBottle":6,"Centennial Puzzle":1,"reliquary:HotPoker":6,"infinitespire:Bottled Soul":3,"Ccalipers":6,"AT_TrinityForce":6,"reliquary:RoseTintedGlasses":3,"Toxic Egg 2":0,"The Courier":0,"Pen Nib":4,"jedi:crownofsimplicity":3,"infinitespire:Lucky Rock":8,"Frozen Egg 2":0,"LastBattle":9,"jedi:HeartOfTheCards":3,"MawBank":6,"Akabeko":3,"jedi:heavyjacket":0,"reliquary:ExpiredCoupon":10,"SentryEyes":0,"Molten Egg 2":0,"Bag of Marbles":7,"Technique":0,"REME_CardOfGreed":3,"PureWater":0,"AT_SunfireAegis":3,"REME_ComplimentaryCards":0,"infinitespire:Midas Blood":5},{"hubris:Metronome":8,"AT_ATBox":0,"DaveBox":0,"Gremlin Horn":14,"AT_MibuBalloonWealth":0,"conspire:SpecialSausage":14,"ice":0,"jedi:bottledfury":14,"hubris:EmptyBottle":25,"Centennial Puzzle":5,"reliquary:HotPoker":25,"infinitespire:Bottled Soul":14,"Ccalipers":25,"AT_TrinityForce":25,"reliquary:RoseTintedGlasses":14,"Toxic Egg 2":0,"The Courier":0,"Pen Nib":19,"jedi:crownofsimplicity":14,"infinitespire:Lucky Rock":32,"Frozen Egg 2":0,"LastBattle":35,"jedi:HeartOfTheCards":14,"MawBank":25,"Akabeko":14,"jedi:heavyjacket":0,"reliquary:ExpiredCoupon":39,"SentryEyes":0,"Molten Egg 2":0,"Bag of Marbles":29,"Technique":0,"REME_CardOfGreed":14,"PureWater":0,"AT_SunfireAegis":14,"REME_ComplimentaryCards":0,"infinitespire:Midas Blood":22}]},"card_choices":[],"player_experience":234096,"relics_obtained":[{"floor":3,"key":"Centennial Puzzle"},{"floor":4,"key":"hubris:Metronome"},{"floor":5,"key":"Gremlin Horn"},{"floor":9,"key":"Pen Nib"},{"floor":10,"key":"infinitespire:Midas Blood"},{"floor":11,"key":"MawBank"},{"floor":15,"key":"Bag of Marbles"},{"floor":16,"key":"infinitespire:Lucky Rock"},{"floor":17,"key":"LastBattle"},{"floor":18,"key":"reliquary:ExpiredCoupon"}],"event_choices":[],"is_beta":false,"boss_relics":[{"not_picked":["VioletLotus","PatriotShield"],"picked":"conspire:SpecialSausage"},{"not_picked":["Runic Pyramid","RhineFirstAidKit"],"picked":"AT_TrinityForce"}],"items_purged_floors":[1,2,7],"is_endless":false,"potions_floor_spawned":[5,10,11,16,17],"ascension_level":0}}