{"host":"7nivcca86uhzq8pw","time":1612313390,"event":{"mods":["BaseMod","Better Altar","Better Skull","Better Third Choice","Downfall","Gremlin Mod","Hermit","Minty Spire (QoL Compilation)","RRrroohrrRGHHhhh!!","Spicy Shops","StSLib","The Cursed"],"gold_per_floor":[116,116,116,116,39,39,53,83,83,116,127,153,170,194,194,268,268,285,299,299,312,340,373,373,398,425,425,425],"floor_reached":27,"language":"ENG","playtime":1463,"items_purged":[],"score":500,"play_id":"7762aa5e-3fa2-4f8a-a93a-fc1552c4ebe6","local_time":"20210202214950","is_ascension_mode":true,"campfire_choices":[{"data":"Recycle","floor":6.0,"key":"SMITH"},{"data":"White Noise","floor":15.0,"key":"SMITH"},{"data":"Fission","floor":24.0,"key":"SMITH"}],"circlet_count":0,"master_deck":["AscendersBane","Zap","Dualcast","Recycle+1","rorgmod:Biogeneration","rorgmod:Hot Sockets","Darkness","Chill+1","Self Repair","Sweeping Beam","Reboot","White Noise+1","Fission+1","Capacitor","Conserve Battery","Streamline","rorgmod:Biogeneration","rorgmod:Steady Aim","Reinforced Body","Melter","Undo","Barrage+1","Chill+1","Recycle","Lockon+1"],"relics":["Cracked Core","NeowsBlessing","Mummified Hand","Eternal Feather","White Beast Statue","StoneCalendar","Oddly Smooth Stone","Pandora\u0027s Box","Bottled Flame","Red Mask","MealTicket","War Paint","rorgmod:Ceramic Fish"],"acts_visited":["Exordium","TheCity"],"potions_floor_usage":[],"damage_taken":[{"damage":0.0,"enemies":"Jaw Worm","floor":1.0,"turns":1.0},{"damage":0.0,"enemies":"2 Louse","floor":7.0,"turns":1.0},{"damage":0.0,"enemies":"Lagavulin","floor":8.0,"turns":1.0},{"damage":16.0,"enemies":"Gremlin Nob","floor":10.0,"turns":3.0},{"damage":4.0,"enemies":"Cultist","floor":11.0,"turns":3.0},{"damage":5.0,"enemies":"3 Sentries","floor":12.0,"turns":5.0},{"damage":0.0,"enemies":"3 Louse","floor":13.0,"turns":2.0},{"damage":12.0,"enemies":"Slime Boss","floor":16.0,"turns":7.0},{"damage":0.0,"enemies":"Chosen","floor":18.0,"turns":4.0},{"damage":0.0,"enemies":"Spheric Guardian","floor":19.0,"turns":2.0},{"damage":10.0,"enemies":"3 Cultists","floor":21.0,"turns":4.0},{"damage":17.0,"enemies":"Masked Bandits","floor":22.0,"turns":5.0},{"damage":35.0,"enemies":"Slavers","floor":23.0,"turns":5.0},{"damage":20.0,"enemies":"Gremlin Leader","floor":25.0,"turns":7.0},{"damage":24,"enemies":"Book of Stabbing","floor":27,"turns":5}],"seed_played":"2131198729964379861","potions_obtained":[{"floor":1.0,"key":"hexamod:SoulburnPotion"},{"floor":8.0,"key":"FearPotion"},{"floor":10.0,"key":"Fire Potion"},{"floor":11.0,"key":"Slimebound:ThreeZeroPotion"},{"floor":12.0,"key":"FearPotion"},{"floor":16.0,"key":"Ancient Potion"},{"floor":18.0,"key":"CultistPotion"},{"floor":21.0,"key":"ColorlessPotion"},{"floor":23.0,"key":"Explosive Potion"},{"floor":25.0,"key":"SteroidPotion"}],"is_trial":false,"path_per_floor":["M","?","?","?","$","R","M","E","T","E","M","E","M","T","R","B",null,"M","M","T","M","?","E","R","E","T","E"],"character_chosen":"DEFECT","items_purchased":["rorgmod:Hot Sockets"],"campfire_rested":0,"item_purchase_floors":[5],"current_hp_per_floor":[64,64,50,50,50,50,50,50,50,34,37,32,32,32,41,36,62,69,71,71,68,58,30,42,29,29,5,5],"gold":425,"neow_bonus":"THREE_ENEMY_KILL","is_daily":false,"chose_seed":false,"campfire_upgraded":3,"win_rate":0.0,"timestamp":1612313390,"path_taken":["M","?","?","?","?","R","M","E","T","E","M","E","M","?","R","BOSS","M","M","?","M","?","E","R","E","T","E"],"items_purchased_type":["Card"],"build_version":"2020-12-22","purchased_purges":0,"victory":false,"max_hp_per_floor":[71,71,71,71,71,71,71,71,71,71,71,71,71,71,71,71,71,71,71,71,71,71,71,71,71,71,71,71],"card_choices":[{"not_picked":["Stack","rorgmod:Fragmentation"],"picked":"Recycle","floor":1.0},{"not_picked":["Cold Snap","rorgmod:Fragmentation"],"picked":"Darkness","floor":7.0},{"not_picked":["rorgmod:Leap","Barrage"],"picked":"Chill","floor":8.0},{"not_picked":["Conserve Battery","Lockon"],"picked":"Self Repair","floor":10.0},{"not_picked":["rorgmod:Critical Section","Coolheaded"],"picked":"Sweeping Beam","floor":11.0},{"not_picked":["Conserve Battery","Glacier"],"picked":"Reboot","floor":12.0},{"not_picked":["Multi-Cast","Cold Snap"],"picked":"White Noise","floor":13.0},{"not_picked":["Rainbow","Seek"],"picked":"Fission","floor":16.0},{"not_picked":["Blizzard","Streamline"],"picked":"Undo","floor":18.0},{"not_picked":["FTL","Reinforced Body+1"],"picked":"Barrage+1","floor":19.0},{"not_picked":["Streamline","Compile Driver+1"],"picked":"Chill","floor":21.0},{"not_picked":["Ball Lightning+1","FTL"],"picked":"Recycle","floor":23.0},{"not_picked":["Stack","FTL"],"picked":"Lockon+1","floor":25.0}],"player_experience":310866,"relics_obtained":[{"floor":8.0,"key":"Mummified Hand"},{"floor":9.0,"key":"Eternal Feather"},{"floor":10.0,"key":"White Beast Statue"},{"floor":12.0,"key":"StoneCalendar"},{"floor":14.0,"key":"Oddly Smooth Stone"},{"floor":20.0,"key":"Bottled Flame"},{"floor":22.0,"key":"Red Mask"},{"floor":23.0,"key":"MealTicket"},{"floor":25.0,"key":"War Paint"},{"floor":26.0,"key":"rorgmod:Ceramic Fish"}],"event_choices":[{"damage_healed":0.0,"max_hp_gain":0.0,"max_hp_loss":0.0,"gold_gain":0.0,"cards_transformed":["Strike_B"],"event_name":"Living Wall","player_choice":"Change","floor":2.0,"gold_loss":0.0,"damage_taken":0.0,"cards_obtained":["rorgmod:Biogeneration"]},{"damage_healed":64.0,"max_hp_gain":0.0,"max_hp_loss":71.0,"gold_gain":0.0,"event_name":"betterThird:BetterShining","player_choice":"Upgrade","floor":3.0,"gold_loss":0.0,"damage_taken":14.0,"cards_upgraded":["Defend_B","Defend_B"]},{"damage_healed":0.0,"max_hp_gain":0.0,"max_hp_loss":0.0,"gold_gain":0.0,"event_name":"Masked Bandits","player_choice":"Fought Bandits","floor":22.0,"gold_loss":0.0,"damage_taken":0.0}],"is_beta":false,"boss_relics":[{"not_picked":["Nuclear Battery","bronze:MakeshiftBattery"],"picked":"Pandora\u0027s Box"}],"items_purged_floors":[],"is_endless":false,"potions_floor_spawned":[1,8,10,11,12,13,16,18,19,21,22,23,25],"killed_by":"Book of Stabbing","ascension_level":14}}