{"host":"toh0bbw446wnuexf","time":1612311492,"event":{"mods":["BaseMod","Downfall","Hermit","Minty Spire (QoL Compilation)","Random Character Button","StSLib"],"gold_per_floor":[110,110,12,25,25,25,54,54,54,70,80,109,109,129,129,230,230,245,245,335,353,368,368,387,30,57,76,76,76,76,90,90,90,90],"floor_reached":33,"language":"ENG","playtime":1644,"items_purged":["Dualcast","Strike_B"],"score":308,"play_id":"3f8f58c4-df80-4986-a72b-2de9b0633244","local_time":"20210203131812","is_ascension_mode":true,"campfire_choices":[{"data":"Zap","floor":6,"key":"SMITH"},{"data":"Defend_B","floor":8,"key":"SMITH"},{"floor":13,"key":"REST"},{"floor":15,"key":"REST"},{"floor":23,"key":"REST"},{"floor":28,"key":"REST"},{"floor":30,"key":"REST"},{"floor":32,"key":"REST"}],"circlet_count":0,"master_deck":["Strike_B","Strike_B","Strike_B","Defend_B+1","Defend_B","Defend_B","Defend_B","Zap+1","Gash","Barrage","Gash","Gash","Gash","Ball Lightning","Leap"],"relics":["Inserter","Lizard Tail","Kunai","Ginger","hexamod:Sixitude","Black Star","Shuriken","Vajra"],"acts_visited":["Exordium","TheCity"],"potions_floor_usage":[7,16,21,21,22],"damage_taken":[{"damage":2,"enemies":"2 Louse","floor":1,"turns":4},{"damage":0,"enemies":"Cultist","floor":4,"turns":4},{"damage":39,"enemies":"3 Sentries","floor":7,"turns":10},{"damage":0,"enemies":"Jaw Worm","floor":10,"turns":3},{"damage":3,"enemies":"Exordium Thugs","floor":11,"turns":5},{"damage":39,"enemies":"Gremlin Nob","floor":12,"turns":5},{"damage":0,"enemies":"2 Fungi Beasts","floor":14,"turns":2},{"damage":11,"enemies":"Slime Boss","floor":16,"turns":9},{"damage":43,"enemies":"Shell Parasite","floor":18,"turns":5},{"damage":6,"enemies":"3 Byrds","floor":21,"turns":4},{"damage":31,"enemies":"Snecko","floor":22,"turns":5},{"damage":38,"enemies":"Cultist and Chosen","floor":24,"turns":5},{"damage":23,"enemies":"Snake Plant","floor":27,"turns":4},{"damage":24,"enemies":"Shelled Parasite and Fungi","floor":31,"turns":3},{"damage":63,"enemies":"Automaton","floor":33,"turns":6}],"seed_played":"-3633657728859573090","potions_obtained":[{"floor":1,"key":"Regen Potion"},{"floor":4,"key":"SpeedPotion"},{"floor":7,"key":"SkillPotion"},{"floor":18,"key":"EssenceOfSteel"},{"floor":21,"key":"Fruit Juice"},{"floor":31,"key":"PotionOfCapacity"}],"is_trial":false,"path_per_floor":["M","?","$","M","T","R","E","R","T","M","M","E","R","M","R","B",null,"M","?","?","M","M","R","M","$","T","M","R","?","R","M","R","B"],"character_chosen":"DEFECT","items_purchased":["Barrage","Shuriken"],"campfire_rested":6,"item_purchase_floors":[3,25],"current_hp_per_floor":[73,75,75,75,75,75,51,51,51,51,48,9,31,31,53,42,75,32,32,20,19,40,64,26,26,26,3,27,27,51,27,51,0,0],"gold":90,"neow_bonus":"BOSS_RELIC","is_daily":false,"chose_seed":false,"campfire_upgraded":2,"win_rate":0.0,"timestamp":1612311492,"path_taken":["M","?","?","M","?","R","E","R","T","?","M","E","R","M","R","BOSS","M","?","?","?","M","R","M","?","T","M","R","?","R","M","R","BOSS"],"items_purchased_type":["Card","Relic"],"build_version":"2020-12-22","purchased_purges":2,"victory":false,"max_hp_per_floor":[75,75,75,75,75,75,75,75,75,75,75,75,75,75,75,75,75,75,75,75,80,80,80,80,80,80,80,80,80,80,80,80,80,80],"card_choices":[{"not_picked":["Consume","Turbo"],"picked":"Gash","floor":1},{"not_picked":["Aggregate","Blizzard","Sweeping Beam"],"picked":"SKIP","floor":4},{"not_picked":["Go for the Eyes","Steam"],"picked":"Gash","floor":7},{"not_picked":["Streamline","Hologram"],"picked":"Gash","floor":10},{"not_picked":["Conserve Battery","Stack","Self Repair"],"picked":"SKIP","floor":11},{"not_picked":["Compile Driver","Sweeping Beam"],"picked":"Gash","floor":12},{"not_picked":["Storm","Redo","Amplify"],"picked":"SKIP","floor":14},{"not_picked":["Darkness","Lockon","Scrape+1"],"picked":"SKIP","floor":18},{"not_picked":["Compile Driver","Leap"],"picked":"Ball Lightning","floor":21},{"not_picked":["Glacier","Ball Lightning","Skim"],"picked":"SKIP","floor":22},{"not_picked":["Force Field","Chaos","Ball Lightning"],"picked":"SKIP","floor":24},{"not_picked":["Beam Cell","Rip and Tear+1","Double Energy+1"],"picked":"SKIP","floor":27},{"not_picked":["Genetic Algorithm+1","Sunder"],"picked":"Leap","floor":31}],"player_experience":659611,"relics_obtained":[{"floor":5,"key":"Lizard Tail"},{"floor":7,"key":"Kunai"},{"floor":9,"key":"Ginger"},{"floor":12,"key":"hexamod:Sixitude"},{"floor":26,"key":"Vajra"}],"event_choices":[{"damage_healed":2,"gold_gain":0,"player_choice":"Full Heal","damage_taken":0,"max_hp_gain":0,"max_hp_loss":0,"event_name":"Wheel of Change","floor":2,"gold_loss":0},{"damage_healed":0,"gold_gain":90,"player_choice":"GOLD ","damage_taken":12,"max_hp_gain":0,"max_hp_loss":0,"event_name":"Knowing Skull","floor":20,"potions_obtained":[],"gold_loss":0,"cards_obtained":[]},{"damage_healed":0,"gold_gain":0,"player_choice":"Ignored","damage_taken":0,"max_hp_gain":0,"max_hp_loss":0,"event_name":"Ghosts","floor":29,"gold_loss":0}],"is_beta":false,"boss_relics":[{"not_picked":["SacredBark","Tiny House"],"picked":"Black Star"}],"items_purged_floors":[3,25],"is_endless":false,"potions_floor_spawned":[1,4,7,18,21,31],"killed_by":"Automaton","ascension_level":2}}