{"host":"3asmp5aovk69ekg9","time":1612311936,"event":{"mods":["100% Spire Juice","BaseMod","BetterRewards","Colored Map","Colored Powertips","Dark Map","Hermit","Koishi","Magitek Elite","Minty Spire (QoL Compilation)","Permanent Neow","Remove Card Discount Mod","Shade Mod","StSLib","The Alterego","The Cursed","The Death Knight","The Fake Hero","The IronCluck","The Marked","The Senshi","The Wild Card"],"gold_per_floor":[117,117,127,127,189,264,289,20,20,48,68,68,100,98,98,194,194,210,210,210,226,238,266,266,266,291,304,335,4,16,51,51,156,156,172,172,172,172,182,216,141,141,141,141,171,171,102,115,115,115,115,115,13,42,42],"floor_reached":56,"language":"ENG","playtime":8276,"items_purged":["Strike_P","Strike_P","Strike_P","Strike_P","Vigilance","Eruption","Defend_P","Defend_P","Pray","Shame","Defend_P+1","Defend_P+1","BattleHymn","Evaluate+1"],"score":2148,"play_id":"acea4afe-9609-4371-8a5f-4631938c325a","local_time":"20210202162536","is_ascension_mode":true,"campfire_choices":[{"data":"Nirvana","floor":12,"key":"SMITH"},{"data":"Bandage Up","floor":15,"key":"SMITH"},{"data":"Evaluate","floor":25,"key":"SMITH"},{"data":"MasterReality","floor":32,"key":"SMITH"},{"data":"DevaForm","floor":44,"key":"SMITH"},{"floor":46,"key":"RECALL"},{"data":"Madness","floor":49,"key":"SMITH"},{"data":"Madness","floor":52,"key":"SMITH"}],"circlet_count":0,"master_deck":["Bandage Up+1","Nirvana+1","Dramatic Entrance+1","Weave+1","Weave+1","ThirdEye+1","Weave+1","CutThroughFate+1","CutThroughFate+1","DevaForm+1","MasterReality+1","CurseOfTheBell","TalkToTheHand+1","CutThroughFate+1","ThirdEye+1","Study+1","Nirvana+1","Devotion+1","WaveOfTheHand+1","Fasting2+1","Madness+1","Madness+1","Nirvana+1"],"relics":["PureWater","ClockworkSouvenir","Happy Flower","Molten Egg 2","MealTicket","Melange","Ancient Tea Set","Bottled Lightning","Genji_Glove","Sundial","PreservedInsect","Blood Vial","Calling Bell","Frozen Egg 2","Oddly Smooth Stone","Calipers","Mercury Hourglass","Darkstone Periapt","Centennial Puzzle","Kunai","Bag of Preparation","SacredBark","Anchor","Toy Ornithopter","Potion Belt","Ribbon"],"acts_visited":["Exordium","TheCity","TheBeyond","TheEnding"],"potions_floor_usage":[16,21,21,22,50,54,54,55,55],"damage_taken":[{"damage":0.0,"enemies":"Cultist","floor":1.0,"turns":3.0},{"damage":3.0,"enemies":"Jaw Worm","floor":3.0,"turns":3.0},{"damage":23.0,"enemies":"Gremlin Nob","floor":7.0,"turns":5.0},{"damage":10.0,"enemies":"Lagavulin","floor":10.0,"turns":3.0},{"damage":0,"enemies":"Small Slimes","floor":11,"turns":1},{"damage":0,"enemies":"3 Sentries","floor":13,"turns":2},{"damage":9,"enemies":"Hexaghost","floor":16,"turns":4},{"damage":0,"enemies":"Chosen","floor":18,"turns":3},{"damage":5,"enemies":"Shell Parasite","floor":21,"turns":4},{"damage":17,"enemies":"Snake Plant","floor":22,"turns":4},{"damage":42,"enemies":"Slavers","floor":23,"turns":4},{"damage":4,"enemies":"Centurion and Healer","floor":27,"turns":3},{"damage":6,"enemies":"Book of Stabbing","floor":28,"turns":2},{"damage":0,"enemies":"Cultist and Chosen","floor":30,"turns":3},{"damage":26,"enemies":"Slavers","floor":31,"turns":3},{"damage":3,"enemies":"Automaton","floor":33,"turns":5},{"damage":15,"enemies":"3 Darklings","floor":35,"turns":4},{"damage":0,"enemies":"Orb Walker","floor":39,"turns":3},{"damage":0,"enemies":"Nemesis","floor":40,"turns":3},{"damage":0,"enemies":"Reptomancer","floor":45,"turns":4},{"damage":11,"enemies":"Sphere and 2 Shapes","floor":48,"turns":3},{"damage":22,"enemies":"Donu and Deca","floor":50,"turns":5},{"damage":10,"enemies":"Shield and Spear","floor":54,"turns":3},{"damage":64,"enemies":"The Heart","floor":55,"turns":7}],"seed_played":"-4437223150186485876","potions_obtained":[{"floor":1.0,"key":"ColorlessPotion"},{"floor":10.0,"key":"EssenceOfSteel"},{"floor":16,"key":"Explosive Potion"},{"floor":18,"key":"Block Potion"},{"floor":21,"key":"BlessingOfTheForge"},{"floor":27,"key":"DeathKnight:BottledBloodEchoes"},{"floor":33,"key":"LiquidBronze"},{"floor":39,"key":"Energy Potion"}],"is_trial":false,"path_per_floor":["M","$","M","?","?","?","E","$","T","E","M","R","E","$","R","B",null,"M","?","?","M","M","E","?","R","T","M","E","$","M","E","R","B",null,"M","?","?","?","M","E","$","?","T","R","E","R","$","M","R","B",null,"R","$","E","B",null],"character_chosen":"WATCHER","items_purchased":["ClockworkSouvenir","Happy Flower","Evaluate","BattleHymn","Molten Egg 2","MealTicket","Bandage Up","Nirvana","Dramatic Entrance+1","Weave+1","Weave+1","Melange","Ancient Tea Set","Weave+1","CutThroughFate+1","Genji_Glove","Kunai","Study+1","Fasting2+1","Nirvana+1","Energy Potion","Fire Potion"],"campfire_rested":0,"item_purchase_floors":[0,0,0,0,0,0,0,0,0,0,0,0,0,8,8,8,29,29,41,47,53,53],"current_hp_per_floor":[27,42,43,43,43,32,9,24,24,18,22,22,26,41,41,40,64,72,72,72,67,58,24,24,24,24,28,30,45,53,35,35,40,64,57,57,57,36,44,52,67,58,58,58,66,66,72,67,67,56,68,68,72,68,19],"gold":42,"neow_bonus":"","is_daily":false,"chose_seed":false,"campfire_upgraded":7,"win_rate":0.0,"timestamp":1612311936,"path_taken":["M","?","M","?","?","?","E","$","T","E","M","R","E","?","R","BOSS","M","?","?","M","M","E","?","R","T","M","E","?","M","E","R","BOSS","M","?","?","?","M","E","?","?","T","R","E","R","$","?","R","BOSS","R","$","E","BOSS"],"items_purchased_type":["Relic","Relic","Card","Card","Relic","Relic","Card","Card","Card","Card","Card","Relic","Relic","Card","Card","Relic","Relic","Card","Card","Card","Potion","Potion"],"build_version":"2020-12-22","purchased_purges":14,"victory":true,"max_hp_per_floor":[72,72,72,72,72,72,72,72,72,72,72,72,72,72,72,72,72,72,72,72,72,72,72,72,72,72,72,72,72,72,72,72,72,72,72,72,72,72,72,72,72,72,72,72,72,72,72,72,72,72,72,72,72,72,72],"card_choices":[{"not_picked":["Crescendo","CrushJoints+1"],"picked":"Pray","floor":1.0},{"not_picked":["CrushJoints+1","Halt"],"picked":"ThirdEye","floor":3.0},{"not_picked":["DeceiveReality","Adaptation","Sanctity"],"picked":"SKIP","floor":7.0},{"not_picked":["Collect","Worship","CarveReality+1"],"picked":"SKIP","floor":10.0},{"not_picked":["Sanctity","PathToVictory"],"picked":"CutThroughFate+1","floor":11},{"not_picked":["WreathOfFlame","Indignation"],"picked":"DevaForm","floor":13},{"not_picked":["Devotion","Brilliance+1"],"picked":"MasterReality","floor":16},{"not_picked":["Evaluate+1","Crescendo+1"],"picked":"BattleHymn+1","floor":18},{"not_picked":["Crescendo","Vengeance","Indignation+1"],"picked":"SKIP","floor":21},{"not_picked":["Protect","InnerPeace"],"picked":"TalkToTheHand+1","floor":22},{"not_picked":["WreathOfFlame","Wallop+1","ForeignInfluence"],"picked":"SKIP","floor":23},{"not_picked":["SashWhip+1","CrushJoints+1"],"picked":"CutThroughFate+1","floor":27},{"not_picked":["MentalFortress+1","Worship+1"],"picked":"ThirdEye","floor":28},{"not_picked":["Crescendo","Halt","ClearTheMind"],"picked":"SKIP","floor":30},{"not_picked":["Prostrate","ClearTheMind+1"],"picked":"Nirvana+1","floor":31},{"not_picked":["MasterReality+1","SpiritShield"],"picked":"Devotion+1","floor":33},{"not_picked":["Indignation+1","Adaptation+1"],"picked":"WaveOfTheHand","floor":35},{"not_picked":["ForeignInfluence","FollowUp+1","Consecrate+1"],"picked":"SKIP","floor":39},{"not_picked":["SashWhip+1","FlyingSleeves+1","Worship"],"picked":"SKIP","floor":40},{"not_picked":["Swivel+1","LessonLearned+1","Evaluate+1"],"picked":"SKIP","floor":45},{"not_picked":["CutThroughFate+1","SashWhip+1","FollowUp+1"],"picked":"SKIP","floor":48},{"not_picked":["CarveReality+1","Pray","Establishment+1"],"picked":"SKIP","floor":54}],"player_experience":1255241,"relics_obtained":[{"floor":7.0,"key":"Bottled Lightning"},{"floor":9.0,"key":"Sundial"},{"floor":10.0,"key":"PreservedInsect"},{"floor":13,"key":"Blood Vial"},{"floor":17,"key":"Frozen Egg 2"},{"floor":17,"key":"Oddly Smooth Stone"},{"floor":17,"key":"Calipers"},{"floor":23,"key":"Darkstone Periapt"},{"floor":28,"key":"Centennial Puzzle"},{"floor":31,"key":"Bag of Preparation"},{"floor":40,"key":"Anchor"},{"floor":43,"key":"Toy Ornithopter"},{"floor":45,"key":"Potion Belt"},{"floor":54,"key":"Ribbon"}],"event_choices":[{"damage_healed":0.0,"max_hp_gain":0.0,"max_hp_loss":0.0,"gold_gain":62.0,"event_name":"Golden Wing","player_choice":"Gained Gold","floor":5.0,"gold_loss":0.0,"damage_taken":0.0},{"damage_healed":0.0,"max_hp_gain":0.0,"max_hp_loss":0.0,"gold_gain":75.0,"event_name":"World of Goop","player_choice":"Gather Gold","floor":6.0,"gold_loss":0.0,"damage_taken":11.0},{"damage_healed":0,"gold_gain":0,"player_choice":"Stole Relic","damage_taken":0,"relics_obtained":["Mercury Hourglass"],"max_hp_gain":0,"max_hp_loss":0,"event_name":"Addict","floor":19,"gold_loss":0,"cards_obtained":["Shame"]},{"damage_healed":0,"gold_gain":0,"player_choice":"Simplicity","damage_taken":0,"max_hp_gain":0,"max_hp_loss":0,"event_name":"Back to Basics","floor":20,"gold_loss":0,"cards_upgraded":["Defend_P","Defend_P"]},{"damage_healed":0,"gold_gain":0,"player_choice":"Ignored","damage_taken":0,"max_hp_gain":0,"max_hp_loss":0,"event_name":"Vampires","floor":24,"gold_loss":0},{"damage_healed":0,"gold_gain":0,"player_choice":"Ignored","damage_taken":0,"max_hp_gain":0,"max_hp_loss":0,"event_name":"Tomb of Lord Red Mask","floor":36,"gold_loss":0},{"cards_removed":["BattleHymn"],"damage_healed":0,"gold_gain":0,"player_choice":"Removed Power","damage_taken":0,"max_hp_gain":0,"max_hp_loss":0,"event_name":"Falling","floor":37,"gold_loss":0},{"damage_healed":0,"gold_gain":0,"player_choice":"Embrace Madness","damage_taken":9,"max_hp_gain":0,"max_hp_loss":0,"event_name":"Winding Halls","floor":42,"gold_loss":0,"cards_obtained":["Madness","Madness"]}],"is_beta":false,"boss_relics":[{"not_picked":["Tiny House","HolyWater"],"picked":"Calling Bell"},{"not_picked":["Runic Pyramid","Fusion Hammer"],"picked":"SacredBark"}],"items_purged_floors":[0,0,0,0,0,0,0,8,14,29,29,29,41,41],"is_endless":false,"potions_floor_spawned":[1,10,16,18,21,27,33,39,40],"ascension_level":8}}