{"host":"poixavpewvabi3b6","time":1612344683,"event":{"mods":["BaseMod","DeckTracker","GungeonMod","Minty Spire (QoL Compilation)","StSLib"],"gold_per_floor":[113,128,128,128,53,53,70,70,70,81,81,81,97,130,130,269,269,283,382,396,89,104,104,4,4,4,4,120,135,135,155,155,263,263,284,301,328,328,354,371,384,2,26,4,4,4,22,22,22,22,22],"floor_reached":50,"language":"KOR","playtime":3494,"items_purged":["DemoMod:Strike_Huntress","DemoMod:Defend_Huntress","DemoMod:BlackHoleGun"],"score":471,"play_id":"363e1b85-f1ec-45f9-a41d-436d9e84e309","local_time":"20210203183123","is_ascension_mode":false,"campfire_choices":[{"data":"DemoMod:AWP","floor":6,"key":"SMITH"},{"data":"DemoMod:CursedBullets","floor":8,"key":"SMITH"},{"data":"DemoMod:EasyReloadBullets","floor":15,"key":"SMITH"},{"floor":23,"key":"REST"},{"data":"DemoMod:BlankBullets","floor":25,"key":"SMITH"},{"data":"DemoMod:SAA","floor":27,"key":"SMITH"},{"data":"DemoMod:AbyssalTentacle","floor":30,"key":"SMITH"},{"floor":32,"key":"REST"},{"floor":45,"key":"REST"},{"floor":49,"key":"REST"}],"circlet_count":0,"master_deck":["DemoMod:Strike_Huntress","DemoMod:Strike_Huntress","DemoMod:Defend_Huntress","DemoMod:Defend_Huntress","DemoMod:Defend_Huntress","DemoMod:Roll","DemoMod:ManualReload","DemoMod:RustySidearm","DemoMod:CrossBow","DemoMod:MachoBrace","DemoMod:AWP+1","DemoMod:CursedBullets+1","DemoMod:FortunesFavor","DemoMod:EasyReloadBullets+1","DemoMod:BlankBullets+1","DemoMod:AbyssalTentacle+1","DemoMod:SAA+1","DemoMod:FastSwitch","DemoMod:AC15+1","DemoMod:HungryBullets+1","DemoMod:ManualReload","DemoMod:CursedBullets+1","DemoMod:MegaHand+1","DemoMod:FastSwitch+1","DemoMod:PotionOfGunFriendShip","DemoMod:MachoBrace+1"],"relics":["DemoMod:Dog","Art of War","DemoMod:NanoMachines","Mercury Hourglass","Question Card","Velvet Choker","Mummified Hand","Pantograph","DemoMod:MonsterBlood","Bottled Tornado","DemoMod:Plus1Bullets"],"acts_visited":["Exordium","TheCity","TheBeyond"],"potions_floor_usage":[20,20,22,31,33,33,39,48,50,50],"damage_taken":[{"damage":7,"enemies":"Small Slimes","floor":1,"turns":5},{"damage":7,"enemies":"Jaw Worm","floor":2,"turns":5},{"damage":0,"enemies":"Cultist","floor":7,"turns":2},{"damage":0,"enemies":"Looter","floor":10,"turns":2},{"damage":0,"enemies":"Exordium Thugs","floor":13,"turns":3},{"damage":0,"enemies":"Gremlin Nob","floor":14,"turns":3},{"damage":42,"enemies":"The Guardian","floor":16,"turns":10},{"damage":12,"enemies":"3 Byrds","floor":18,"turns":4},{"damage":11,"enemies":"2 Thieves","floor":20,"turns":3},{"damage":14,"enemies":"Sentry and Sphere","floor":22,"turns":4},{"damage":8,"enemies":"Centurion and Healer","floor":29,"turns":4},{"damage":17,"enemies":"Snake Plant","floor":31,"turns":3},{"damage":58,"enemies":"Champ","floor":33,"turns":14},{"damage":19,"enemies":"3 Shapes","floor":35,"turns":3},{"damage":10,"enemies":"Orb Walker","floor":36,"turns":2},{"damage":18,"enemies":"Sphere and 2 Shapes","floor":37,"turns":4},{"damage":3,"enemies":"Transient","floor":39,"turns":5},{"damage":3,"enemies":"3 Darklings","floor":40,"turns":3},{"damage":4,"enemies":"Spire Growth","floor":41,"turns":4},{"damage":10,"enemies":"4 Shapes","floor":47,"turns":3},{"damage":0,"enemies":"Writhing Mass","floor":48,"turns":1},{"damage":88,"enemies":"Awakened One","floor":50,"turns":6}],"seed_played":"5272335697988353466","potions_obtained":[{"floor":10,"key":"Swift Potion"},{"floor":14,"key":"Dexterity Potion"},{"floor":16,"key":"Strength Potion"},{"floor":20,"key":"DuplicationPotion"},{"floor":22,"key":"LiquidBronze"},{"floor":31,"key":"LiquidMemories"},{"floor":35,"key":"EssenceOfSteel"},{"floor":36,"key":"LiquidMemories"},{"floor":41,"key":"CultistPotion"},{"floor":47,"key":"SmokeBomb"}],"is_trial":false,"path_per_floor":["M","M","?","?","$","R","M","R","T","M","$","?","M","E","R","B",null,"M","?","M","$","M","R","$","R","T","R","?","M","R","M","R","B",null,"M","M","M","?","M","M","M","$","T","$","R","$","M","M","R","B"],"character_chosen":"HUNTRESS","items_purchased":["DemoMod:SAA","Mummified Hand","Bottled Tornado","DemoMod:PotionOfGunFriendShip"],"campfire_rested":4,"item_purchase_floors":[21,21,42,44],"current_hp_per_floor":[63,56,61,58,58,58,58,58,58,58,58,58,58,58,58,16,75,63,63,52,52,38,60,60,60,60,60,60,52,52,42,66,24,82,63,53,35,35,32,29,25,25,25,25,49,49,39,39,63,0,0],"gold":22,"neow_bonus":"RANDOM_COMMON_RELIC","is_daily":false,"chose_seed":false,"campfire_upgraded":6,"win_rate":0.0,"timestamp":1612344683,"path_taken":["M","M","?","?","$","R","M","R","T","M","$","?","M","E","R","BOSS","M","?","M","$","M","R","$","R","T","R","?","M","R","M","R","BOSS","M","M","?","?","M","M","M","?","T","$","R","$","M","M","R","BOSS"],"items_purchased_type":["Card","Relic","Relic","Card"],"build_version":"2020-12-22","purchased_purges":3,"victory":false,"max_hp_per_floor":[70,70,75,75,75,75,75,75,75,75,75,75,75,75,75,75,75,75,75,75,75,75,75,75,75,75,75,75,75,75,82,82,82,82,82,82,82,82,82,82,82,82,82,82,82,82,82,82,82,82,82],"card_choices":[{"not_picked":["DemoMod:JK47","DemoMod:Purify"],"picked":"DemoMod:MachoBrace","floor":1},{"not_picked":["DemoMod:ProbeStrike","DemoMod:TeaPot"],"picked":"DemoMod:AWP","floor":2},{"not_picked":["DemoMod:MachoBrace","DemoMod:FastSwitch"],"picked":"DemoMod:CursedBullets","floor":7},{"not_picked":["DemoMod:JK47","DemoMod:TripleGun"],"picked":"DemoMod:FortunesFavor","floor":10},{"not_picked":["DemoMod:FeignSurrender","DemoMod:StickyCrossBow"],"picked":"DemoMod:EasyReloadBullets","floor":13},{"not_picked":["DemoMod:TableSutra","DemoMod:AC15","DemoMod:StickyCrossBow"],"picked":"SKIP","floor":14},{"not_picked":["DemoMod:ThirdPartyController","DemoMod:Eureka","DemoMod:SuppressiveFire"],"picked":"DemoMod:BlankBullets","floor":16},{"not_picked":["DemoMod:DoubleSwitch+1","DemoMod:FortunesFavor+1","DemoMod:EasyReloadBullets+1"],"picked":"DemoMod:AbyssalTentacle","floor":18},{"not_picked":["DemoMod:ConditionalReflex","DemoMod:CombinedRifle","DemoMod:GunShield","DemoMod:Unmoved"],"picked":"SKIP","floor":20},{"not_picked":["DemoMod:ConditionalReflex","DemoMod:BoxingGlove","DemoMod:BattleInHaste","DemoMod:DoubleSwitch+1"],"picked":"SKIP","floor":22},{"not_picked":["DemoMod:CombinedRifle+1","DemoMod:DoubleSwitch","DemoMod:StickyCrossBow","DemoMod:GunslingerForm"],"picked":"SKIP","floor":29},{"not_picked":["DemoMod:CombinedRifle","DemoMod:SAA","DemoMod:BoxingGlove","DemoMod:Unmoved+1"],"picked":"SKIP","floor":31},{"not_picked":["DemoMod:Behold!","DemoMod:SuppressiveFire","DemoMod:BalloonGun"],"picked":"DemoMod:BlackHoleGun","floor":33},{"not_picked":["DemoMod:DoubleSwitch+1","DemoMod:LifeOrb","DemoMod:Rummage+1"],"picked":"DemoMod:FastSwitch","floor":35},{"not_picked":["DemoMod:FastSwitch+1","DemoMod:Ejector","DemoMod:TeaPot"],"picked":"DemoMod:AC15+1","floor":36},{"not_picked":["DemoMod:JK47+1","DemoMod:AC15","DemoMod:Desperate"],"picked":"DemoMod:HungryBullets+1","floor":37},{"not_picked":["DemoMod:BoxingGlove+1","DemoMod:Unity+1","DemoMod:Unmoved"],"picked":"DemoMod:CursedBullets+1","floor":39},{"not_picked":["DemoMod:AbyssalTentacle","DemoMod:TripleGun","DemoMod:StickyCrossBow+1"],"picked":"DemoMod:MegaHand+1","floor":40},{"not_picked":["DemoMod:LifeOrb","DemoMod:Camera+1","DemoMod:Rummage+1"],"picked":"DemoMod:FastSwitch+1","floor":41},{"not_picked":["DemoMod:HuntsMan+1","DemoMod:PracticeMakesPerfect","DemoMod:AC15+1"],"picked":"DemoMod:MachoBrace+1","floor":47}],"player_experience":146763,"relics_obtained":[{"floor":9,"key":"Mercury Hourglass"},{"floor":14,"key":"Question Card"},{"floor":26,"key":"Pantograph"},{"floor":31,"key":"DemoMod:MonsterBlood"},{"floor":43,"key":"DemoMod:Plus1Bullets"}],"event_choices":[{"damage_healed":0,"gold_gain":0,"player_choice":"Donut","damage_taken":0,"max_hp_gain":5,"max_hp_loss":0,"event_name":"Big Fish","floor":3,"gold_loss":0},{"damage_healed":0,"gold_gain":0,"player_choice":"Success","damage_taken":3,"relics_obtained":["DemoMod:NanoMachines"],"max_hp_gain":0,"max_hp_loss":0,"event_name":"Scrap Ooze","floor":4,"gold_loss":0},{"damage_healed":0,"gold_gain":0,"player_choice":"Ignored","damage_taken":0,"max_hp_gain":0,"max_hp_loss":0,"event_name":"Liars Game","floor":12,"gold_loss":0},{"damage_healed":0,"gold_gain":99,"player_choice":"Stole From Cult","damage_taken":0,"max_hp_gain":0,"max_hp_loss":0,"event_name":"Nest","floor":19,"gold_loss":0},{"damage_healed":0,"gold_gain":0,"player_choice":"1 cards matched","damage_taken":0,"max_hp_gain":0,"max_hp_loss":0,"event_name":"Match and Keep!","floor":38,"gold_loss":0,"cards_obtained":["DemoMod:ManualReload"]}],"is_beta":false,"boss_relics":[{"not_picked":["DemoMod:ElasticCartridgeClip","Snecko Eye"],"picked":"Velvet Choker"},{"not_picked":["Runic Dome","DemoMod:Test1","Pandora\u0027s Box"]}],"items_purged_floors":[5,24,42],"is_endless":false,"potions_floor_spawned":[10,14,16,20,22,31,35,36,41,47,48],"killed_by":"Awakened One","ascension_level":0}}