{"host":"2qstd83ou5jzlfqv","time":1612346884,"event":{"mods":["BaseMod","Colored Powertips","Minty Spire (QoL Compilation)","Relic Stats"],"gold_per_floor":[112,135,154,114,133,133,160,160,160,13,13,13,32,63,63,166,166,185,37,48,48,59,59,87,106,129,140,140,154,154,173,173,268,268,283,283,338,338,32,61,61,84,162,188,188,200,211,238,238,238],"floor_reached":51,"language":"ENG","playtime":2592,"items_purged":["Strike_B"],"score":1188,"play_id":"69f93163-0f18-4cfd-afeb-2bfbccde7852","local_time":"20210203020804","is_ascension_mode":true,"campfire_choices":[{"data":"Ball Lightning","floor":6,"key":"SMITH"},{"data":"Compile Driver","floor":8,"key":"SMITH"},{"data":"Leap","floor":12,"key":"SMITH"},{"data":"Lockon","floor":15,"key":"SMITH"},{"data":"Consume","floor":23,"key":"SMITH"},{"data":"Glacier","floor":28,"key":"SMITH"},{"floor":30,"key":"REST"},{"data":"Buffer","floor":32,"key":"SMITH"},{"data":"Defragment","floor":41,"key":"SMITH"},{"data":"Biased Cognition","floor":45,"key":"SMITH"},{"data":"Capacitor","floor":49,"key":"SMITH"}],"circlet_count":0,"master_deck":["Strike_B","Strike_B","Defend_B+1","Defend_B","Defend_B","Zap+1","Dualcast","Compile Driver+1","Compile Driver","Ball Lightning+1","Leap+1","Go for the Eyes","Lockon+1","Doom and Gloom","Biased Cognition+1","Coolheaded","Capacitor+1","Consume+1","Cold Snap+1","Stack","Reinforced Body","Electrodynamics","Conserve Battery+1","Buffer+1","Redo","Glacier+1","Amplify","Skim+1","Turbo+1","Defragment+1","Glacier+1","Hologram+1","Barrage+1"],"relics":["Cracked Core","NeowsBlessing","War Paint","Orichalcum","Bag of Preparation","Lantern","Pantograph","Runic Pyramid","Orrery","Anchor","Tiny Chest","Philosopher\u0027s Stone","Emotion Chip","Blood Vial","HornCleat","PreservedInsect","Question Card","The Courier","Oddly Smooth Stone"],"acts_visited":["Exordium","TheCity","TheBeyond"],"potions_floor_usage":[4,7,16,24,33,33,33,37,40,46,50],"damage_taken":[{"damage":0,"enemies":"Cultist","floor":1,"turns":1},{"damage":0,"enemies":"Jaw Worm","floor":3,"turns":1},{"damage":0,"enemies":"Small Slimes","floor":5,"turns":1},{"damage":12,"enemies":"Gremlin Nob","floor":7,"turns":3},{"damage":4,"enemies":"Exordium Thugs","floor":13,"turns":4},{"damage":10,"enemies":"Lagavulin","floor":14,"turns":5},{"damage":26,"enemies":"Hexaghost","floor":16,"turns":8},{"damage":17,"enemies":"2 Thieves","floor":18,"turns":4},{"damage":0,"enemies":"Chosen","floor":20,"turns":4},{"damage":5,"enemies":"Snecko","floor":22,"turns":4},{"damage":0,"enemies":"Slavers","floor":24,"turns":4},{"damage":8,"enemies":"Snake Plant","floor":25,"turns":4},{"damage":2,"enemies":"Centurion and Healer","floor":27,"turns":8},{"damage":11,"enemies":"Sentry and Sphere","floor":29,"turns":5},{"damage":7,"enemies":"Shelled Parasite and Fungi","floor":31,"turns":8},{"damage":25,"enemies":"Collector","floor":33,"turns":8},{"damage":0,"enemies":"3 Shapes","floor":35,"turns":3},{"damage":17,"enemies":"2 Orb Walkers","floor":37,"turns":4},{"damage":0,"enemies":"Reptomancer","floor":40,"turns":6},{"damage":0,"enemies":"Giant Head","floor":44,"turns":9},{"damage":0,"enemies":"3 Darklings","floor":46,"turns":7},{"damage":0,"enemies":"Sphere and 2 Shapes","floor":47,"turns":5},{"damage":8,"enemies":"Reptomancer","floor":48,"turns":7},{"damage":11,"enemies":"Donu and Deca","floor":50,"turns":13}],"seed_played":"-3538864418249525953","potions_obtained":[{"floor":1,"key":"PowerPotion"},{"floor":3,"key":"SpeedPotion"},{"floor":4,"key":"SmokeBomb"},{"floor":4,"key":"Energy Potion"},{"floor":4,"key":"Fruit Juice"},{"floor":7,"key":"EssenceOfDarkness"},{"floor":16,"key":"AttackPotion"},{"floor":20,"key":"LiquidBronze"},{"floor":24,"key":"Explosive Potion"},{"floor":33,"key":"ColorlessPotion"},{"floor":35,"key":"DistilledChaos"},{"floor":44,"key":"Explosive Potion"},{"floor":48,"key":"Regen Potion"}],"is_trial":false,"path_per_floor":["M","T","M","?","M","R","E","R","T","$","?","R","M","E","R","B",null,"M","$","M","?","M","R","E","M","T","M","R","M","R","M","R","B",null,"M","?","?","?","$","E","R","T","T","E","R","M","M","E","R","B",null],"character_chosen":"DEFECT","items_purchased":["Lantern","Orrery","Defragment","Blood Vial"],"campfire_rested":1,"item_purchase_floors":[10,19,39,39],"current_hp_per_floor":[68,68,68,73,73,73,61,61,61,61,61,61,57,47,47,46,72,55,55,55,55,50,50,50,42,42,40,40,29,53,46,46,46,72,72,72,55,55,55,57,57,57,57,59,59,61,63,57,57,79],"gold":238,"neow_bonus":"THREE_ENEMY_KILL","is_daily":false,"chose_seed":false,"campfire_upgraded":10,"win_rate":0.0,"timestamp":1612346884,"path_taken":["M","?","?","?","?","R","E","R","T","$","?","R","?","E","R","BOSS","M","$","M","?","?","R","E","M","T","M","R","M","R","M","R","BOSS","M","?","?","?","$","E","R","?","T","E","R","?","M","E","R","BOSS"],"items_purchased_type":["Relic","Relic","Card","Relic"],"build_version":"2020-12-22","purchased_purges":1,"victory":true,"max_hp_per_floor":[75,75,75,80,80,80,80,80,80,80,80,80,80,80,80,80,80,80,80,80,80,80,80,80,80,80,80,80,80,80,80,80,80,80,80,80,80,80,80,80,80,80,80,80,80,80,80,80,80,80],"relic_stats":{"Blood Vial":12,"Emotion Chip":[5,4,1,0,0],"counters":[24,126],"Pantograph":71,"Tiny Chest":1,"PreservedInsect":192,"Bag of Preparation":[40],"War Paint":["Zap","Defend_B"],"Orichalcum":[162],"Question Card":4,"obtain_stats":[{"Lantern":10,"NeowsBlessing":0,"Oddly Smooth Stone":48,"PreservedInsect":42,"The Courier":44,"Bag of Preparation":9,"War Paint":2,"Orichalcum":7,"Question Card":43,"Blood Vial":39,"Anchor":24,"Emotion Chip":37,"HornCleat":40,"Pantograph":14,"Orrery":19,"Tiny Chest":26,"Philosopher\u0027s Stone":34,"Cracked Core":0,"Runic Pyramid":17},{"Lantern":4,"NeowsBlessing":0,"Oddly Smooth Stone":23,"PreservedInsect":19,"The Courier":20,"Bag of Preparation":4,"War Paint":1,"Orichalcum":4,"Question Card":19,"Blood Vial":18,"Anchor":11,"Emotion Chip":18,"HornCleat":19,"Pantograph":6,"Orrery":8,"Tiny Chest":12,"Philosopher\u0027s Stone":16,"Cracked Core":0,"Runic Pyramid":7},{"Lantern":6,"NeowsBlessing":0,"Oddly Smooth Stone":113,"PreservedInsect":85,"The Courier":94,"Bag of Preparation":6,"War Paint":1,"Orichalcum":6,"Question Card":85,"Blood Vial":79,"Anchor":39,"Emotion Chip":79,"HornCleat":85,"Pantograph":15,"Orrery":27,"Tiny Chest":43,"Philosopher\u0027s Stone":72,"Cracked Core":0,"Runic Pyramid":23}]},"card_choices":[{"not_picked":["Streamline","Glacier"],"picked":"Compile Driver","floor":1},{"not_picked":["Gash","Steam"],"picked":"Compile Driver","floor":3},{"not_picked":["Sweeping Beam","Stack"],"picked":"Ball Lightning","floor":5},{"not_picked":["Beam Cell","Rainbow"],"picked":"Leap","floor":7},{"not_picked":["Beam Cell","Go for the Eyes"],"picked":"Lockon","floor":13},{"not_picked":["Compile Driver","Sunder"],"picked":"Doom and Gloom","floor":14},{"not_picked":["Meteor Strike","Core Surge"],"picked":"Biased Cognition","floor":16},{"not_picked":["Rebound+1","Hello World"],"picked":"Coolheaded","floor":18},{"not_picked":["Barrage","Coolheaded"],"picked":"Capacitor","floor":19},{"not_picked":["Steam+1","Reprogram"],"picked":"Consume","floor":19},{"not_picked":["Hyperbeam","Beam Cell+1"],"picked":"Cold Snap+1","floor":19},{"not_picked":["FTL","Genetic Algorithm"],"picked":"Stack","floor":19},{"not_picked":["Ball Lightning+1","Streamline"],"picked":"Reinforced Body","floor":20},{"not_picked":["Reinforced Body+1","Cold Snap"],"picked":"Conserve Battery+1","floor":22},{"not_picked":["Turbo","Genetic Algorithm"],"picked":"Buffer","floor":24},{"not_picked":["Streamline","Hello World"],"picked":"Redo","floor":25},{"not_picked":["Redo+1","Sweeping Beam"],"picked":"Glacier","floor":27},{"not_picked":["Conserve Battery+1","Hologram","Compile Driver"],"picked":"SKIP","floor":29},{"not_picked":["Force Field","Genetic Algorithm","Sunder"],"picked":"SKIP","floor":31},{"not_picked":["Hyperbeam","Machine Learning"],"picked":"Amplify","floor":33},{"not_picked":["Sweeping Beam","Cold Snap+1"],"picked":"Skim+1","floor":35},{"not_picked":["Leap","Fusion+1"],"picked":"Turbo+1","floor":37},{"not_picked":["FTL","Go for the Eyes+1"],"picked":"Glacier+1","floor":40},{"not_picked":["Go for the Eyes","Double Energy","All For One","Beam Cell"],"picked":"SKIP","floor":44},{"not_picked":["Rebound","Reinforced Body","Darkness","FTL"],"picked":"SKIP","floor":46},{"not_picked":["Conserve Battery+1","Go for the Eyes","Rebound+1"],"picked":"Hologram+1","floor":47},{"not_picked":["Streamline+1","Beam Cell+1","Steam+1"],"picked":"Barrage+1","floor":48}],"player_experience":416417,"relics_obtained":[{"floor":2,"key":"War Paint"},{"floor":7,"key":"Orichalcum"},{"floor":9,"key":"Bag of Preparation"},{"floor":14,"key":"Pantograph"},{"floor":24,"key":"Anchor"},{"floor":26,"key":"Tiny Chest"},{"floor":37,"key":"Emotion Chip"},{"floor":40,"key":"HornCleat"},{"floor":42,"key":"PreservedInsect"},{"floor":43,"key":"Question Card"},{"floor":44,"key":"The Courier"},{"floor":48,"key":"Oddly Smooth Stone"}],"event_choices":[{"damage_healed":0,"gold_gain":0,"player_choice":"Bought 3 Potions","damage_taken":0,"max_hp_gain":0,"max_hp_loss":0,"event_name":"The Woman in Blue","floor":4,"gold_loss":0},{"damage_healed":0,"gold_gain":0,"cards_transformed":["Strike_B"],"player_choice":"Transformed","damage_taken":0,"max_hp_gain":0,"max_hp_loss":0,"event_name":"Transmorgrifier","floor":11,"gold_loss":0,"cards_obtained":["Go for the Eyes"]},{"damage_healed":0,"gold_gain":0,"player_choice":"1 cards matched","damage_taken":0,"max_hp_gain":0,"max_hp_loss":0,"event_name":"Match and Keep!","floor":21,"gold_loss":0,"cards_obtained":["Electrodynamics"]},{"damage_healed":0,"gold_gain":0,"player_choice":"Ignored","damage_taken":0,"max_hp_gain":0,"max_hp_loss":0,"event_name":"Tomb of Lord Red Mask","floor":36,"gold_loss":0},{"damage_healed":0,"gold_gain":0,"player_choice":"Fight","damage_taken":0,"max_hp_gain":0,"max_hp_loss":0,"event_name":"Mysterious Sphere","floor":37,"gold_loss":0},{"cards_removed":["Defend_B"],"damage_healed":0,"gold_gain":0,"player_choice":"Removed Skill","damage_taken":0,"max_hp_gain":0,"max_hp_loss":0,"event_name":"Falling","floor":38,"gold_loss":0}],"is_beta":false,"boss_relics":[{"not_picked":["Fusion Hammer","Sozu"],"picked":"Runic Pyramid"},{"not_picked":["SacredBark","Tiny House"],"picked":"Philosopher\u0027s Stone"}],"items_purged_floors":[39],"is_endless":false,"potions_floor_spawned":[1,3,7,16,20,24,25,33,35,44,48],"ascension_level":8}}