{"host":"k7udt7atmcuzf6l0","time":1612387330,"event":{"mods":["AchievementEnabler","BaseMod","BetterRewards","Colored Map","Colored Powertips","Highlight Path","Minty Spire (QoL Compilation)","Quick Restart","Rare Cards Sparkle","Relic Stats","StSLib","UnlockEverythingMod"],"gold_per_floor":[115,115,127,97,24,52,63,63,118,153,171,171,189,202,202,297,297,308,308,327,46,46,78,78,97,97,16,50,50,50,325,325,420,420,433,78,78,98,24,24,74,101,101,112,138,148,148,175,175,175,175],"floor_reached":50,"language":"ZHS","playtime":1370,"items_purged":["Regret"],"score":676,"play_id":"49c62610-4230-4db5-83d8-3135a4f6178e","local_time":"20210204052210","is_ascension_mode":false,"campfire_choices":[{"data":"Flex","floor":8.0,"key":"SMITH"},{"data":"Armaments","floor":12.0,"key":"SMITH"},{"data":"Rage","floor":15.0,"key":"SMITH"},{"data":"Limit Break","floor":24.0,"key":"SMITH"},{"data":"Heavy Blade","floor":30.0,"key":"SMITH"},{"data":"Spot Weakness","floor":32.0,"key":"SMITH"},{"data":"True Grit","floor":40,"key":"SMITH"},{"data":"1","floor":47,"key":"LIFT"},{"data":"2","floor":49,"key":"LIFT"}],"circlet_count":0,"master_deck":["Strike_R","Strike_R","Strike_R","Strike_R","Strike_R","Defend_R+1","Defend_R+1","Defend_R+1","Defend_R","Bash+1","Armaments+1","Headbutt","Whirlwind","Flex+1","Clash","Spot Weakness+1","Rage+1","Limit Break+1","Iron Wave+1","Rampage+1","Infernal Blade","Jack Of All Trades","Battle Trance","Heavy Blade+1","Inflame","Sword Boomerang","Double Tap","Dark Embrace+1","True Grit+1","Havoc","Warcry","Thunderclap+1","Inflame+1","Warcry+1","Shockwave"],"relics":["Burning Blood","NeowsBlessing","Smiling Mask","War Paint","Pen Nib","Runic Pyramid","Brimstone","Toy Ornithopter","White Beast Statue","WingedGreaves","Coffee Dripper","Dead Branch","Unceasing Top","Potion Belt","Girya","Juzu Bracelet","Dream Catcher"],"acts_visited":["Exordium","TheCity","TheBeyond"],"potions_floor_usage":[41,42,42,44,45,48,48,50],"damage_taken":[{"damage":0.0,"enemies":"Jaw Worm","floor":1.0,"turns":1.0},{"damage":0.0,"enemies":"Cultist","floor":3.0,"turns":1.0},{"damage":0.0,"enemies":"3 Sentries","floor":6.0,"turns":2.0},{"damage":2.0,"enemies":"2 Louse","floor":7.0,"turns":2.0},{"damage":11.0,"enemies":"Lagavulin","floor":10.0,"turns":4.0},{"damage":0.0,"enemies":"Lots of Slimes","floor":11.0,"turns":1.0},{"damage":10.0,"enemies":"2 Fungi Beasts","floor":13.0,"turns":3.0},{"damage":10.0,"enemies":"Looter","floor":14.0,"turns":2.0},{"damage":50.0,"enemies":"Hexaghost","floor":16.0,"turns":10.0},{"damage":4.0,"enemies":"Shell Parasite","floor":18.0,"turns":3.0},{"damage":19.0,"enemies":"Spheric Guardian","floor":20.0,"turns":4.0},{"damage":39.0,"enemies":"Slavers","floor":23.0,"turns":4.0},{"damage":29.0,"enemies":"Centurion and Healer","floor":25.0,"turns":3.0},{"damage":14.0,"enemies":"Book of Stabbing","floor":28.0,"turns":3.0},{"damage":68.0,"enemies":"Automaton","floor":33.0,"turns":5.0},{"damage":14.0,"enemies":"3 Shapes","floor":35.0,"turns":3.0},{"damage":0,"enemies":"Orb Walker","floor":38,"turns":1},{"damage":0,"enemies":"Mind Bloom Boss Battle","floor":41,"turns":3},{"damage":0,"enemies":"Nemesis","floor":42,"turns":3},{"damage":0,"enemies":"Spire Growth","floor":44,"turns":2},{"damage":17,"enemies":"Giant Head","floor":45,"turns":5},{"damage":0,"enemies":"3 Darklings","floor":46,"turns":3},{"damage":69,"enemies":"Nemesis","floor":48,"turns":5},{"damage":32,"enemies":"Time Eater","floor":50,"turns":2}],"seed_played":"-8836105217481120834","potions_obtained":[{"floor":3.0,"key":"Block Potion"},{"floor":4.0,"key":"AttackPotion"},{"floor":4.0,"key":"SmokeBomb"},{"floor":10.0,"key":"PowerPotion"},{"floor":16.0,"key":"DuplicationPotion"},{"floor":23.0,"key":"LiquidMemories"},{"floor":25.0,"key":"Explosive Potion"},{"floor":28.0,"key":"Regen Potion"},{"floor":33.0,"key":"SkillPotion"},{"floor":35.0,"key":"PowerPotion"},{"floor":38,"key":"DistilledChaos"},{"floor":41,"key":"DistilledChaos"},{"floor":42,"key":"SmokeBomb"},{"floor":44,"key":"FearPotion"},{"floor":45,"key":"Fire Potion"},{"floor":46,"key":"ElixirPotion"},{"floor":48,"key":"Explosive Potion"}],"is_trial":false,"path_per_floor":["M","?","M","?","$","E","M","R","T","E","M","R","M","M","R","B",null,"M","?","M","$","?","E","R","M","T","$","E","?","R","?","R","B",null,"M","$","?","M","$","R","?","E","T","M","E","M","R","E","R","B"],"character_chosen":"IRONCLAD","items_purchased":["Whirlwind","Brimstone","Infernal Blade","Jack Of All Trades","Inflame","Dead Branch","Havoc","Warcry"],"campfire_rested":0,"item_purchase_floors":[5,21,21,21,27,36,39,39],"current_hp_per_floor":[80,64,70,70,70,76,80,80,80,75,80,80,76,72,72,28,80,80,80,67,67,80,47,47,24,24,24,26,52,52,52,52,9,80,72,72,80,80,80,80,80,80,80,80,69,75,75,22,22,0,0],"gold":175,"neow_bonus":"THREE_ENEMY_KILL","is_daily":false,"chose_seed":false,"campfire_upgraded":7,"win_rate":0.0,"timestamp":1612387330,"path_taken":["M","?","M","?","$","E","M","R","T","E","M","R","M","?","R","BOSS","M","?","M","$","?","E","R","?","T","$","E","?","R","?","R","BOSS","M","$","?","M","?","R","?","E","T","M","E","M","R","E","R","BOSS"],"items_purchased_type":["Card","Relic","Card","Card","Card","Relic","Card","Card"],"build_version":"2020-12-22","purchased_purges":1,"victory":false,"max_hp_per_floor":[80,80,80,80,80,80,80,80,80,80,80,80,80,80,80,80,80,80,80,80,80,80,80,80,80,80,80,80,80,80,80,80,80,80,80,80,80,80,80,80,80,80,80,80,80,80,80,80,80,80,80],"relic_stats":{"Dream Catcher":0,"counters":[24,75],"Dead Branch":[55],"Pen Nib":[12],"Juzu Bracelet":0,"War Paint":["Defend_R","Defend_R"],"Smiling Mask":25,"obtain_stats":[{"Potion Belt":42,"Girya":43,"NeowsBlessing":0,"Dead Branch":36,"Pen Nib":10,"Juzu Bracelet":45,"War Paint":9,"Smiling Mask":6,"Burning Blood":0,"White Beast Statue":26,"Dream Catcher":48,"Brimstone":21,"WingedGreaves":28,"Coffee Dripper":34,"Toy Ornithopter":23,"Unceasing Top":41,"Runic Pyramid":17},{"Potion Belt":19,"Girya":19,"NeowsBlessing":0,"Dead Branch":16,"Pen Nib":5,"Juzu Bracelet":21,"War Paint":4,"Smiling Mask":3,"Burning Blood":0,"White Beast Statue":13,"Dream Catcher":23,"Brimstone":11,"WingedGreaves":14,"Coffee Dripper":15,"Toy Ornithopter":12,"Unceasing Top":18,"Runic Pyramid":9},{"Potion Belt":58,"Girya":58,"NeowsBlessing":0,"Dead Branch":51,"Pen Nib":10,"Juzu Bracelet":65,"War Paint":6,"Smiling Mask":4,"Burning Blood":0,"White Beast Statue":40,"Dream Catcher":73,"Brimstone":33,"WingedGreaves":43,"Coffee Dripper":48,"Toy Ornithopter":37,"Unceasing Top":55,"Runic Pyramid":26}],"Burning Blood":105,"Toy Ornithopter":30,"Unceasing Top":[1]},"card_choices":[{"not_picked":["Pommel Strike","Perfected Strike"],"picked":"Armaments","floor":1.0},{"not_picked":["Dropkick","Sentinel"],"picked":"Headbutt","floor":3.0},{"not_picked":["Headbutt","Sword Boomerang"],"picked":"Flex","floor":6.0},{"not_picked":["True Grit","Heavy Blade","Sentinel"],"picked":"SKIP","floor":7.0},{"not_picked":["Berserk","Corruption"],"picked":"Clash","floor":10.0},{"not_picked":["Shrug It Off","Flex"],"picked":"Spot Weakness","floor":11.0},{"not_picked":["Blood for Blood","Warcry","Iron Wave"],"picked":"SKIP","floor":13.0},{"not_picked":["Headbutt","Spot Weakness"],"picked":"Rage","floor":14.0},{"not_picked":["Brutality","Exhume"],"picked":"Limit Break","floor":16.0},{"not_picked":["Entrench+1","Anger"],"picked":"Iron Wave+1","floor":18.0},{"not_picked":["Heavy Blade","Clothesline"],"picked":"Rampage+1","floor":20.0},{"not_picked":["Shrug It Off","Thunderclap"],"picked":"Battle Trance","floor":23.0},{"not_picked":["Anger","Sentinel"],"picked":"Heavy Blade","floor":25.0},{"not_picked":["Second Wind","Perfected Strike+1"],"picked":"Sword Boomerang","floor":28.0},{"not_picked":["Exhume","Feed"],"picked":"Double Tap","floor":33.0},{"not_picked":["Shrug It Off","Flame Barrier+1"],"picked":"Dark Embrace+1","floor":35.0},{"not_picked":["Armaments","Perfected Strike"],"picked":"True Grit","floor":38},{"not_picked":["Cleave","Pommel Strike+1"],"picked":"Thunderclap+1","floor":41},{"not_picked":["Brutality","Sword Boomerang"],"picked":"Inflame+1","floor":42},{"not_picked":["Hemokinesis","True Grit+1"],"picked":"Warcry+1","floor":44},{"not_picked":["Cleave+1","Combust","Exhume"],"picked":"SKIP","floor":45},{"not_picked":["Iron Wave","Twin Strike","Wild Strike"],"picked":"SKIP","floor":46},{"not_picked":["Clothesline+1","Burning Pact+1"],"picked":"Shockwave","floor":48}],"player_experience":46087,"relics_obtained":[{"floor":6.0,"key":"Smiling Mask"},{"floor":9.0,"key":"War Paint"},{"floor":10.0,"key":"Pen Nib"},{"floor":23.0,"key":"Toy Ornithopter"},{"floor":26.0,"key":"White Beast Statue"},{"floor":28.0,"key":"WingedGreaves"},{"floor":41,"key":"Unceasing Top"},{"floor":42,"key":"Potion Belt"},{"floor":43,"key":"Girya"},{"floor":45,"key":"Juzu Bracelet"},{"floor":48,"key":"Dream Catcher"}],"event_choices":[{"damage_healed":0.0,"max_hp_gain":0.0,"max_hp_loss":0.0,"gold_gain":0.0,"event_name":"Shining Light","player_choice":"Entered Light","floor":2.0,"gold_loss":0.0,"damage_taken":16.0,"cards_upgraded":["Defend_R","Bash"]},{"damage_healed":0.0,"max_hp_gain":0.0,"max_hp_loss":0.0,"gold_gain":0.0,"event_name":"The Woman in Blue","player_choice":"Bought 2 Potions","floor":4.0,"gold_loss":0.0,"damage_taken":0.0},{"damage_healed":0.0,"max_hp_gain":0.0,"max_hp_loss":0.0,"gold_gain":0.0,"event_name":"Ghosts","player_choice":"Ignored","floor":19.0,"gold_loss":0.0,"damage_taken":0.0},{"damage_healed":13.0,"max_hp_gain":0.0,"max_hp_loss":0.0,"gold_gain":0.0,"event_name":"Wheel of Change","player_choice":"Full Heal","floor":22.0,"gold_loss":0.0,"damage_taken":0.0},{"damage_healed":26.0,"max_hp_gain":0.0,"max_hp_loss":0.0,"gold_gain":0.0,"event_name":"The Library","player_choice":"Heal","floor":29.0,"gold_loss":0.0,"damage_taken":0.0},{"damage_healed":0.0,"max_hp_gain":0.0,"max_hp_loss":0.0,"gold_gain":275.0,"event_name":"Golden Shrine","player_choice":"Desecrate","floor":31.0,"gold_loss":0.0,"damage_taken":0.0,"cards_obtained":["Regret"]},{"damage_healed":8.0,"max_hp_gain":0.0,"max_hp_loss":0.0,"gold_gain":0.0,"event_name":"Wheel of Change","player_choice":"Full Heal","floor":37.0,"gold_loss":0.0,"damage_taken":0.0},{"damage_healed":0,"gold_gain":0,"player_choice":"Fight","damage_taken":0,"max_hp_gain":0,"max_hp_loss":0,"event_name":"MindBloom","floor":41,"gold_loss":0}],"is_beta":false,"boss_relics":[{"not_picked":["Runic Dome","Tiny House"],"picked":"Runic Pyramid"},{"not_picked":["Fusion Hammer","Pandora\u0027s Box"],"picked":"Coffee Dripper"}],"items_purged_floors":[36],"is_endless":false,"potions_floor_spawned":[3,6,10,16,23,25,28,33,35,38,41,42,44,45,46,48],"killed_by":"Time Eater","ascension_level":0}}