{"host":"iv8ljmz7si0xetfh","time":1612353834,"event":{"mods":["100% Spire Juice","BaseMod","Bestiary","Better Note","Colored Map","Colored Powertips","Dark Map","DeckTracker","Displayed Cursed Tome","Downfall","Highlight Path","Minty Spire (QoL Compilation)","Prisma Mod","Rare Cards Sparkle","Relic Stats","StSLib","The Alterego","Unceasing Turn Reminder"],"gold_per_floor":[99,119,69,69,54,54,54,64,64,81,81,108,126,137,155,253,253,53,63,163,163,179,179,179,179,207,0,85,113,128,158,168,267,267,167,186,11,25,42,16,16,16,51,51,99,99,99,110,120,120,120,147,26,26,26,26],"floor_reached":57,"language":"ENG","playtime":5649,"items_purged":["PrismaMod:ChloeUnlimitedBladeWorks+1","CurseOfTheBell","CurseOfTheBell","Regret","PrismaMod:MiyuUncommonPlate","Metamorphosis+1","CurseOfTheBell","Normality"],"score":1749,"play_id":"4b4d9cc1-d6ac-4738-85bc-6b4ba00fa81d","local_time":"20210203120354","is_ascension_mode":true,"campfire_choices":[{"data":"PrismaMod:ChloeCheapAttack","floor":1.0,"key":"SMITH"},{"data":"PrismaMod:ChloeCheapDefend","floor":9.0,"key":"SMITH"},{"floor":11.0,"key":"RECALL"},{"data":"PrismaMod:ChloeCommonAttack","floor":18.0,"key":"SMITH"},{"data":"Metamorphosis","floor":23.0,"key":"SMITH"},{"data":"PrismaMod:ChloeCarnivalDefend","floor":35.0,"key":"SMITH"},{"data":"PrismaMod:ChloeDiscardRecovery","floor":44.0,"key":"SMITH"},{"data":"PrismaMod:ChloeCarnivalDefend","floor":47.0,"key":"SMITH"},{"floor":54.0,"key":"REST"}],"circlet_count":0,"master_deck":["PrismaMod:ChloeCommonAttack+1","PrismaMod:ChloeCommonAttack","PrismaMod:ChloeCommonDefend","PrismaMod:ChloeCommonDefend","PrismaMod:ChloeCommonDefend+1","PrismaMod:ChloeCommonDefend","PrismaMod:ChloeCheapAttack+1","PrismaMod:ChloeCheapDefend+1","PrismaMod:ChloeMaid+1","PrismaMod:ChloeReshuffleDiscard+1","PrismaMod:ChloeExcalibur+1","PrismaMod:ChloeGaeBolg+1","PrismaMod:ChloeCaladbolg+1","PrismaMod:ChloeUnlimitedBladeWorks+1","CurseOfTheBell","PrismaMod:ChloeCaladbolg+1","Metamorphosis+1","PrismaMod:ChloeCarnivalDefend+1","PrismaMod:ChloeCaladbolg+1","PrismaMod:ChloeCarnivalDefend","Decay","PrismaMod:ChloeCarnivalDefend+1","PrismaMod:ChloeDiscardRecovery+1","PrismaMod:ChloeCarnivalAttack+1"],"relics":["PrismaMod:PrismaTraceOn","The Courier","Molten Egg 2","Sundial","Calling Bell","War Paint","InkBottle","Unceasing Top","downfall:HeartBlessingRed","downfall:HeartBlessingGreen","MutagenicStrength","sneckomod:BabySnecko","MealTicket","Vajra","Ancient Tea Set","Astrolabe","downfall:HeartBlessingBlue","Bag of Marbles","PreservedInsect","Akabeko","Pocketwatch","Orichalcum","OrangePellets"],"acts_visited":["Exordium","TheCity","TheBeyond","TheEnding"],"potions_floor_usage":[56,56],"damage_taken":[{"damage":1.0,"enemies":"Jaw Worm","floor":2.0,"turns":3.0},{"damage":4.0,"enemies":"downfall:FleeingMerchant","floor":5.0,"turns":4.0},{"damage":1.0,"enemies":"2 Louse","floor":8.0,"turns":3.0},{"damage":0.0,"enemies":"Small Slimes","floor":10.0,"turns":3.0},{"damage":3.0,"enemies":"Gremlin Nob","floor":12.0,"turns":4.0},{"damage":1.0,"enemies":"Looter","floor":13.0,"turns":3.0},{"damage":1.0,"enemies":"Red Slaver","floor":14.0,"turns":2.0},{"damage":2.0,"enemies":"Exordium Thugs","floor":15.0,"turns":2.0},{"damage":3.0,"enemies":"Slime Boss","floor":16.0,"turns":4.0},{"damage":8.0,"enemies":"Shell Parasite","floor":19.0,"turns":3.0},{"damage":2.0,"enemies":"downfall:Augmenter","floor":20.0,"turns":4.0},{"damage":0.0,"enemies":"Chosen","floor":22.0,"turns":3.0},{"damage":3.0,"enemies":"Gremlin Leader","floor":26.0,"turns":3.0},{"damage":9.0,"enemies":"downfall:FleeingMerchant","floor":27.0,"turns":4.0},{"damage":7.0,"enemies":"Book of Stabbing","floor":29.0,"turns":4.0},{"damage":0.0,"enemies":"Snake Plant","floor":30.0,"turns":2.0},{"damage":17.0,"enemies":"Gremlin Leader","floor":31.0,"turns":5.0},{"damage":2.0,"enemies":"Chosen and Byrds","floor":32.0,"turns":3.0},{"damage":1.0,"enemies":"WA_ARCHETYPE_CALM","floor":33.0,"turns":4.0},{"damage":14.0,"enemies":"3 Shapes","floor":36.0,"turns":2.0},{"damage":0.0,"enemies":"downfall:FleeingMerchant","floor":37.0,"turns":4.0},{"damage":0.0,"enemies":"3 Darklings","floor":38.0,"turns":1.0},{"damage":1.0,"enemies":"4 Shapes","floor":39.0,"turns":4.0},{"damage":0.0,"enemies":"downfall:FleeingMerchant","floor":40.0,"turns":2.0},{"damage":0.0,"enemies":"Reptomancer","floor":43.0,"turns":2.0},{"damage":0.0,"enemies":"2 Orb Walkers","floor":45.0,"turns":1.0},{"damage":0.0,"enemies":"Sphere and 2 Shapes","floor":48.0,"turns":3.0},{"damage":0.0,"enemies":"Maw","floor":49.0,"turns":3.0},{"damage":33.0,"enemies":"DF_ARCHETYPE_ORBS","floor":50.0,"turns":4.0},{"damage":32.0,"enemies":"downfall:CharBossMerchant","floor":52.0,"turns":5.0},{"damage":0,"enemies":"downfall:NeowBoss","floor":55,"turns":7},{"damage":84,"enemies":"downfall:NeowBossFinal","floor":56,"turns":10}],"seed_played":"-4031769539007968306","potions_obtained":[{"floor":12.0,"key":"champ:CounterPotion"},{"floor":14.0,"key":"Block Potion"},{"floor":15.0,"key":"Explosive Potion"},{"floor":16.0,"key":"AttackPotion"},{"floor":20.0,"key":"SteroidPotion"},{"floor":22.0,"key":"Weak Potion"},{"floor":31.0,"key":"AttackPotion"},{"floor":33.0,"key":"LiquidBronze"},{"floor":38.0,"key":"BlessingOfTheForge"},{"floor":39.0,"key":"Slimebound:ThreeZeroPotion"},{"floor":52.0,"key":"ColorlessPotion"}],"is_trial":false,"path_per_floor":["R","M","?","?","$","?","T","M","R","M","R","E","M","M","M","B",null,"R","M","?","?","M","R","T","?","E","$","?","E","M","E","M","B",null,"R","M","$","M","M","?","T","?","E","R","?","$","R","M","M","B",null,"E","$","R","B","B",null],"character_chosen":"CHLOE","items_purchased":["Bag of Marbles","OrangePellets"],"campfire_rested":1,"item_purchase_floors":[40,53],"current_hp_per_floor":[54,53,53,53,49,34,34,33,33,33,33,30,29,28,26,23,75,75,67,65,65,65,65,65,65,62,68,60,53,53,36,34,33,75,85,71,85,85,84,84,84,84,84,84,84,85,85,85,85,52,85,53,68,85,85,1],"gold":26,"neow_bonus":"REMOVE_TWO","is_daily":false,"chose_seed":false,"campfire_upgraded":7,"win_rate":0.0,"timestamp":1612353834,"path_taken":["R","M","?","?","$","?","T","M","R","M","R","E","M","M","M","BOSS","R","M","?","?","M","R","T","?","E","$","?","E","?","E","M","BOSS","R","M","$","M","M","?","T","?","E","R","?","?","R","?","M","BOSS","E","$","R","BOSS","BOSS"],"items_purchased_type":["Relic","Relic"],"build_version":"2020-12-22","purchased_purges":8,"victory":true,"max_hp_per_floor":[75,75,75,75,75,75,75,75,75,75,75,75,75,75,75,75,75,75,75,75,75,75,75,75,75,75,75,75,75,75,75,75,75,75,85,85,85,85,85,85,85,85,85,85,85,85,85,85,85,85,85,85,85,85,85,85],"relic_stats":{"OrangePellets":[5],"counters":[32,111],"Sundial":[10],"Astrolabe":["PrismaMod:ChloeDoubleRelicSpeed","Decay","Normality"],"MealTicket":43,"PreservedInsect":160,"War Paint":["PrismaMod:ChloeUnlimitedBladeWorks","PrismaMod:ChloeReshuffleDiscard"],"Orichalcum":[0],"obtain_stats":[{"downfall:HeartBlessingRed":18,"Astrolabe":34,"Vajra":29,"downfall:HeartBlessingGreen":18,"The Courier":4,"PreservedInsect":41,"War Paint":17,"Orichalcum":52,"Ancient Tea Set":31,"PrismaMod:PrismaTraceOn":0,"Akabeko":43,"Calling Bell":17,"sneckomod:BabySnecko":21,"OrangePellets":53,"Sundial":12,"downfall:HeartBlessingBlue":35,"MutagenicStrength":20,"Molten Egg 2":7,"MealTicket":26,"Bag of Marbles":40,"InkBottle":17,"Unceasing Top":17,"Pocketwatch":45},{"downfall:HeartBlessingRed":9,"Astrolabe":19,"Vajra":15,"downfall:HeartBlessingGreen":9,"The Courier":1,"PreservedInsect":24,"War Paint":9,"Orichalcum":30,"Ancient Tea Set":17,"PrismaMod:PrismaTraceOn":0,"Akabeko":25,"Calling Bell":9,"sneckomod:BabySnecko":11,"OrangePellets":30,"Sundial":5,"downfall:HeartBlessingBlue":19,"MutagenicStrength":11,"Molten Egg 2":2,"MealTicket":13,"Bag of Marbles":24,"InkBottle":9,"Unceasing Top":9,"Pocketwatch":26},{"downfall:HeartBlessingRed":28,"Astrolabe":63,"Vajra":49,"downfall:HeartBlessingGreen":28,"The Courier":3,"PreservedInsect":76,"War Paint":28,"Orichalcum":94,"Ancient Tea Set":56,"PrismaMod:PrismaTraceOn":0,"Akabeko":78,"Calling Bell":28,"sneckomod:BabySnecko":35,"OrangePellets":94,"Sundial":17,"downfall:HeartBlessingBlue":63,"MutagenicStrength":35,"Molten Egg 2":7,"MealTicket":41,"Bag of Marbles":76,"InkBottle":28,"Unceasing Top":28,"Pocketwatch":79}],"InkBottle":[49],"Unceasing Top":[17],"Pocketwatch":[18]},"card_choices":[{"not_picked":["PrismaMod:ChloeCheapAttackTwo","PrismaMod:ChloeCheapDefendTwo","PrismaMod:ChloeCheapDefend"],"picked":"SKIP","floor":2.0},{"not_picked":["PrismaMod:ChloeExhaustOne","PrismaMod:ChloeCheapDefendTwo"],"picked":"PrismaMod:ChloeMaid","floor":5.0},{"not_picked":["PrismaMod:ChloeDiscardRecovery","PrismaMod:ChloeCommonAOEAttack+1"],"picked":"PrismaMod:ChloeReshuffleDiscard","floor":8.0},{"not_picked":["PrismaMod:ChloeCheapAttack+1","PrismaMod:ChloeExhaustOne","PrismaMod:ChloeCommonAOEAttack+1"],"picked":"SKIP","floor":10.0},{"not_picked":["PrismaMod:ChloeCommonAOEAttack+1","PrismaMod:ChloeUncommonAOEAttack+1","PrismaMod:ChloeMordred"],"picked":"SKIP","floor":12.0},{"not_picked":["PrismaMod:ChloeCheapAttack+1","PrismaMod:ChloeExhaustOne"],"picked":"PrismaMod:ChloeExcalibur+1","floor":13.0},{"not_picked":["PrismaMod:ChloeCheapAttackTwo+1","PrismaMod:ChloeDemonicTutor"],"picked":"PrismaMod:ChloeGaeBolg+1","floor":14.0},{"not_picked":["PrismaMod:ChloeDiscardRecovery","PrismaMod:ChloeDoubleRelicSpeed"],"picked":"PrismaMod:ChloeCaladbolg+1","floor":15.0},{"not_picked":["PrismaMod:ChloeGreatTracePools","PrismaMod:ChloeAnyPowerTrace"],"picked":"PrismaMod:ChloeUnlimitedBladeWorks","floor":16.0},{"not_picked":["PrismaMod:ChloeExhaustOne+1","PrismaMod:ChloeUncommonAttack+1","PrismaMod:ChloeCheapDefendTwo"],"picked":"SKIP","floor":19.0},{"not_picked":[],"picked":"J.A.X.","floor":20.0},{"not_picked":["PrismaMod:ChloeCheapDefendTwo","PrismaMod:ChloeChristmas"],"picked":"PrismaMod:ChloeCaladbolg+1","floor":20.0},{"not_picked":["PrismaMod:ChloeCheapDefendTwo","PrismaMod:ChloeCheapDefend","PrismaMod:ChloeDiscardRecovery"],"picked":"SKIP","floor":22.0},{"not_picked":["PrismaMod:ChloeCheapDefendTwo","PrismaMod:ChloeDiscardRecovery","PrismaMod:ChloeCommonAOEAttack+1"],"picked":"SKIP","floor":26.0},{"not_picked":["PrismaMod:ChloeCheapDefend","PrismaMod:ChloeGreatTracePools","PrismaMod:ChloeExhaustTwo+1"],"picked":"SKIP","floor":27.0},{"not_picked":["PrismaMod:ChloeDiscardRecovery","PrismaMod:ChloeExhaustOne","PrismaMod:ChloeCheapAttackTwo+1"],"picked":"SKIP","floor":29.0},{"not_picked":["PrismaMod:ChloeExcalibur+1","PrismaMod:ChloeUncommonDefend+1","PrismaMod:ChloeDemonicTutor"],"picked":"SKIP","floor":30.0},{"not_picked":["PrismaMod:ChloeCommonAOEAttack+1","PrismaMod:ChloeCheapAttack+1","PrismaMod:ChloeDiscardRecovery"],"picked":"SKIP","floor":31.0},{"not_picked":["PrismaMod:ChloeEyeOfTheEuryale+1","PrismaMod:ChloeDemonicTutor+1"],"picked":"PrismaMod:ChloeCaladbolg+1","floor":32.0},{"not_picked":["PrismaMod:ChloeAnyCommonTrace","PrismaMod:ChloeGreatTracePools"],"picked":"PrismaMod:ChloeCarnivalDefend","floor":33.0},{"not_picked":["PrismaMod:ChloeCheapDefendTwo+1","PrismaMod:ChloeExhaustOne","PrismaMod:ChloeRhongomyniad+1"],"picked":"SKIP","floor":36.0},{"not_picked":["PrismaMod:ChloeCheapAttackTwo+1","PrismaMod:ChloeCommonAOEAttack+1","PrismaMod:ChloeCheapDefendTwo"],"picked":"SKIP","floor":37.0},{"not_picked":["PrismaMod:ChloeUncommonAOEAttack+1","PrismaMod:ChloeUncommonDefend","PrismaMod:ChloeCommonAOEAttack+1"],"picked":"SKIP","floor":38.0},{"not_picked":["PrismaMod:ChloeDiscardRecovery+1","PrismaMod:ChloeCheapDefendTwo","PrismaMod:ChloeMaid+1"],"picked":"SKIP","floor":39.0},{"not_picked":["PrismaMod:ChloeExhaustOne+1","PrismaMod:ChloeDiscardRecovery"],"picked":"PrismaMod:ChloeCarnivalDefend","floor":40.0},{"not_picked":["PrismaMod:ChloeGaeBolg+1","PrismaMod:ChloeEyeOfTheEuryale+1"],"picked":"PrismaMod:ChloeDiscardRecovery","floor":43.0},{"not_picked":["PrismaMod:ChloeCommonAOEAttack+1","PrismaMod:ChloeCheapAttackTwo+1","PrismaMod:ChloeExhaustOne"],"picked":"SKIP","floor":43.0},{"not_picked":["PrismaMod:ChloeCheapAttackTwo+1","PrismaMod:ChloeDiscardRecovery"],"picked":"PrismaMod:ChloeCarnivalAttack+1","floor":48.0},{"not_picked":["PrismaMod:ChloeCheapDefend+1","PrismaMod:ChloeEyeOfTheEuryale+1","PrismaMod:ChloeExhaustTwo+1"],"picked":"SKIP","floor":49.0},{"not_picked":["PrismaMod:ChloeExcalibur+1","PrismaMod:ChloeMordred+1","PrismaMod:ChloeBetterTracePools+1"],"picked":"SKIP","floor":49.0},{"not_picked":["PrismaMod:ChloeExcalibur+1","PrismaMod:ChloeDiscardRecovery+1","PrismaMod:ChloeCheapAttackTwo+1"],"picked":"SKIP","floor":52.0}],"player_experience":352683,"relics_obtained":[{"floor":7.0,"key":"Molten Egg 2"},{"floor":12.0,"key":"Sundial"},{"floor":17.0,"key":"War Paint"},{"floor":17.0,"key":"InkBottle"},{"floor":17.0,"key":"Unceasing Top"},{"floor":20.0,"key":"MutagenicStrength"},{"floor":26.0,"key":"MealTicket"},{"floor":29.0,"key":"Vajra"},{"floor":31.0,"key":"Ancient Tea Set"},{"floor":41.0,"key":"PreservedInsect"},{"floor":43.0,"key":"Akabeko"},{"floor":45.0,"key":"Pocketwatch"},{"floor":52.0,"key":"Orichalcum"}],"event_choices":[{"cards_removed":["PrismaMod:ChloeCommonAttack"],"damage_healed":0.0,"max_hp_gain":0.0,"max_hp_loss":0.0,"gold_gain":0.0,"event_name":"The Cleric","player_choice":"Card Removal","floor":3.0,"gold_loss":50.0,"damage_taken":0.0},{"damage_healed":0.0,"max_hp_gain":0.0,"max_hp_loss":0.0,"gold_gain":0.0,"event_name":"Big Fish","player_choice":"Box","floor":4.0,"gold_loss":0.0,"damage_taken":0.0,"relics_obtained":["The Courier"],"cards_obtained":["Regret"]},{"damage_healed":0.0,"max_hp_gain":0.0,"max_hp_loss":0.0,"gold_gain":0.0,"event_name":"Shining Light","player_choice":"Entered Light","floor":6.0,"gold_loss":0.0,"damage_taken":15.0,"cards_upgraded":["PrismaMod:ChloeMaid","PrismaMod:ChloeCommonDefend"]},{"damage_healed":0.0,"max_hp_gain":0.0,"max_hp_loss":0.0,"gold_gain":0.0,"event_name":"The Library","player_choice":"Read","floor":25.0,"gold_loss":0.0,"damage_taken":0.0,"cards_obtained":["PrismaMod:ChloeCarnivalDefend"]},{"cards_removed":["PrismaMod:ChloeDoubleRelicSpeed"],"damage_healed":0.0,"max_hp_gain":0.0,"max_hp_loss":0.0,"gold_gain":0.0,"event_name":"Falling","player_choice":"Removed Power","floor":42.0,"gold_loss":0.0,"damage_taken":0.0},{"damage_healed":0.0,"max_hp_gain":0.0,"max_hp_loss":0.0,"gold_gain":0.0,"event_name":"Mysterious Sphere","player_choice":"Fight","floor":45.0,"gold_loss":0.0,"damage_taken":0.0}],"is_beta":false,"boss_relics":[{"not_picked":["Runic Dome","Ectoplasm"],"picked":"Calling Bell"},{"not_picked":["Philosopher\u0027s Stone","PrismaMod:PrismaTraceOnUpgrade"],"picked":"Astrolabe"}],"items_purged_floors":[27,27,27,27,27,37,40,40],"is_endless":false,"potions_floor_spawned":[12,14,15,16,20,22,31,33,38,39,43,45,52],"ascension_level":2}}