{"host":"mmz2kvn5kzkhi5zs","time":1612325871,"event":{"mods":["Act Like it!","BaseMod","Downfall","Hallownest","Marisa????????","Minty Spire (QoL Compilation)","Replay The Spire","StSLib","The Bug Knight","The Cursed","The Jungle"],"gold_per_floor":[99,53,53,70,82,82,99,112,112,122,139,158,158,158,158,259,259,259,274,102,102,97,97,113,153,153,171,51,51,69,96,96,113,113,145,145,117,64,91,131,131,131,131,131,0,47,75,97,97,115],"floor_reached":51,"language":"ENG","playtime":6157,"items_purged":[],"score":942,"play_id":"a900c6f7-e263-4f00-835d-ebcda96c3a18","local_time":"20210202221751","daily_mods":["SealedDeck","Vintage","ControlledChaos"],"is_ascension_mode":false,"campfire_choices":[{"data":"Caltrops","floor":6,"key":"SMITH"},{"data":"Distraction","floor":13,"key":"SMITH"},{"data":"Accuracy","floor":15,"key":"SMITH"},{"data":"Violence","floor":23,"key":"SMITH"},{"data":"Blade Dance","floor":32,"key":"SMITH"},{"data":"Enlightenment","floor":42,"key":"SMITH"},{"data":"bronze:DigitalCarnage","floor":49,"key":"SMITH"}],"circlet_count":0,"master_deck":["bronze:Frontload","bronze:FollowUp","hexamod:NightmareGuise","Flying Knee","Cloak And Dagger","bronze:DigitalCarnage+1","champ:Duel","Sucker Punch","Guardian:Repulse","Accuracy+1","Guardian:ChargeCore","hexamod:HeatMetal","Deflect","champ:Parry","bronze:Branch","bronze:WildBeam","Distraction+1","Backflip","Hidden Blade","Caltrops+1","Poisoned Stab","Pot Of Greed","Pot Of Greed","Guardian:Gem_Orange","bronze:FollowUp","ReplayTheSpireMod:IOU","ReplayTheSpireMod:IOU","Pot Of Greed","hexamod:SecondSeal","Blade Dance+1","Violence+1","Slimebound:ForwardTackle","Slimebound:ForwardTackle","champ:TornadoPunch","ReplayTheSpireMod:IOU","ReplayTheSpireMod:IOU","ReplayTheSpireMod:IOU","Pot Of Greed","ReplayTheSpireMod:IOU","ReplayTheSpireMod:IOU","ReplayTheSpireMod:IOU","Enlightenment+1","Slimebound:SplitAcid+1","ReplayTheSpireMod:IOU","champ:Duel","hexamod:PowerFromBeyond+1","ReplayTheSpireMod:IOU","ReplayTheSpireMod:IOU","ReplayTheSpireMod:IOU","Transmutation+1","Pot Of Greed+1","ReplayTheSpireMod:IOU","ReplayTheSpireMod:IOU","bronze:DelayedSlice+1","Slimebound:GoopSpray+1","Guardian:ConstructionForm+1","bronze:Branch+1","Toxin Wave+1","hexamod:PhantomCloak+1","TheCursedMod:Dregs","Slimebound:LeechLife","champ:FlashCut+1","Pot Of Greed","ReplayTheSpireMod:IOU","ReplayTheSpireMod:IOU","ReplayTheSpireMod:IOU","ReplayTheSpireMod:IOU","ReplayTheSpireMod:IOU","ReplayTheSpireMod:IOU","ReplayTheSpireMod:IOU","Apotheosis+1","bronze:Repulsor+1","Dramatic Entrance+1","hexamod:AdvancingGuard+1","Concentrate","Pot Of Greed"],"relics":["Unceasing Top","Garlic","Omamori","ReplayFunnel","champ:DuelingGlove","Happy Flower","Pantograph","Juzu Bracelet","Grinning Jar","bronze:MakeshiftBattery","ReplayTheSpireMod:Ninjato","Replay:Wax Seal","Replay:Baseball","bronze:DonusWashers","Ginger","Oddly Smooth Stone","HollowMod:StagPassRelic","Bag of Marbles","Pear","Replay:Bandana","Lantern","Orrery","Toy Ornithopter","Anchor","Slimebound:PreparedRelic","Replay:Grab Bag","Philosopher\u0027s Stone","Painkiller Herb","SlaversCollar","Mango","Du-Vu Doll","ReplayTheSpireMod:Shallot","Guardian:BottledAnomaly","Pondfish Scales","Eternal Feather","champ:DeflectingBracers","Red Mask","HornCleat","Darkstone Periapt","bronze:BronzeIdol"],"acts_visited":["Exordium","TheCity","TheBeyond"],"potions_floor_usage":[16,16,25,30,40,50,50,50],"damage_taken":[{"damage":0,"enemies":"Cultist","floor":4,"turns":3},{"damage":3,"enemies":"Small Slimes","floor":5,"turns":2},{"damage":2,"enemies":"2 Louse","floor":7,"turns":2},{"damage":10,"enemies":"Exordium Thugs","floor":8,"turns":6},{"damage":0,"enemies":"Lots of Slimes","floor":10,"turns":4},{"damage":0,"enemies":"Exordium Wildlife","floor":11,"turns":5},{"damage":1,"enemies":"3 Louse","floor":12,"turns":3},{"damage":11,"enemies":"The Guardian","floor":16,"turns":7},{"damage":0,"enemies":"3 Byrds","floor":19,"turns":3},{"damage":0,"enemies":"Shell Parasite","floor":24,"turns":3},{"damage":21,"enemies":"Book of Stabbing","floor":25,"turns":5},{"damage":0,"enemies":"Shelled Parasite and Fungi","floor":27,"turns":3},{"damage":19,"enemies":"3 Cultists","floor":30,"turns":7},{"damage":0,"enemies":"Snecko","floor":31,"turns":4},{"damage":0,"enemies":"Champ","floor":33,"turns":8},{"damage":12,"enemies":"3 Shapes","floor":35,"turns":3},{"damage":16,"enemies":"2 Orb Walkers","floor":37,"turns":5},{"damage":0,"enemies":"3 Darklings","floor":39,"turns":2},{"damage":0,"enemies":"Nemesis","floor":40,"turns":1},{"damage":0,"enemies":"Reptomancer","floor":46,"turns":1},{"damage":0,"enemies":"4 Shapes","floor":47,"turns":1},{"damage":0,"enemies":"Spire Growth","floor":48,"turns":1},{"damage":0,"enemies":"Time Eater","floor":50,"turns":4}],"seed_played":"2798037237495199202","potions_obtained":[{"floor":7,"key":"CultistPotion"},{"floor":8,"key":"Elixir"},{"floor":12,"key":"Block Potion"},{"floor":16,"key":"Weak Potion"},{"floor":25,"key":"Energy Potion"},{"floor":27,"key":"SkillPotion"},{"floor":30,"key":"Reflective Coating"},{"floor":37,"key":"Elixir"},{"floor":40,"key":"Swift Potion"}],"is_trial":true,"path_per_floor":["WH","$","WH","M","M","R","M","M","T","M","M","M","R","WH","R","B",null,"WH","M","$","WH","$","R","M","E","T","M","$","?","M","M","R","B",null,"?","WH","?","T","?","E","WH","T","T","WH","?","E","?","?","T","B",null],"character_chosen":"THE_SILENT","items_purchased":["Poisoned Stab","Replay:Wax Seal","bronze:FollowUp","Replay:Baseball","bronze:DonusWashers","hexamod:SecondSeal","Blade Dance","Violence","Slimebound:ForwardTackle","champ:TornadoPunch","Ginger","Enlightenment","Slimebound:SplitAcid+1","Oddly Smooth Stone","champ:Duel","Transmutation","Lantern","Orrery","Toy Ornithopter","hexamod:PhantomCloak","ReplayTheSpireMod:Shallot","Apotheosis","bronze:Repulsor","Guardian:BottledAnomaly","Dramatic Entrance"],"campfire_rested":0,"item_purchase_floors":[2,20,20,20,20,20,20,20,20,22,22,22,22,22,22,28,28,28,28,28,38,38,38,38,38],"current_hp_per_floor":[70,70,77,77,74,74,72,62,62,62,62,61,61,68,68,73,84,92,92,92,101,101,101,101,80,90,90,90,90,76,76,76,101,111,113,125,109,109,109,114,127,150,150,165,165,165,165,165,165,165],"gold":115,"neow_bonus":"TEN_PERCENT_HP_BONUS","is_daily":false,"chose_seed":false,"campfire_upgraded":7,"win_rate":0.0,"timestamp":1612325871,"path_taken":["WH","?","WH","M","M","R","M","M","T","M","M","M","R","WH","R","BOSS","WH","M","?","WH","$","R","M","E","T","M","$","?","M","M","R","BOSS","?","WH","?","T","?","E","WH","T","T","WH","?","E","?","?","T","BOSS"],"items_purchased_type":["Card","Relic","Card","Relic","Relic","Card","Card","Card","Card","Card","Relic","Card","Card","Relic","Card","Card","Relic","Relic","Relic","Card","Relic","Card","Card","Relic","Card"],"build_version":"2020-12-22","purchased_purges":0,"victory":true,"max_hp_per_floor":[70,70,77,77,77,77,77,77,77,77,77,77,77,84,84,84,84,92,92,92,101,101,101,101,101,111,111,111,111,111,111,111,111,111,125,137,137,137,137,137,150,150,150,165,165,165,165,165,165,165],"card_choices":[{"not_picked":["champ:MurderStrike","hexamod:GhostflameInferno"],"picked":"Guardian:Gem_Orange","floor":16},{"not_picked":["bronze:Virus","hexamod:SecondSeal"],"picked":"hexamod:PowerFromBeyond+1","floor":25},{"not_picked":["hexamod:HauntingEcho","champ:Encircle"],"picked":"bronze:DelayedSlice+1","floor":28},{"not_picked":["Leg Sweep","hexamod:NightmareStrike"],"picked":"Slimebound:GoopSpray","floor":28},{"not_picked":["bronze:ChosenStrike","Slimebound:Prepare+1"],"picked":"Guardian:ConstructionForm","floor":28},{"not_picked":["bronze:Overheat","Guardian:Gem_Lightblue"],"picked":"bronze:Branch","floor":28},{"not_picked":["champ:GutPunch+1","Dagger Spray+1"],"picked":"Toxin Wave","floor":28},{"not_picked":["Slimebound:RallyTheTroops","Guardian:ExploitGems"],"picked":"Slimebound:LeechLife","floor":33},{"not_picked":["bronze:Separator","Guardian:PiercingHide"],"picked":"champ:FlashCut+1","floor":37},{"not_picked":["champ:TornadoPunch+1","Escape Plan+1"],"picked":"hexamod:AdvancingGuard+1","floor":40},{"not_picked":["Guardian:PrismaticBeam","Slimebound:ComboTackle"],"picked":"Concentrate","floor":46}],"player_experience":67901,"relics_obtained":[{"floor":4,"key":"Garlic"},{"floor":5,"key":"Omamori"},{"floor":7,"key":"ReplayFunnel"},{"floor":8,"key":"champ:DuelingGlove"},{"floor":9,"key":"Happy Flower"},{"floor":10,"key":"Pantograph"},{"floor":11,"key":"Juzu Bracelet"},{"floor":12,"key":"Grinning Jar"},{"floor":19,"key":"ReplayTheSpireMod:Ninjato"},{"floor":24,"key":"HollowMod:StagPassRelic"},{"floor":25,"key":"Bag of Marbles"},{"floor":26,"key":"Pear"},{"floor":27,"key":"Replay:Bandana"},{"floor":30,"key":"Anchor"},{"floor":31,"key":"Slimebound:PreparedRelic"},{"floor":35,"key":"Mango"},{"floor":37,"key":"Du-Vu Doll"},{"floor":39,"key":"Pondfish Scales"},{"floor":40,"key":"Eternal Feather"},{"floor":43,"key":"champ:DeflectingBracers"},{"floor":46,"key":"HornCleat"},{"floor":47,"key":"Darkstone Periapt"},{"floor":48,"key":"bronze:BronzeIdol"}],"event_choices":[{"damage_healed":0,"gold_gain":0,"player_choice":"Fight","damage_taken":0,"max_hp_gain":0,"max_hp_loss":0,"event_name":"Mysterious Sphere","floor":37,"gold_loss":0},{"damage_healed":0,"gold_gain":0,"player_choice":"Paid","damage_taken":0,"relics_obtained":["Red Mask"],"max_hp_gain":0,"max_hp_loss":0,"event_name":"Tomb of Lord Red Mask","floor":45,"gold_loss":131}],"is_beta":false,"boss_relics":[{"not_picked":["Abe\u0027s Treasure","Snecko Heart"],"picked":"bronze:MakeshiftBattery"},{"not_picked":["Snecko Scales","Replay:Drink Me"],"picked":"Replay:Grab Bag"},{"not_picked":["Sozu","Runic Dome"],"picked":"Philosopher\u0027s Stone"},{"not_picked":["Velvet Choker","ReplayTheSpireMod:DimensionalGlitch"],"picked":"Painkiller Herb"},{"not_picked":["Runic Pyramid","SacredBark"],"picked":"SlaversCollar"}],"items_purged_floors":[],"is_endless":false,"potions_floor_spawned":[7,8,12,16,25,27,30,37,40,46],"ascension_level":0}}