{"host":"yqw1zpryoutrnocq","time":1612355479,"event":{"mods":["2.2 Compatiblity","AchievementEnabler","BaseMod","Colored Map","Custom Start","DeckTracker","Minty Spire (QoL Compilation)","StSLib","SuperFastMode"],"gold_per_floor":[109,122,141,91,91,123,123,148,199,226,226,246,246,263,263,362,362,372,392,317,328,348,348,9,9,9],"floor_reached":25,"language":"KOR","playtime":742,"items_purged":["Strike_G"],"score":347,"play_id":"d47a0394-b4b2-4e3b-af4f-20ea9c3dfc03","local_time":"20210203063119","is_ascension_mode":true,"campfire_choices":[{"floor":7.0,"key":"REST"},{"data":"Noxious Fumes","floor":11.0,"key":"SMITH"},{"data":"Blade Dance","floor":13.0,"key":"SMITH"},{"data":"Adrenaline","floor":15.0,"key":"SMITH"},{"data":"Bouncing Flask","floor":23.0,"key":"SMITH"}],"circlet_count":0,"master_deck":["Strike_G","Strike_G","Defend_G","Defend_G","Defend_G","Defend_G","Defend_G+1","Survivor+1","Neutralize","Die Die Die+1","Noxious Fumes+1","Backflip","Sucker Punch","Endless Agony","Well Laid Plans","Dodge and Roll","Blade Dance+1","Adrenaline+1","Corpse Explosion","Dodge and Roll+1","Bouncing Flask+1","Deadly Poison+1","Cloak And Dagger","Blade Dance"],"relics":["Ring of the Snake","Darkstone Periapt","Bronze Scales","War Paint","Eternal Feather","Sozu","Membership Card","Shuriken"],"acts_visited":["Exordium","TheCity"],"potions_floor_usage":[],"damage_taken":[{"damage":0.0,"enemies":"2 Louse","floor":1.0,"turns":2.0},{"damage":0.0,"enemies":"Jaw Worm","floor":2.0,"turns":5.0},{"damage":2.0,"enemies":"Small Slimes","floor":3.0,"turns":2.0},{"damage":29.0,"enemies":"Gremlin Nob","floor":6.0,"turns":5.0},{"damage":27.0,"enemies":"Lagavulin","floor":8.0,"turns":6.0},{"damage":18.0,"enemies":"3 Sentries","floor":10.0,"turns":5.0},{"damage":8.0,"enemies":"Exordium Thugs","floor":12.0,"turns":3.0},{"damage":2.0,"enemies":"Looter","floor":14.0,"turns":3.0},{"damage":11.0,"enemies":"Slime Boss","floor":16.0,"turns":10.0},{"damage":1.0,"enemies":"Shell Parasite","floor":18.0,"turns":5.0},{"damage":10.0,"enemies":"2 Thieves","floor":19.0,"turns":3.0},{"damage":1.0,"enemies":"Centurion and Healer","floor":21.0,"turns":5.0},{"damage":18.0,"enemies":"Snecko","floor":22.0,"turns":5.0},{"damage":39,"enemies":"Gremlin Leader","floor":25,"turns":4}],"seed_played":"-4488373667099390153","potions_obtained":[{"floor":3.0,"key":"Regen Potion"},{"floor":6.0,"key":"DuplicationPotion"},{"floor":8.0,"key":"LiquidBronze"},{"floor":10.0,"key":"Explosive Potion"},{"floor":12.0,"key":"ColorlessPotion"}],"is_trial":false,"path_per_floor":["M","M","M","?","?","E","R","E","T","E","R","M","R","M","R","B",null,"M","M","?","M","M","R","$","E"],"character_chosen":"THE_SILENT","items_purchased":["Membership Card","Shuriken","Blade Dance"],"campfire_rested":1,"item_purchase_floors":[24,24,24],"current_hp_per_floor":[45,45,43,43,43,14,35,23,23,5,14,6,15,13,25,14,56,55,45,45,44,26,38,38,0,0],"gold":9,"neow_bonus":"THREE_RARE_CARDS","is_daily":false,"chose_seed":false,"campfire_upgraded":4,"win_rate":0.0,"timestamp":1612355479,"path_taken":["M","M","M","?","?","E","R","E","T","E","R","M","R","M","R","BOSS","M","M","?","M","M","R","$","E"],"items_purchased_type":["Relic","Relic","Card"],"build_version":"2020-12-22","purchased_purges":1,"victory":false,"max_hp_per_floor":[70,70,70,70,70,70,70,70,70,70,70,70,70,70,70,70,70,70,70,70,70,70,70,70,70,70],"card_choices":[{"not_picked":["A Thousand Cuts","Storm of Steel"],"picked":"Die Die Die","floor":0.0},{"not_picked":["Cloak And Dagger","Underhanded Strike"],"picked":"Noxious Fumes","floor":1.0},{"not_picked":["Prepared","Acrobatics"],"picked":"Backflip","floor":2.0},{"not_picked":["Flying Knee","Underhanded Strike"],"picked":"Sucker Punch","floor":3.0},{"not_picked":["Acrobatics","Heel Hook"],"picked":"Endless Agony","floor":6.0},{"not_picked":["Heel Hook","Night Terror"],"picked":"Well Laid Plans","floor":8.0},{"not_picked":["Deflect","Poisoned Stab"],"picked":"Dodge and Roll","floor":10.0},{"not_picked":["Underhanded Strike","Backflip"],"picked":"Blade Dance","floor":12.0},{"not_picked":["Blade Dance","Prepared"],"picked":"Adrenaline","floor":14.0},{"not_picked":["Doppelganger","Malaise"],"picked":"Corpse Explosion","floor":16.0},{"not_picked":["Cloak And Dagger","Dagger Throw+1"],"picked":"Dodge and Roll+1","floor":18.0},{"not_picked":["Quick Slash","Acrobatics+1"],"picked":"Bouncing Flask","floor":19.0},{"not_picked":["Finisher","Poisoned Stab"],"picked":"Deadly Poison+1","floor":21.0},{"not_picked":["Flying Knee+1","Prepared"],"picked":"Cloak And Dagger","floor":22.0}],"player_experience":269051,"relics_obtained":[{"floor":6.0,"key":"Darkstone Periapt"},{"floor":8.0,"key":"Bronze Scales"},{"floor":9.0,"key":"War Paint"},{"floor":10.0,"key":"Eternal Feather"}],"event_choices":[{"cards_removed":["Strike_G"],"damage_healed":0.0,"max_hp_gain":0.0,"max_hp_loss":0.0,"gold_gain":0.0,"event_name":"The Cleric","player_choice":"Card Removal","floor":4.0,"gold_loss":50.0,"damage_taken":0.0},{"damage_healed":0.0,"max_hp_gain":0.0,"max_hp_loss":0.0,"gold_gain":0.0,"event_name":"Living Wall","player_choice":"Grow","floor":5.0,"gold_loss":0.0,"damage_taken":0.0,"cards_upgraded":["Die Die Die"]},{"cards_removed":["Strike_G"],"damage_healed":0.0,"max_hp_gain":0.0,"max_hp_loss":0.0,"gold_gain":0.0,"event_name":"Beggar","player_choice":"Gave Gold","floor":20.0,"gold_loss":75.0,"damage_taken":0.0}],"is_beta":false,"boss_relics":[{"not_picked":["Snecko Eye","Runic Pyramid"],"picked":"Sozu"}],"items_purged_floors":[24],"is_endless":false,"potions_floor_spawned":[3,6,8,10,12,22],"killed_by":"Gremlin Leader","ascension_level":8}}