{"host":"5hsgormuu0lj4iiq","time":1612389247,"event":{"mods":["AchievementEnabler","BaseMod","Colored Map","Colored Powertips","Minty Spire (QoL Compilation)","Quick Restart","Relic Stats","SuperFastMode","everything is the same but u backflip on backflip","slay the spire mod where everything is the same but ironclad has a cowboy hat"],"gold_per_floor":[109,121,137,212,225,254,254,280,280,280,280,280,303,343,343,343,343],"floor_reached":16,"language":"ENG","playtime":330,"items_purged":[],"score":180,"play_id":"475f7ee8-1bd4-4794-a332-32867345e3bc","local_time":"20210203165407","is_ascension_mode":true,"campfire_choices":[{"floor":7,"key":"REST"},{"floor":10,"key":"REST"},{"data":"Evolve","floor":12,"key":"SMITH"},{"floor":15,"key":"REST"}],"circlet_count":0,"master_deck":["AscendersBane","Strike_R","Strike_R","Strike_R","Strike_R","Strike_R","Defend_R","Defend_R","Defend_R","Defend_R","Bash","Sword Boomerang","Thunderclap","Clothesline","Evolve+1","Spot Weakness","Blood for Blood"],"relics":["Burning Blood","NeowsBlessing","PreservedInsect","Mummified Hand","Bottled Tornado","Golden Idol","Omamori"],"acts_visited":["Exordium"],"potions_floor_usage":[5,8,14,14],"damage_taken":[{"damage":0,"enemies":"Cultist","floor":1,"turns":1},{"damage":0,"enemies":"Jaw Worm","floor":2,"turns":1},{"damage":0,"enemies":"Small Slimes","floor":3,"turns":1},{"damage":13,"enemies":"3 Louse","floor":5,"turns":4},{"damage":40,"enemies":"Gremlin Nob","floor":6,"turns":5},{"damage":52,"enemies":"Lagavulin","floor":8,"turns":7},{"damage":15,"enemies":"Exordium Wildlife","floor":13,"turns":5},{"damage":6,"enemies":"Gremlin Nob","floor":14,"turns":3},{"damage":56,"enemies":"The Guardian","floor":16,"turns":8}],"seed_played":"-6559309424847005407","potions_obtained":[{"floor":1,"key":"Regen Potion"},{"floor":2,"key":"Fruit Juice"},{"floor":6,"key":"FearPotion"},{"floor":13,"key":"FearPotion"}],"is_trial":false,"path_per_floor":["M","M","M","?","M","E","R","E","T","R","?","R","M","E","R","B"],"character_chosen":"IRONCLAD","items_purchased":[],"campfire_rested":3,"item_purchase_floors":[],"current_hp_per_floor":[78,80,80,69,67,33,58,12,12,37,37,37,28,33,56,0,0],"gold":343,"neow_bonus":"THREE_ENEMY_KILL","is_daily":false,"chose_seed":false,"campfire_upgraded":1,"win_rate":0.0,"timestamp":1612389247,"path_taken":["M","M","M","?","M","E","R","E","T","R","?","R","M","E","R","BOSS"],"items_purchased_type":[],"build_version":"2020-12-22","purchased_purges":0,"victory":false,"max_hp_per_floor":[80,80,80,80,85,85,85,85,85,85,79,79,79,79,79,79,79],"relic_stats":{"counters":[9,35],"Mummified Hand":[3],"Golden Idol":13,"PreservedInsect":52,"obtain_stats":[{"NeowsBlessing":0,"Mummified Hand":8,"Golden Idol":11,"PreservedInsect":6,"Omamori":14,"Bottled Tornado":9,"Burning Blood":0},{"NeowsBlessing":0,"Mummified Hand":6,"Golden Idol":6,"PreservedInsect":5,"Omamori":8,"Bottled Tornado":6,"Burning Blood":0},{"NeowsBlessing":0,"Mummified Hand":19,"Golden Idol":19,"PreservedInsect":12,"Omamori":27,"Bottled Tornado":19,"Burning Blood":0}],"Burning Blood":38},"card_choices":[{"not_picked":["Reckless Charge","Evolve"],"picked":"Sword Boomerang","floor":1},{"not_picked":["Carnage","Perfected Strike"],"picked":"Thunderclap","floor":2},{"not_picked":["Armaments","Clash","Wild Strike"],"picked":"SKIP","floor":3},{"not_picked":["Evolve","Flex","Sword Boomerang"],"picked":"SKIP","floor":5},{"not_picked":["Rage","Seeing Red"],"picked":"Clothesline","floor":6},{"not_picked":["Rupture","True Grit"],"picked":"Evolve","floor":8},{"not_picked":["Heavy Blade","Sword Boomerang"],"picked":"Spot Weakness","floor":13},{"not_picked":["Rage","Whirlwind"],"picked":"Blood for Blood","floor":14}],"player_experience":719569,"relics_obtained":[{"floor":6,"key":"PreservedInsect"},{"floor":8,"key":"Mummified Hand"},{"floor":9,"key":"Bottled Tornado"},{"floor":14,"key":"Omamori"}],"event_choices":[{"damage_healed":0,"gold_gain":75,"player_choice":"Gather Gold","damage_taken":11,"max_hp_gain":0,"max_hp_loss":0,"event_name":"World of Goop","floor":4,"gold_loss":0},{"damage_healed":0,"gold_gain":0,"player_choice":"Lose Max HP","damage_taken":0,"relics_obtained":["Golden Idol"],"max_hp_gain":0,"max_hp_loss":6,"event_name":"Golden Idol","floor":11,"gold_loss":0}],"is_beta":false,"boss_relics":[],"items_purged_floors":[],"is_endless":false,"potions_floor_spawned":[1,2,6,13],"killed_by":"The Guardian","ascension_level":10}}