{"host":"33ltvdtrpyofvchf","time":1612360166,"event":{"mods":["AchievementEnabler","Act Like it!","AlwaysNeverKeys","Aspiration","BaseMod","Conspire","Hubris","Infinite Spire","Marisa????????","Minty Spire (QoL Compilation)","Pale of the Ancients","StSLib","The Death Knight","TheVacant","Trackpad","slay the spire mod where everything is the same but ironclad has a cowboy hat","vexMod"],"gold_per_floor":[110,110,164,164,114,143,143,161,215,246,246,171,190,201,201,304,304,317,317,288,301,301,301,301,301],"floor_reached":24,"language":"ENG","playtime":1608,"items_purged":["Injury"],"score":229,"play_id":"9dca9082-dac7-4718-82e2-1907b9083a8f","local_time":"20210203144926","is_ascension_mode":false,"campfire_choices":[{"data":"DeathKnight:Culling","floor":7,"key":"SMITH"},{"data":"DeathKnight:IceboundArmor","floor":11,"key":"SMITH"},{"data":"DeathKnight:RuneTap","floor":15,"key":"SMITH"},{"data":"DeathKnight:Runesurge","floor":23,"key":"SMITH"}],"circlet_count":0,"master_deck":["DeathKnight:Strike_DeathKnight","DeathKnight:Strike_DeathKnight","DeathKnight:Strike_DeathKnight","DeathKnight:Strike_DeathKnight","DeathKnight:Strike_DeathKnight","DeathKnight:Defend_DeathKnight","DeathKnight:Defend_DeathKnight","DeathKnight:Defend_DeathKnight","DeathKnight:Defend_DeathKnight","DeathKnight:Defend_DeathKnight","DeathKnight:RuneTap+1","DeathKnight:RuneStrike","DeathKnight:Culling+1","DeathKnight:IceboundArmor+1","DeathKnight:SindragosasBreath+1","DeathKnight:IcyTouch+1","DeathKnight:HornOfWinter","DeathKnight:PillarOfFrost","DeathKnight:Runesurge+1","Necronomicurse"],"relics":["DeathKnight:BrokenRuneblade","NeowsBlessing","Molten Egg 2","trackpad:FieryHotPepper","conspire:TopHat","PreservedInsect","hubris:Stopwatch","Necronomicon"],"acts_visited":["Exordium","TheCity"],"potions_floor_usage":[16,20,20],"damage_taken":[{"damage":0,"enemies":"Jaw Worm","floor":1,"turns":1},{"damage":0,"enemies":"3 Sentries","floor":6,"turns":2},{"damage":0,"enemies":"Small Slimes","floor":8,"turns":1},{"damage":23,"enemies":"Gremlin Nob","floor":10,"turns":5},{"damage":0,"enemies":"2 Louse","floor":13,"turns":2},{"damage":13,"enemies":"Large Slime","floor":14,"turns":6},{"damage":46,"enemies":"Slime Boss","floor":16,"turns":11},{"damage":18,"enemies":"3 Byrds","floor":18,"turns":5},{"damage":6,"enemies":"2 Thieves","floor":20,"turns":5},{"damage":26,"enemies":"Centurion and Healer","floor":21,"turns":6},{"damage":20,"enemies":"Book of Stabbing","floor":24,"turns":3}],"seed_played":"592065102822966041","potions_obtained":[{"floor":8,"key":"DeathKnight:VirulencePotion"},{"floor":14,"key":"conspire:TimeTravelPotion"},{"floor":16,"key":"EssenceOfSteel"},{"floor":18,"key":"Fire Potion"}],"is_trial":false,"path_per_floor":["M","?","?","?","$","E","R","M","T","E","R","$","M","M","R","B",null,"M","?","M","M","?","R","E"],"character_chosen":"DEATH_KNIGHT","items_purchased":["DeathKnight:IceboundArmor"],"campfire_rested":0,"item_purchase_floors":[5],"current_hp_per_floor":[75,75,75,75,75,75,75,75,75,52,52,52,52,39,39,28,75,57,75,69,43,27,27,7,7],"gold":301,"neow_bonus":"THREE_ENEMY_KILL","is_daily":false,"chose_seed":false,"campfire_upgraded":4,"win_rate":0.0,"timestamp":1612360166,"path_taken":["M","?","?","?","$","E","R","M","T","E","R","?","M","M","R","BOSS","M","?","M","M","?","R","E"],"items_purchased_type":["Card"],"build_version":"2020-12-22","purchased_purges":1,"victory":false,"max_hp_per_floor":[75,75,75,75,75,75,75,75,75,75,75,75,75,75,75,75,75,75,75,75,75,75,75,75,75],"card_choices":[{"not_picked":["DeathKnight:RaiseAlly","DeathKnight:BoneShield"],"picked":"DeathKnight:Culling","floor":1},{"not_picked":["DeathKnight:HowlingBlast+1","DeathKnight:DreadStrike+1"],"picked":"DeathKnight:SindragosasBreath+1","floor":6},{"not_picked":["DeathKnight:Obliterate+1","DeathKnight:Parry"],"picked":"DeathKnight:IcyTouch+1","floor":8},{"not_picked":["DeathKnight:VampiricBlood","DeathKnight:IceboundArmor"],"picked":"DeathKnight:HornOfWinter","floor":10},{"not_picked":["DeathKnight:RunicCorruption","DeathKnight:Obliterate+1","DeathKnight:MindFreeze"],"picked":"SKIP","floor":13},{"not_picked":["DeathKnight:RunicCorruption","DeathKnight:Obliterate+1","DeathKnight:MindFreeze"],"picked":"SKIP","floor":13},{"not_picked":["DeathKnight:Hysteria","DeathKnight:Obliterate+1"],"picked":"DeathKnight:PillarOfFrost","floor":14},{"not_picked":["DeathKnight:Simulacrum","DeathKnight:MarkOfBlood"],"picked":"DeathKnight:Runesurge","floor":16},{"not_picked":["DeathKnight:Pestilence","DeathKnight:RaiseAlly","DeathKnight:DreadStrike+1"],"picked":"SKIP","floor":18},{"not_picked":["DeathKnight:FoulBulwark","DeathKnight:Obliterate+1","DeathKnight:MindFreeze"],"picked":"SKIP","floor":20},{"not_picked":["DeathKnight:RunicCorruption","DeathKnight:Rot+1","DeathKnight:ScourgeStrike+1"],"picked":"SKIP","floor":21}],"player_experience":286845,"relics_obtained":[{"floor":6,"key":"trackpad:FieryHotPepper"},{"floor":9,"key":"conspire:TopHat"},{"floor":10,"key":"PreservedInsect"},{"floor":22,"key":"Necronomicon"}],"event_choices":[{"damage_healed":0,"gold_gain":0,"player_choice":"Leave","damage_taken":0,"max_hp_gain":0,"max_hp_loss":0,"event_name":"The Cleric","floor":2,"gold_loss":0},{"damage_healed":0,"gold_gain":54,"player_choice":"Gained Gold","damage_taken":0,"max_hp_gain":0,"max_hp_loss":0,"event_name":"Golden Wing","floor":3,"gold_loss":0},{"damage_healed":25,"gold_gain":0,"player_choice":"Heal","damage_taken":0,"max_hp_gain":0,"max_hp_loss":0,"event_name":"The Library","floor":19,"gold_loss":0},{"damage_healed":0,"gold_gain":0,"player_choice":"Obtained Book","damage_taken":16,"max_hp_gain":0,"max_hp_loss":0,"event_name":"Cursed Tome","floor":22,"gold_loss":0}],"is_beta":false,"boss_relics":[{"not_picked":["vexMod:EndlessSickness","hubris:CrackedHourglass"],"picked":"hubris:Stopwatch"}],"items_purged_floors":[12],"is_endless":false,"potions_floor_spawned":[8,14,16,18],"killed_by":"Book of Stabbing","ascension_level":0}}