{"host":"7nm1ow5v9mg4ehcw","time":1612376705,"event":{"mods":["BaseMod","Minty Spire (QoL Compilation)","Relic Stats","StSLib"],"gold_per_floor":[111,125,139,49,49,49,75,75,75,91,91,116,116,132,132,227,227,214,239,239,10,28,28,56,56,107,107,117,42,69,81,81,177,177,188,188,198,216,438,467,467,483,529,529,579,579,591,606,606,606],"floor_reached":51,"language":"ENG","playtime":5832,"items_purged":["Thunder Strike"],"score":1160,"play_id":"914cdba0-f5a6-47b7-abb1-145b90b040f3","local_time":"20210203192505","is_ascension_mode":true,"campfire_choices":[{"data":"Dualcast","floor":6,"key":"SMITH"},{"data":"Sunder","floor":8,"key":"SMITH"},{"data":"Loop","floor":11,"key":"SMITH"},{"data":"Zap","floor":13,"key":"SMITH"},{"data":"Blizzard","floor":15,"key":"SMITH"},{"floor":23,"key":"REST"},{"floor":25,"key":"REST"},{"floor":32,"key":"REST"},{"floor":41,"key":"REST"},{"data":"Echo Form","floor":44,"key":"SMITH"},{"floor":46,"key":"REST"},{"floor":49,"key":"REST"}],"circlet_count":0,"master_deck":["AscendersBane","Zap+1","Dualcast+1","Stack+1","Sunder+1","Glacier","Blizzard+1","Steam","Conserve Battery","Loop+1","Glacier","Core Surge","Force Field","Beam Cell","Chill+1","Hello World","Glacier","Stack","Chill","Turbo+1","Defragment+1","Auto Shields+1","Buffer","Capacitor","Hologram","Ball Lightning","Echo Form+1","Barrage","White Noise","Loop+1","Defragment"],"relics":["Cracked Core","NeowsBlessing","Darkstone Periapt","Sundial","Pear","Pandora\u0027s Box","Red Mask","OrangePellets","StoneCalendar","MealTicket","PreservedInsect","Inserter","Happy Flower","War Paint","Thread and Needle"],"acts_visited":["Exordium","TheCity","TheBeyond"],"potions_floor_usage":[7,16,19,24,24,31,33,40,50,50],"damage_taken":[{"damage":0,"enemies":"Small Slimes","floor":1,"turns":1},{"damage":0,"enemies":"Jaw Worm","floor":2,"turns":1},{"damage":0,"enemies":"Cultist","floor":3,"turns":1},{"damage":0,"enemies":"Lagavulin","floor":7,"turns":6},{"damage":0,"enemies":"2 Fungi Beasts","floor":10,"turns":3},{"damage":0,"enemies":"3 Sentries","floor":12,"turns":7},{"damage":2,"enemies":"Exordium Wildlife","floor":14,"turns":4},{"damage":35,"enemies":"Hexaghost","floor":16,"turns":16},{"damage":11,"enemies":"2 Thieves","floor":18,"turns":4},{"damage":32,"enemies":"Masked Bandits","floor":19,"turns":4},{"damage":13,"enemies":"Spheric Guardian","floor":22,"turns":6},{"damage":17,"enemies":"Gremlin Leader","floor":24,"turns":9},{"damage":0,"enemies":"Chosen and Byrds","floor":28,"turns":7},{"damage":46,"enemies":"Slavers","floor":30,"turns":7},{"damage":0,"enemies":"Snake Plant","floor":31,"turns":7},{"damage":42,"enemies":"Champ","floor":33,"turns":13},{"damage":5,"enemies":"3 Shapes","floor":35,"turns":7},{"damage":9,"enemies":"Orb Walker","floor":37,"turns":5},{"damage":5,"enemies":"3 Darklings","floor":38,"turns":5},{"damage":10,"enemies":"Giant Head","floor":40,"turns":7},{"damage":0,"enemies":"Sphere and 2 Shapes","floor":42,"turns":7},{"damage":23,"enemies":"Mind Bloom Boss Battle","floor":45,"turns":8},{"damage":0,"enemies":"Jaw Worm Horde","floor":47,"turns":7},{"damage":12,"enemies":"3 Darklings","floor":48,"turns":7},{"damage":41,"enemies":"Awakened One","floor":50,"turns":15}],"seed_played":"-6270157987644493141","potions_obtained":[{"floor":2,"key":"Block Potion"},{"floor":10,"key":"PotionOfCapacity"},{"floor":16,"key":"SteroidPotion"},{"floor":18,"key":"AttackPotion"},{"floor":22,"key":"SkillPotion"},{"floor":28,"key":"Dexterity Potion"},{"floor":31,"key":"Strength Potion"},{"floor":33,"key":"Energy Potion"},{"floor":35,"key":"DistilledChaos"},{"floor":47,"key":"BlessingOfTheForge"}],"is_trial":false,"path_per_floor":["M","M","M","$","?","R","E","R","T","M","R","E","R","M","R","B",null,"M","?","?","$","M","R","E","R","T","?","M","$","E","M","R","B",null,"M","?","M","M","?","E","R","M","T","R","?","R","M","M","R","B",null],"character_chosen":"DEFECT","items_purchased":["Blizzard","PowerPotion","Defragment","OrangePellets"],"campfire_rested":6,"item_purchase_floors":[4,4,21,21],"current_hp_per_floor":[68,68,68,68,68,68,68,68,68,68,68,78,78,76,76,41,74,63,31,31,31,18,43,26,51,51,51,51,66,20,20,45,3,65,60,60,51,46,46,36,61,61,61,61,38,63,63,51,76,35],"gold":606,"neow_bonus":"THREE_ENEMY_KILL","is_daily":false,"chose_seed":false,"campfire_upgraded":6,"win_rate":0.0,"timestamp":1612376705,"path_taken":["M","M","M","$","?","R","E","R","T","M","R","E","R","M","R","BOSS","M","?","?","$","?","R","E","R","T","?","M","$","E","M","R","BOSS","M","?","?","M","?","E","R","M","T","R","?","R","M","M","R","BOSS"],"items_purchased_type":["Card","Potion","Card","Relic"],"build_version":"2020-12-22","purchased_purges":1,"victory":true,"max_hp_per_floor":[75,75,75,75,75,75,75,75,75,75,75,85,85,85,85,85,85,85,85,85,85,85,85,85,85,85,85,85,85,85,85,85,85,85,85,85,85,85,85,85,85,85,85,85,85,85,85,85,85,85],"relic_stats":{"Darkstone Periapt":0,"OrangePellets":[2],"Inserter":[30],"Happy Flower":[14],"counters":[25,162],"Sundial":[16],"Pandora\u0027s Box":["Force Field","Beam Cell","Chill","Hello World","Glacier","Stack","Thunder Strike"],"StoneCalendar":[357],"MealTicket":15,"PreservedInsect":130,"War Paint":["Stack","Turbo"],"obtain_stats":[{"Darkstone Periapt":7,"Pear":12,"Inserter":34,"NeowsBlessing":0,"Happy Flower":40,"StoneCalendar":24,"Thread and Needle":45,"PreservedInsect":30,"War Paint":43,"OrangePellets":21,"Sundial":9,"Pandora\u0027s Box":17,"MealTicket":26,"Red Mask":19,"Cracked Core":0},{"Darkstone Periapt":4,"Pear":6,"Inserter":16,"NeowsBlessing":0,"Happy Flower":20,"StoneCalendar":12,"Thread and Needle":22,"PreservedInsect":14,"War Paint":21,"OrangePellets":10,"Sundial":4,"Pandora\u0027s Box":8,"MealTicket":12,"Red Mask":10,"Cracked Core":0},{"Darkstone Periapt":9,"Pear":19,"Inserter":95,"NeowsBlessing":0,"Happy Flower":118,"StoneCalendar":61,"Thread and Needle":133,"PreservedInsect":75,"War Paint":125,"OrangePellets":46,"Sundial":9,"Pandora\u0027s Box":38,"MealTicket":61,"Red Mask":46,"Cracked Core":0}]},"card_choices":[{"not_picked":["Fusion","Compile Driver"],"picked":"Stack","floor":1},{"not_picked":["Rebound","Auto Shields"],"picked":"Sunder","floor":2},{"not_picked":["Skim","Redo"],"picked":"Glacier","floor":3},{"not_picked":["Skim","BootSequence"],"picked":"Conserve Battery","floor":7},{"not_picked":["Rebound","Go for the Eyes"],"picked":"Loop","floor":10},{"not_picked":["Sweeping Beam","Aggregate","Chaos"],"picked":"SKIP","floor":12},{"not_picked":["Lockon","Multi-Cast"],"picked":"Glacier","floor":14},{"not_picked":["All For One","Seek"],"picked":"Core Surge","floor":16},{"not_picked":["Scrape","Barrage+1"],"picked":"Chill","floor":18},{"not_picked":["Beam Cell","Storm"],"picked":"Turbo","floor":19},{"not_picked":["Storm","Coolheaded"],"picked":"Auto Shields+1","floor":22},{"not_picked":["Turbo+1","Genetic Algorithm"],"picked":"Buffer","floor":24},{"not_picked":["Conserve Battery","Compile Driver","Streamline"],"picked":"SKIP","floor":28},{"not_picked":["Redo","Sweeping Beam"],"picked":"Hologram","floor":30},{"not_picked":["Compile Driver","Turbo+1"],"picked":"Ball Lightning","floor":31},{"not_picked":["Thunder Strike","All For One"],"picked":"Echo Form","floor":33},{"not_picked":["Steam+1","Compile Driver+1"],"picked":"Barrage","floor":35},{"not_picked":["Barrage","Sweeping Beam+1"],"picked":"White Noise","floor":37},{"not_picked":["Redo","Aggregate","Sweeping Beam"],"picked":"SKIP","floor":38},{"not_picked":["Steam+1","Hyperbeam","Fusion"],"picked":"SKIP","floor":40},{"not_picked":["Compile Driver","Streamline"],"picked":"Loop+1","floor":42},{"not_picked":["Turbo","Double Energy"],"picked":"Defragment","floor":45},{"not_picked":["Gash","Undo","Redo"],"picked":"SKIP","floor":47},{"not_picked":["Go for the Eyes","Compile Driver","Sweeping Beam"],"picked":"SKIP","floor":48}],"player_experience":385024,"relics_obtained":[{"floor":7,"key":"Darkstone Periapt"},{"floor":9,"key":"Sundial"},{"floor":12,"key":"Pear"},{"floor":19,"key":"Red Mask"},{"floor":24,"key":"StoneCalendar"},{"floor":26,"key":"MealTicket"},{"floor":30,"key":"PreservedInsect"},{"floor":40,"key":"Happy Flower"},{"floor":43,"key":"War Paint"},{"floor":45,"key":"Thread and Needle"}],"event_choices":[{"damage_healed":0,"gold_gain":0,"cards_transformed":["Strike_B"],"player_choice":"Change","damage_taken":0,"max_hp_gain":0,"max_hp_loss":0,"event_name":"Living Wall","floor":5,"gold_loss":0,"cards_obtained":["Steam"]},{"damage_healed":0,"gold_gain":0,"player_choice":"Fought Bandits","damage_taken":0,"max_hp_gain":0,"max_hp_loss":0,"event_name":"Masked Bandits","floor":19,"gold_loss":0},{"damage_healed":0,"gold_gain":0,"player_choice":"Upgraded","damage_taken":0,"max_hp_gain":0,"max_hp_loss":0,"event_name":"Upgrade Shrine","floor":20,"gold_loss":0,"cards_upgraded":["Chill"]},{"damage_healed":0,"gold_gain":0,"player_choice":"Read","damage_taken":0,"max_hp_gain":0,"max_hp_loss":0,"event_name":"The Library","floor":27,"gold_loss":0,"cards_obtained":["Capacitor"]},{"damage_healed":0,"gold_gain":0,"player_choice":"Forge","damage_taken":0,"max_hp_gain":0,"max_hp_loss":0,"event_name":"Accursed Blacksmith","floor":36,"gold_loss":0,"cards_upgraded":["Defragment"]},{"damage_healed":0,"gold_gain":222,"player_choice":"Wore Mask","damage_taken":0,"max_hp_gain":0,"max_hp_loss":0,"event_name":"Tomb of Lord Red Mask","floor":39,"gold_loss":0},{"damage_healed":0,"gold_gain":0,"player_choice":"Fight","damage_taken":0,"max_hp_gain":0,"max_hp_loss":0,"event_name":"MindBloom","floor":45,"gold_loss":0}],"is_beta":false,"boss_relics":[{"not_picked":["Runic Pyramid","Busted Crown"],"picked":"Pandora\u0027s Box"},{"not_picked":["Black Star","Tiny House"],"picked":"Inserter"}],"items_purged_floors":[29],"is_endless":false,"potions_floor_spawned":[2,10,12,16,18,22,28,31,33,35,47],"ascension_level":12}}