{"host":"cmxkjr0hek4mqvmn","time":1612367990,"event":{"mods":["BaseMod","Beaked The Cultist","Better Match","Better Skull","Better Third Choice","BetterRewards","Bossed Relics","Clawfect","Colored Map","Displayed Cursed Tome","GifTheSpireLib","Hermit","Hubris","JesterMod","Mimic Mod","Minty Spire (QoL Compilation)","Quick Restart","Robot Space Explorer","StSLib","The Bladedancer","The Blue Laboratory","The Cursed","Thieving Mod","Waifu the Spire","Wide Potions"],"gold_per_floor":[119,129,129,129,240,273,291,304,335,350,350,425,444,471,471,575,575,588,513,473,487,506,533,545,556,595,610,610,610,626,637,637,733,733,746,764,764,778,25,36,36,36,36,51,51,13,13,13,13,13,13,38,38],"floor_reached":56,"language":"ENG","playtime":5037,"items_purged":[],"score":1235,"play_id":"7ca81c1e-c610-417a-9915-e2c8213e6b83","local_time":"20210203105950","is_ascension_mode":false,"campfire_choices":[{"floor":11,"key":"RECALL"},{"floor":15,"key":"REST"},{"floor":28,"key":"REST"},{"floor":32,"key":"REST"},{"data":"RobotSpaceExplorer:Autoloader","floor":41,"key":"SMITH"},{"floor":49,"key":"REST"},{"data":"RobotSpaceExplorer:StarDust","floor":52,"key":"SMITH"}],"circlet_count":0,"master_deck":["RobotSpaceExplorer:Strike","RobotSpaceExplorer:Defend","RobotSpaceExplorer:Defend","RobotSpaceExplorer:Defend","RobotSpaceExplorer:Defend+1","RobotSpaceExplorer:Scan","RobotSpaceExplorer:MiniLasers","RobotSpaceExplorer:ChargingLaser+1","RobotSpaceExplorer:Probe","RobotSpaceExplorer:DoubleFind","Apotheosis+1","RobotSpaceExplorer:ScrapToss","RobotSpaceExplorer:RigExplosive","RobotSpaceExplorer:SlimeMissile","RobotSpaceExplorer:ScrapShield","RobotSpaceExplorer:FreezingShield","RobotSpaceExplorer:ScrapMissile","RobotSpaceExplorer:Autoloader+1","RobotSpaceExplorer:TrailblazerForm","RobotSpaceExplorer:LuckyStrike","RobotSpaceExplorer:StarLightning","RobotSpaceExplorer:Pulsar+1","RobotSpaceExplorer:LuckyStrike+1","RobotSpaceExplorer:LuckyStrike+1","RobotSpaceExplorer:LaserBurst","RobotSpaceExplorer:Discharger+1","RobotSpaceExplorer:MiniDrones+1","RobotSpaceExplorer:PowerCollector+1","RobotSpaceExplorer:Ammunition","RobotSpaceExplorer:Scanner","RobotSpaceExplorer:RigExplosive","RobotSpaceExplorer:JunkDive+1","RobotSpaceExplorer:LaserBurst+1","RobotSpaceExplorer:MiniBoosters+1","RobotSpaceExplorer:Calculate","RobotSpaceExplorer:ShovelStrike+1","RobotSpaceExplorer:DoubleFind+1","RobotSpaceExplorer:StarDust+1","RobotSpaceExplorer:Reload+1"],"relics":["RobotSpaceExplorer:RoboCore","hubris:Icosahedron","Boot","hubris:64BitClover","Empty Cage","Bag of Marbles","hubris:Reverence","hubris:PeanutButter","hubris:VirtuousBlindfold","hubris:Towel","Mango","hubris:Teleporter","Juzu Bracelet","Mummified Hand","Ice Cream"],"acts_visited":["Exordium","TheCity","TheBeyond","TheEnding"],"potions_floor_usage":[9,9,10,13,14,18,21,22,22,23,24,27,27,33,33,33,35,36,38,40,40,40,45,50,50,54,54,54,55],"damage_taken":[{"damage":0.0,"enemies":"Small Slimes","floor":1.0,"turns":3.0},{"damage":0.0,"enemies":"2 Louse","floor":2.0,"turns":3.0},{"damage":3,"enemies":"Jaw Worm","floor":5,"turns":2},{"damage":10,"enemies":"Lagavulin","floor":6,"turns":5},{"damage":0,"enemies":"Red Slaver","floor":7,"turns":2},{"damage":2,"enemies":"Blue Slaver","floor":8,"turns":3},{"damage":0,"enemies":"3 Louse","floor":9,"turns":4},{"damage":3,"enemies":"3 Louse","floor":10,"turns":2},{"damage":2,"enemies":"Large Slime","floor":13,"turns":3},{"damage":27,"enemies":"Gremlin Nob","floor":14,"turns":4},{"damage":0,"enemies":"Slime Boss","floor":16,"turns":4},{"damage":0,"enemies":"3 Byrds","floor":18,"turns":4},{"damage":5,"enemies":"Chosen","floor":21,"turns":3},{"damage":14,"enemies":"Shelled Parasite and Fungi","floor":22,"turns":4},{"damage":7,"enemies":"Slavers","floor":23,"turns":7},{"damage":19,"enemies":"Centurion and Healer","floor":24,"turns":5},{"damage":2,"enemies":"Snecko","floor":25,"turns":5},{"damage":1,"enemies":"Snake Plant","floor":26,"turns":5},{"damage":0,"enemies":"Snake Plant","floor":27,"turns":1},{"damage":0,"enemies":"3 Cultists","floor":30,"turns":4},{"damage":0,"enemies":"Sentry and Sphere","floor":31,"turns":1},{"damage":32,"enemies":"Automaton","floor":33,"turns":8},{"damage":15,"enemies":"3 Darklings","floor":35,"turns":7},{"damage":0,"enemies":"3 Shapes","floor":36,"turns":3},{"damage":0,"enemies":"Transient","floor":38,"turns":5},{"damage":11,"enemies":"Maw","floor":40,"turns":5},{"damage":0,"enemies":"Sphere and 2 Shapes","floor":45,"turns":3},{"damage":0,"enemies":"hubris:GrandSnecko","floor":50,"turns":8},{"damage":17,"enemies":"Shield and Spear","floor":54,"turns":4},{"damage":58,"enemies":"The Heart","floor":55,"turns":7}],"seed_played":"-3352353855761119340","potions_obtained":[{"floor":8,"key":"blueLaboratory:HorrorPotion"},{"floor":14,"key":"SpeedPotion"},{"floor":18,"key":"RobotSpaceExplorer:RecyclePotion"},{"floor":25,"key":"RobotSpaceExplorer:RecyclePotion"},{"floor":30,"key":"blueLaboratory:HummingbirdPotion"},{"floor":35,"key":"blueLaboratory:BottleOfRum"},{"floor":45,"key":"blueLaboratory:SavagePotion"}],"is_trial":false,"path_per_floor":["M","M","?","?","M","E","M","M","MIM","M","R","?","M","E","R","B",null,"M","?","?","M","M","E","M","M","MIM","M","R","?","M","M","R","B",null,"M","M","?","M","$","M","R","T","?","M","?","$","R","B",null,"R","$","E","B",null],"character_chosen":"RobotSpaceExplorer","items_purchased":["RobotSpaceExplorer:MiniBoosters","Mango","RobotSpaceExplorer:Calculate","hubris:Teleporter","RobotSpaceExplorer:StarDust"],"campfire_rested":4,"item_purchase_floors":[39,39,39,39,47],"current_hp_per_floor":[75,75,75,75,72,62,62,60,60,57,57,46,44,17,39,39,75,75,75,75,70,56,49,30,28,27,27,49,49,49,49,71,39,75,60,60,60,60,74,63,63,63,63,63,63,63,89,89,89,89,89,72,14],"gold":38,"neow_bonus":"ONE_RANDOM_RARE_CARD","is_daily":false,"chose_seed":false,"campfire_upgraded":2,"win_rate":0.0,"timestamp":1612367990,"path_taken":["M","M","?","?","M","E","M","M","MIM","M","R","?","M","E","R","BOSS","M","?","?","M","M","E","?","M","MIM","M","R","?","M","M","R","BOSS","M","M","?","M","$","M","R","T","?","M","?","?","R","BOSS","R","$","E","BOSS"],"items_purchased_type":["Card","Relic","Card","Relic","Card"],"build_version":"2020-12-22","purchased_purges":0,"victory":true,"max_hp_per_floor":[75,75,75,75,75,75,75,75,75,75,75,75,75,75,75,75,75,75,75,75,75,75,75,75,75,75,75,75,75,75,75,75,75,75,75,75,75,75,89,89,89,89,89,89,89,89,89,89,89,89,89,89,89],"card_choices":[{"not_picked":["RobotSpaceExplorer:MiniDrones","RobotSpaceExplorer:SelfCleaning"],"picked":"RobotSpaceExplorer:Probe","floor":1.0},{"not_picked":["RobotSpaceExplorer:ImprovisedAttack","RobotSpaceExplorer:Electropulse"],"picked":"RobotSpaceExplorer:DoubleFind","floor":2.0},{"not_picked":["RobotSpaceExplorer:GlueSpray","RobotSpaceExplorer:MiniDrones"],"picked":"RobotSpaceExplorer:ScrapToss","floor":5},{"not_picked":["RobotSpaceExplorer:Jetpack","RobotSpaceExplorer:Smokescreen"],"picked":"RobotSpaceExplorer:RigExplosive","floor":6},{"not_picked":["RobotSpaceExplorer:SwiftStep","RobotSpaceExplorer:Smokescreen"],"picked":"RobotSpaceExplorer:SlimeMissile","floor":7},{"not_picked":["RobotSpaceExplorer:SurgingShield","RobotSpaceExplorer:IronShell"],"picked":"RobotSpaceExplorer:ScrapShield","floor":8},{"not_picked":["RobotSpaceExplorer:ShockKick","RobotSpaceExplorer:SurgingShield"],"picked":"RobotSpaceExplorer:FreezingShield","floor":9},{"not_picked":["RobotSpaceExplorer:ShockKick","RobotSpaceExplorer:DoubleBlock"],"picked":"RobotSpaceExplorer:ScrapMissile","floor":10},{"not_picked":["RobotSpaceExplorer:SlimeMissile","RobotSpaceExplorer:SurgingShield"],"picked":"RobotSpaceExplorer:Autoloader","floor":13},{"not_picked":["RobotSpaceExplorer:Arsenal","RobotSpaceExplorer:FreezingShield","RobotSpaceExplorer:ScrapToss"],"picked":"SKIP","floor":14},{"not_picked":["RobotSpaceExplorer:Blaster","RobotSpaceExplorer:Accelerator"],"picked":"RobotSpaceExplorer:TrailblazerForm","floor":16},{"not_picked":["RobotSpaceExplorer:ShockKick+1","RobotSpaceExplorer:SurgingShield"],"picked":"RobotSpaceExplorer:LuckyStrike","floor":18},{"not_picked":["RobotSpaceExplorer:IronShell","RobotSpaceExplorer:TurboDodge"],"picked":"RobotSpaceExplorer:StarLightning","floor":21},{"not_picked":["RobotSpaceExplorer:ImprovisedAttack","RobotSpaceExplorer:Ammunition"],"picked":"RobotSpaceExplorer:Pulsar+1","floor":22},{"not_picked":["RobotSpaceExplorer:TrailblazerForm","RobotSpaceExplorer:SurgingStrike"],"picked":"RobotSpaceExplorer:LuckyStrike+1","floor":23},{"not_picked":["RobotSpaceExplorer:StarLightning+1","RobotSpaceExplorer:Ammunition"],"picked":"RobotSpaceExplorer:LuckyStrike+1","floor":24},{"not_picked":["RobotSpaceExplorer:ScrapToss","RobotSpaceExplorer:StunGrenade"],"picked":"RobotSpaceExplorer:LaserBurst","floor":25},{"not_picked":["RobotSpaceExplorer:GlueShot","RobotSpaceExplorer:ImprovisedAttack"],"picked":"RobotSpaceExplorer:Discharger+1","floor":26},{"not_picked":["RobotSpaceExplorer:BigMissile+1","RobotSpaceExplorer:ShockKick+1"],"picked":"RobotSpaceExplorer:MiniDrones+1","floor":27},{"not_picked":["RobotSpaceExplorer:MiniDrones","RobotSpaceExplorer:GlueSpray"],"picked":"RobotSpaceExplorer:PowerCollector","floor":30},{"not_picked":["RobotSpaceExplorer:ShockKick+1","RobotSpaceExplorer:ExhaustFan+1"],"picked":"RobotSpaceExplorer:Ammunition","floor":31},{"not_picked":["RobotSpaceExplorer:Accelerator","RobotSpaceExplorer:BlastShield"],"picked":"RobotSpaceExplorer:Scanner","floor":33},{"not_picked":["RobotSpaceExplorer:StunGrenade+1","RobotSpaceExplorer:SwiftStep+1"],"picked":"RobotSpaceExplorer:RigExplosive","floor":35},{"not_picked":["RobotSpaceExplorer:Pulsar","RobotSpaceExplorer:StunGrenade"],"picked":"RobotSpaceExplorer:JunkDive+1","floor":36},{"not_picked":["RobotSpaceExplorer:GearShield","RobotSpaceExplorer:IronShell"],"picked":"RobotSpaceExplorer:LaserBurst+1","floor":38},{"not_picked":["RobotSpaceExplorer:MetalStrike+1","RobotSpaceExplorer:SwiftStep+1"],"picked":"RobotSpaceExplorer:ShovelStrike+1","floor":40},{"not_picked":["RobotSpaceExplorer:SlimeMissile+1","RobotSpaceExplorer:Wormhole"],"picked":"RobotSpaceExplorer:DoubleFind+1","floor":45},{"not_picked":["RobotSpaceExplorer:ShockMissile","RobotSpaceExplorer:MetalStrike+1"],"picked":"RobotSpaceExplorer:Reload+1","floor":54}],"player_experience":695272,"relics_obtained":[{"floor":6,"key":"Boot"},{"floor":14,"key":"hubris:64BitClover"},{"floor":23,"key":"Bag of Marbles"},{"floor":26,"key":"hubris:Reverence"},{"floor":27,"key":"hubris:PeanutButter"},{"floor":40,"key":"Juzu Bracelet"},{"floor":43,"key":"Mummified Hand"},{"floor":54,"key":"Ice Cream"}],"event_choices":[{"damage_healed":75.0,"max_hp_gain":0.0,"max_hp_loss":75.0,"gold_gain":0.0,"event_name":"betterThird:BetterShining","player_choice":"Embrace","floor":3.0,"gold_loss":0.0,"damage_taken":0.0},{"damage_healed":0,"gold_gain":75,"player_choice":"Gold","damage_taken":11,"max_hp_gain":0,"max_hp_loss":0,"event_name":"betterThird:BetterGoop","floor":12,"gold_loss":0},{"cards_removed":["RobotSpaceExplorer:Strike"],"damage_healed":0,"gold_gain":0,"player_choice":"Gave Gold","damage_taken":0,"max_hp_gain":0,"max_hp_loss":0,"event_name":"Beggar","floor":19,"gold_loss":75},{"damage_healed":0,"gold_gain":0,"player_choice":"Upgraded Two","damage_taken":0,"max_hp_gain":0,"max_hp_loss":0,"event_name":"Designer","floor":20,"gold_loss":40,"cards_upgraded":["RobotSpaceExplorer:Defend","RobotSpaceExplorer:ChargingLaser"]},{"damage_healed":0,"gold_gain":0,"player_choice":"Ignored","damage_taken":0,"max_hp_gain":0,"max_hp_loss":0,"event_name":"Vampires","floor":29,"gold_loss":0},{"damage_healed":0,"gold_gain":0,"player_choice":"Upgraded","damage_taken":0,"max_hp_gain":0,"max_hp_loss":0,"event_name":"Upgrade Shrine","floor":44,"gold_loss":0,"cards_upgraded":["RobotSpaceExplorer:PowerCollector"]},{"damage_healed":0,"gold_gain":0,"player_choice":"Forge","damage_taken":0,"max_hp_gain":0,"max_hp_loss":0,"event_name":"Accursed Blacksmith","floor":46,"gold_loss":0,"cards_upgraded":["RobotSpaceExplorer:MiniBoosters"]}],"is_beta":false,"boss_relics":[{"not_picked":["Velvet Choker","Ectoplasm"],"picked":"Empty Cage"},{"not_picked":["hubris:Stopwatch","jesterMod:MachoBrace"],"picked":"hubris:VirtuousBlindfold"}],"items_purged_floors":[],"is_endless":false,"potions_floor_spawned":[2,5,8,14,18,23,25,30,35,45,54],"ascension_level":0}}