{"host":"eebsr5bfap1y39p2","time":1612323799,"event":{"mods":["AchievementEnabler","BaseMod","Colored Map","Minty Spire (QoL Compilation)","StSLib","SuperFastMode"],"gold_per_floor":[116,116,44,62,137,137,165,176,227,227,227],"floor_reached":10,"language":"KOR","playtime":154,"items_purged":[],"score":92,"play_id":"eb2268b5-b26d-427a-8307-0819e28fdd10","local_time":"20210202224319","is_ascension_mode":true,"campfire_choices":[{"data":"Eruption","floor":6.0,"key":"SMITH"}],"circlet_count":0,"master_deck":["Strike_P","Strike_P","Strike_P","Strike_P","Defend_P","Defend_P","Defend_P","Defend_P","Eruption+1","Vigilance","MentalFortress","FlurryOfBlows"],"relics":["PureWater","StoneCalendar","Regal Pillow","Vajra","Blood Vial"],"acts_visited":["Exordium"],"potions_floor_usage":[],"damage_taken":[{"damage":0.0,"enemies":"2 Louse","floor":1.0,"turns":2.0},{"damage":0.0,"enemies":"Jaw Worm","floor":4.0,"turns":4.0},{"damage":6.0,"enemies":"Gremlin Nob","floor":7.0,"turns":3.0},{"damage":0.0,"enemies":"Cultist","floor":8.0,"turns":2.0},{"damage":48,"enemies":"Lagavulin","floor":10,"turns":6}],"seed_played":"-1091811284667734091","potions_obtained":[{"floor":1.0,"key":"CultistPotion"},{"floor":8.0,"key":"FearPotion"}],"is_trial":false,"path_per_floor":["M","?","$","M","?","R","E","M","T","E"],"character_chosen":"WATCHER","items_purchased":["MentalFortress"],"campfire_rested":0,"item_purchase_floors":[3],"current_hp_per_floor":[65,53,53,53,47,47,41,41,41,0,0],"gold":227,"neow_bonus":"ONE_RARE_RELIC","is_daily":false,"chose_seed":false,"campfire_upgraded":1,"win_rate":0.0,"timestamp":1612323799,"path_taken":["M","?","$","M","?","R","E","?","T","E"],"items_purchased_type":["Card"],"build_version":"2020-12-22","purchased_purges":0,"victory":false,"max_hp_per_floor":[65,65,65,65,65,65,65,65,65,65,65],"card_choices":[{"not_picked":["Collect","BowlingBash","PathToVictory"],"picked":"SKIP","floor":1.0},{"not_picked":["Perseverance","InnerPeace"],"picked":"FlurryOfBlows","floor":4.0},{"not_picked":["Sanctity","Weave","BowlingBash"],"picked":"SKIP","floor":7.0},{"not_picked":["WindmillStrike","Wireheading","BowlingBash"],"picked":"SKIP","floor":8.0}],"player_experience":395339,"relics_obtained":[{"floor":7.0,"key":"Vajra"},{"floor":9.0,"key":"Blood Vial"}],"event_choices":[{"damage_healed":0.0,"max_hp_gain":0.0,"max_hp_loss":0.0,"gold_gain":0.0,"event_name":"Scrap Ooze","player_choice":"Success","floor":2.0,"gold_loss":0.0,"damage_taken":12.0,"relics_obtained":["Regal Pillow"]},{"damage_healed":0.0,"max_hp_gain":0.0,"max_hp_loss":0.0,"gold_gain":75.0,"event_name":"FaceTrader","player_choice":"Touch","floor":5.0,"gold_loss":0.0,"damage_taken":6.0}],"is_beta":false,"boss_relics":[],"items_purged_floors":[],"is_endless":false,"potions_floor_spawned":[1,8],"killed_by":"Lagavulin","ascension_level":8}}