{"host":"87fdiiwflhrwsj8a","time":1612394432,"event":{"mods":["Aspiration","BaseMod","Better Match","Better Third Choice","BetterRewards","Colored Map","Conspire","GifTheSpireLib","Infinite Spire","Minty Spire (QoL Compilation)","Quick Restart","Relic Sorter","Replay The Spire","StSLib","Stuff the Spire","The Marked","The Servant 0.9.4"],"gold_per_floor":[116,126,126,146,158,184,195,195,195,209,235,249,277,293,293,397,397,415,415,432,432,531,531,560,560,560,577,597,608,636,659,659,759,759,774,423,475,475,485,505,505,523,523,725,760,760,793,813,813,813,813,813,383,417,417],"floor_reached":56,"language":"ENG","playtime":25064,"items_purged":["Defend_S"],"score":2021,"play_id":"c8674a71-8da6-48b0-8e74-d99fab2789d6","local_time":"20210203182032","is_ascension_mode":false,"campfire_choices":[{"data":"Apotheosis","floor":8,"key":"SMITH"},{"floor":15,"key":"RECALL"},{"floor":23,"key":"REST"},{"floor":46,"key":"REST"}],"circlet_count":0,"master_deck":["Strike_S","Strike_S","Strike_S","Strike_S","Defend_S","Defend_S","Defend_S","KidneyShot","Exchange","Apotheosis+1","Apotheosis","Flash of Steel","FastForward","Secret Technique","Trip","ReplayTheSpireMod:Private Reserves","DoubleEdge","Reset","Rearm","Comet","Duplication","Spin","Revamp","DoubleEdge","Spin","FlawlessForm","CurseOfTheBell","Dilation","Duplication+1","Rearm+1","Luminosity+1","Collapse","DualDimension","DualDimension","MoonPhase","BottledTime+1","Barrier+1","Pot Of Greed","Pot Of Greed","Pot Of Greed","Pot Of Greed","SurpressingFire","ShiftingGears","Blind","Contraction+1"],"relics":["Uniform","Durian","infinitespire:Lucky Rock","FossilizedHelix","StuffTheSpire:DarkSteelAnvil","ReplayTheSpireMod:ShopPack","Thread and Needle","Torii","Lee\u0027s Waffle","HornCleat","Mummified Hand","MealTicket","Blue Candle","StuffTheSpire:PointBlank","Bronze Scales","Fusion Hammer","aspiration:RitualStick","Chameleon Ring","Eternal Feather","Blood Vial","Calling Bell","Replay:Mystery Machine","conspire:GiftBox","ReplayTheSpireMod:Shallot","Divine Protection","conspire:GlowingRock","conspire:DeflatedDodgeball","Oddly Smooth Stone","aspiration:HummingbirdHeart","Grinning Jar","CaptainsWheel"],"acts_visited":["Exordium","TheCity","TheBeyond","TheEnding"],"potions_floor_usage":[29,55,55],"damage_taken":[{"damage":0,"enemies":"Cultist","floor":1,"turns":2},{"damage":0,"enemies":"Small Slimes","floor":2,"turns":3},{"damage":0,"enemies":"conspire:RoseBush","floor":4,"turns":4},{"damage":0,"enemies":"Exordium Wildlife","floor":5,"turns":2},{"damage":0,"enemies":"3 Sentries","floor":6,"turns":8},{"damage":0,"enemies":"Looter","floor":7,"turns":2},{"damage":0,"enemies":"conspire:2 RoseBushes","floor":10,"turns":3},{"damage":0,"enemies":"Lagavulin","floor":11,"turns":3},{"damage":0,"enemies":"Gremlin Gang","floor":12,"turns":2},{"damage":0,"enemies":"Gremlin Nob","floor":13,"turns":3},{"damage":0,"enemies":"Exordium Wildlife","floor":14,"turns":2},{"damage":0,"enemies":"Fading Forest","floor":16,"turns":11},{"damage":0,"enemies":"3 Byrds","floor":18,"turns":2},{"damage":8,"enemies":"conspire:FuzzyDice","floor":20,"turns":4},{"damage":0,"enemies":"conspire:SneckoGhost","floor":24,"turns":5},{"damage":0,"enemies":"3 Cultists","floor":27,"turns":4},{"damage":0,"enemies":"conspire:HollyBat","floor":28,"turns":5},{"damage":0,"enemies":"Centurion and Healer","floor":29,"turns":3},{"damage":0,"enemies":"Book of Stabbing","floor":30,"turns":3},{"damage":0,"enemies":"Champ","floor":33,"turns":7},{"damage":0,"enemies":"Orb Walker","floor":35,"turns":3},{"damage":0,"enemies":"2 Orb Walkers","floor":37,"turns":3},{"damage":0,"enemies":"3 Darklings","floor":39,"turns":3},{"damage":0,"enemies":"Sphere and 2 Shapes","floor":40,"turns":3},{"damage":0,"enemies":"Spire Growth","floor":42,"turns":3},{"damage":0,"enemies":"Giant Head","floor":45,"turns":5},{"damage":0,"enemies":"Nemesis","floor":47,"turns":5},{"damage":0,"enemies":"3 Darklings","floor":48,"turns":2},{"damage":0,"enemies":"Awakened One","floor":50,"turns":10},{"damage":0,"enemies":"Shield and Spear","floor":54,"turns":2},{"damage":0,"enemies":"The Heart","floor":55,"turns":7}],"seed_played":"39909880777275374","potions_obtained":[{"floor":2,"key":"Strength Potion"},{"floor":4,"key":"SkillPotion"},{"floor":7,"key":"Adrenaline Potion"},{"floor":10,"key":"FairyPotion"},{"floor":25,"key":"Fruit Juice"},{"floor":30,"key":"Fire Potion"},{"floor":32,"key":"FairyPotion"},{"floor":37,"key":"Explosive Potion"},{"floor":52,"key":"PowerPotion"}],"is_trial":false,"path_per_floor":["M","M","?","M","M","E","M","R","T","M","E","M","E","M","R_BF","B",null,"M","?","M","?","?","R","E","R","T","M","M","M","E","T","R","B",null,"M","$","?","?","M","M","R","M","T","?","E","R","E","M","R","B",null,"R","$","E","B",null],"character_chosen":"THE_SERVANT","items_purchased":["infinitespire:Lucky Rock","StuffTheSpire:DarkSteelAnvil","Apotheosis","ReplayTheSpireMod:ShopPack","Lee\u0027s Waffle","HornCleat","Mummified Hand","Apotheosis","Flash of Steel","FastForward","Divine Protection","Duplication+1","Grinning Jar","SurpressingFire","ShiftingGears","Blind"],"campfire_rested":2,"item_purchase_floors":[0,0,0,0,0,0,0,0,0,0,36,36,53,53,53,53],"current_hp_per_floor":[77,77,77,77,77,77,77,77,77,77,77,77,77,77,77,77,77,77,62,54,54,54,77,77,77,77,77,77,84,84,84,84,84,84,84,84,84,84,84,84,84,84,84,84,84,84,84,84,84,84,84,84,84,84,84],"gold":417,"neow_bonus":"","is_daily":false,"chose_seed":false,"campfire_upgraded":1,"win_rate":0.0,"timestamp":1612394432,"path_taken":["M","?","?","M","M","E","M","R","T","M","E","?","E","M","R_BF","BOSS","M","?","M","?","?","R","E","R","T","M","?","?","E","?","R","BOSS","M","$","?","?","?","M","R","M","T","?","E","R","E","M","R","BOSS","R","$","E","BOSS"],"items_purchased_type":["Relic","Relic","Card","Relic","Relic","Relic","Relic","Card","Card","Card","Relic","Card","Relic","Card","Card","Card"],"build_version":"2020-12-22","purchased_purges":1,"victory":true,"max_hp_per_floor":[77,77,77,77,77,77,77,77,77,77,77,77,77,77,77,77,77,77,77,77,77,77,77,77,77,77,77,77,84,84,84,84,84,84,84,84,84,84,84,84,84,84,84,84,84,84,84,84,84,84,84,84,84,84,84],"card_choices":[{"not_picked":["Metamorphosis","The Bomb"],"picked":"Secret Technique","floor":0},{"not_picked":["Bandage Up","Impatience"],"picked":"Trip","floor":0},{"not_picked":["Dark Shackles","Enlightenment"],"picked":"ReplayTheSpireMod:Private Reserves","floor":0},{"not_picked":["Starlight","Replace","RealityMarble"],"picked":"SKIP","floor":1},{"not_picked":["Rewind","Alleviate","Starlight"],"picked":"SKIP","floor":2},{"not_picked":["ReturningBlade","Hightail","PendulumOfEternity"],"picked":"SKIP","floor":4},{"not_picked":["Defy","Replace","Starlight"],"picked":"SKIP","floor":5},{"not_picked":["Defy","Replace","Starlight"],"picked":"SKIP","floor":5},{"not_picked":["Replace","Gouge","Snipe"],"picked":"SKIP","floor":6},{"not_picked":["BottledTime","GearUp"],"picked":"DoubleEdge","floor":7},{"not_picked":["SpecialFormula","Potential","Advance"],"picked":"SKIP","floor":10},{"not_picked":["DualDimension","PendulumOfEternity"],"picked":"Reset","floor":11},{"not_picked":["TimeWarp","BottledTime"],"picked":"Rearm","floor":12},{"not_picked":["BottledTime","Unruled"],"picked":"Comet","floor":13},{"not_picked":["BottledTime","Misdirection","Alleviate"],"picked":"SKIP","floor":14},{"not_picked":["Deny","Sunlight"],"picked":"Duplication","floor":16},{"not_picked":["Unruled","Revamp","Rewind"],"picked":"SKIP","floor":18},{"not_picked":["FastForward","WasteNot+1"],"picked":"Spin","floor":20},{"not_picked":["Alleviate","Barrier"],"picked":"Revamp","floor":24},{"not_picked":["DualDimension","Potential","MurderousAura"],"picked":"SKIP","floor":27},{"not_picked":["BottledTime","Read"],"picked":"DoubleEdge","floor":28},{"not_picked":["Ricochet","Rearm","Replace+1"],"picked":"SKIP","floor":29},{"not_picked":["Moonlight","Potential"],"picked":"Spin","floor":30},{"not_picked":["SoulSculpture","LightFlow"],"picked":"FlawlessForm","floor":33},{"not_picked":["Initiator","ForgedInTime"],"picked":"Dilation","floor":34},{"not_picked":["Starlight+1","Revamp+1","Spin+1"],"picked":"SKIP","floor":35},{"not_picked":["Shuttle","Alleviate+1"],"picked":"Rearm+1","floor":37},{"not_picked":["Gouge+1","Misdirection"],"picked":"Luminosity+1","floor":39},{"not_picked":["GearUp","BottledTime"],"picked":"Collapse","floor":40},{"not_picked":["TimeWarp+1","Hightail+1"],"picked":"DualDimension","floor":42},{"not_picked":["ReturningBlade+1","Snipe"],"picked":"DualDimension","floor":44},{"not_picked":["FastForward","SoulSculpture"],"picked":"MoonPhase","floor":45},{"not_picked":["FastForward","Misdirection"],"picked":"BottledTime+1","floor":47},{"not_picked":["Revamp+1","Alleviate"],"picked":"Barrier+1","floor":48},{"not_picked":["Ricochet+1","Collapse+1"],"picked":"Contraction+1","floor":54}],"player_experience":2544914,"relics_obtained":[{"floor":6,"key":"MealTicket"},{"floor":9,"key":"Blue Candle"},{"floor":11,"key":"StuffTheSpire:PointBlank"},{"floor":13,"key":"Bronze Scales"},{"floor":24,"key":"Chameleon Ring"},{"floor":30,"key":"Eternal Feather"},{"floor":31,"key":"Blood Vial"},{"floor":34,"key":"Replay:Mystery Machine"},{"floor":34,"key":"conspire:GiftBox"},{"floor":34,"key":"ReplayTheSpireMod:Shallot"},{"floor":37,"key":"conspire:GlowingRock"},{"floor":43,"key":"conspire:DeflatedDodgeball"},{"floor":45,"key":"Oddly Smooth Stone"},{"floor":47,"key":"aspiration:HummingbirdHeart"},{"floor":54,"key":"CaptainsWheel"}],"event_choices":[{"damage_healed":0,"gold_gain":0,"player_choice":"Leave","damage_taken":0,"max_hp_gain":0,"max_hp_loss":0,"event_name":"conspire:Investor","floor":21,"gold_loss":0},{"damage_healed":0,"gold_gain":99,"player_choice":"Steal","damage_taken":0,"max_hp_gain":0,"max_hp_loss":0,"event_name":"betterThird:BetterNest","floor":22,"gold_loss":0},{"damage_healed":0,"gold_gain":0,"player_choice":"Fight","damage_taken":0,"max_hp_gain":0,"max_hp_loss":0,"event_name":"Mysterious Sphere","floor":37,"gold_loss":0}],"is_beta":false,"boss_relics":[{"not_picked":["Sozu","Replay:Ancient Bell"],"picked":"Fusion Hammer"},{"not_picked":["SplendidAttire","Replay:Wanted Poster"],"picked":"Calling Bell"}],"items_purged_floors":[53],"is_endless":false,"potions_floor_spawned":[2,4,7,10,14,18,24,27,28,30,37,39,40,47],"ascension_level":0}}