{"host":"r4aerl4ckfvw1dw3","time":1612333304,"event":{"mods":["BaseMod","BetterRewards","Minty Spire (QoL Compilation)","Quick Restart","StSLib"],"gold_per_floor":[115,125,125,143,243,243,17,51,51,51,67,87,114,24,24,125,125,138,152,9,9,9],"floor_reached":21,"language":"ENG","playtime":893,"items_purged":[],"score":347,"play_id":"47d5412f-ee3a-4ddb-87ae-93ffe97fba53","local_time":"20210202222144","is_ascension_mode":true,"campfire_choices":[{"data":"Armaments","floor":6.0,"key":"SMITH"},{"floor":10.0,"key":"RECALL"},{"data":"Mind Blast","floor":15.0,"key":"SMITH"}],"circlet_count":0,"master_deck":["Strike_R","Strike_R","Strike_R","Strike_R","Strike_R","Defend_R","Defend_R","Defend_R","Defend_R","Bash","Inflame","Clash","Armaments+1","Cleave","The Bomb","Flame Barrier","Metallicize","Demon Form","Shrug It Off","Disarm","Mind Blast+1","Exhume","Flex","Thunderclap+1"],"relics":["Burning Blood","Oddly Smooth Stone","Thread and Needle","Girya","Runic Pyramid","Sling"],"acts_visited":["Exordium","TheCity"],"potions_floor_usage":[21],"damage_taken":[{"damage":0.0,"enemies":"Cultist","floor":1.0,"turns":4.0},{"damage":0.0,"enemies":"Jaw Worm","floor":2.0,"turns":4.0},{"damage":8.0,"enemies":"2 Louse","floor":4.0,"turns":2.0},{"damage":18.0,"enemies":"3 Sentries","floor":8.0,"turns":4.0},{"damage":0.0,"enemies":"Looter","floor":11.0,"turns":2.0},{"damage":10.0,"enemies":"Large Slime","floor":12.0,"turns":5.0},{"damage":7.0,"enemies":"Lagavulin","floor":13.0,"turns":9.0},{"damage":22.0,"enemies":"Hexaghost","floor":16.0,"turns":9.0},{"damage":12.0,"enemies":"Spheric Guardian","floor":18.0,"turns":6.0},{"damage":8,"enemies":"Chosen","floor":19,"turns":4},{"damage":47,"enemies":"Shelled Parasite and Fungi","floor":21,"turns":7}],"seed_played":"3183370285924275298","potions_obtained":[{"floor":2.0,"key":"FearPotion"},{"floor":12.0,"key":"ElixirPotion"},{"floor":13.0,"key":"Regen Potion"},{"floor":16.0,"key":"Strength Potion"}],"is_trial":false,"path_per_floor":["M","M","$","M","?","R","$","E","T","R","M","M","E","$","R","B",null,"M","M","$","M"],"character_chosen":"IRONCLAD","items_purchased":["Inflame","Oddly Smooth Stone","The Bomb","Flame Barrier","Mind Blast","Sling"],"campfire_rested":0,"item_purchase_floors":[0,0,7,7,14,20],"current_hp_per_floor":[80,80,80,78,78,78,78,66,66,66,72,68,67,67,67,66,80,74,72,72,25,25],"gold":9,"neow_bonus":"","is_daily":false,"chose_seed":false,"campfire_upgraded":2,"win_rate":0.0,"timestamp":1612333304,"path_taken":["M","M","?","M","?","R","$","E","T","R","M","M","E","$","R","BOSS","M","?","?","M"],"items_purchased_type":["Card","Relic","Card","Card","Card","Relic"],"build_version":"2020-12-22","purchased_purges":0,"victory":false,"max_hp_per_floor":[80,80,80,80,80,80,80,80,80,80,80,80,80,80,80,80,80,80,80,80,80,80],"card_choices":[{"not_picked":["Burning Pact","Havoc"],"picked":"Clash","floor":1.0},{"not_picked":["Pommel Strike","Iron Wave"],"picked":"Armaments","floor":2.0},{"not_picked":["Sever Soul","Perfected Strike"],"picked":"Cleave","floor":4.0},{"not_picked":["Armaments","Carnage"],"picked":"Metallicize","floor":8.0},{"not_picked":["Shockwave","Twin Strike"],"picked":"Demon Form","floor":11.0},{"not_picked":["Clash","Cleave"],"picked":"Shrug It Off","floor":12.0},{"not_picked":["Wild Strike","Clothesline"],"picked":"Disarm","floor":13.0},{"not_picked":["Juggernaut","Corruption"],"picked":"Exhume","floor":16.0},{"not_picked":["Wild Strike+1","Cleave"],"picked":"Flex","floor":18.0},{"not_picked":["Cleave+1","Pommel Strike"],"picked":"Thunderclap+1","floor":19}],"player_experience":469752,"relics_obtained":[{"floor":8.0,"key":"Thread and Needle"},{"floor":13.0,"key":"Girya"}],"event_choices":[{"damage_healed":0.0,"max_hp_gain":0.0,"max_hp_loss":0.0,"gold_gain":100.0,"event_name":"Golden Shrine","player_choice":"Pray","floor":5.0,"gold_loss":0.0,"damage_taken":0.0}],"is_beta":false,"boss_relics":[{"not_picked":["Ectoplasm","Fusion Hammer"],"picked":"Runic Pyramid"}],"items_purged_floors":[],"is_endless":false,"potions_floor_spawned":[2,12,13,16,18],"killed_by":"Shelled Parasite and Fungi","ascension_level":4}}