{"host":"y8lj6eu4rxnc2qvr","time":1612329417,"event":{"mods":["BaseMod","Minty Spire (QoL Compilation)","StSLib"],"gold_per_floor":[112,125,125,143,163,163,189,189,189,209,230,195,124,147,147,275,275,299,292,138,158,158,173,193,212,212,232,245,245,258,258,258],"floor_reached":31,"language":"ENG","playtime":1282,"items_purged":["Strike_G"],"score":247,"play_id":"d4a62145-6676-444a-ba63-065d0db7c076","local_time":"20210203001657","is_ascension_mode":false,"campfire_choices":[{"data":"Neutralize","floor":6,"key":"SMITH"},{"data":"Bouncing Flask","floor":15,"key":"SMITH"},{"floor":29,"key":"REST"}],"circlet_count":0,"master_deck":["Strike_G","Strike_G","Strike_G","Defend_G","Defend_G","Defend_G","Defend_G","Defend_G","Survivor","Neutralize+1","Backflip","Poisoned Stab","Deadly Poison","Bouncing Flask+1","Doppelganger","Backstab","Bane","Backflip","Prepared","Footwork","PiercingWail","Bane","Adrenaline","Sucker Punch+1","PiercingWail","Noxious Fumes","Infinite Blades","Burst","Poisoned Stab+1","Blade Dance+1","Catalyst","Noxious Fumes","Corpse Explosion","Deadly Poison+1"],"relics":["Ring of the Snake","Prayer Wheel","Golden Idol","FossilizedHelix","Black Star","Singing Bowl"],"acts_visited":["Exordium","TheCity"],"potions_floor_usage":[16,19,27,27,28,30],"damage_taken":[{"damage":0,"enemies":"2 Louse","floor":1,"turns":3},{"damage":2,"enemies":"Jaw Worm","floor":2,"turns":5},{"damage":4,"enemies":"Cultist","floor":4,"turns":4},{"damage":15,"enemies":"Exordium Wildlife","floor":5,"turns":6},{"damage":29,"enemies":"Gremlin Nob","floor":7,"turns":4},{"damage":4,"enemies":"Gremlin Gang","floor":10,"turns":4},{"damage":1,"enemies":"2 Fungi Beasts","floor":11,"turns":3},{"damage":0,"enemies":"Large Slime","floor":14,"turns":6},{"damage":18,"enemies":"Hexaghost","floor":16,"turns":8},{"damage":0,"enemies":"Spheric Guardian","floor":18,"turns":3},{"damage":16,"enemies":"2 Thieves","floor":19,"turns":4},{"damage":16,"enemies":"Snake Plant","floor":21,"turns":5},{"damage":25,"enemies":"Shelled Parasite and Fungi","floor":23,"turns":6},{"damage":2,"enemies":"Snecko","floor":24,"turns":5},{"damage":10,"enemies":"Snake Plant","floor":25,"turns":4},{"damage":0,"enemies":"Cultist and Chosen","floor":27,"turns":6},{"damage":0,"enemies":"Snecko","floor":28,"turns":4},{"damage":26,"enemies":"Sentry and Sphere","floor":30,"turns":5},{"damage":8,"enemies":"Centurion and Healer","floor":31,"turns":1}],"seed_played":"-3338342318768286264","potions_obtained":[{"floor":2,"key":"Dexterity Potion"},{"floor":5,"key":"GhostInAJar"},{"floor":10,"key":"BlessingOfTheForge"},{"floor":11,"key":"DuplicationPotion"},{"floor":18,"key":"SneckoOil"},{"floor":23,"key":"AttackPotion"},{"floor":28,"key":"EssenceOfSteel"}],"is_trial":false,"path_per_floor":["M","M","?","M","M","R","E","?","T","M","M","?","$","M","R","B",null,"M","M","$","M","?","M","M","M","T","M","M","R","M","M"],"character_chosen":"THE_SILENT","items_purchased":["Footwork","Noxious Fumes"],"campfire_rested":1,"item_purchase_floors":[13,20],"current_hp_per_floor":[77,75,75,71,56,56,27,27,27,23,22,39,39,39,39,21,71,71,55,55,39,39,14,12,2,2,4,6,28,4,0,0],"gold":258,"neow_bonus":"TEN_PERCENT_HP_BONUS","is_daily":false,"chose_seed":false,"campfire_upgraded":2,"win_rate":0.0,"timestamp":1612329417,"path_taken":["M","M","?","M","M","R","E","?","T","M","M","?","?","?","R","BOSS","M","M","$","?","?","?","M","M","T","M","M","R","M","M"],"items_purchased_type":["Card","Card"],"build_version":"2020-12-22","purchased_purges":1,"victory":false,"max_hp_per_floor":[77,77,77,77,77,77,77,71,71,71,71,71,71,71,71,71,71,71,71,71,71,71,71,71,71,71,73,75,75,77,77,77],"card_choices":[{"not_picked":["Outmaneuver","Slice"],"picked":"Backflip","floor":1},{"not_picked":["Caltrops","Underhanded Strike"],"picked":"Poisoned Stab","floor":2},{"not_picked":["Dash","Acrobatics"],"picked":"Bouncing Flask","floor":4},{"not_picked":["Flying Knee","Backflip"],"picked":"Doppelganger","floor":5},{"not_picked":["Tactician","Sucker Punch"],"picked":"Backstab","floor":7},{"not_picked":["Prepared","Dagger Spray"],"picked":"Bane","floor":10},{"not_picked":["Expertise","Quick Slash"],"picked":"Backflip","floor":10},{"not_picked":["Flying Knee","Adrenaline"],"picked":"Prepared","floor":11},{"not_picked":["Underhanded Strike","Dodge and Roll","Riddle With Holes"],"picked":"SKIP","floor":11},{"not_picked":["Caltrops","Eviscerate"],"picked":"PiercingWail","floor":14},{"not_picked":["Heel Hook","Flying Knee"],"picked":"Bane","floor":14},{"not_picked":["Wraith Form v2","Die Die Die"],"picked":"Adrenaline","floor":16},{"not_picked":["Deflect","Backstab"],"picked":"Sucker Punch+1","floor":18},{"not_picked":["Terror","PiercingWail","Flechettes"],"picked":"SKIP","floor":18},{"not_picked":["Terror","Flechettes"],"picked":"PiercingWail","floor":18},{"not_picked":["PiercingWail+1","Backflip+1","Escape Plan"],"picked":"SKIP","floor":19},{"not_picked":["Bane","Acrobatics","Concentrate+1"],"picked":"SKIP","floor":19},{"not_picked":["Endless Agony+1","Caltrops"],"picked":"Infinite Blades","floor":21},{"not_picked":["PiercingWail","All Out Attack+1","Bane+1"],"picked":"SKIP","floor":21},{"not_picked":["Setup","Tactician"],"picked":"Poisoned Stab+1","floor":23},{"not_picked":["Flying Knee","PiercingWail+1","Tactician"],"picked":"SKIP","floor":23},{"not_picked":["Deadly Poison","Flechettes"],"picked":"Blade Dance+1","floor":24},{"not_picked":["Well Laid Plans","Predator","Reflex"],"picked":"SKIP","floor":24},{"not_picked":["Blade Dance","Tactician+1"],"picked":"Catalyst","floor":25},{"not_picked":["Slice+1","Skewer","Concentrate"],"picked":"SKIP","floor":25},{"not_picked":["Dagger Spray","Reflex","Sucker Punch"],"picked":"Singing Bowl","floor":27},{"not_picked":["Predator","Sucker Punch+1"],"picked":"Noxious Fumes","floor":27},{"not_picked":["Bane","Eviscerate","Sucker Punch"],"picked":"Singing Bowl","floor":28},{"not_picked":["Dagger Throw","Quick Slash"],"picked":"Corpse Explosion","floor":28},{"not_picked":["Outmaneuver+1","Dagger Throw","Blade Dance"],"picked":"Singing Bowl","floor":30},{"not_picked":["Dagger Spray","Blade Dance"],"picked":"Deadly Poison+1","floor":30}],"player_experience":57079,"relics_obtained":[{"floor":7,"key":"Prayer Wheel"},{"floor":9,"key":"FossilizedHelix"},{"floor":26,"key":"Singing Bowl"}],"event_choices":[{"damage_healed":0,"gold_gain":0,"cards_transformed":["Strike_G"],"player_choice":"Change","damage_taken":0,"max_hp_gain":0,"max_hp_loss":0,"event_name":"Living Wall","floor":3,"gold_loss":0,"cards_obtained":["Deadly Poison"]},{"damage_healed":0,"gold_gain":0,"player_choice":"Lose Max HP","damage_taken":0,"relics_obtained":["Golden Idol"],"max_hp_gain":0,"max_hp_loss":6,"event_name":"Golden Idol","floor":8,"gold_loss":0},{"damage_healed":17,"gold_gain":0,"player_choice":"Healed","damage_taken":0,"max_hp_gain":0,"max_hp_loss":0,"event_name":"The Cleric","floor":12,"gold_loss":35},{"damage_healed":0,"gold_gain":0,"player_choice":"1 cards matched","damage_taken":0,"max_hp_gain":0,"max_hp_loss":0,"event_name":"Match and Keep!","floor":22,"gold_loss":0,"cards_obtained":["Burst"]}],"is_beta":false,"boss_relics":[{"not_picked":["WristBlade","Runic Dome"],"picked":"Black Star"}],"items_purged_floors":[20],"is_endless":false,"potions_floor_spawned":[2,5,10,11,18,23,24,28],"killed_by":"Centurion and Healer","ascension_level":0}}