{"host":"p0hktren06injwdf","time":1612382899,"event":{"mods":["AchievementEnabler","BaseMod","Colored Map","DeckTracker","Minty Spire (QoL Compilation)","Permanent Neow","StSLib","SuperFastMode"],"gold_per_floor":[116,128,147,147,167,167,183,183,210,227,260,13,13,33,33,33,33],"floor_reached":16,"language":"KOR","playtime":300,"items_purged":["Defend_P"],"score":204,"play_id":"0c1fa1c3-59de-483e-8e9c-9e06af6007e6","local_time":"20210204050819","is_ascension_mode":true,"campfire_choices":[{"data":"Eruption","floor":6.0,"key":"SMITH"},{"data":"MentalFortress","floor":8.0,"key":"SMITH"},{"floor":13.0,"key":"REST"},{"data":"FlurryOfBlows","floor":15.0,"key":"SMITH"}],"circlet_count":0,"master_deck":["AscendersBane","Strike_P","Strike_P","Strike_P","Defend_P","Defend_P","Eruption+1","Vigilance","FearNoEvil","MentalFortress+1","FlurryOfBlows+1","Halt","DeusExMachina","MentalFortress+1"],"relics":["PureWater","Ancient Tea Set","Happy Flower","DollysMirror","Odd Mushroom"],"acts_visited":["Exordium"],"potions_floor_usage":[16,16],"damage_taken":[{"damage":2.0,"enemies":"Jaw Worm","floor":1.0,"turns":5.0},{"damage":5.0,"enemies":"Small Slimes","floor":2.0,"turns":3.0},{"damage":0.0,"enemies":"2 Louse","floor":3.0,"turns":2.0},{"damage":3.0,"enemies":"2 Fungi Beasts","floor":5.0,"turns":3.0},{"damage":15.0,"enemies":"Large Slime","floor":7.0,"turns":6.0},{"damage":1.0,"enemies":"Red Slaver","floor":10.0,"turns":2.0},{"damage":14.0,"enemies":"Lagavulin","floor":11.0,"turns":8.0},{"damage":13.0,"enemies":"The Mushroom Lair","floor":14.0,"turns":4.0},{"damage":23,"enemies":"Hexaghost","floor":16,"turns":10}],"seed_played":"-4240011505452279140","potions_obtained":[{"floor":3.0,"key":"Explosive Potion"},{"floor":5.0,"key":"Block Potion"}],"is_trial":false,"path_per_floor":["M","M","M","?","M","R","M","R","T","M","E","$","R","?","R","B"],"character_chosen":"WATCHER","items_purchased":["DollysMirror"],"campfire_rested":1,"item_purchase_floors":[12],"current_hp_per_floor":[59,54,54,47,44,44,29,29,29,28,14,14,34,21,21,0,0],"gold":33,"neow_bonus":"REMOVE_CARD","is_daily":false,"chose_seed":false,"campfire_upgraded":3,"win_rate":0.0,"timestamp":1612382899,"path_taken":["M","M","M","?","M","R","M","R","T","M","E","$","R","?","R","BOSS"],"items_purchased_type":["Relic"],"build_version":"2020-12-22","purchased_purges":1,"victory":false,"max_hp_per_floor":[68,68,68,68,68,68,68,68,68,68,68,68,68,68,68,68,68],"card_choices":[{"not_picked":["CutThroughFate","WindmillStrike"],"picked":"FearNoEvil","floor":1.0},{"not_picked":["SignatureMove","Vengeance"],"picked":"MentalFortress","floor":2.0},{"not_picked":["WheelKick","Crescendo"],"picked":"FlurryOfBlows","floor":3.0},{"not_picked":["ClearTheMind","Conclude"],"picked":"Halt","floor":5.0},{"not_picked":["WaveOfTheHand","Meditate","Evaluate"],"picked":"SKIP","floor":7.0},{"not_picked":["WaveOfTheHand","Indignation"],"picked":"DeusExMachina","floor":10.0},{"not_picked":["JustLucky","WindmillStrike","ThirdEye"],"picked":"SKIP","floor":11.0}],"player_experience":993878,"relics_obtained":[{"floor":9.0,"key":"Ancient Tea Set"},{"floor":11.0,"key":"Happy Flower"},{"floor":14.0,"key":"Odd Mushroom"}],"event_choices":[{"cards_removed":["Strike_P"],"damage_healed":0.0,"max_hp_gain":0.0,"max_hp_loss":0.0,"gold_gain":0.0,"event_name":"Golden Wing","player_choice":"Card Removal","floor":4.0,"gold_loss":0.0,"damage_taken":7.0},{"damage_healed":0.0,"max_hp_gain":0.0,"max_hp_loss":0.0,"gold_gain":0.0,"event_name":"Mushrooms","player_choice":"Fought Mushrooms","floor":14.0,"gold_loss":0.0,"damage_taken":0.0}],"is_beta":false,"boss_relics":[],"items_purged_floors":[12],"is_endless":false,"potions_floor_spawned":[3,5,10,11],"killed_by":"Hexaghost","ascension_level":20}}