{"host":"21h5e52imz35vo8g","time":1612361196,"event":{"mods":["AchievementEnabler","BaseMod","Colored Map","Colored Powertips","Googly Eyes","Minty Spire (QoL Compilation)","Quick Restart","Rare Cards Sparkle","Replay The Spire","StSLib"],"gold_per_floor":[110,32,32,7,27,27,54,4,4,4,4,4,26,69,69,184,184,190,190],"floor_reached":18,"language":"ZHS","playtime":466,"items_purged":[],"score":258,"play_id":"da1491ff-b878-496e-a2c6-939abe554cd0","local_time":"20210203220636","is_ascension_mode":true,"campfire_choices":[{"data":"Hologram","floor":6,"key":"SMITH"},{"data":"Flex","floor":11,"key":"SMITH"},{"data":"Heavy Blade","floor":15,"key":"SMITH"}],"circlet_count":0,"master_deck":["Strike_R","Strike_R","Strike_R","Strike_R","Defend_R","Defend_R","Defend_R","Bash","Rampage","Flex+1","Cleave","Self Repair+1","Rebound","Hologram+1","Clothesline","Heavy Blade+1","Reaper","CurseOfTheBell"],"relics":["NeowsBlessing","Iron Core","Torii","Replay:Bandana","StoneCalendar","Incense Burner","Calling Bell","ReplayFunnel","Mirror","Durian"],"acts_visited":["Exordium","TheCity"],"potions_floor_usage":[13,14],"damage_taken":[{"damage":0,"enemies":"2 Louse","floor":1,"turns":1},{"damage":0,"enemies":"Small Slimes","floor":5,"turns":1},{"damage":0,"enemies":"Gremlin Nob","floor":7,"turns":1},{"damage":0,"enemies":"Cultist","floor":13,"turns":2},{"damage":21,"enemies":"3 Sentries","floor":14,"turns":5},{"damage":47,"enemies":"Hexaghost","floor":16,"turns":7},{"damage":0,"enemies":"Shell Parasite","floor":18,"turns":2}],"seed_played":"1040332661822264831","potions_obtained":[{"floor":7,"key":"AttackPotion"},{"floor":13,"key":"Fruit Juice"}],"is_trial":false,"path_per_floor":["M","$","?","$","M","R","E","?","T","?","R","?","M","E","R","B",null,"M"],"character_chosen":"IRONCLAD","items_purchased":["Flex","Cleave","Rebound"],"campfire_rested":0,"item_purchase_floors":[2,2,4],"current_hp_per_floor":[78,78,78,78,78,78,78,78,78,78,78,78,83,72,72,35,78,78,78],"gold":190,"neow_bonus":"THREE_ENEMY_KILL","is_daily":false,"chose_seed":false,"campfire_upgraded":3,"win_rate":0.0,"timestamp":1612361196,"path_taken":["M","$","?","$","M","R","E","?","T","?","R","?","?","E","R","BOSS","M"],"items_purchased_type":["Card","Card","Card"],"build_version":"2020-12-22","purchased_purges":0,"victory":false,"max_hp_per_floor":[80,80,80,80,80,80,80,80,80,80,80,80,85,85,85,85,90,90,90],"card_choices":[{"not_picked":["Wild Strike","Flex"],"picked":"Rampage","floor":1},{"not_picked":["Reckless Charge","Flame Barrier"],"picked":"Hologram","floor":5},{"not_picked":["Entrench","Sword Boomerang","Replay:Undeath\u0027s Touch"],"picked":"SKIP","floor":7},{"not_picked":["ReplayTheSpireMod:Repulse","Twin Strike"],"picked":"Heavy Blade","floor":13},{"not_picked":["Sword Boomerang","Rebound","Capacitor"],"picked":"SKIP","floor":14},{"not_picked":["Barricade","Hemogenesis"],"picked":"Reaper","floor":16}],"player_experience":363640,"relics_obtained":[{"floor":7,"key":"Torii"},{"floor":9,"key":"Replay:Bandana"},{"floor":14,"key":"Incense Burner"},{"floor":17,"key":"ReplayFunnel"},{"floor":17,"key":"Mirror"},{"floor":17,"key":"Durian"}],"event_choices":[{"cards_removed":["Strike_R"],"damage_healed":0,"gold_gain":0,"player_choice":"Card Removal","damage_taken":0,"max_hp_gain":0,"max_hp_loss":0,"event_name":"The Cleric","floor":8,"gold_loss":50},{"damage_healed":0,"gold_gain":0,"player_choice":"Searched \u00272\u0027 times","damage_taken":0,"relics_obtained":["StoneCalendar"],"max_hp_gain":0,"max_hp_loss":0,"event_name":"Dead Adventurer","floor":10,"gold_loss":0},{"damage_healed":0,"gold_gain":0,"cards_transformed":["Defend_R"],"player_choice":"Transformed","damage_taken":0,"max_hp_gain":0,"max_hp_loss":0,"event_name":"Transmorgrifier","floor":12,"gold_loss":0,"cards_obtained":["Clothesline"]}],"is_beta":false,"boss_relics":[{"not_picked":["Replay:Bronze Core","Electric Blood"],"picked":"Calling Bell"}],"items_purged_floors":[],"is_endless":false,"potions_floor_spawned":[7,13],"killed_by":"Shell Parasite","ascension_level":7}}