{"host":"4qkvkh7pd9qr2mca","time":1612392085,"event":{"mods":["AchievementEnabler","Act Like it!","BaseMod","Colored Map","Colored Powertips","Highlight Path","Minty Spire (QoL Compilation)","Pale of the Ancients","Permanent Neow","Quick Restart","Relic Stats","StSLib","SuperFastMode"],"gold_per_floor":[118,130,130,149,149,149,183,183,234,249,249,274,274,37,37,114,114,124,124,139,139,139,139],"floor_reached":22,"language":"ENG","playtime":765,"items_purged":[],"score":434,"play_id":"d01c19b9-e19a-4a8b-ad74-5aa3e999529d","local_time":"20210203234125","is_ascension_mode":true,"campfire_choices":[{"floor":6.0,"key":"REST"},{"floor":8.0,"key":"REST"},{"data":"Dualcast","floor":11.0,"key":"SMITH"},{"data":"Echo Form","floor":13.0,"key":"SMITH"},{"data":"Self Repair","floor":15.0,"key":"SMITH"}],"circlet_count":0,"master_deck":["AscendersBane","Strike_B+1","Strike_B","Strike_B","Strike_B","Defend_B","Defend_B","Defend_B+1","Defend_B+1","Zap+1","Dualcast+1","Echo Form+1","Coolheaded+1","Sunder+1","Turbo","FTL","Gash","Capacitor","Echo Form+1","Self Repair+1","All For One","Coolheaded+1"],"relics":["Cracked Core","Potion Belt","War Paint","Darkstone Periapt","DollysMirror","Nuclear Battery","Enchiridion"],"acts_visited":["Exordium","TheCity"],"potions_floor_usage":[22,22],"damage_taken":[{"damage":4.0,"enemies":"Jaw Worm","floor":1.0,"turns":5.0},{"damage":0.0,"enemies":"Cultist","floor":2.0,"turns":3.0},{"damage":3.0,"enemies":"2 Louse","floor":4.0,"turns":2.0},{"damage":21.0,"enemies":"Lagavulin","floor":7.0,"turns":7.0},{"damage":5.0,"enemies":"Looter","floor":10.0,"turns":3.0},{"damage":0.0,"enemies":"3 Sentries","floor":12.0,"turns":5.0},{"damage":36.0,"enemies":"The Guardian","floor":16.0,"turns":10.0},{"damage":34.0,"enemies":"Shell Parasite","floor":18.0,"turns":5.0},{"damage":21,"enemies":"2 Thieves","floor":20,"turns":3},{"damage":33,"enemies":"Shelled Parasite and Fungi","floor":22,"turns":3}],"seed_played":"7736765324543153161","potions_obtained":[{"floor":7.0,"key":"BlessingOfTheForge"},{"floor":10.0,"key":"FocusPotion"},{"floor":12.0,"key":"Regen Potion"},{"floor":16.0,"key":"Dexterity Potion"}],"is_trial":false,"path_per_floor":["M","M","?","M","?","R","E","R","T","M","R","E","R","$","R","B",null,"M","?","M","?","M"],"character_chosen":"DEFECT","items_purchased":["DollysMirror","Self Repair"],"campfire_rested":2,"item_purchase_floors":[14,14],"current_hp_per_floor":[60,60,60,57,36,57,36,57,57,52,52,52,52,52,52,36,62,48,27,16,16,0,0],"gold":139,"neow_bonus":"ONE_RANDOM_RARE_CARD","is_daily":false,"chose_seed":false,"campfire_upgraded":3,"win_rate":0.0,"timestamp":1612392085,"path_taken":["M","M","?","M","?","R","E","R","T","M","R","E","R","$","R","BOSS","M","?","M","?","?"],"items_purchased_type":["Relic","Card"],"build_version":"2020-12-22","purchased_purges":0,"victory":false,"max_hp_per_floor":[71,71,71,71,71,71,71,71,71,71,71,71,71,71,71,71,71,71,71,71,71,71,71],"relic_stats":{"Darkstone Periapt":0,"counters":[10,46],"War Paint":["Defend_B","Zap"],"obtain_stats":[{"Potion Belt":7,"Darkstone Periapt":12,"DollysMirror":14,"Enchiridion":19,"War Paint":9,"Cracked Core":0,"Nuclear Battery":17},{"Potion Belt":4,"Darkstone Periapt":6,"DollysMirror":6,"Enchiridion":8,"War Paint":4,"Cracked Core":0,"Nuclear Battery":7},{"Potion Belt":17,"Darkstone Periapt":25,"DollysMirror":25,"Enchiridion":40,"War Paint":17,"Cracked Core":0,"Nuclear Battery":35}]},"card_choices":[{"not_picked":["Redo","Ball Lightning"],"picked":"Coolheaded","floor":1.0},{"not_picked":["Ball Lightning","Consume"],"picked":"Sunder","floor":2.0},{"not_picked":["Steam Power","Recycle"],"picked":"Turbo","floor":4.0},{"not_picked":["Gash","Cold Snap"],"picked":"FTL","floor":7.0},{"not_picked":["Ball Lightning","Turbo"],"picked":"Gash","floor":10.0},{"not_picked":["Compile Driver","Stack"],"picked":"Capacitor","floor":12.0},{"not_picked":["Thunder Strike","Fission"],"picked":"All For One","floor":16.0},{"not_picked":["Rebound","Sweeping Beam+1","Static Discharge"],"picked":"SKIP","floor":18.0},{"not_picked":["Sweeping Beam","Go for the Eyes"],"picked":"Coolheaded+1","floor":20}],"player_experience":620160,"relics_obtained":[{"floor":7.0,"key":"Potion Belt"},{"floor":9.0,"key":"War Paint"},{"floor":12.0,"key":"Darkstone Periapt"},{"floor":19.0,"key":"Enchiridion"}],"event_choices":[{"damage_healed":0.0,"max_hp_gain":0.0,"max_hp_loss":0.0,"gold_gain":0.0,"event_name":"Living Wall","player_choice":"Grow","floor":3.0,"gold_loss":0.0,"damage_taken":0.0,"cards_upgraded":["Sunder"]},{"damage_healed":0.0,"max_hp_gain":0.0,"max_hp_loss":0.0,"gold_gain":0.0,"event_name":"Shining Light","player_choice":"Entered Light","floor":5.0,"gold_loss":0.0,"damage_taken":21.0,"cards_upgraded":["Strike_B","Defend_B"]},{"damage_healed":0.0,"max_hp_gain":0.0,"max_hp_loss":0.0,"gold_gain":0.0,"event_name":"Cursed Tome","player_choice":"Obtained Book","floor":19.0,"gold_loss":0.0,"damage_taken":21.0},{"damage_healed":0,"gold_gain":0,"player_choice":"Forge","damage_taken":0,"max_hp_gain":0,"max_hp_loss":0,"event_name":"Accursed Blacksmith","floor":21,"gold_loss":0,"cards_upgraded":["Coolheaded"]}],"is_beta":false,"boss_relics":[{"not_picked":["Ectoplasm","Velvet Choker"],"picked":"Nuclear Battery"}],"items_purged_floors":[],"is_endless":false,"potions_floor_spawned":[7,10,12,16,20],"killed_by":"Shelled Parasite and Fungi","ascension_level":20}}