{"host":"uc8wz0q199a7d901","time":1612337548,"event":{"mods":["2.2 Compatiblity","BaseMod","Colored Map","DeckTracker","Highlight Path","Minty Spire (QoL Compilation)","Permanent Neow","Quick Restart","SuperFastMode"],"gold_per_floor":[363,374,384,384,24,24,53,53,100,172,189,201,201,75,75,149,149,160,80,96,21,21,21],"floor_reached":22,"language":"KOR","playtime":463,"items_purged":["Writhe"],"score":368,"play_id":"150e034d-4c8f-42ce-bbe8-ce2ff5d29f31","local_time":"20210203163228","is_ascension_mode":true,"campfire_choices":[{"data":"Doom and Gloom","floor":6,"key":"SMITH"},{"floor":8,"key":"REST"},{"floor":13,"key":"REST"},{"data":"Fission","floor":15,"key":"SMITH"}],"circlet_count":0,"master_deck":["AscendersBane","Strike_B+1","Defend_B","Defend_B","Zap","Dualcast","Conserve Battery","Gash+1","Aggregate","Doom and Gloom+1","Ball Lightning","Fission+1","Coolheaded","Hello World","Chill","Electrodynamics+1","Double Energy+1","Echo Form+1","Coolheaded","Loop","Recycle","Scrape","Rebound"],"relics":["Cracked Core","Mummified Hand","Vajra","Whetstone","Astrolabe"],"acts_visited":["Exordium","TheCity"],"potions_floor_usage":[16,20],"damage_taken":[{"damage":2.0,"enemies":"Cultist","floor":1.0,"turns":4.0},{"damage":4.0,"enemies":"Jaw Worm","floor":2.0,"turns":5.0},{"damage":2.0,"enemies":"2 Louse","floor":3.0,"turns":3.0},{"damage":33,"enemies":"3 Sentries","floor":7,"turns":7},{"damage":14,"enemies":"Exordium Wildlife","floor":11,"turns":3},{"damage":7,"enemies":"Large Slime","floor":12,"turns":3},{"damage":31,"enemies":"Hexaghost","floor":16,"turns":9},{"damage":25,"enemies":"Shell Parasite","floor":18,"turns":3},{"damage":4,"enemies":"Spheric Guardian","floor":20,"turns":3},{"damage":28,"enemies":"Shelled Parasite and Fungi","floor":22,"turns":2}],"seed_played":"-1156896281037829500","potions_obtained":[{"floor":3.0,"key":"PotionOfCapacity"},{"floor":7,"key":"PowerPotion"},{"floor":12,"key":"CultistPotion"},{"floor":16,"key":"SkillPotion"}],"is_trial":false,"path_per_floor":["M","M","M","?","$","R","E","R","T","?","M","M","R","$","R","B",null,"M","$","M","?","M"],"character_chosen":"DEFECT","items_purchased":["Mummified Hand","Hello World","Chill","Loop"],"campfire_rested":2,"item_purchase_floors":[5,14,14,19],"current_hp_per_floor":[62,58,56,56,56,56,23,44,44,44,30,23,44,44,44,13,57,32,32,28,28,0,0],"gold":21,"neow_bonus":"TWO_FIFTY_GOLD","is_daily":false,"chose_seed":false,"campfire_upgraded":2,"win_rate":0.0,"timestamp":1612337548,"path_taken":["M","M","?","?","$","R","E","R","T","?","?","M","R","$","R","BOSS","M","$","M","?","?"],"items_purchased_type":["Relic","Card","Card","Card"],"build_version":"2020-12-22","purchased_purges":1,"victory":false,"max_hp_per_floor":[71,71,71,71,71,71,71,71,71,71,71,71,71,71,71,71,71,71,71,71,71,71,71],"card_choices":[{"not_picked":["Stack","Auto Shields"],"picked":"Conserve Battery","floor":1.0},{"not_picked":["Beam Cell","Hologram"],"picked":"Gash","floor":2.0},{"not_picked":["White Noise","Steam Power"],"picked":"Aggregate","floor":3.0},{"not_picked":["Blizzard","Go for the Eyes"],"picked":"Ball Lightning","floor":7},{"not_picked":["Beam Cell","Hologram"],"picked":"Fission","floor":11},{"not_picked":["Stack","Sunder"],"picked":"Coolheaded","floor":12},{"not_picked":["Core Surge","Multi-Cast"],"picked":"Echo Form","floor":16},{"not_picked":["Cold Snap","Streamline"],"picked":"Coolheaded","floor":18},{"not_picked":["Conserve Battery","Gash+1"],"picked":"Recycle","floor":20}],"player_experience":719093,"relics_obtained":[{"floor":7,"key":"Vajra"},{"floor":9,"key":"Whetstone"}],"event_choices":[{"damage_healed":0,"gold_gain":0,"cards_transformed":["Strike_B"],"player_choice":"Change","damage_taken":0,"max_hp_gain":0,"max_hp_loss":0,"event_name":"Living Wall","floor":4,"gold_loss":0,"cards_obtained":["Doom and Gloom"]},{"damage_healed":0,"gold_gain":72,"player_choice":"Gained Gold","damage_taken":0,"max_hp_gain":0,"max_hp_loss":0,"event_name":"Golden Wing","floor":10,"gold_loss":0},{"damage_healed":0,"gold_gain":0,"cards_transformed":["Echo Form","Strike_B"],"player_choice":"Transformed Cards","damage_taken":0,"max_hp_gain":0,"max_hp_loss":0,"event_name":"Designer","floor":21,"gold_loss":75,"cards_obtained":["Scrape","Rebound"]}],"is_beta":false,"boss_relics":[{"not_picked":["Tiny House","Philosopher\u0027s Stone"],"picked":"Astrolabe"}],"items_purged_floors":[5],"is_endless":false,"potions_floor_spawned":[3,7,12,16],"killed_by":"Shelled Parasite and Fungi","ascension_level":20}}