{"host":"kvo7eymyd21g9abd","time":1612313096,"event":{"mods":["AchievementEnabler","BaseMod","Bestiary","Colored Map","Minty Spire (QoL Compilation)","StSLib"],"gold_per_floor":[114,114,132,143,143,143,155,182,208,218,231,250,250,263,263,263,263],"floor_reached":16,"language":"ENG","playtime":521,"items_purged":[],"score":133,"play_id":"d04f6543-1913-4613-98d6-c7ddf9d07d71","local_time":"20210202194456","is_ascension_mode":true,"campfire_choices":[{"floor":6,"key":"RECALL"},{"floor":15,"key":"REST"}],"circlet_count":0,"master_deck":["Strike_B","Strike_B","Strike_B","Defend_B","Defend_B","Defend_B","Defend_B","Zap","Dualcast","FTL","Leap","Creative AI","Seek","Streamline","Leap","Self Repair","Thunder Strike","Melter"],"relics":["Cracked Core","PreservedInsect","Bronze Scales"],"acts_visited":["Exordium"],"potions_floor_usage":[8,14,14,14],"damage_taken":[{"damage":0,"enemies":"Jaw Worm","floor":1,"turns":3},{"damage":1,"enemies":"Cultist","floor":3,"turns":3},{"damage":6,"enemies":"2 Louse","floor":4,"turns":2},{"damage":0,"enemies":"Red Slaver","floor":7,"turns":4},{"damage":65,"enemies":"3 Sentries","floor":8,"turns":10},{"damage":19,"enemies":"Large Slime","floor":10,"turns":5},{"damage":11,"enemies":"Looter","floor":11,"turns":2},{"damage":7,"enemies":"Lots of Slimes","floor":12,"turns":3},{"damage":0,"enemies":"Exordium Thugs","floor":14,"turns":6},{"damage":38,"enemies":"Slime Boss","floor":16,"turns":3}],"seed_played":"3566155480173026488","potions_obtained":[{"floor":0,"key":"Energy Potion"},{"floor":0,"key":"FairyPotion"},{"floor":0,"key":"EssenceOfSteel"},{"floor":11,"key":"SkillPotion"},{"floor":12,"key":"ColorlessPotion"}],"is_trial":false,"path_per_floor":["M","?","M","M","T","R","M","E","T","M","M","M","?","M","R","B"],"character_chosen":"DEFECT","items_purchased":[],"campfire_rested":1,"item_purchase_floors":[],"current_hp_per_floor":[75,75,74,68,68,68,68,3,3,21,10,3,3,10,32,0,0],"gold":263,"neow_bonus":"THREE_SMALL_POTIONS","is_daily":false,"chose_seed":false,"campfire_upgraded":0,"win_rate":0.0,"timestamp":1612313096,"path_taken":["M","?","?","M","?","R","M","E","T","M","M","M","?","M","R","BOSS"],"items_purchased_type":[],"build_version":"2020-12-22","purchased_purges":0,"victory":false,"max_hp_per_floor":[75,75,75,75,75,75,75,75,75,75,75,75,75,75,75,75,75],"card_choices":[{"not_picked":["Compile Driver","Tempest"],"picked":"FTL","floor":1},{"not_picked":["Turbo","Multi-Cast","Barrage"],"picked":"SKIP","floor":3},{"not_picked":["Blizzard","Turbo"],"picked":"Leap","floor":4},{"not_picked":["Chaos","Sunder"],"picked":"Creative AI","floor":7},{"not_picked":["Blizzard","Recycle"],"picked":"Seek","floor":8},{"not_picked":["Ball Lightning","Hologram"],"picked":"Streamline","floor":10},{"not_picked":["Barrage","Skim"],"picked":"Leap","floor":11},{"not_picked":["Conserve Battery","Steam Power"],"picked":"Self Repair","floor":12},{"not_picked":["Leap","Turbo"],"picked":"Melter","floor":14}],"player_experience":443488,"relics_obtained":[{"floor":5,"key":"PreservedInsect"},{"floor":8,"key":"Bronze Scales"}],"event_choices":[{"damage_healed":0,"gold_gain":0,"player_choice":"Full Heal","damage_taken":0,"max_hp_gain":0,"max_hp_loss":0,"event_name":"Wheel of Change","floor":2,"gold_loss":0},{"damage_healed":0,"gold_gain":0,"cards_transformed":["Strike_B"],"player_choice":"Transformed","damage_taken":0,"max_hp_gain":0,"max_hp_loss":0,"event_name":"Transmorgrifier","floor":13,"gold_loss":0,"cards_obtained":["Thunder Strike"]}],"is_beta":false,"boss_relics":[],"items_purged_floors":[],"is_endless":false,"potions_floor_spawned":[1,3,4,11,12],"killed_by":"Slime Boss","ascension_level":5}}