{"host":"lehbxtjrpalkmwwj","time":1612361106,"event":{"mods":["Aspiration","BaseMod","Colored Map","Colored Powertips","Conspire","GungeonMod","KomeijiMod","Lobotomy","Minty Spire (QoL Compilation)","Quick Restart","Replay The Spire","Shop Mod","StSLib","The Cursed","The Poker Player","[IsaacMod]ÒÔÈö¼âËþ"],"gold_per_floor":[117,137,137,137,137,170,170,187,240,240,299,314,314,347,378,473,473,491,501,519,578,301,416,416,416,471,519,549,559,590,606,606,709,709,719,719,730,133,152,275,309,309,309,309,329,358,358,171,171,171,171,171,70,156,156,156,156],"floor_reached":55,"language":"ZHS","playtime":3275,"items_purged":["Parasite"],"score":667,"play_id":"2b0cea9d-24d9-4116-bdee-e97da6d71cee","local_time":"20210203220506","is_ascension_mode":false,"metric_token":1046,"campfire_choices":[{"floor":7.0,"key":"RECALL"},{"data":"PokerPlayerMod:Diamond5","floor":10.0,"key":"SMITH"},{"data":"Armaments","floor":25.0,"key":"SMITH"},{"data":"Searching","floor":32.0,"key":"SMITH"},{"data":"Infinite Blades","floor":47.0,"key":"SMITH"},{"data":"Doppelganger","floor":49.0,"key":"SMITH"},{"data":"Justitia","floor":52.0,"key":"SMITH"}],"circlet_count":0,"master_deck":["PokerPlayerMod:Diamond1","PokerPlayerMod:Diamond2","PokerPlayerMod:Diamond3","PokerPlayerMod:Diamond4","PokerPlayerMod:Diamond6","PokerPlayerMod:Spade1","PokerPlayerMod:Spade2","PokerPlayerMod:Spade4","PokerPlayerMod:Spade4","PokerPlayerMod:Club1","PokerPlayerMod:Club2","PokerPlayerMod:Heart2","PokerPlayerMod:TrumpStrike+1","PokerPlayerMod:BadJoker+1","PokerPlayerMod:Mulligan+1","PokerPlayerMod:Club8","PokerPlayerMod:Diamond2","PokerPlayerMod:Heart10+","Flash of Steel+1","Armaments+1","PokerPlayerMod:Diamond5","PokerPlayerMod:Diamond8","PokerPlayerMod:Club3","Searching+1","PokerPlayerMod:Club4","PokerPlayerMod:Club6","PokerPlayerMod:Spade9","PokerPlayerMod:Heart6","PokerPlayerMod:Club3","TheCursedMod:CursedArmor","PokerPlayerMod:Diamond9","Infinite Blades+1","TheCursedMod:Stigma","PokerPlayerMod:Diamond6","Wingbeat+1","Doppelganger+1","Justitia+1","PokerPlayerMod:Promotion+1","Hemokinesis+1","KinbakuJin+1","PokerPlayerMod:Spade5","PokerPlayerMod:HeartStrike","PokerPlayerMod:Diamond6","PokerPlayerMod:Diamond8","PokerPlayerMod:Diamond3","Calculated Gamble+1","PokerPlayerMod:Diamond4","PokerPlayerMod:Diamond4","PokerPlayerMod:ChangeRules+1","PokerPlayerMod:DamnStraight+1","PokerPlayerMod:Trickery","PokerPlayerMod:Diamond3","PokerPlayerMod:Diamond9"],"relics":["PokerPlayerMod:DeckCase","HushsDoor","TuHaoJin","Gambling Chip","PrismaticShard","War Paint","PokerPlayerMod:BrokenClock","BookOfRevelations","Sundial","DemoMod:SerJunkan","DemoMod:Junk","Coffee Dripper","UnicornStump","DemoMod:MonsterBlood","Whetstone","Clue","Sozu","GuppysHead","DemoMod:GundromedaStrain","PokerPlayerMod:PenAndEraser","ReplayTheSpireMod:Lightbulb","Divine Protection"],"acts_visited":["Exordium","TheCity","TheBeyond","TheEnding"],"potions_floor_usage":[55,55,55],"damage_taken":[{"damage":0.0,"enemies":"Jaw Worm","floor":1.0,"turns":1.0},{"damage":0.0,"enemies":"2 Louse","floor":2.0,"turns":2.0},{"damage":0.0,"enemies":"Gremlin Nob","floor":6.0,"turns":3.0},{"damage":0.0,"enemies":"Small Slimes","floor":8.0,"turns":2.0},{"damage":9.0,"enemies":"3 Sentries","floor":11.0,"turns":8.0},{"damage":0.0,"enemies":"Looter","floor":12.0,"turns":2.0},{"damage":19.0,"enemies":"Lagavulin","floor":14.0,"turns":4.0},{"damage":21.0,"enemies":"conspire:MimicChest","floor":15.0,"turns":6.0},{"damage":36.0,"enemies":"Slime Boss","floor":16.0,"turns":6.0},{"damage":0.0,"enemies":"Spheric Guardian","floor":18.0,"turns":3.0},{"damage":30.0,"enemies":"Chosen","floor":19.0,"turns":6.0},{"damage":7.0,"enemies":"Snake Plant","floor":20.0,"turns":3.0},{"damage":2.0,"enemies":"Centurion and Healer","floor":21.0,"turns":6.0},{"damage":55.0,"enemies":"Gremlin Leader","floor":23.0,"turns":8.0},{"damage":9.0,"enemies":"Replay:Snechameleon","floor":28.0,"turns":6.0},{"damage":0.0,"enemies":"Chosen and Byrds","floor":29.0,"turns":5.0},{"damage":26.0,"enemies":"conspire:SneckoGhost","floor":30.0,"turns":5.0},{"damage":13.0,"enemies":"conspire:HollyBat","floor":31.0,"turns":10.0},{"damage":6.0,"enemies":"Collector","floor":33.0,"turns":10.0},{"damage":0.0,"enemies":"3 Shapes","floor":35.0,"turns":1.0},{"damage":0.0,"enemies":"Orb Walker","floor":37.0,"turns":2.0},{"damage":6.0,"enemies":"Maw","floor":39.0,"turns":5.0},{"damage":12.0,"enemies":"Nemesis","floor":40.0,"turns":5.0},{"damage":8.0,"enemies":"4 Shapes","floor":41.0,"turns":2.0},{"damage":0.0,"enemies":"Transient","floor":45.0,"turns":5.0},{"damage":0.0,"enemies":"Writhing Mass","floor":46.0,"turns":4.0},{"damage":2.0,"enemies":"Replay:Hell Engine","floor":50.0,"turns":9.0},{"damage":10.0,"enemies":"Shield and Spear","floor":54.0,"turns":4.0},{"damage":60,"enemies":"LittleHush","floor":55,"turns":11}],"seed_played":"924118905529285294","potions_obtained":[{"floor":2.0,"key":"Fire Potion"},{"floor":12.0,"key":"ColorlessPotion"},{"floor":15.0,"key":"Fire Potion"},{"floor":18.0,"key":"DuplicationPotion"},{"floor":21.0,"key":"CalmPotion"},{"floor":27.0,"key":"CalmPotion"},{"floor":29.0,"key":"Energy Potion"}],"is_trial":false,"path_per_floor":["M","M","?","?","?","E","R","M","T","R","?","M","T","E","R_BF","B",null,"M","M","M","M","$","E","?","R","T","?","E","M","E","M","R","B",null,"M","?","M","$","M","E","M","?","T","?","M","M","R","$","R","B",null,"R","$","E","B"],"character_chosen":"THE_POKER_PLAYER","items_purchased":["PokerPlayerMod:Club3","UnicornStump","GuppysHead","PokerPlayerMod:Promotion","DemoMod:GundromedaStrain","PokerPlayerMod:HeartStrike","PokerPlayerMod:Diamond6","PokerPlayerMod:PenAndEraser","PokerPlayerMod:ChangeRules+1","PokerPlayerMod:DamnStraight+1","PokerPlayerMod:Trickery"],"campfire_rested":0,"item_purchase_floors":[22,22,34,34,38,38,38,38,48,53,53],"current_hp_per_floor":[47,47,47,32,32,32,32,44,44,44,38,47,47,40,30,8,47,47,22,28,38,38,18,12,12,12,12,26,45,32,41,41,52,40,40,40,40,40,36,28,36,36,36,36,40,40,40,37,37,35,37,37,37,27,0,0,0],"gold":156,"neow_bonus":"ONE_RARE_RELIC","is_daily":false,"chose_seed":false,"campfire_upgraded":6,"win_rate":0.0,"timestamp":1612361106,"path_taken":["M","M","?","?","?","E","R","?","T","R","?","M","?","E","R_BF","BOSS","M","M","M","M","$","E","?","R","T","?","E","M","E","?","R","BOSS","M","?","M","$","M","E","M","?","T","?","M","M","R","$","R","BOSS","R","$","E","BOSS"],"items_purchased_type":["Card","Relic","Relic","Card","Relic","Card","Card","Relic","Card","Card","Card"],"build_version":"2020-12-22","purchased_purges":1,"victory":false,"max_hp_per_floor":[47,47,47,47,47,47,47,47,47,47,47,47,47,47,47,47,47,47,47,47,47,47,54,54,54,54,54,54,54,54,54,54,54,40,40,40,40,40,40,40,40,40,40,40,40,40,40,37,37,37,37,37,37,37,37,37,37],"card_choices":[{"not_picked":[],"picked":"ChaosCard","floor":0.0},{"not_picked":["PokerPlayerMod:CloakAndDiamond","PokerPlayerMod:Fold"],"picked":"PokerPlayerMod:Club5","floor":1.0},{"not_picked":["PokerPlayerMod:Fold","PokerPlayerMod:Spade2"],"picked":"PokerPlayerMod:Diamond2","floor":2.0},{"not_picked":["PokerPlayerMod:Club1","PokerPlayerMod:Spade6"],"picked":"PokerPlayerMod:Heart10+","floor":6.0},{"not_picked":["Pleasure","TheCursedMod:Hemoplague"],"picked":"Flash of Steel","floor":8.0},{"not_picked":["TricksterDevil","Crescendo"],"picked":"Armaments","floor":11.0},{"not_picked":["KimairaNoYoku","PokerPlayerMod:Raise"],"picked":"PokerPlayerMod:Diamond5","floor":12.0},{"not_picked":["DemoMod:LifeOrb","Loneliness"],"picked":"PokerPlayerMod:Diamond5","floor":14.0},{"not_picked":["PokerPlayerMod:Spade2","Mishyaguji+1"],"picked":"PokerPlayerMod:Club3","floor":15.0},{"not_picked":["Venomology","TheCursedMod:ShockAndAwe"],"picked":"Searching","floor":16.0},{"not_picked":["ThirdEye","PokerPlayerMod:Spade2"],"picked":"PokerPlayerMod:Club4","floor":18.0},{"not_picked":["PokerPlayerMod:Diamond4","PokerPlayerMod:Spade4"],"picked":"PokerPlayerMod:Club6","floor":19.0},{"not_picked":["DemoMod:BoxingGlove","Agarareta+1"],"picked":"PokerPlayerMod:Spade9","floor":20.0},{"not_picked":["PokerPlayerMod:Spade1","Finisher"],"picked":"PokerPlayerMod:Heart6","floor":21.0},{"not_picked":["BloodCollect","Violence"],"picked":"TheCursedMod:CursedArmor","floor":23.0},{"not_picked":["Fan","Footwork"],"picked":"PokerPlayerMod:Diamond9","floor":27.0},{"not_picked":["DemoMod:HungryBullets","PokerPlayerMod:Diamond2"],"picked":"Infinite Blades","floor":28.0},{"not_picked":["PokerPlayerMod:Spade1","Turbo"],"picked":"TheCursedMod:Stigma","floor":29.0},{"not_picked":["DemoMod:Unmoved+1","PokerPlayerMod:Spade2"],"picked":"PokerPlayerMod:Diamond6","floor":30.0},{"not_picked":["Logging","NingyouSousou+1"],"picked":"Wingbeat+1","floor":31.0},{"not_picked":["conspire:HitWhereItHurts","PokerPlayerMod:Diamond8"],"picked":"Doppelganger","floor":33.0},{"not_picked":["PokerPlayerMod:Heart10+","PokerPlayerMod:Diamond9"],"picked":"Justitia","floor":33.0},{"not_picked":["PokerPlayerMod:Diamond1","PokerPlayerMod:Heart1"],"picked":"Hemokinesis+1","floor":35.0},{"not_picked":["PokerPlayerMod:CardBurn","FateConcerto"],"picked":"KinbakuJin+1","floor":37.0},{"not_picked":["PokerPlayerMod:Diamond1","TheCursedMod:ManaBullet+1"],"picked":"PokerPlayerMod:Spade5","floor":37.0},{"not_picked":["FlyingSleeves+1","PokerPlayerMod:Club4"],"picked":"PokerPlayerMod:Diamond8","floor":39.0},{"not_picked":["SeekerDolls","Establishment"],"picked":"PokerPlayerMod:Diamond3","floor":40.0},{"not_picked":["Soda","BasicCrystalCard"],"picked":"Calculated Gamble+1","floor":40.0},{"not_picked":["Melting+1","DemoMod:PotionOfGunFriendShip+1"],"picked":"PokerPlayerMod:Diamond4","floor":41.0},{"not_picked":["DemoMod:SAA+1","Replay:Cycle"],"picked":"PokerPlayerMod:Diamond4","floor":45.0},{"not_picked":["PokerPlayerMod:Diamond1","Fire Breathing","Blood for Blood"],"picked":"SKIP","floor":46.0},{"not_picked":["PokerPlayerMod:Diamond1","PokerPlayerMod:Heart2"],"picked":"PokerPlayerMod:Diamond3","floor":54.0},{"not_picked":["DemoMod:WhiteBlade","Compile Driver"],"picked":"PokerPlayerMod:Diamond9","floor":54.0}],"player_experience":110725,"relics_obtained":[{"floor":6.0,"key":"PokerPlayerMod:BrokenClock"},{"floor":13.0,"key":"Sundial"},{"floor":14.0,"key":"DemoMod:SerJunkan"},{"floor":15.0,"key":"DemoMod:Junk"},{"floor":23.0,"key":"DemoMod:MonsterBlood"},{"floor":26.0,"key":"DemoMod:Junk"},{"floor":27.0,"key":"DemoMod:Junk"},{"floor":28.0,"key":"DemoMod:Junk"},{"floor":30.0,"key":"Whetstone"},{"floor":31.0,"key":"Clue"},{"floor":40.0,"key":"ReplayTheSpireMod:Lightbulb"},{"floor":40.0,"key":"DemoMod:Junk"},{"floor":43.0,"key":"Divine Protection"},{"floor":45.0,"key":"DemoMod:Junk"},{"floor":54.0,"key":"DemoMod:Junk"}],"event_choices":[{"damage_healed":0.0,"max_hp_gain":0.0,"max_hp_loss":0.0,"gold_gain":0.0,"event_name":"Dead Adventurer","player_choice":"Searched \u00273\u0027 times","floor":11.0,"gold_loss":0.0,"damage_taken":0.0,"relics_obtained":["BookOfRevelations"]},{"damage_healed":0.0,"max_hp_gain":0.0,"max_hp_loss":0.0,"gold_gain":0.0,"event_name":"Knowing Skull","player_choice":"","floor":24.0,"potions_obtained":[],"gold_loss":0.0,"damage_taken":6.0,"cards_obtained":[]},{"damage_healed":0.0,"max_hp_gain":0.0,"max_hp_loss":0.0,"gold_gain":0.0,"event_name":"Upgrade Shrine","player_choice":"Upgraded","floor":36.0,"gold_loss":0.0,"damage_taken":0.0,"cards_upgraded":["PokerPlayerMod:Promotion"]},{"damage_healed":0.0,"max_hp_gain":0.0,"max_hp_loss":0.0,"gold_gain":0.0,"event_name":"conspire:Investor","player_choice":"Leave","floor":42.0,"gold_loss":0.0,"damage_taken":0.0},{"cards_removed":["PokerPlayerMod:HeartStrike"],"damage_healed":0.0,"max_hp_gain":0.0,"max_hp_loss":0.0,"gold_gain":0.0,"event_name":"Falling","player_choice":"Removed Attack","floor":44.0,"gold_loss":0.0,"damage_taken":0.0}],"is_beta":false,"boss_relics":[{"not_picked":["Honey Jar","ChampionBelt"],"picked":"Coffee Dripper"},{"not_picked":[]},{"not_picked":["Fusion Hammer","conspire:SpecialSausage"],"picked":"Sozu"},{"not_picked":[]}],"items_purged_floors":[48],"is_endless":false,"potions_floor_spawned":[2,12,15,18,21,28,29,29,35,39,41,46],"killed_by":"LittleHush","ascension_level":0}}