{"host":"r91i8wii3z9p67t1","time":1612371678,"event":{"mods":["BaseMod","Minty Spire (QoL Compilation)","Relic Stats","Replay The Spire","StSLib"],"gold_per_floor":[113,123,123,143,162,195,176,126,180,180,255,255,289,308,308,308,308],"floor_reached":16,"language":"ZHT","playtime":1779,"items_purged":[],"score":151,"play_id":"ea936f7d-6177-4aeb-93a5-ca765995ed42","local_time":"20210204010118","is_ascension_mode":true,"campfire_choices":[{"floor":15,"key":"REST"}],"circlet_count":0,"master_deck":["Strike_P","Strike_P","Defend_P","Defend_P","Defend_P","Defend_P","Eruption","Vigilance","FlyingSleeves+1","Replay:AtTheReady","Wireheading+1","EmptyBody","Replay:BluntJabs","Replay:Cycle","Evaluate","CutThroughFate","Halt"],"relics":["PureWater","Replay:Multitool","Juzu Bracelet","Letter Opener"],"acts_visited":["Exordium"],"potions_floor_usage":[6,16,16],"damage_taken":[{"damage":2.0,"enemies":"2 Louse","floor":1.0,"turns":2.0},{"damage":0.0,"enemies":"Cultist","floor":2.0,"turns":2.0},{"damage":7.0,"enemies":"Jaw Worm","floor":4.0,"turns":3.0},{"damage":13,"enemies":"Lots of Slimes","floor":5,"turns":4},{"damage":23,"enemies":"Lagavulin","floor":6,"turns":9},{"damage":7,"enemies":"Exordium Thugs","floor":7,"turns":4},{"damage":24,"enemies":"Gremlin Nob","floor":13,"turns":4},{"damage":0,"enemies":"2 Fungi Beasts","floor":14,"turns":3},{"damage":66,"enemies":"Fading Forest","floor":16,"turns":10}],"seed_played":"4919395725092937479","potions_obtained":[{"floor":1.0,"key":"AttackPotion"},{"floor":2.0,"key":"SkillPotion"},{"floor":13,"key":"Flashbang"}],"is_trial":false,"path_per_floor":["M","M","?","M","M","E","M","?","T","R","?","R","E","M","R","B"],"character_chosen":"WATCHER","items_purchased":[],"campfire_rested":1,"item_purchase_floors":[],"current_hp_per_floor":[70,70,70,63,50,27,20,20,20,43,32,55,31,31,54,0,0],"gold":308,"neow_bonus":"TEN_PERCENT_HP_BONUS","is_daily":false,"chose_seed":false,"campfire_upgraded":0,"win_rate":0.0,"timestamp":1612371678,"path_taken":["M","M","?","?","M","E","?","?","T","R","?","R","E","M","R","BOSS"],"items_purchased_type":[],"build_version":"2020-12-22","purchased_purges":0,"victory":false,"max_hp_per_floor":[79,79,79,79,79,79,79,79,79,79,79,79,79,79,79,79,79],"relic_stats":{"counters":[9,41],"Juzu Bracelet":0,"Letter Opener":[125],"obtain_stats":[{"Replay:Multitool":6,"Juzu Bracelet":9,"Letter Opener":13,"PureWater":0},{"Replay:Multitool":5,"Juzu Bracelet":6,"Letter Opener":7,"PureWater":0},{"Replay:Multitool":20,"Juzu Bracelet":24,"Letter Opener":28,"PureWater":0}]},"card_choices":[{"not_picked":["Pray","CrushJoints"],"picked":"FlyingSleeves","floor":1.0},{"not_picked":["Prostrate","Replay:ManipulateFuture"],"picked":"Replay:AtTheReady","floor":2.0},{"not_picked":["WreathOfFlame","Tantrum"],"picked":"EmptyBody","floor":4.0},{"not_picked":["Replay:AtTheReady","CrushJoints"],"picked":"Replay:BluntJabs","floor":5},{"not_picked":["Fasting2","Tantrum"],"picked":"Replay:Cycle","floor":6},{"not_picked":["FollowUp","DeceiveReality"],"picked":"Evaluate","floor":7},{"not_picked":["LikeWater","DeceiveReality"],"picked":"CutThroughFate","floor":13},{"not_picked":["SashWhip","Omniscience"],"picked":"Halt","floor":14}],"player_experience":960082,"relics_obtained":[{"floor":6,"key":"Replay:Multitool"},{"floor":9,"key":"Juzu Bracelet"},{"floor":13,"key":"Letter Opener"}],"event_choices":[{"damage_healed":0.0,"max_hp_gain":0.0,"max_hp_loss":0.0,"gold_gain":0.0,"cards_transformed":["Strike_P"],"event_name":"Transmorgrifier","player_choice":"Transformed","floor":3.0,"gold_loss":0.0,"damage_taken":0.0,"cards_obtained":["Wireheading"]},{"cards_removed":["Strike_P"],"damage_healed":0,"gold_gain":0,"player_choice":"Card Removal","damage_taken":0,"max_hp_gain":0,"max_hp_loss":0,"event_name":"The Cleric","floor":8,"gold_loss":50},{"damage_healed":0,"gold_gain":75,"player_choice":"Gather Gold","damage_taken":11,"max_hp_gain":0,"max_hp_loss":0,"event_name":"World of Goop","floor":11,"gold_loss":0}],"is_beta":false,"boss_relics":[],"items_purged_floors":[],"is_endless":false,"potions_floor_spawned":[1,2,13],"killed_by":"Fading Forest","ascension_level":7}}