{"host":"9kesdg97wkrx2bva","time":1612391254,"event":{"mods":["AchievementEnabler","BaseMod","Colored Map","GifTheSpireLib","Infinite Spire","Minty Spire (QoL Compilation)","Replay The Spire","StSLib"],"gold_per_floor":[114,134,68,68,85,85,85,85,85,97,5,5,18,42,42,116,116,150,168,168],"floor_reached":19,"language":"ENG","playtime":380,"items_purged":[],"score":397,"play_id":"c007795d-3071-4822-8cda-482b37fb9fe1","local_time":"20210203162734","is_ascension_mode":true,"campfire_choices":[{"data":"Zap","floor":6,"key":"SMITH"},{"data":"Barrage","floor":12,"key":"SMITH"},{"data":"ReplayTheSpireMod:Calculation Training","floor":15,"key":"SMITH"}],"circlet_count":0,"master_deck":["AscendersBane","Strike_B","Strike_B","Strike_B","Defend_B+1","Defend_B","Defend_B+1","Zap+1","Dualcast","Barrage+1","Ball Lightning","Defragment+1","Ball Lightning","White Noise","Capacitor","Barrage","ReplayTheSpireMod:Calculation Training+1","Leap","Creative AI","Writhe","Pain","Amnesia","Core Surge"],"relics":["Cracked Core","infinitespire:Midas Blood","Replay:Ancient Bell","Replay:Mystery Machine","Quantum Egg","Turnip"],"acts_visited":["Exordium","TheCity"],"potions_floor_usage":[18],"damage_taken":[{"damage":7,"enemies":"Jaw Worm","floor":1,"turns":3},{"damage":3,"enemies":"2 Louse","floor":2,"turns":2},{"damage":0,"enemies":"Small Slimes","floor":5,"turns":2},{"damage":3,"enemies":"Looter","floor":10,"turns":3},{"damage":0,"enemies":"Blue Slaver","floor":13,"turns":3},{"damage":12,"enemies":"Lots of Slimes","floor":14,"turns":3},{"damage":0,"enemies":"Slime Boss","floor":16,"turns":7},{"damage":53,"enemies":"2 Thieves","floor":18,"turns":5},{"damage":9,"enemies":"3 Byrds","floor":19,"turns":1}],"seed_played":"-718632073769357107","potions_obtained":[{"floor":10,"key":"SmokeBomb"},{"floor":13,"key":"Weak Potion"},{"floor":14,"key":"Venom Potion"},{"floor":16,"key":"Energy Potion"}],"is_trial":false,"path_per_floor":["M","M","$","?","M","R","?","?","T","M","$","R","M","M","R","B",null,"M","M"],"character_chosen":"DEFECT","items_purchased":["Defragment+1","Capacitor","Barrage"],"campfire_rested":0,"item_purchase_floors":[3,11,11],"current_hp_per_floor":[57,54,54,71,71,71,50,50,50,47,47,47,47,35,35,35,62,9,0,0],"gold":168,"neow_bonus":"REMOVE_CARD","is_daily":false,"chose_seed":false,"campfire_upgraded":3,"win_rate":0.0,"timestamp":1612391254,"path_taken":["M","M","$","?","M","R","?","?","T","M","$","R","M","M","R","BOSS","M","M"],"items_purchased_type":["Card","Card","Card"],"build_version":"2020-12-22","purchased_purges":0,"victory":false,"max_hp_per_floor":[71,71,71,71,71,71,71,71,71,71,71,71,71,71,71,71,71,71,71,71],"card_choices":[{"not_picked":["Leap","BasicCrystalCard"],"picked":"Barrage","floor":1},{"not_picked":["Sweeping Beam","Rebound"],"picked":"Ball Lightning","floor":2},{"not_picked":["Redo","Recycle"],"picked":"Ball Lightning","floor":5},{"not_picked":["Leap","Glacier"],"picked":"White Noise","floor":10},{"not_picked":["Skim","Gash"],"picked":"ReplayTheSpireMod:Calculation Training","floor":13},{"not_picked":["Streamline","ReplaySolidLightProjector"],"picked":"Leap","floor":14},{"not_picked":["Reboot","Rainbow"],"picked":"Creative AI","floor":16},{"not_picked":["CurseOfTheBell","Spreading Infection"],"picked":"Writhe","floor":17},{"not_picked":["Looming Evil","Hallucinations"],"picked":"Pain","floor":17},{"not_picked":["Looming Evil","Regret"],"picked":"Amnesia","floor":17},{"not_picked":["Crystallizer","Coolheaded"],"picked":"Core Surge","floor":18}],"player_experience":1004631,"relics_obtained":[{"floor":9,"key":"infinitespire:Midas Blood"}],"event_choices":[{"damage_healed":23,"gold_gain":0,"player_choice":"Banana","damage_taken":0,"max_hp_gain":0,"max_hp_loss":0,"event_name":"Big Fish","floor":4,"gold_loss":0},{"damage_healed":0,"gold_gain":0,"player_choice":"Entered Light","damage_taken":21,"max_hp_gain":0,"max_hp_loss":0,"event_name":"Shining Light","floor":7,"gold_loss":0,"cards_upgraded":["Defend_B","Defend_B"]},{"cards_removed":["Strike_B"],"damage_healed":0,"gold_gain":0,"player_choice":"Forget","damage_taken":0,"max_hp_gain":0,"max_hp_loss":0,"event_name":"Living Wall","floor":8,"gold_loss":0}],"is_beta":false,"boss_relics":[{"not_picked":["Black Star","SacredBark"],"picked":"Replay:Ancient Bell"},{"not_picked":["Tiny Chest","ReplayTheSpireMod:TigerMarble"],"picked":"Replay:Mystery Machine"},{"not_picked":["Replay:Ringing Soul","Replay:Bottled Snecko"],"picked":"Quantum Egg"},{"not_picked":["CaptainsWheel","infinitespire:Joker Card"],"picked":"Turnip"}],"items_purged_floors":[],"is_endless":false,"potions_floor_spawned":[10,13,14,16],"killed_by":"3 Byrds","ascension_level":18}}