{"host":"52lujqhsyicpcskq","time":1612370908,"event":{"mods":["BaseMod","Colored Map","Minty Spire (QoL Compilation)","Permanent Neow","StSLib","SuperFastMode","everything is the same but u backflip on backflip"],"gold_per_floor":[111,124,137,137,152,180,180,196,241,256,273,288,288,318,318,318,318],"floor_reached":16,"language":"KOR","playtime":444,"items_purged":[],"score":174,"play_id":"5cc40879-d003-4940-a1ca-bbe6b40f7690","local_time":"20210204014828","is_ascension_mode":true,"campfire_choices":[{"data":"Rampage","floor":7,"key":"SMITH"},{"floor":13,"key":"REST"},{"data":"Perfected Strike","floor":15,"key":"SMITH"}],"circlet_count":0,"master_deck":["AscendersBane","Strike_R","Strike_R","Strike_R","Strike_R","Defend_R","Defend_R","Defend_R","Defend_R","Bash","Twin Strike","Flex","Rampage+1","Twin Strike","Feel No Pain","Sword Boomerang","Twin Strike","Sever Soul","Perfected Strike+1"],"relics":["Burning Blood","Pen Nib","Lantern","Toxic Egg 2"],"acts_visited":["Exordium"],"potions_floor_usage":[6,8,16,16],"damage_taken":[{"damage":12,"enemies":"Jaw Worm","floor":1,"turns":4},{"damage":7,"enemies":"2 Louse","floor":2,"turns":3},{"damage":1,"enemies":"Cultist","floor":3,"turns":4},{"damage":6,"enemies":"2 Fungi Beasts","floor":5,"turns":3},{"damage":28,"enemies":"3 Sentries","floor":6,"turns":9},{"damage":8,"enemies":"Red Slaver","floor":8,"turns":4},{"damage":15,"enemies":"Gremlin Gang","floor":10,"turns":4},{"damage":2,"enemies":"2 Fungi Beasts","floor":11,"turns":3},{"damage":14,"enemies":"Exordium Wildlife","floor":12,"turns":4},{"damage":16,"enemies":"Gremlin Nob","floor":14,"turns":3},{"damage":54,"enemies":"Slime Boss","floor":16,"turns":7}],"seed_played":"6393130910097396222","potions_obtained":[{"floor":2,"key":"DistilledChaos"},{"floor":3,"key":"Dexterity Potion"},{"floor":5,"key":"BlessingOfTheForge"},{"floor":8,"key":"PowerPotion"},{"floor":10,"key":"ElixirPotion"}],"is_trial":false,"path_per_floor":["M","M","M","?","M","E","R","M","T","M","M","M","R","E","R","B"],"character_chosen":"IRONCLAD","items_purchased":[],"campfire_rested":1,"item_purchase_floors":[],"current_hp_per_floor":[66,65,70,75,75,53,53,51,51,42,46,38,63,53,53,0,0],"gold":318,"neow_bonus":"TRANSFORM_CARD","is_daily":false,"chose_seed":false,"campfire_upgraded":2,"win_rate":0.0,"timestamp":1612370908,"path_taken":["M","M","M","?","M","E","R","M","T","M","M","M","R","E","R","BOSS"],"items_purchased_type":[],"build_version":"2020-12-22","purchased_purges":0,"victory":false,"max_hp_per_floor":[80,80,80,85,85,85,85,85,85,85,85,85,85,85,85,85,85],"card_choices":[{"not_picked":["Clothesline","Body Slam"],"picked":"Flex","floor":1},{"not_picked":["Havoc","Entrench"],"picked":"Rampage","floor":2},{"not_picked":["Heavy Blade","Havoc"],"picked":"Twin Strike","floor":3},{"not_picked":["Uppercut","Bloodletting"],"picked":"Feel No Pain","floor":5},{"not_picked":["Combust","Thunderclap","Dark Embrace"],"picked":"SKIP","floor":6},{"not_picked":["Combust","Cleave","Heavy Blade"],"picked":"SKIP","floor":8},{"not_picked":["True Grit","Thunderclap"],"picked":"Sword Boomerang","floor":10},{"not_picked":["Infernal Blade","Havoc"],"picked":"Twin Strike","floor":11},{"not_picked":["Exhume","Rupture"],"picked":"Sever Soul","floor":12},{"not_picked":["Headbutt","Feel No Pain"],"picked":"Perfected Strike","floor":14}],"player_experience":748296,"relics_obtained":[{"floor":6,"key":"Pen Nib"},{"floor":9,"key":"Lantern"},{"floor":14,"key":"Toxic Egg 2"}],"event_choices":[{"damage_healed":0,"gold_gain":0,"player_choice":"Donut","damage_taken":0,"max_hp_gain":5,"max_hp_loss":0,"event_name":"Big Fish","floor":4,"gold_loss":0}],"is_beta":false,"boss_relics":[],"items_purged_floors":[],"is_endless":false,"potions_floor_spawned":[2,3,5,8,10,12],"killed_by":"Slime Boss","ascension_level":10}}