{"host":"xp5rvh2jwe2ejyfm","time":1612358142,"event":{"mods":["Aspiration","BaseMod","BetterRewards","Colored Powertips","Conspire","Downfall","GifTheSpireLib","Gremlin Mod","Hermit","Hubris","Jorbs\u0027s Wanderer Trilogy","Minty Spire (QoL Compilation)","Replay The Spire","Robot Space Explorer","StSLib","The Bug Knight","The Clintock","The Construct","The Cursed","The Disciple","The Forsaken","The Hierophant","The Necromancer","The Runesmith","The Servant 0.9.4","The Witch"],"gold_per_floor":[117,130,145,157,168,199,199,199,277,19,19,32,32,49,49,49,49],"floor_reached":16,"language":"ENG","playtime":750,"items_purged":[],"score":104,"play_id":"aca27b49-eca1-4ea2-bfee-ac8601815f05","local_time":"20210203081542","is_ascension_mode":false,"campfire_choices":[{"floor":7,"key":"REST"},{"floor":13,"key":"RECALL"},{"data":"HollowMod:AbyssShriek","floor":15,"key":"SMITH"}],"circlet_count":0,"master_deck":["HollowMod:NailStrikeStart","HollowMod:NailStrikeStart","HollowMod:NailStrikeStart","HollowMod:NailStrikeStart","HollowMod:QuickDashStart","HollowMod:QuickDashStart","HollowMod:QuickDashStart","HollowMod:FocusHealStart","HollowMod:PogoStrike","HollowMod:AbyssShriek+1","HollowMod:TaintedHusks","HollowMod:MantisMark","HollowMod:Grubsong","HollowMod:DesolateDive","HollowMod:SharpenedNail","HollowMod:MothsMistake","HollowMod:InfectionAssault","HollowMod:SharpenedNail","HollowMod:SharpenedNail","HollowMod:SoulShaman","HollowMod:SoulEater","HollowMod:DoubleDash","HollowMod:InfectedAttack"],"relics":["HollowMod:VesselMask","NeowsBlessing","Matryoshka","Ring of Fury","Quantum Egg"],"acts_visited":["Exordium"],"potions_floor_usage":[5,6],"damage_taken":[{"damage":0,"enemies":"Jaw Worm","floor":1,"turns":1},{"damage":0,"enemies":"Cultist","floor":2,"turns":1},{"damage":3,"enemies":"Small Slimes","floor":3,"turns":1},{"damage":13,"enemies":"2 Fungi Beasts","floor":4,"turns":3},{"damage":17,"enemies":"conspire:2 RoseBushes","floor":5,"turns":3},{"damage":44,"enemies":"HollowMod:MossKnight","floor":6,"turns":9},{"damage":2,"enemies":"Gremlin Gang","floor":12,"turns":2},{"damage":23,"enemies":"Large Slime","floor":14,"turns":5},{"damage":30,"enemies":"Fading Forest","floor":16,"turns":7}],"seed_played":"-4967920100987100055","potions_obtained":[{"floor":1,"key":"SkillPotion"},{"floor":2,"key":"Regen Potion"},{"floor":12,"key":"Weak Potion"},{"floor":14,"key":"Death Potion"}],"is_trial":false,"path_per_floor":["M","M","M","M","M","E","R","?","T","$","?","M","R","M","R","B"],"character_chosen":"THE_BUGKNIGHT","items_purchased":["HollowMod:MothsMistake","HollowMod:InfectionAssault","HollowMod:SharpenedNail","HollowMod:SoulShaman"],"campfire_rested":1,"item_purchase_floors":[10,10,10,10],"current_hp_per_floor":[75,75,72,59,51,17,39,39,39,39,39,37,37,14,14,0,0],"gold":49,"neow_bonus":"THREE_ENEMY_KILL","is_daily":false,"chose_seed":false,"campfire_upgraded":1,"win_rate":0.0,"timestamp":1612358142,"path_taken":["M","M","M","M","M","E","R","?","T","$","?","?","R","M","R","BOSS"],"items_purchased_type":["Card","Card","Card","Card"],"build_version":"2020-12-22","purchased_purges":0,"victory":false,"max_hp_per_floor":[75,75,75,75,75,75,75,75,75,75,75,75,75,75,75,75,75],"card_choices":[{"not_picked":["HollowMod:DreamGate","HollowMod:RecoilStrike"],"picked":"HollowMod:AbyssShriek","floor":1},{"not_picked":["HollowMod:DoubleDash","HollowMod:SoulStrike"],"picked":"HollowMod:TaintedHusks","floor":2},{"not_picked":["HollowMod:CornifersMapStart","HollowMod:DungDefenderAura"],"picked":"HollowMod:MantisMark","floor":3},{"not_picked":["HollowMod:SiblingsSouls","HollowMod:RecoilStrike"],"picked":"HollowMod:Grubsong","floor":4},{"not_picked":["HollowMod:ShapeofUnn","HollowMod:SiblingsSouls"],"picked":"HollowMod:DesolateDive","floor":5},{"not_picked":["HollowMod:PureNailStrike","HollowMod:MidwifesHunger"],"picked":"HollowMod:SharpenedNail","floor":6},{"not_picked":["HollowMod:FallenFury","HollowMod:CrystalDash"],"picked":"HollowMod:DoubleDash","floor":12},{"not_picked":["HollowMod:TaintedHusks","HollowMod:VengefulVoid"],"picked":"HollowMod:InfectedAttack","floor":14}],"player_experience":391452,"relics_obtained":[{"floor":6,"key":"Matryoshka"},{"floor":8,"key":"Ring of Fury"},{"floor":9,"key":"Quantum Egg"}],"event_choices":[{"damage_healed":0,"gold_gain":0,"cards_transformed":["HollowMod:QuickDashStart"],"player_choice":"Transformed","damage_taken":0,"max_hp_gain":0,"max_hp_loss":0,"event_name":"Transmorgrifier","floor":11,"gold_loss":0,"cards_obtained":["HollowMod:SoulEater"]}],"is_beta":false,"boss_relics":[],"items_purged_floors":[],"is_endless":false,"potions_floor_spawned":[1,2,12,14],"killed_by":"Fading Forest","ascension_level":0}}