{"host":"yuwyc1esdalgjt4e","time":1612374380,"event":{"mods":["Astrologer","BaseMod","Hermit","KomeijiMod","Marisa????????","Minty Spire (QoL Compilation)","Railgun Mod","Reimu??????","StSLib","The Bug Knight","The Dragon Tamer","The Hierophant","The Marked","The Servant 0.9.4","Yuri Mod"],"gold_per_floor":[12,12,12,22,34,34,66,66,112,112,127,127,137,62,62,161,161,176,2,22,36,135,135,0,0,0,0,17,35,35,47,47,47,47],"floor_reached":33,"language":"ENG","playtime":1022,"items_purged":["theMarked:Strike"],"score":272,"play_id":"2c5b7b9b-1861-4c92-8aab-1cfece7a7127","local_time":"20210203184620","is_ascension_mode":false,"campfire_choices":[{"data":"theMarked:SoldierOfQuellstein","floor":6,"key":"SMITH"},{"data":"theMarked:ShockingTouch","floor":10,"key":"SMITH"},{"data":"theMarked:Toughness","floor":12,"key":"SMITH"},{"floor":15,"key":"REST"},{"data":"theMarked:EmpowerWeapon","floor":23,"key":"SMITH"},{"data":"theMarked:EmpowerWeapon","floor":32,"key":"SMITH"}],"circlet_count":0,"master_deck":["theMarked:Strike","theMarked:Strike","theMarked:Strike","theMarked:Strike","theMarked:Defend","theMarked:Defend","theMarked:Defend","theMarked:Defend","theMarked:SoldierOfQuellstein+1","theMarked:Toughness+1","theMarked:SwordAndMagic","theMarked:ElectricStrings","theMarked:ShockingTouch+1","theMarked:Pokerface","theMarked:EmpowerWeapon+1","theMarked:BindingBlade+1","theMarked:SwordAndMagic","theMarked:Memento","theMarked:TunnelVision","Shame","theMarked:EnhanceMovement","theMarked:EmpowerWeapon+1"],"relics":["theMarked:ArtifactOfAir","Orichalcum","Potion Belt","Sozu","Lee\u0027s Waffle","theMarked:DemonDagger","Question Card"],"acts_visited":["Exordium","TheCity"],"potions_floor_usage":[7,31,31,33],"damage_taken":[{"damage":5,"enemies":"Cultist","floor":1,"turns":4},{"damage":8,"enemies":"Small Slimes","floor":4,"turns":3},{"damage":0,"enemies":"2 Louse","floor":5,"turns":2},{"damage":21,"enemies":"Lagavulin","floor":7,"turns":5},{"damage":3,"enemies":"Red Slaver","floor":11,"turns":4},{"damage":5,"enemies":"3 Louse","floor":13,"turns":2},{"damage":6,"enemies":"Slime Boss","floor":16,"turns":7},{"damage":22,"enemies":"2 Thieves","floor":18,"turns":3},{"damage":1,"enemies":"Chosen","floor":20,"turns":4},{"damage":20,"enemies":"Snecko","floor":21,"turns":4},{"damage":17,"enemies":"Centurion and Healer","floor":28,"turns":4},{"damage":29,"enemies":"Shelled Parasite and Fungi","floor":29,"turns":3},{"damage":0,"enemies":"Cultist and Chosen","floor":31,"turns":3},{"damage":73,"enemies":"Automaton","floor":33,"turns":6}],"seed_played":"1816228440153994228","potions_obtained":[{"floor":5,"key":"Explosive Potion"},{"floor":7,"key":"Dexterity Potion"},{"floor":11,"key":"Dexterity Potion"},{"floor":13,"key":"Swift Potion"}],"is_trial":false,"path_per_floor":["M","$","$","M","M","R","E","$","T","R","M","R","M","$","R","B",null,"M","$","M","M","?","R","?","?","T","?","M","M","$","M","R","B"],"character_chosen":"THE_DEFAULT","items_purchased":["theMarked:Memento","Lee\u0027s Waffle"],"campfire_rested":1,"item_purchase_floors":[19,19],"current_hp_per_floor":[65,65,65,57,57,57,36,36,36,36,33,33,28,28,49,43,70,48,77,76,56,56,56,87,87,87,87,70,41,41,41,41,0,0],"gold":47,"neow_bonus":"THREE_RARE_CARDS","is_daily":false,"chose_seed":false,"campfire_upgraded":5,"win_rate":0.0,"timestamp":1612374380,"path_taken":["M","?","$","M","?","R","E","$","T","R","M","R","M","$","R","BOSS","M","$","M","M","?","R","?","?","T","?","M","M","$","M","R","BOSS"],"items_purchased_type":["Card","Relic"],"build_version":"2020-12-22","purchased_purges":1,"victory":false,"max_hp_per_floor":[70,70,70,70,70,70,70,70,70,70,70,70,70,70,70,70,70,70,77,77,77,77,77,87,87,87,87,87,87,87,87,87,87,87],"card_choices":[{"not_picked":["theMarked:Challenge","theMarked:ThrowWeapon"],"picked":"theMarked:Toughness","floor":0},{"not_picked":["theMarked:ElectricStrings","theMarked:RepellingDischarge"],"picked":"theMarked:SwordAndMagic","floor":1},{"not_picked":["theMarked:SelfDefenseTraining","theMarked:ResourceFulStrike"],"picked":"theMarked:ElectricStrings","floor":4},{"not_picked":["theMarked:Memento","theMarked:ElectricStrings","theMarked:Parkour"],"picked":"SKIP","floor":5},{"not_picked":["theMarked:Maelstrom","theMarked:AttractMetal"],"picked":"theMarked:ShockingTouch","floor":7},{"not_picked":["theMarked:Parry","theMarked:TakeCover"],"picked":"theMarked:Pokerface","floor":11},{"not_picked":["theMarked:ChainLightning","theMarked:ElectricStrings"],"picked":"theMarked:EmpowerWeapon","floor":13},{"not_picked":["theMarked:DispelDoubt","theMarked:ThrowWeapon"],"picked":"theMarked:BindingBlade","floor":16},{"not_picked":["theMarked:TwofoldDefense","theMarked:Memento"],"picked":"theMarked:SwordAndMagic","floor":18},{"not_picked":["theMarked:Convert","theMarked:ShockingTouch"],"picked":"theMarked:TunnelVision","floor":20},{"not_picked":["theMarked:SwordAndMagic","theMarked:ElectricStrings","theMarked:TheMission"],"picked":"SKIP","floor":21},{"not_picked":["theMarked:Convert+1","theMarked:Generate+1","theMarked:ResourceFulStrike"],"picked":"theMarked:EnhanceMovement","floor":28},{"not_picked":["theMarked:TwofoldDefense","theMarked:WastefulAttack","theMarked:OneWithTheBlade+1","theMarked:HeightenedSenses"],"picked":"SKIP","floor":29},{"not_picked":["theMarked:HeightenedSenses+1","theMarked:SelfDefenseTraining+1","theMarked:Parkour"],"picked":"theMarked:EmpowerWeapon","floor":31}],"player_experience":91488,"relics_obtained":[{"floor":7,"key":"Orichalcum"},{"floor":9,"key":"Potion Belt"},{"floor":26,"key":"Question Card"}],"event_choices":[{"damage_healed":0,"gold_gain":99,"player_choice":"Stole From Cult","damage_taken":0,"max_hp_gain":0,"max_hp_loss":0,"event_name":"Nest","floor":22,"gold_loss":0},{"damage_healed":0,"gold_gain":0,"player_choice":"Stole Relic","damage_taken":0,"relics_obtained":["theMarked:DemonDagger"],"max_hp_gain":0,"max_hp_loss":0,"event_name":"Addict","floor":25,"gold_loss":0,"cards_obtained":["Shame"]},{"damage_healed":0,"gold_gain":0,"player_choice":"Upgraded","damage_taken":0,"max_hp_gain":0,"max_hp_loss":0,"event_name":"Upgrade Shrine","floor":27,"gold_loss":0,"cards_upgraded":["theMarked:BindingBlade"]}],"is_beta":false,"boss_relics":[{"not_picked":["Cursed Key","Velvet Choker"],"picked":"Sozu"}],"items_purged_floors":[14],"is_endless":false,"potions_floor_spawned":[5,7,11,13,18,28],"killed_by":"Automaton","ascension_level":0}}