{"host":"49pjgf1q9ev52n8z","time":1612382456,"event":{"mods":["BaseMod","Bestiary","Colored Map","Minty Spire (QoL Compilation)","Practice Mode","Relic Stats","StSLib"],"gold_per_floor":[362,437,99,49,62,88,107,119,119,119,139,167,19,47,47,143,143,155,155,155,169,186,186,213,213,213,213,213,43,43,78,78,174,174,186,197,212,68,87,112,112,12,81,81,81,110,120,120,120,120],"floor_reached":51,"language":"ENG","playtime":5669,"items_purged":["Decay","Parasite"],"score":797,"play_id":"7bdd7ef2-9d80-4ad7-8ee1-adaf9ff3f5aa","local_time":"20210203120056","is_ascension_mode":true,"campfire_choices":[{"floor":10.0,"key":"REST"},{"data":"Loop","floor":15.0,"key":"SMITH"},{"data":"Buffer","floor":23.0,"key":"SMITH"},{"floor":25.0,"key":"REST"},{"data":"Fusion","floor":28.0,"key":"SMITH"},{"data":"Biased Cognition","floor":32.0,"key":"SMITH"},{"data":"Biased Cognition","floor":41,"key":"SMITH"},{"floor":44,"key":"REST"},{"floor":49,"key":"REST"}],"circlet_count":0,"master_deck":["Defend_B+1","Defend_B+1","Defend_B+1","Defend_B+1","Zap+1","Dualcast+1","Compile Driver+1","Loop+1","Fusion+1","Coolheaded+1","Buffer+1","Chaos+1","Defragment+1","Ball Lightning+1","Rebound+1","Biased Cognition+1","Capacitor+1","Necronomicurse","Compile Driver+1","Hologram+1","Glacier+1","Bite+1","Bite+1","Bite+1","Bite+1","Bite+1","Redo+1","Stack+1","Biased Cognition+1","Creative AI+1","Storm+1","Seek+1"],"relics":["Cracked Core","Letter Opener","Meat on the Bone","Mercury Hourglass","ClockworkSouvenir","Gremlin Horn","Nuclear Battery","Regal Pillow","Necronomicon","Tiny Chest","Question Card","Lee\u0027s Waffle","Orichalcum","Philosopher\u0027s Stone","Frozen Eye","Strawberry","Kunai","Toxic Egg 2","Dream Catcher","Mark of the Bloom"],"acts_visited":["Exordium","TheCity","TheBeyond"],"potions_floor_usage":[40,50,50],"damage_taken":[{"damage":3.0,"enemies":"Cultist","floor":1.0,"turns":3.0},{"damage":8.0,"enemies":"Small Slimes","floor":5.0,"turns":4.0},{"damage":25.0,"enemies":"Lagavulin","floor":6.0,"turns":8.0},{"damage":11.0,"enemies":"Jaw Worm","floor":7.0,"turns":3.0},{"damage":18.0,"enemies":"Large Slime","floor":8.0,"turns":7.0},{"damage":4.0,"enemies":"Exordium Thugs","floor":11.0,"turns":5.0},{"damage":23.0,"enemies":"3 Sentries","floor":12.0,"turns":8.0},{"damage":9.0,"enemies":"Lagavulin","floor":14.0,"turns":7.0},{"damage":25.0,"enemies":"Hexaghost","floor":16.0,"turns":10.0},{"damage":17.0,"enemies":"Shell Parasite","floor":18.0,"turns":3.0},{"damage":17.0,"enemies":"2 Thieves","floor":21.0,"turns":3.0},{"damage":6.0,"enemies":"Shelled Parasite and Fungi","floor":22.0,"turns":4.0},{"damage":36.0,"enemies":"Slavers","floor":24.0,"turns":5.0},{"damage":36.0,"enemies":"Book of Stabbing","floor":31.0,"turns":5.0},{"damage":15.0,"enemies":"Champ","floor":33.0,"turns":8.0},{"damage":0.0,"enemies":"Orb Walker","floor":35.0,"turns":4.0},{"damage":13.0,"enemies":"3 Shapes","floor":36.0,"turns":4.0},{"damage":6.0,"enemies":"Writhing Mass","floor":37.0,"turns":5.0},{"damage":12.0,"enemies":"Sphere and 2 Shapes","floor":39.0,"turns":3.0},{"damage":43,"enemies":"Nemesis","floor":40,"turns":5},{"damage":9,"enemies":"Giant Head","floor":46,"turns":6},{"damage":0,"enemies":"Maw","floor":47,"turns":4},{"damage":14,"enemies":"Donu and Deca","floor":50,"turns":6}],"seed_played":"-2743811314845674125","potions_obtained":[{"floor":5.0,"key":"Regen Potion"},{"floor":8.0,"key":"SteroidPotion"},{"floor":14.0,"key":"Block Potion"},{"floor":16.0,"key":"SkillPotion"},{"floor":24.0,"key":"Block Potion"},{"floor":36.0,"key":"FairyPotion"},{"floor":39.0,"key":"FocusPotion"},{"floor":40,"key":"ColorlessPotion"}],"is_trial":false,"path_per_floor":["M","?","$","?","M","E","M","M","T","R","M","E","$","E","R","B",null,"M","?","?","M","M","R","E","R","T","?","R","$","?","E","R","B",null,"M","M","M","$","M","E","R","$","T","R","T","E","M","?","R","B",null],"character_chosen":"DEFECT","items_purchased":["Loop","Fusion","Blood Vial","ClockworkSouvenir","Lee\u0027s Waffle","Redo","Frozen Eye"],"campfire_rested":4,"item_purchase_floors":[3,3,3,13,29,29,38],"current_hp_per_floor":[72,61,61,61,55,32,32,16,16,38,48,39,39,44,44,33,75,58,58,42,39,47,47,25,62,62,62,62,82,82,52,52,57,82,82,73,71,71,59,45,45,45,45,85,85,79,86,86,86,72],"gold":120,"neow_bonus":"TWO_FIFTY_GOLD","is_daily":false,"chose_seed":false,"campfire_upgraded":5,"win_rate":0.0,"timestamp":1612382456,"path_taken":["M","?","$","?","M","E","M","M","T","R","M","E","$","E","R","BOSS","M","?","?","?","M","R","E","R","T","?","R","$","?","E","R","BOSS","M","M","M","$","M","E","R","?","T","R","?","E","?","?","R","BOSS"],"items_purchased_type":["Card","Card","Relic","Relic","Relic","Card","Relic"],"build_version":"2020-12-22","purchased_purges":2,"victory":true,"max_hp_per_floor":[75,75,75,75,75,75,75,75,75,75,75,75,75,75,75,75,75,75,75,75,75,75,75,75,75,75,75,75,82,82,82,82,82,82,82,82,82,82,82,89,89,86,86,86,86,86,86,86,86,86],"relic_stats":{"Regal Pillow":30,"Lee\u0027s Waffle":20,"Mark of the Bloom":46,"Gremlin Horn":[9,9],"counters":[23,118],"Letter Opener":[168],"Orichalcum":[84],"Question Card":10,"Mercury Hourglass":[263],"Dream Catcher":1,"Tiny Chest":1,"Necronomicon":[0],"Kunai":[3],"obtain_stats":[{"Regal Pillow":19,"Lee\u0027s Waffle":29,"Mark of the Bloom":48,"Gremlin Horn":14,"Letter Opener":6,"Orichalcum":31,"Question Card":26,"Mercury Hourglass":12,"ClockworkSouvenir":13,"Nuclear Battery":17,"Blood Vial":3,"Frozen Eye":38,"Dream Catcher":46,"Strawberry":40,"Tiny Chest":24,"Philosopher\u0027s Stone":34,"Necronomicon":20,"Kunai":43,"Toxic Egg 2":45,"Cracked Core":0,"Meat on the Bone":9},{"Regal Pillow":10,"Lee\u0027s Waffle":13,"Mark of the Bloom":22,"Gremlin Horn":8,"Letter Opener":3,"Orichalcum":14,"Question Card":13,"Mercury Hourglass":7,"ClockworkSouvenir":7,"Nuclear Battery":9,"Blood Vial":1,"Frozen Eye":18,"Dream Catcher":21,"Strawberry":20,"Tiny Chest":13,"Philosopher\u0027s Stone":15,"Necronomicon":10,"Kunai":20,"Toxic Egg 2":20,"Cracked Core":0,"Meat on the Bone":5},{"Regal Pillow":58,"Lee\u0027s Waffle":70,"Mark of the Bloom":113,"Gremlin Horn":45,"Letter Opener":15,"Orichalcum":75,"Question Card":70,"Mercury Hourglass":38,"ClockworkSouvenir":38,"Nuclear Battery":55,"Blood Vial":3,"Frozen Eye":95,"Dream Catcher":109,"Strawberry":103,"Tiny Chest":70,"Philosopher\u0027s Stone":83,"Necronomicon":58,"Kunai":103,"Toxic Egg 2":103,"Cracked Core":0,"Meat on the Bone":25}],"Meat on the Bone":96},"card_choices":[{"not_picked":["Conserve Battery","Barrage"],"picked":"Compile Driver","floor":1.0},{"not_picked":["Chill","Force Field"],"picked":"Coolheaded","floor":5.0},{"not_picked":["Steam","Double Energy"],"picked":"Buffer","floor":6.0},{"not_picked":["Gash","Steam"],"picked":"Chaos","floor":7.0},{"not_picked":["Barrage","Conserve Battery"],"picked":"Hello World","floor":8.0},{"not_picked":["Melter","Reboot"],"picked":"Defragment","floor":11.0},{"not_picked":["Streamline","Coolheaded"],"picked":"Ball Lightning","floor":12.0},{"not_picked":["Leap","Go for the Eyes"],"picked":"Rebound","floor":14.0},{"not_picked":["Thunder Strike","Electrodynamics"],"picked":"Biased Cognition","floor":16.0},{"not_picked":["Barrage","Glacier+1"],"picked":"Capacitor+1","floor":18.0},{"not_picked":["Gash+1","BootSequence"],"picked":"Compile Driver+1","floor":21.0},{"not_picked":["Steam+1","Heatsinks"],"picked":"Hologram","floor":22.0},{"not_picked":["Stack","Hologram"],"picked":"Glacier","floor":24.0},{"not_picked":["Sweeping Beam","Storm","Ball Lightning"],"picked":"Biased Cognition","floor":31.0},{"not_picked":["Meteor Strike","Reboot","Machine Learning"],"picked":"Creative AI","floor":33.0},{"not_picked":["Coolheaded","Cold Snap","Reprogram+1","Stack"],"picked":"SKIP","floor":35.0},{"not_picked":["Rip and Tear","Hologram+1","White Noise","Leap+1"],"picked":"SKIP","floor":36.0},{"not_picked":["Double Energy","Go for the Eyes","Coolheaded"],"picked":"Storm+1","floor":37.0},{"not_picked":["Leap","Rip and Tear+1","Coolheaded","Cold Snap"],"picked":"SKIP","floor":39.0},{"not_picked":["Creative AI","Chill+1","Barrage","White Noise+1"],"picked":"SKIP","floor":40},{"not_picked":["Rebound+1","Biased Cognition","BootSequence+1","Cold Snap"],"picked":"SKIP","floor":46},{"not_picked":["Sweeping Beam+1","Streamline","Go for the Eyes+1","Genetic Algorithm+1"],"picked":"SKIP","floor":47},{"not_picked":["Coolheaded+1","Static Discharge","Rebound"],"picked":"Seek+1","floor":49}],"player_experience":699728,"relics_obtained":[{"floor":6.0,"key":"Letter Opener"},{"floor":9.0,"key":"Meat on the Bone"},{"floor":12.0,"key":"Mercury Hourglass"},{"floor":14.0,"key":"Gremlin Horn"},{"floor":20.0,"key":"Necronomicon"},{"floor":24.0,"key":"Tiny Chest"},{"floor":26.0,"key":"Question Card"},{"floor":31.0,"key":"Orichalcum"},{"floor":40,"key":"Strawberry"},{"floor":43,"key":"Kunai"},{"floor":45,"key":"Toxic Egg 2"},{"floor":46,"key":"Dream Catcher"}],"event_choices":[{"damage_healed":0.0,"max_hp_gain":0.0,"max_hp_loss":0.0,"gold_gain":75.0,"event_name":"World of Goop","player_choice":"Gather Gold","floor":2.0,"gold_loss":0.0,"damage_taken":11.0},{"cards_removed":["Strike_B"],"damage_healed":0.0,"max_hp_gain":0.0,"max_hp_loss":0.0,"gold_gain":0.0,"event_name":"The Cleric","player_choice":"Card Removal","floor":4.0,"gold_loss":50.0,"damage_taken":0.0},{"damage_healed":0.0,"max_hp_gain":0.0,"max_hp_loss":0.0,"gold_gain":0.0,"event_name":"The Mausoleum","player_choice":"Opened","floor":19.0,"gold_loss":0.0,"damage_taken":0.0,"relics_obtained":["Regal Pillow"]},{"damage_healed":0.0,"max_hp_gain":0.0,"max_hp_loss":0.0,"gold_gain":0.0,"event_name":"Cursed Tome","player_choice":"Obtained Book","floor":20.0,"gold_loss":0.0,"damage_taken":16.0},{"damage_healed":0.0,"max_hp_gain":0.0,"max_hp_loss":0.0,"gold_gain":0.0,"event_name":"Vampires","player_choice":"Became a vampire (Vial)","floor":27.0,"relics_lost":["Blood Vial"],"gold_loss":0.0,"damage_taken":0.0,"cards_obtained":["Bite","Bite","Bite","Bite","Bite"]},{"damage_healed":0.0,"max_hp_gain":0.0,"max_hp_loss":0.0,"gold_gain":0.0,"cards_transformed":["Hello World"],"event_name":"Transmorgrifier","player_choice":"Transformed","floor":30.0,"gold_loss":0.0,"damage_taken":0.0,"cards_obtained":["Stack"]},{"damage_healed":0,"gold_gain":0,"player_choice":"Upgrade","damage_taken":0,"relics_obtained":["Mark of the Bloom"],"max_hp_gain":0,"max_hp_loss":0,"event_name":"MindBloom","floor":48,"gold_loss":0,"cards_upgraded":["Defend_B","Defend_B","Defend_B","Defend_B","Zap","Dualcast","Compile Driver","Coolheaded","Chaos","Defragment","Ball Lightning","Rebound","Hologram","Glacier","Bite","Bite","Bite","Bite","Bite","Redo","Stack","Creative AI"]}],"is_beta":false,"boss_relics":[{"not_picked":["Astrolabe","Cursed Key"],"picked":"Nuclear Battery"},{"not_picked":["Velvet Choker","Pandora\u0027s Box"],"picked":"Philosopher\u0027s Stone"}],"items_purged_floors":[3,42],"is_endless":false,"potions_floor_spawned":[5,8,14,16,24,36,39,40,46],"ascension_level":1}}