{"host":"0nndazl0keusavit","time":1612382662,"event":{"mods":["AchievementEnabler","BaseMod","Colored Map","Curses Come First","Highlight Path","Minty Spire (QoL Compilation)","Relic Stats","StSLib"],"gold_per_floor":[119,1,17,30,30,59,59,59,59],"floor_reached":8,"language":"ENG","playtime":294,"items_purged":[],"score":112,"play_id":"0519bd64-cbcf-4431-9500-99cccfa346d5","local_time":"20210203150422","is_ascension_mode":true,"campfire_choices":[{"floor":7,"key":"REST"}],"circlet_count":0,"master_deck":["AscendersBane","Strike_B","Strike_B","Strike_B","Strike_B","Defend_B","Defend_B","Defend_B","Defend_B","Zap","Dualcast","Genetic Algorithm","Capacitor","Lockon","Defragment+1","Leap","Buffer"],"relics":["SacredBark","Smiling Mask"],"acts_visited":["Exordium"],"potions_floor_usage":[6],"damage_taken":[{"damage":8,"enemies":"Cultist","floor":1,"turns":5},{"damage":2,"enemies":"Jaw Worm","floor":3,"turns":3},{"damage":18,"enemies":"Small Slimes","floor":4,"turns":4},{"damage":26,"enemies":"Lagavulin","floor":6,"turns":7},{"damage":35,"enemies":"3 Sentries","floor":8,"turns":4}],"seed_played":"-5244975652652905697","potions_obtained":[{"floor":3,"key":"FearPotion"}],"is_trial":false,"path_per_floor":["M","$","M","M","?","E","R","E"],"character_chosen":"DEFECT","items_purchased":["Capacitor","Lockon"],"campfire_rested":1,"item_purchase_floors":[2,2],"current_hp_per_floor":[56,56,54,36,36,10,31,0,0],"gold":59,"neow_bonus":"BOSS_RELIC","is_daily":false,"chose_seed":false,"campfire_upgraded":0,"win_rate":0.0,"timestamp":1612382662,"path_taken":["M","$","?","M","?","E","R","E"],"items_purchased_type":["Card","Card"],"build_version":"2020-12-22","purchased_purges":0,"victory":false,"max_hp_per_floor":[71,71,71,71,71,71,71,71,71],"relic_stats":{"counters":[5,23],"Smiling Mask":0,"obtain_stats":[{"SacredBark":0,"Cracked Core":0,"Smiling Mask":6},{"SacredBark":0,"Cracked Core":0,"Smiling Mask":4},{"SacredBark":0,"Cracked Core":0,"Smiling Mask":19}]},"card_choices":[{"not_picked":["Steam","Tempest"],"picked":"Genetic Algorithm","floor":1},{"not_picked":["Beam Cell","Steam"],"picked":"Defragment","floor":3},{"not_picked":["Stack","Heatsinks"],"picked":"Leap","floor":4},{"not_picked":["Steam","Double Energy"],"picked":"Buffer","floor":6}],"player_experience":903960,"relics_obtained":[{"floor":6,"key":"Smiling Mask"}],"event_choices":[{"damage_healed":0,"gold_gain":0,"player_choice":"Grow","damage_taken":0,"max_hp_gain":0,"max_hp_loss":0,"event_name":"Living Wall","floor":5,"gold_loss":0,"cards_upgraded":["Defragment"]}],"is_beta":false,"boss_relics":[],"items_purged_floors":[],"is_endless":false,"potions_floor_spawned":[3],"killed_by":"3 Sentries","ascension_level":20}}