{"host":"ufl0k2so27eic2iy","time":1612391708,"event":{"mods":["BaseMod","Downfall","Minty Spire (QoL Compilation)","StSLib","The Animator"],"gold_per_floor":[115,131,142,104,135,168,168,193,193,210,210,241,241,252,252,341,341,366,147,161,181,181,208,223,223,223,242,256,256,268,278,278,352,352,374,417,274,274,274],"floor_reached":38,"language":"ENG","playtime":2547,"items_purged":["animator:Strike"],"score":735,"play_id":"44683da7-0a43-497c-90f6-60fa47ec3e4f","local_time":"20210203223508","is_ascension_mode":true,"campfire_choices":[{"data":"animator:ElricEdward","floor":7.0,"key":"SMITH"},{"floor":11.0,"key":"REST"},{"data":"animator:Arpeggio","floor":13,"key":"SMITH"},{"data":"animator:Shuna","floor":15,"key":"SMITH"},{"floor":25,"key":"REST"},{"data":"animator:Evileye","floor":29,"key":"SMITH"},{"floor":32,"key":"REST"}],"circlet_count":0,"master_deck":["AscendersBane","animator:Strike_TenSura","animator:Defend_TenSura","animator:Defend","animator:Defend","animator:Benimaru","animator:Shuna+1","animator:KyokoSakura","animator:HiiragiShinya","animator:ElricEdward+1","animator:Shion","animator:Mikaela","animator:Arpeggio+1","animator:HiiragiShinya","animator:Veldora","animator:SayakaMiki","animator:Ainz","animator:Darkness","animator:Shinoa+1","animator:Kaijin","animator:Evileye+1","animator:YuiTsuruno","animator:SayakaMiki","animator:IrohaTamaki+1","animator:Envy","animator:Chris+1","animator:Evileye+1","animator:Darkness+1","animator:Sebas"],"relics":["animator:LivingPicture","animator:TheMissingPiece","Question Card","Torii","PreservedInsect","animator:CursedGlyph","Velvet Choker","OrangePellets","animator:Mistletoe","hexamod:Sixitude","Astrolabe","Unceasing Top","Strawberry"],"acts_visited":["Exordium","TheCity","TheBeyond"],"potions_floor_usage":[24,30,33,33],"damage_taken":[{"damage":0.0,"enemies":"Cultist","floor":1.0,"turns":4.0},{"damage":0.0,"enemies":"Small Slimes","floor":2.0,"turns":3.0},{"damage":5.0,"enemies":"2 Louse","floor":3.0,"turns":3.0},{"damage":12.0,"enemies":"Lots of Slimes","floor":5.0,"turns":4.0},{"damage":11.0,"enemies":"Gremlin Nob","floor":6.0,"turns":3.0},{"damage":11.0,"enemies":"Lagavulin","floor":8.0,"turns":8.0},{"damage":7.0,"enemies":"Looter","floor":10.0,"turns":3.0},{"damage":8,"enemies":"3 Sentries","floor":12,"turns":5},{"damage":0,"enemies":"Exordium Wildlife","floor":14,"turns":4},{"damage":24,"enemies":"The Guardian","floor":16,"turns":10},{"damage":3,"enemies":"Shell Parasite","floor":18,"turns":5},{"damage":0,"enemies":"Spheric Guardian","floor":20,"turns":4},{"damage":0,"enemies":"Cultist and Chosen","floor":21,"turns":7},{"damage":32,"enemies":"Gremlin Leader","floor":23,"turns":9},{"damage":7,"enemies":"Centurion and Healer","floor":24,"turns":7},{"damage":1,"enemies":"Sentry and Sphere","floor":27,"turns":8},{"damage":0,"enemies":"Cultist and Chosen","floor":28,"turns":6},{"damage":1,"enemies":"Snake Plant","floor":30,"turns":5},{"damage":18,"enemies":"Shelled Parasite and Fungi","floor":31,"turns":5},{"damage":21,"enemies":"Collector","floor":33,"turns":10},{"damage":7,"enemies":"3 Shapes","floor":35,"turns":6},{"damage":1,"enemies":"Mind Bloom Boss Battle","floor":36,"turns":5},{"damage":0,"enemies":"3 Darklings","floor":38,"turns":2}],"seed_played":"-3930728488186856536","potions_obtained":[{"floor":1.0,"key":"hexamod:SoulburnPotion"},{"floor":3.0,"key":"Energy Potion"},{"floor":6.0,"key":"ColorlessPotion"},{"floor":16,"key":"DuplicationPotion"},{"floor":18,"key":"Strength Potion"},{"floor":27,"key":"animator:FalseLifePotion"},{"floor":30,"key":"AttackPotion"},{"floor":31,"key":"ColorlessPotion"}],"is_trial":false,"path_per_floor":["M","M","M","?","M","E","R","E","T","M","R","E","R","M","R","B",null,"M","$","M","M","?","E","M","R","T","M","M","R","M","M","R","B",null,"M","?","$","M"],"character_chosen":"THE_ANIMATOR","items_purchased":["OrangePellets","Strawberry"],"campfire_rested":3,"item_purchase_floors":[19,37],"current_hp_per_floor":[60,60,55,55,43,32,32,21,21,14,33,25,25,25,25,1,47,44,44,44,45,45,13,7,26,26,25,25,25,24,6,25,4,49,42,41,48,48,48],"gold":274,"neow_bonus":"TEN_PERCENT_HP_BONUS","is_daily":false,"chose_seed":false,"campfire_upgraded":4,"win_rate":0.0,"timestamp":1612391708,"path_taken":["M","M","M","?","M","E","R","E","T","M","R","E","R","M","R","BOSS","M","$","M","M","?","E","M","R","T","M","M","R","M","M","R","BOSS","M","?","$","M"],"items_purchased_type":["Relic","Relic"],"build_version":"2020-12-22","purchased_purges":1,"victory":false,"max_hp_per_floor":[66,66,66,66,66,66,66,66,66,66,66,62,62,62,62,62,62,62,62,62,63,63,63,64,64,64,64,64,64,64,64,64,64,64,64,64,71,71,71],"card_choices":[{"not_picked":["animator:GazelDwargon","animator:Shinoa"],"picked":"animator:KyokoSakura","floor":1.0},{"not_picked":["animator:Kazuma","animator:Vanir"],"picked":"animator:HiiragiShinya","floor":2.0},{"not_picked":["animator:Tyuule","animator:Shinoa"],"picked":"animator:ElricEdward","floor":3.0},{"not_picked":["animator:Hakurou","animator:Vesta"],"picked":"animator:Shion","floor":5.0},{"not_picked":["animator:Shalltear","animator:Shinoa"],"picked":"animator:Mikaela","floor":6.0},{"not_picked":["animator:MaesHughes","animator:Guren","animator:WinryRockbell"],"picked":"animator:Arpeggio","floor":8.0},{"not_picked":["animator:Cocytus","animator:Demiurge","animator:Tyuule"],"picked":"animator:HiiragiShinya","floor":10.0},{"not_picked":["animator:Benimaru","animator:GazelDwargon","animator:Hakurou"],"picked":"animator:Veldora","floor":12},{"not_picked":["animator:IrohaTamaki","animator:Yuuichirou","animator:Entoma"],"picked":"animator:SayakaMiki","floor":14},{"not_picked":["animator:PinaCoLada","animator:Greed","animator:Wiz"],"picked":"animator:Ainz","floor":16},{"not_picked":["animator:Chris","animator:Scar","animator:YuiTsuruno"],"picked":"animator:Darkness","floor":18},{"not_picked":["animator:Demiurge","animator:Sloth","animator:Benimaru"],"picked":"animator:Shinoa+1","floor":20},{"not_picked":["animator:GazelDwargon","animator:Millim","animator:Hakurou"],"picked":"animator:Kaijin","floor":21},{"not_picked":["animator:LeleiLaLalena","animator:Gluttony","animator:CrowleyEusford","animator:Kaijin"],"picked":"SKIP","floor":23},{"not_picked":["animator:Entoma","animator:Yoichi","animator:Vanir"],"picked":"animator:Evileye","floor":24},{"not_picked":["animator:Tyuule","animator:MaesHughes","animator:NagisaMomoe"],"picked":"animator:YuiTsuruno","floor":27},{"not_picked":["animator:KyokoSakura","animator:YachiyoNanami","animator:MamiTomoe"],"picked":"animator:SayakaMiki","floor":28},{"not_picked":["animator:Kazuma+1","animator:Verdia","animator:TukaLunaMarceau"],"picked":"animator:IrohaTamaki+1","floor":30},{"not_picked":["animator:Shigure","animator:Kazuma","animator:KyokoSakura","animator:Yuuichirou+1"],"picked":"SKIP","floor":31},{"not_picked":["animator:Guren","animator:Father","animator:Shizu"],"picked":"animator:Envy","floor":33},{"not_picked":["animator:HiiragiShinya","animator:CrowleyEusford+1","animator:Kazuma","animator:MaesHughes"],"picked":"SKIP","floor":35},{"not_picked":["animator:Mitsuba","animator:KrulTepes","animator:CrowleyEusford"],"picked":"animator:Sebas","floor":36}],"player_experience":2788755,"relics_obtained":[{"floor":6.0,"key":"Question Card"},{"floor":8.0,"key":"Torii"},{"floor":9.0,"key":"PreservedInsect"},{"floor":12,"key":"animator:CursedGlyph"},{"floor":23,"key":"animator:Mistletoe"},{"floor":26,"key":"hexamod:Sixitude"},{"floor":36,"key":"Unceasing Top"}],"event_choices":[{"damage_healed":0.0,"max_hp_gain":0.0,"max_hp_loss":0.0,"gold_gain":0.0,"event_name":"World of Goop","player_choice":"Left Gold","floor":4.0,"gold_loss":38.0,"damage_taken":0.0},{"damage_healed":0,"gold_gain":0,"player_choice":"Ignored","damage_taken":0,"max_hp_gain":0,"max_hp_loss":0,"event_name":"The Mausoleum","floor":22,"gold_loss":0},{"damage_healed":0,"gold_gain":0,"player_choice":"Fight","damage_taken":0,"max_hp_gain":0,"max_hp_loss":0,"event_name":"MindBloom","floor":36,"gold_loss":0}],"is_beta":false,"boss_relics":[{"not_picked":["Ectoplasm","sneckomod:SneckoTalon"],"picked":"Velvet Choker"},{"not_picked":["animator:CursedBlade","animator:RacePiece"],"picked":"Astrolabe"}],"items_purged_floors":[19],"is_endless":false,"potions_floor_spawned":[1,3,6,16,18,27,30,31],"killed_by":"3 Darklings","ascension_level":15}}