{"host":"70zhvo5nwrhp1mbg","time":1612382898,"event":{"mods":["BaseMod","Colored Map","Colored Powertips","Highlight Path","Minty Spire (QoL Compilation)","Rare Cards Sparkle","StSLib"],"gold_per_floor":[11,11,24,24,39,78,78,94,149,149,149,172,216,316,316,316,316],"floor_reached":16,"language":"ENG","playtime":1783,"items_purged":[],"score":182,"play_id":"26a0c09c-09e8-44bc-8b4d-3bf2c212314f","local_time":"20210203150818","is_ascension_mode":true,"campfire_choices":[{"floor":7.0,"key":"REST"},{"data":"Reaper","floor":11.0,"key":"SMITH"},{"floor":15,"key":"REST"}],"circlet_count":0,"master_deck":["AscendersBane","Strike_R","Strike_R","Strike_R","Strike_R","Strike_R","Defend_R","Defend_R","Defend_R","Defend_R","Bash","Bludgeon","Shrug It Off","Injury","Flex","Armaments","Reaper+1","True Grit","Parasite","Clothesline"],"relics":["Burning Blood","Golden Idol","Meat on the Bone","Tiny Chest","Pen Nib"],"acts_visited":["Exordium"],"potions_floor_usage":[13,16],"damage_taken":[{"damage":0.0,"enemies":"2 Louse","floor":1.0,"turns":3.0},{"damage":4.0,"enemies":"Small Slimes","floor":3.0,"turns":2.0},{"damage":6.0,"enemies":"Cultist","floor":5.0,"turns":5.0},{"damage":49.0,"enemies":"3 Sentries","floor":6.0,"turns":11.0},{"damage":18.0,"enemies":"Large Slime","floor":8.0,"turns":4.0},{"damage":19.0,"enemies":"Exordium Wildlife","floor":12.0,"turns":6.0},{"damage":40,"enemies":"Lagavulin","floor":13,"turns":8},{"damage":69,"enemies":"The Guardian","floor":16,"turns":21}],"seed_played":"-1768705241047875628","potions_obtained":[{"floor":1.0,"key":"SkillPotion"},{"floor":8.0,"key":"Weak Potion"},{"floor":13,"key":"FearPotion"}],"is_trial":false,"path_per_floor":["M","?","M","?","M","E","R","M","T","?","R","M","E","?","R","B"],"character_chosen":"IRONCLAD","items_purchased":[],"campfire_rested":2,"item_purchase_floors":[],"current_hp_per_floor":[78,78,80,80,80,37,61,49,49,69,69,66,44,44,68,0,0],"gold":316,"neow_bonus":"THREE_RARE_CARDS","is_daily":false,"chose_seed":false,"campfire_upgraded":1,"win_rate":0.0,"timestamp":1612382898,"path_taken":["M","?","M","?","M","E","R","M","T","?","R","M","E","?","R","BOSS"],"items_purchased_type":[],"build_version":"2020-12-22","purchased_purges":0,"victory":false,"max_hp_per_floor":[80,80,80,80,80,80,80,80,80,80,80,80,80,80,80,80,80],"card_choices":[{"not_picked":["Berserk","Barricade"],"picked":"Bludgeon","floor":0.0},{"not_picked":["Reckless Charge","Ghostly Armor"],"picked":"Shrug It Off","floor":1.0},{"not_picked":["Heavy Blade","Reckless Charge"],"picked":"Flex","floor":3.0},{"not_picked":["Metallicize","Combust"],"picked":"Armaments","floor":5.0},{"not_picked":["Flame Barrier","Iron Wave"],"picked":"Reaper","floor":6.0},{"not_picked":["Clash","Infernal Blade"],"picked":"True Grit","floor":8.0},{"not_picked":["Heavy Blade","Headbutt"],"picked":"Clothesline","floor":12},{"not_picked":["Flex","Clothesline","Searing Blow"],"picked":"SKIP","floor":13}],"player_experience":528276,"relics_obtained":[{"floor":6.0,"key":"Meat on the Bone"},{"floor":9.0,"key":"Tiny Chest"},{"floor":13,"key":"Pen Nib"}],"event_choices":[{"damage_healed":0.0,"max_hp_gain":0.0,"max_hp_loss":0.0,"gold_gain":0.0,"event_name":"Golden Idol","player_choice":"Take Wound","floor":2.0,"gold_loss":0.0,"damage_taken":0.0,"relics_obtained":["Golden Idol"],"cards_obtained":["Injury"]},{"damage_healed":0.0,"max_hp_gain":0.0,"max_hp_loss":0.0,"gold_gain":0.0,"event_name":"Shining Light","player_choice":"Ignored","floor":4.0,"gold_loss":0.0,"damage_taken":0.0},{"damage_healed":20.0,"max_hp_gain":0.0,"max_hp_loss":0.0,"gold_gain":0.0,"event_name":"Mushrooms","player_choice":"Healed and dodged fight","floor":10.0,"gold_loss":0.0,"damage_taken":0.0,"cards_obtained":["Parasite"]},{"damage_healed":0,"gold_gain":100,"player_choice":"Gold","damage_taken":0,"max_hp_gain":0,"max_hp_loss":0,"event_name":"Wheel of Change","floor":14,"gold_loss":0}],"is_beta":false,"boss_relics":[],"items_purged_floors":[],"is_endless":false,"potions_floor_spawned":[1,8,13],"killed_by":"The Guardian","ascension_level":13}}