{"host":"6qo42zgaknezulyg","time":1612336741,"event":{"mods":["2.2 Compatiblity","BaseMod","Faster Ascension Climbing","Keyboard Shortcuts","Minty Spire (QoL Compilation)","Permanent Neow","Quick Restart","StSLib","SuperFastMode","The Hierophant"],"gold_per_floor":[106,113,113,136,142,134,134,122,122,134,126,126],"floor_reached":11,"language":"ENG","playtime":420,"items_purged":[],"score":150,"play_id":"2083dc85-0f76-436a-bc1c-e03304cba821","local_time":"20210203161901","is_ascension_mode":true,"campfire_choices":[{"data":"hierophant:HolyVerse","floor":7.0,"key":"SMITH"},{"floor":10,"key":"REST"}],"circlet_count":0,"master_deck":["AscendersBane","hierophant:Strike_Hierophant","hierophant:Strike_Hierophant","hierophant:Punish","hierophant:Defend_Hierophant","hierophant:Defend_Hierophant","hierophant:Defend_Hierophant","hierophant:Defend_Hierophant","hierophant:ChurchCoffers","hierophant:HolyVerse","hierophant:Doubloon","hierophant:ConvertCurrency","hierophant:HolyVerse+1","hierophant:Doomsaying"],"relics":["hierophant:PropheticMaskRelic","Golden Idol","Matryoshka","Anchor","MawBank"],"acts_visited":["Exordium"],"potions_floor_usage":[],"damage_taken":[{"damage":12.0,"enemies":"Cultist","floor":1.0,"turns":4.0},{"damage":7.0,"enemies":"Small Slimes","floor":2.0,"turns":2.0},{"damage":0.0,"enemies":"2 Louse","floor":4.0,"turns":1.0},{"damage":1.0,"enemies":"2 Fungi Beasts","floor":5.0,"turns":4.0},{"damage":25.0,"enemies":"Lagavulin","floor":6.0,"turns":6.0},{"damage":7,"enemies":"Exordium Thugs","floor":8,"turns":3},{"damage":56,"enemies":"Gremlin Nob","floor":11,"turns":3}],"seed_played":"-9044381446787132944","potions_obtained":[{"floor":5.0,"key":"Energy Potion"},{"floor":6.0,"key":"SteroidPotion"}],"is_trial":false,"path_per_floor":["M","M","?","M","M","E","R","M","T","R","E"],"character_chosen":"HIEROPHANT","items_purchased":[],"campfire_rested":1,"item_purchase_floors":[],"current_hp_per_floor":[56,49,49,49,48,23,23,16,16,34,0,0],"gold":126,"neow_bonus":"REMOVE_TWO","is_daily":false,"chose_seed":false,"campfire_upgraded":1,"win_rate":0.0,"timestamp":1612336741,"path_taken":["M","M","?","M","M","E","R","M","T","R","E"],"items_purchased_type":[],"build_version":"2020-12-22","purchased_purges":0,"victory":false,"max_hp_per_floor":[68,68,62,62,62,62,62,62,62,62,62,62],"card_choices":[{"not_picked":["hierophant:DisplayOfPower","hierophant:ThreeLashes"],"picked":"hierophant:HolyVerse","floor":1.0},{"not_picked":["hierophant:Encroach","hierophant:Remorse","hierophant:AuricShield"],"picked":"SKIP","floor":2.0},{"not_picked":["hierophant:Doubloon","hierophant:Refuge"],"picked":"hierophant:ConvertCurrency","floor":4.0},{"not_picked":["hierophant:AuricBeam","hierophant:FlamingChariot"],"picked":"hierophant:HolyVerse","floor":5.0},{"not_picked":["hierophant:Embezzle","hierophant:ThreeLashes"],"picked":"hierophant:Doomsaying","floor":6.0},{"not_picked":["hierophant:Doubloon","hierophant:Encroach","hierophant:RustyCrate"],"picked":"SKIP","floor":8},{"not_picked":["hierophant:Doubloon","hierophant:Encroach","hierophant:RustyCrate"],"picked":"SKIP","floor":8}],"player_experience":731553,"relics_obtained":[{"floor":6.0,"key":"Matryoshka"},{"floor":9,"key":"Anchor"},{"floor":9,"key":"MawBank"}],"event_choices":[{"damage_healed":0.0,"max_hp_gain":0.0,"max_hp_loss":6.0,"gold_gain":0.0,"event_name":"Golden Idol","player_choice":"Lose Max HP","floor":3.0,"gold_loss":0.0,"damage_taken":0.0,"relics_obtained":["Golden Idol"]}],"is_beta":false,"boss_relics":[],"items_purged_floors":[],"is_endless":false,"potions_floor_spawned":[5,6],"killed_by":"Gremlin Nob","ascension_level":20}}