{"host":"ysr5tkl0tmdkky9i","time":1612380462,"event":{"mods":["BaseMod","Downfall","Hermit","Marisa????????","Minty Spire (QoL Compilation)","Replay The Spire","StSLib","The Cursed"],"gold_per_floor":[109,123,140,159,110,110,9,27,51,51,84,84,97,118,118,118,118,247,247,267,75,0,0,0,39,39,62,62,85,85,11,11,11,11,11,11],"floor_reached":35,"language":"ENG","playtime":1648,"items_purged":["Strike_MRS"],"score":275,"play_id":"ebee13a5-f160-4f1e-81a8-8e30c69bd4d3","local_time":"20210203132742","is_ascension_mode":false,"campfire_choices":[{"data":"DarkSpark","floor":6,"key":"SMITH"},{"data":"UpSweep","floor":10,"key":"SMITH"},{"floor":17,"key":"REST"},{"data":"DarkMatter","floor":26,"key":"SMITH"},{"floor":30,"key":"REST"},{"data":"CasketOfStar","floor":32,"key":"SMITH"},{"data":"PowerUp","floor":34,"key":"SMITH"}],"circlet_count":0,"master_deck":["Strike_MRS","Strike_MRS","Defend_MRS","Defend_MRS","Defend_MRS","Defend_MRS","MasterSpark","UpSweep+1","MeteoricShower","OpenUniverse","DarkSpark+1","BlazeAway","PowerUp+1","EnergyFlow+1","WitchLeyline","PowerUp","EnergyFlow","6A","MagicAbsorber","CasketOfStar+1","ChargeUpSpray","Acceleration","DarkMatter+1","GalacticHalo+1","Acceleration"],"relics":["MiniHakkero","Oddly Smooth Stone","Smiling Mask","Golden Idol","Busted Crown","HandDrill","Toy Ornithopter","Replay:Bottled Snecko","Blue Candle"],"acts_visited":["Exordium","TheCity"],"potions_floor_usage":[20,25,29,35,35],"damage_taken":[{"damage":0,"enemies":"Cultist","floor":1,"turns":3},{"damage":5,"enemies":"2 Louse","floor":2,"turns":3},{"damage":8,"enemies":"Jaw Worm","floor":3,"turns":3},{"damage":0,"enemies":"3 Louse","floor":4,"turns":1},{"damage":4,"enemies":"Exordium Wildlife","floor":8,"turns":3},{"damage":20,"enemies":"Lagavulin","floor":11,"turns":5},{"damage":16,"enemies":"Looter","floor":13,"turns":3},{"damage":0,"enemies":"3 Louse","floor":14,"turns":1},{"damage":26,"enemies":"Slime Boss","floor":18,"turns":6},{"damage":19,"enemies":"2 Thieves","floor":20,"turns":3},{"damage":15,"enemies":"Slavers","floor":25,"turns":3},{"damage":12,"enemies":"Spheric Guardian","floor":27,"turns":3},{"damage":0,"enemies":"Shelled Parasite and Fungi","floor":29,"turns":2},{"damage":70,"enemies":"Pondfish","floor":35,"turns":9}],"seed_played":"-4816596010939758072","potions_obtained":[{"floor":1,"key":"Ancient Potion"},{"floor":4,"key":"ColorlessPotion"},{"floor":11,"key":"Weak Potion"},{"floor":18,"key":"Elixir"},{"floor":20,"key":"Explosive Potion"},{"floor":25,"key":"BottledSpark"}],"is_trial":false,"path_per_floor":["M","M","M","M","$","R","$","M","T","R","E","?","M","M","PTL","PTL","R","B",null,"M","$","?","$","?","E","R","M","T","M","R","$","R","?","R","B"],"character_chosen":"MARISA","items_purchased":["PowerUp","EnergyFlow+1","WitchLeyline","Acceleration","HandDrill","Acceleration"],"campfire_rested":2,"item_purchase_floors":[5,7,7,21,21,31],"current_hp_per_floor":[82,77,69,69,69,69,69,65,65,65,45,25,9,9,9,9,33,7,82,63,63,63,63,63,48,48,36,36,41,65,65,65,60,60,0,0],"gold":11,"neow_bonus":"TEN_PERCENT_HP_BONUS","is_daily":false,"chose_seed":false,"campfire_upgraded":5,"win_rate":0.0,"timestamp":1612380462,"path_taken":["M","M","M","M","$","R","?","M","T","R","E","?","M","M","PTL","PTL","R","BOSS","M","$","?","$","?","E","R","M","T","M","R","?","R","?","R","BOSS"],"items_purchased_type":["Card","Card","Card","Card","Relic","Card"],"build_version":"2020-12-22","purchased_purges":1,"victory":false,"max_hp_per_floor":[82,82,82,82,82,82,82,82,82,82,82,82,82,82,82,82,82,82,82,82,82,82,82,82,82,82,82,82,82,82,82,82,82,82,82,82],"card_choices":[{"not_picked":["IllusionStar","DC"],"picked":"MeteoricShower","floor":1},{"not_picked":["LuminesStrike","Acceleration"],"picked":"OpenUniverse","floor":2},{"not_picked":["LuminesStrike","MachineGunSpark"],"picked":"DarkSpark","floor":3},{"not_picked":["UnstableBomb","GrandCross"],"picked":"BlazeAway","floor":4},{"not_picked":["OpenUniverse","EventHorizon"],"picked":"PowerUp","floor":8},{"not_picked":["WitchLeyline","Acceleration"],"picked":"EnergyFlow","floor":11},{"not_picked":["StarBarrage","GravityBeat"],"picked":"6A","floor":13},{"not_picked":["GalacticHalo","LuminesStrike"],"picked":"MagicAbsorber","floor":14},{"not_picked":["FinalSpark","BigCrunch"],"picked":"CasketOfStar","floor":18},{"not_picked":[],"picked":"ChargeUpSpray","floor":20},{"not_picked":[],"picked":"DarkMatter","floor":25},{"not_picked":["NonDirectionalLaser"],"picked":"SKIP","floor":27},{"not_picked":[],"picked":"GalacticHalo+1","floor":29}],"player_experience":311017,"relics_obtained":[{"floor":9,"key":"Oddly Smooth Stone"},{"floor":11,"key":"Smiling Mask"},{"floor":25,"key":"Toy Ornithopter"},{"floor":28,"key":"Replay:Bottled Snecko"}],"event_choices":[{"damage_healed":0,"gold_gain":0,"player_choice":"Take Damage","damage_taken":20,"relics_obtained":["Golden Idol"],"max_hp_gain":0,"max_hp_loss":0,"event_name":"Golden Idol","floor":12,"gold_loss":0},{"cards_removed":["Strike_MRS"],"damage_healed":0,"gold_gain":0,"player_choice":"Gave Gold","damage_taken":0,"max_hp_gain":0,"max_hp_loss":0,"event_name":"Beggar","floor":22,"gold_loss":75}],"is_beta":false,"boss_relics":[{"not_picked":["Velvet Choker","Ring of Chaos"],"picked":"Busted Crown"}],"items_purged_floors":[31],"is_endless":false,"potions_floor_spawned":[1,4,11,18,20,25],"killed_by":"Pondfish","ascension_level":0}}