{"host":"sc0o2qwpf9j16a4i","time":1612359700,"event":{"mods":["AchievementEnabler","BaseMod","BetterRewards","Block Reminder","Colored Map","Colored Powertips","Custom Start","Highlight Path","Minty Spire (QoL Compilation)","Relic Stats"],"gold_per_floor":[114,132,152,427,438,466,484,500,526,526,557,575,603,615,615,715,715,730,213,213,30,30,59,73,98,98,98,98,113,113,39,39,136,136,136,136],"floor_reached":35,"language":"ENG","playtime":819,"items_purged":[],"score":1007,"play_id":"48939f6e-0f33-4c7e-b453-2530e930eb14","local_time":"20210203154140","daily_mods":["Draft","Hoarder","Cursed Run"],"is_ascension_mode":false,"campfire_choices":[{"data":"Battle Trance","floor":10,"key":"SMITH"},{"data":"True Grit","floor":15,"key":"SMITH"},{"floor":32,"key":"REST"}],"circlet_count":0,"master_deck":["Blood for Blood","Blood for Blood","Blood for Blood","Anger","Anger","Anger","Spot Weakness","Spot Weakness","Spot Weakness","Whirlwind","Whirlwind","Whirlwind","Battle Trance+1","Battle Trance","Battle Trance","Thunderclap","Thunderclap","Thunderclap","Flex","Flex","Flex","Clothesline","Clothesline","Clothesline","Evolve","Evolve","Evolve","Twin Strike","Twin Strike","Twin Strike","Pommel Strike","Pommel Strike","Pommel Strike","Flame Barrier","Flame Barrier","Flame Barrier","Thunderclap","Thunderclap","Thunderclap","True Grit+1","True Grit","True Grit","Flex","Flex","Flex","Pommel Strike","Pommel Strike","Pommel Strike","Ghostly Armor","Ghostly Armor","Ghostly Armor","Burning Pact","Burning Pact","Burning Pact+1","Regret","Regret","Regret","Rupture","Rupture","Rupture","Heavy Blade","Heavy Blade","Heavy Blade","Battle Trance","Battle Trance","Battle Trance","Reaper","Reaper","Reaper","Doubt","Doubt","Doubt","Flame Barrier","Flame Barrier","Flame Barrier","Clothesline","Clothesline","Clothesline","Uppercut","Uppercut","Uppercut","Shrug It Off","Shrug It Off","Shrug It Off+1","Doubt","Doubt","Doubt","Impervious","Impervious","Impervious","Shrug It Off","Shrug It Off","Shrug It Off","Fire Breathing","Fire Breathing","Fire Breathing","Seeing Red","Seeing Red","Seeing Red","Disarm","Disarm","Disarm","Power Through","Power Through","Power Through","Feel No Pain","Feel No Pain","Feel No Pain","Whirlwind","Whirlwind","Whirlwind","Writhe","Writhe","Writhe","Injury","Injury","Injury","RitualDagger","RitualDagger","RitualDagger","Armaments+1","Armaments+1","Armaments+1","Barricade","Barricade","Barricade","Ghostly Armor","Ghostly Armor","Ghostly Armor","Sword Boomerang","Sword Boomerang","Sword Boomerang","Writhe","Writhe","Writhe","Limit Break","Limit Break","Limit Break"],"relics":["Cursed Key","Darkstone Periapt","Du-Vu Doll","Vajra","Potion Belt","Meat on the Bone","Odd Mushroom","Black Star","PreservedInsect","Red Skull","ClockworkSouvenir","Frozen Eye","War Paint","Regal Pillow","Dream Catcher","Art of War","Oddly Smooth Stone","Prayer Wheel","CultistMask","Mark of Pain"],"acts_visited":["Exordium","TheCity","TheBeyond"],"potions_floor_usage":[16,25,25,33,33,33],"damage_taken":[{"damage":0,"enemies":"Cultist","floor":1,"turns":2},{"damage":5,"enemies":"2 Louse","floor":2,"turns":2},{"damage":0,"enemies":"Jaw Worm","floor":3,"turns":2},{"damage":0,"enemies":"3 Louse","floor":5,"turns":2},{"damage":3,"enemies":"Gremlin Nob","floor":6,"turns":2},{"damage":0,"enemies":"Exordium Wildlife","floor":7,"turns":2},{"damage":0,"enemies":"Exordium Thugs","floor":8,"turns":1},{"damage":0,"enemies":"Lagavulin","floor":11,"turns":4},{"damage":0,"enemies":"Large Slime","floor":12,"turns":2},{"damage":18,"enemies":"The Mushroom Lair","floor":13,"turns":3},{"damage":0,"enemies":"3 Louse","floor":14,"turns":1},{"damage":0,"enemies":"Slime Boss","floor":16,"turns":5},{"damage":0,"enemies":"Shell Parasite","floor":18,"turns":3},{"damage":19,"enemies":"Book of Stabbing","floor":23,"turns":3},{"damage":0,"enemies":"2 Thieves","floor":24,"turns":2},{"damage":0,"enemies":"Gremlin Leader","floor":25,"turns":6},{"damage":8,"enemies":"Shelled Parasite and Fungi","floor":29,"turns":4},{"damage":2,"enemies":"Champ","floor":33,"turns":10},{"damage":0,"enemies":"Orb Walker","floor":35,"turns":1}],"seed_played":"-3404591333175112952","potions_obtained":[{"floor":2,"key":"EssenceOfSteel"},{"floor":5,"key":"Regen Potion"},{"floor":6,"key":"Dexterity Potion"},{"floor":24,"key":"ColorlessPotion"},{"floor":25,"key":"ElixirPotion"},{"floor":29,"key":"Dexterity Potion"},{"floor":33,"key":"Block Potion"}],"is_trial":true,"path_per_floor":["M","M","M","?","M","E","M","M","T","R","E","M","?","M","R","B",null,"M","$","?","$","?","E","M","E","T","T","?","M","?","$","R","B",null,"M"],"character_chosen":"IRONCLAD","items_purchased":["PreservedInsect","Red Skull","ClockworkSouvenir","Fire Breathing","Frozen Eye","Seeing Red","Ghostly Armor"],"campfire_rested":1,"item_purchase_floors":[19,19,19,19,21,21,31],"current_hp_per_floor":[80,75,75,93,93,90,90,90,108,108,108,108,90,90,90,122,134,134,134,105,105,105,86,117,117,135,153,147,139,139,139,175,193,193,193,193],"gold":136,"neow_bonus":"","is_daily":false,"chose_seed":false,"campfire_upgraded":2,"win_rate":0.0,"timestamp":1612359700,"path_taken":["M","?","M","?","M","E","M","?","T","R","E","M","?","M","R","BOSS","M","$","?","?","?","E","?","E","T","?","?","M","?","$","R","BOSS","M"],"items_purchased_type":["Relic","Relic","Relic","Card","Relic","Card","Card"],"build_version":"2020-12-22","purchased_purges":0,"victory":false,"max_hp_per_floor":[80,80,80,98,98,98,98,98,116,116,116,116,116,116,116,134,134,134,134,139,139,139,139,139,139,157,175,175,175,175,175,175,193,193,193,193],"relic_stats":{"Darkstone Periapt":108,"Regal Pillow":0,"Dream Catcher":1,"counters":[19,57],"Prayer Wheel":1,"PreservedInsect":85,"Black Star":2,"Art of War":[4],"War Paint":["Burning Pact","Shrug It Off"],"Cursed Key":3,"obtain_stats":[{"Darkstone Periapt":0,"Potion Belt":9,"Regal Pillow":23,"Vajra":6,"Oddly Smooth Stone":26,"PreservedInsect":19,"Odd Mushroom":13,"War Paint":23,"Cursed Key":0,"ClockworkSouvenir":19,"Du-Vu Doll":0,"Frozen Eye":21,"Dream Catcher":25,"Prayer Wheel":27,"CultistMask":30,"Mark of Pain":34,"Black Star":17,"Art of War":25,"Red Skull":19,"Meat on the Bone":11},{"Darkstone Periapt":0,"Potion Belt":7,"Regal Pillow":14,"Vajra":5,"Oddly Smooth Stone":16,"PreservedInsect":13,"Odd Mushroom":10,"War Paint":14,"Cursed Key":0,"ClockworkSouvenir":13,"Du-Vu Doll":0,"Frozen Eye":13,"Dream Catcher":16,"Prayer Wheel":16,"CultistMask":17,"Mark of Pain":18,"Black Star":12,"Art of War":16,"Red Skull":13,"Meat on the Bone":8},{"Darkstone Periapt":0,"Potion Belt":13,"Regal Pillow":34,"Vajra":10,"Oddly Smooth Stone":42,"PreservedInsect":31,"Odd Mushroom":22,"War Paint":34,"Cursed Key":0,"ClockworkSouvenir":31,"Du-Vu Doll":0,"Frozen Eye":31,"Dream Catcher":42,"Prayer Wheel":42,"CultistMask":46,"Mark of Pain":56,"Black Star":28,"Art of War":42,"Red Skull":31,"Meat on the Bone":17}],"Meat on the Bone":0},"card_choices":[{"not_picked":["Twin Strike","Perfected Strike"],"picked":"Blood for Blood","floor":0},{"not_picked":["Feel No Pain","Cleave"],"picked":"Anger","floor":0},{"not_picked":["True Grit","Heavy Blade"],"picked":"Spot Weakness","floor":0},{"not_picked":["Iron Wave","Cleave"],"picked":"Whirlwind","floor":0},{"not_picked":["Carnage","Whirlwind"],"picked":"Battle Trance","floor":0},{"not_picked":["Anger","Sever Soul"],"picked":"Thunderclap","floor":0},{"not_picked":["Body Slam","True Grit"],"picked":"Flex","floor":0},{"not_picked":["Anger","Twin Strike"],"picked":"Clothesline","floor":0},{"not_picked":["Perfected Strike","Metallicize"],"picked":"Evolve","floor":0},{"not_picked":["Wild Strike","Iron Wave"],"picked":"Twin Strike","floor":0},{"not_picked":["Spot Weakness","True Grit"],"picked":"Pommel Strike","floor":0},{"not_picked":["Havoc","Warcry"],"picked":"Flame Barrier","floor":0},{"not_picked":["Twin Strike","Havoc"],"picked":"Thunderclap","floor":0},{"not_picked":["Entrench","Body Slam"],"picked":"True Grit","floor":0},{"not_picked":["Wild Strike","Hemokinesis"],"picked":"Flex","floor":0},{"not_picked":["Flex","Infernal Blade"],"picked":"Pommel Strike","floor":1},{"not_picked":["Searing Blow","Body Slam"],"picked":"Ghostly Armor","floor":2},{"not_picked":["Clothesline","Body Slam"],"picked":"Burning Pact","floor":3},{"not_picked":["Spot Weakness","Clash"],"picked":"Rupture","floor":5},{"not_picked":["Armaments","Twin Strike"],"picked":"Heavy Blade","floor":6},{"not_picked":["Clothesline","Twin Strike"],"picked":"Battle Trance","floor":7},{"not_picked":["Warcry","True Grit"],"picked":"Reaper","floor":8},{"not_picked":["Clothesline","Twin Strike"],"picked":"Flame Barrier","floor":11},{"not_picked":["Ghostly Armor","Anger"],"picked":"Clothesline","floor":12},{"not_picked":["Ghostly Armor","Bloodletting"],"picked":"Uppercut","floor":13},{"not_picked":["Cleave","Flex"],"picked":"Shrug It Off","floor":14},{"not_picked":["Juggernaut","Limit Break"],"picked":"Impervious","floor":16},{"not_picked":["Seeing Red","Headbutt+1"],"picked":"Shrug It Off","floor":18},{"not_picked":["Shrug It Off","Heavy Blade+1"],"picked":"Power Through","floor":23},{"not_picked":["Seeing Red","Wild Strike"],"picked":"Feel No Pain","floor":24},{"not_picked":["Sword Boomerang","Iron Wave"],"picked":"Whirlwind","floor":25},{"not_picked":["Cleave+1","Clash"],"picked":"Armaments+1","floor":29},{"not_picked":["Shrug It Off","Perfected Strike"],"picked":"Barricade","floor":29},{"not_picked":["Warcry","Clothesline+1"],"picked":"Sword Boomerang","floor":32},{"not_picked":["Brutality","Berserk"],"picked":"Limit Break","floor":33}],"player_experience":1152289,"relics_obtained":[{"floor":6,"key":"Vajra"},{"floor":9,"key":"Potion Belt"},{"floor":11,"key":"Meat on the Bone"},{"floor":13,"key":"Odd Mushroom"},{"floor":23,"key":"War Paint"},{"floor":23,"key":"Regal Pillow"},{"floor":25,"key":"Dream Catcher"},{"floor":25,"key":"Art of War"},{"floor":26,"key":"Oddly Smooth Stone"},{"floor":27,"key":"Prayer Wheel"}],"event_choices":[{"damage_healed":0,"gold_gain":275,"player_choice":"Desecrate","damage_taken":0,"max_hp_gain":0,"max_hp_loss":0,"event_name":"Golden Shrine","floor":4,"gold_loss":0,"cards_obtained":["Regret"]},{"damage_healed":0,"gold_gain":0,"player_choice":"Fought Mushrooms","damage_taken":0,"max_hp_gain":0,"max_hp_loss":0,"event_name":"Mushrooms","floor":13,"gold_loss":0},{"damage_healed":0,"gold_gain":0,"player_choice":"Shed Blood","damage_taken":34,"max_hp_gain":5,"max_hp_loss":0,"event_name":"Forgotten Altar","floor":20,"gold_loss":0},{"damage_healed":0,"gold_gain":0,"player_choice":"Read","damage_taken":0,"max_hp_gain":0,"max_hp_loss":0,"event_name":"The Library","floor":22,"gold_loss":0,"cards_obtained":["Disarm"]},{"damage_healed":0,"gold_gain":0,"player_choice":"Joined the Cult","damage_taken":6,"max_hp_gain":0,"max_hp_loss":0,"event_name":"Nest","floor":28,"gold_loss":0,"cards_obtained":["RitualDagger"]},{"damage_healed":0,"gold_gain":0,"player_choice":"Trade","damage_taken":0,"relics_obtained":["CultistMask"],"max_hp_gain":0,"max_hp_loss":0,"event_name":"FaceTrader","floor":30,"gold_loss":0}],"is_beta":false,"boss_relics":[{"not_picked":["Runic Pyramid","Busted Crown"],"picked":"Black Star"},{"not_picked":["Velvet Choker","SlaversCollar"],"picked":"Mark of Pain"}],"items_purged_floors":[],"is_endless":false,"potions_floor_spawned":[2,5,6,8,24,25,29,33],"killed_by":"Orb Walker","ascension_level":0}}