{"host":"2c1pg2m9wpz3w4c0","time":1612378990,"event":{"mods":["AchievementEnabler","Act Like it!","Aspiration","BaseMod","Better Note","BetterRewards","Curses Come First","Disable Question Mark Monsters","Halation","Hubris","Infinite Spire","Lotus Mark","Marisa????????","Minty Spire (QoL Compilation)","Replay The Spire","StSLib","SuperFastMode","The Clintock","The Jungle","The Marked","The Runesmith","Transform Curses"],"gold_per_floor":[109,39,39,74,74,127,127,162,162,180,180,196,233,89,89,189,189,229,229,229,229,153,153,190,190,215,227,243,262,274,313,313,416,416,477,477,487,532,571,605,605,618,618,618,652,652,652,667,667,667],"floor_reached":51,"language":"ENG","playtime":3370,"items_purged":[],"score":963,"play_id":"d63b164d-85bf-4931-87f5-f179b0ad997e","local_time":"20210203120310","is_ascension_mode":false,"campfire_choices":[{"floor":7,"key":"DIG"},{"floor":15,"key":"REST"},{"floor":23,"key":"DIG"},{"floor":32,"key":"REST"},{"floor":41,"key":"REST"},{"floor":44,"key":"REST"},{"floor":49,"key":"REST"}],"circlet_count":0,"master_deck":["Runesmith:Strike_RS","Runesmith:Strike_RS","Runesmith:Strike_RS","Runesmith:Defend_RS","Runesmith:Defend_RS","Runesmith:Defend_RS","Runesmith:Defend_RS","Runesmith:CraftFirestone","Runesmith:Fortify+1","Runesmith:StaticCage","Runesmith:Firestorm","Runesmith:RuneHurl","Runesmith:EarthShield","Runesmith:CraftIndustria+1","ReplayTheSpireMod:Private Reserves+1","HandOfGreed","Runesmith:PoweredAnvil+1","Runesmith:LithiumIon+1","Runesmith:CraftProtectio","Runesmith:EnergizedChisel","Runesmith:DoubleUp","Runesmith:LithiumIon+1","Runesmith:HammerThrow","Runesmith:HammerThrow","Runesmith:Grindstone","Runesmith:Grindstone","Runesmith:CreatorForm+1","Runesmith:RunicBlueprint","Runesmith:HeatedChisel","Runesmith:FrozenChisel","Runesmith:DuctTape+1","Runesmith:FieryHammer","Runesmith:PoweredAnvil+1","Runesmith:EnergizedChisel+1","Runesmith:BackupBattery","Runesmith:BackupBattery","Runesmith:RuneHurl+1","Runesmith:EarthShield","Runesmith:LithiumIon+1","Runesmith:CraftPrismatica","Runesmith:CraftMedicinae","Runesmith:EnergizedChisel+1","Runesmith:CraftMagma+1","Runesmith:BackupBattery+1","Runesmith:ChiselStab+1","hubris:DuctTapeCard","Runesmith:Prism+1","Wraith","Writhe","Runesmith:Terraform"],"relics":["Runesmith:BrokenRuby","infinitespire:Golems Mask","Shovel","Frozen Egg 2","Question Card","Pocketwatch","Blue Doll","Lee\u0027s Waffle","Boot","infinitespire:BottledMercury","Pet Ghost","Bottled Flame","Replay:Rubber Ducky","hubris:TenFootPole","halation:HeavySnake","Simple Rune","halation:PrussianBluePaint","hubris:Backtick","Iron Hammer","Calipers","hubris:DuctTape","Replay:Mystery Machine"],"acts_visited":["Exordium","theJungle:Jungle","TheBeyond"],"potions_floor_usage":[1,6,16,18,24,27,28,28,33,35,40,48,50],"damage_taken":[{"damage":0,"enemies":"2 Louse","floor":1,"turns":2},{"damage":5,"enemies":"Small Slimes","floor":4,"turns":4},{"damage":1,"enemies":"Lagavulin","floor":6,"turns":5},{"damage":0,"enemies":"Jaw Worm","floor":8,"turns":4},{"damage":6,"enemies":"Blue Slaver","floor":10,"turns":6},{"damage":0,"enemies":"2 Fungi Beasts","floor":12,"turns":5},{"damage":1,"enemies":"Exordium Wildlife","floor":13,"turns":3},{"damage":2,"enemies":"Slime Boss","floor":16,"turns":10},{"damage":0,"enemies":"Shell Parasite","floor":18,"turns":6},{"damage":0,"enemies":"theJungle:MUSHROOMGANG","floor":24,"turns":5},{"damage":0,"enemies":"theJungle:SlimyTreeVines","floor":27,"turns":8},{"damage":6,"enemies":"theJungle:JungleHuntersEncounter","floor":28,"turns":11},{"damage":12,"enemies":"theJungle:2_Snecko_Cultists","floor":29,"turns":7},{"damage":8,"enemies":"theJungle:SlimyTreeVines","floor":30,"turns":8},{"damage":20,"enemies":"theJungle:2_Flameangoes","floor":31,"turns":10},{"damage":14,"enemies":"theJungle:QueenSpyder","floor":33,"turns":13},{"damage":7,"enemies":"3 Shapes","floor":35,"turns":8},{"damage":0,"enemies":"Orb Walker","floor":37,"turns":4},{"damage":27,"enemies":"4 Shapes","floor":38,"turns":7},{"damage":3,"enemies":"Writhing Mass","floor":39,"turns":8},{"damage":21,"enemies":"Nemesis","floor":40,"turns":10},{"damage":42,"enemies":"3 Darklings","floor":42,"turns":7},{"damage":22,"enemies":"Giant Head","floor":45,"turns":14},{"damage":0,"enemies":"Jaw Worm Horde","floor":48,"turns":6},{"damage":25,"enemies":"infinitespire:MassOfShapes","floor":50,"turns":17}],"seed_played":"-8514296953872673229","potions_obtained":[{"floor":4,"key":"BlessingOfTheForge"},{"floor":10,"key":"Milkshake"},{"floor":16,"key":"EssenceOfSteel"},{"floor":18,"key":"Adrenaline Potion"},{"floor":21,"key":"Adrenaline Potion"},{"floor":21,"key":"Dexterity Potion"},{"floor":24,"key":"Weak Potion"},{"floor":29,"key":"Death Potion"},{"floor":30,"key":"Ancient Potion"},{"floor":33,"key":"Fruit Juice"},{"floor":38,"key":"BlessingOfTheForge"},{"floor":45,"key":"LifebloodPotion"},{"floor":48,"key":"PowerPotion"}],"is_trial":false,"path_per_floor":["M","$","?","M","?","E","R","M","T","M","T","M","M","$","R","B",null,"M","?","?","?","$","R","M","?","T","M","M","M","M","M","R","B",null,"M","?","M","M","M","E","R","M","T","R","E","?","?","M","R","B",null],"character_chosen":"RUNESMITH_CLASS","items_purchased":["infinitespire:Golems Mask","Runesmith:StaticCage","Runesmith:Firestorm","Runesmith:RuneHurl","Frozen Egg 2","Question Card","Runesmith:Firestorm+1","Runesmith:EarthShield","Runesmith:CraftIndustria+1","Blue Doll","ReplayTheSpireMod:Private Reserves","Lee\u0027s Waffle","HandOfGreed","Runesmith:PoweredAnvil+1","Runesmith:LithiumIon+1","Runesmith:CraftProtectio","Runesmith:EnergizedChisel","Panache+1","Adrenaline Potion","Runesmith:LithiumIon+1","Runesmith:HammerThrow","hubris:TenFootPole","Runesmith:PoweredAnvil+1","Runesmith:EnergizedChisel+1","Runesmith:BackupBattery"],"campfire_rested":5,"item_purchase_floors":[0,0,0,0,0,0,0,0,0,0,0,0,0,0,0,0,0,0,0,2,2,14,22,22,22],"current_hp_per_floor":[77,77,62,57,57,56,56,56,56,50,50,50,49,49,72,70,77,77,77,77,77,77,77,77,77,77,77,71,59,57,37,60,46,77,75,82,82,55,52,31,55,13,13,37,15,15,36,36,60,47],"gold":667,"neow_bonus":"","is_daily":false,"chose_seed":false,"campfire_upgraded":0,"win_rate":0.0,"timestamp":1612378990,"path_taken":["M","$","?","M","?","E","R","M","T","M","?","M","M","?","R","BOSS","M","?","?","?","$","R","?","?","T","M","M","M","M","M","R","BOSS","M","?","M","?","M","E","R","M","T","R","E","?","?","M","R","BOSS"],"items_purchased_type":["Relic","Card","Card","Card","Relic","Relic","Card","Card","Card","Relic","Card","Relic","Card","Card","Card","Card","Card","Card","Potion","Card","Card","Relic","Card","Card","Card"],"build_version":"2020-12-22","purchased_purges":0,"victory":true,"max_hp_per_floor":[77,77,77,77,77,77,77,77,77,77,77,77,77,77,77,77,77,77,77,77,77,77,77,77,77,77,77,77,77,77,77,77,77,77,82,82,82,82,82,82,82,82,82,82,82,82,82,82,82,82],"card_choices":[{"not_picked":["Runesmith:StaticCage","Runesmith:Overpower","Runesmith:RunicBlueprint"],"picked":"Runesmith:DoubleUp","floor":1},{"not_picked":["Runesmith:HeatedChisel","Runesmith:StaticCage","Runesmith:ShiftingStrike"],"picked":"Runesmith:Grindstone","floor":4},{"not_picked":["Runesmith:CraftSpiculum","Runesmith:Overpower","Runesmith:ShiftingStrike"],"picked":"Runesmith:Grindstone","floor":6},{"not_picked":["Runesmith:HeatedChisel","Runesmith:Prism","Runesmith:ChaoticBlast"],"picked":"Runesmith:CreatorForm+1","floor":8},{"not_picked":["Runesmith:MakeshiftArmor","Runesmith:HammerThrow","Runesmith:Grindstone"],"picked":"Runesmith:RunicBlueprint","floor":10},{"not_picked":["Runesmith:Accelerate","Runesmith:StaticCage","Runesmith:CraftProtectio"],"picked":"Runesmith:HeatedChisel","floor":12},{"not_picked":["Runesmith:Grindstone","Runesmith:HammerAndChisel","Runesmith:HeatExchange"],"picked":"Runesmith:FrozenChisel","floor":13},{"not_picked":["Runesmith:MetallurgicalResearch","Runesmith:LightningRod","Runesmith:ArcReactor+1"],"picked":"Runesmith:DuctTape+1","floor":16},{"not_picked":["Runesmith:UnstableHammer","Runesmith:CraftProtectio","Runesmith:EnergizedChisel"],"picked":"Runesmith:FieryHammer","floor":18},{"not_picked":["Runesmith:StaticCage","Runesmith:Repurpose+1","Runesmith:MakeshiftArmor"],"picked":"Runesmith:RuneHurl+1","floor":24},{"not_picked":["Runesmith:Grindstone","Runesmith:ShiftingStrike","Runesmith:UnstableHammer+1"],"picked":"Runesmith:EarthShield","floor":27},{"not_picked":["Runesmith:FieryHammer","Runesmith:MakeshiftArmor","Runesmith:DuctTape+1"],"picked":"Runesmith:LithiumIon+1","floor":28},{"not_picked":["Runesmith:HeatedChisel","Runesmith:Malloc","Runesmith:MakeshiftArmor+1","Runesmith:HammerThrow"],"picked":"SKIP","floor":29},{"not_picked":["Runesmith:UnstableHammer+1","Runesmith:HammerThrow+1","Runesmith:CraftProtectio"],"picked":"Runesmith:Retool","floor":30},{"not_picked":["Runesmith:ShiftingStrike+1","Runesmith:Overpower","Runesmith:Retool+1"],"picked":"Runesmith:CraftPrismatica","floor":31},{"not_picked":["Runesmith:LastStand","Runesmith:CraftPrismatica","Runesmith:UnlimitedPower+1"],"picked":"Runesmith:CraftMedicinae","floor":33},{"not_picked":["Runesmith:HeatedChisel+1","Runesmith:HeatExchange","Runesmith:Grindstone+1"],"picked":"Runesmith:EnergizedChisel+1","floor":35},{"not_picked":["Runesmith:NanitesCloud","Runesmith:CraftReservo","Runesmith:ChiselStab"],"picked":"Runesmith:CraftMagma+1","floor":37},{"not_picked":["Runesmith:ShiftingStrike","Runesmith:FieryHammer","Runesmith:CraftVitae"],"picked":"Runesmith:BackupBattery+1","floor":38},{"not_picked":["Runesmith:HammerThrow","Runesmith:CraftIndustria","Runesmith:MakeshiftArmor+1"],"picked":"Runesmith:ChiselStab+1","floor":39},{"not_picked":["Runesmith:MakeshiftArmor","Runesmith:Grindstone+1","Runesmith:HeatedChisel+1","Runesmith:Firewall+1"],"picked":"SKIP","floor":40},{"not_picked":["Runesmith:UnstableHammer+1","Runesmith:CraftSpiculum","Runesmith:HammerThrow","Runesmith:FissionHammer"],"picked":"SKIP","floor":42},{"not_picked":["Runesmith:EnergizedChisel+1","Runesmith:WhiteBalance","Runesmith:Firewall"],"picked":"Runesmith:Prism+1","floor":45},{"not_picked":["Runesmith:Overpower+1","Runesmith:RuneHurl+1","Runesmith:Discharge"],"picked":"Runesmith:Terraform","floor":48}],"player_experience":1213033,"relics_obtained":[{"floor":5,"key":"Boot"},{"floor":6,"key":"infinitespire:BottledMercury"},{"floor":7,"key":"Pet Ghost"},{"floor":9,"key":"Bottled Flame"},{"floor":11,"key":"Replay:Rubber Ducky"},{"floor":23,"key":"Simple Rune"},{"floor":26,"key":"halation:PrussianBluePaint"},{"floor":40,"key":"Calipers"},{"floor":43,"key":"hubris:DuctTape"},{"floor":45,"key":"Replay:Mystery Machine"}],"event_choices":[{"damage_healed":0,"gold_gain":0,"player_choice":"Entered Light","damage_taken":15,"max_hp_gain":0,"max_hp_loss":0,"event_name":"Shining Light","floor":3,"gold_loss":0,"cards_upgraded":["ReplayTheSpireMod:Private Reserves","Runesmith:Strike_RS"]},{"cards_removed":["Runesmith:Strike_RS"],"damage_healed":0,"gold_gain":0,"player_choice":"Card Removal","damage_taken":0,"max_hp_gain":0,"max_hp_loss":0,"event_name":"Wheel of Change","floor":19,"gold_loss":0},{"damage_healed":0,"gold_gain":0,"player_choice":"Forge","damage_taken":0,"max_hp_gain":0,"max_hp_loss":0,"event_name":"Accursed Blacksmith","floor":20,"gold_loss":0,"cards_upgraded":["Runesmith:Fortify"]},{"damage_healed":0,"gold_gain":0,"player_choice":"Got Potions","damage_taken":0,"max_hp_gain":0,"max_hp_loss":0,"event_name":"Lab","floor":21,"gold_loss":0},{"cards_removed":["Runesmith:Retool"],"damage_healed":7,"gold_gain":0,"player_choice":"Offered Uncommon","damage_taken":0,"max_hp_gain":0,"max_hp_loss":0,"event_name":"Bonfire Elementals","floor":36,"gold_loss":0},{"damage_healed":0,"gold_gain":0,"player_choice":"Ignored","damage_taken":0,"max_hp_gain":0,"max_hp_loss":0,"event_name":"OrinTheCat","floor":46,"gold_loss":0},{"damage_healed":21,"gold_gain":0,"player_choice":"Writhe","damage_taken":0,"max_hp_gain":0,"max_hp_loss":0,"event_name":"Winding Halls","floor":47,"gold_loss":0,"cards_obtained":["Writhe"]}],"is_beta":false,"boss_relics":[{"not_picked":["Runesmith:PocketReactor","halation:MonkeysPaw"],"picked":"halation:HeavySnake"},{"not_picked":["hubris:GrandSneckoEye","Sozu"],"picked":"hubris:Backtick"}],"items_purged_floors":[],"is_endless":false,"potions_floor_spawned":[4,10,16,18,24,29,30,33,38,45,48],"ascension_level":0}}