{"host":"b9sas8jv6tsy9swm","time":1612337834,"event":{"mods":["AchievementEnabler","BaseMod","Minty Spire (QoL Compilation)","Permanent Neow","Quick Restart","Replay The Spire","StSLib"],"gold_per_floor":[111,129,54,54,70,70,99,99,99,116,91,91,119,130,130,235,235,248,248,260,170,187,187,187],"floor_reached":23,"language":"ZHS","playtime":854,"items_purged":["Delirium"],"score":261,"play_id":"34a54206-114b-4d1b-8b88-2fd9c1993f63","local_time":"20210203153714","is_ascension_mode":true,"campfire_choices":[{"data":"Bash","floor":6.0,"key":"SMITH"},{"floor":8.0,"key":"REST"},{"data":"Shrug It Off","floor":12.0,"key":"SMITH"},{"data":"Rupture","floor":15.0,"key":"SMITH"}],"circlet_count":0,"master_deck":["Strike_R","Defend_R","Defend_R+1","Bash+1","Seeing Red","Burning Pact","Body Slam+1","ReplayTheSpireMod:Muscle Training","Body Slam+1","Shrug It Off+1","Rupture+1","Combust","Exhume","Shrug It Off+1","True Grit+1"],"relics":["Burning Blood","Replay:Bottled Eggs","Mercury Hourglass","Onion Ring","Empty Cage"],"acts_visited":["Exordium","TheCity"],"potions_floor_usage":[22,23],"damage_taken":[{"damage":20.0,"enemies":"Cultist","floor":1.0,"turns":5.0},{"damage":0.0,"enemies":"Small Slimes","floor":2.0,"turns":3.0},{"damage":10.0,"enemies":"Jaw Worm","floor":5.0,"turns":3.0},{"damage":44.0,"enemies":"Gremlin Nob","floor":7.0,"turns":5.0},{"damage":9.0,"enemies":"Red Slaver","floor":10.0,"turns":3.0},{"damage":18.0,"enemies":"Lagavulin","floor":13.0,"turns":6.0},{"damage":1.0,"enemies":"2 Fungi Beasts","floor":14.0,"turns":2.0},{"damage":20.0,"enemies":"The Guardian","floor":16.0,"turns":7.0},{"damage":37,"enemies":"2 Thieves","floor":18,"turns":3},{"damage":18,"enemies":"Spheric Guardian","floor":20,"turns":4},{"damage":2,"enemies":"Snake Plant","floor":22,"turns":3},{"damage":34,"enemies":"Book of Stabbing","floor":23,"turns":3}],"seed_played":"-2032065755726960032","potions_obtained":[{"floor":2.0,"key":"Fire Potion"},{"floor":7.0,"key":"Regen Potion"},{"floor":10.0,"key":"LifebloodPotion"},{"floor":16.0,"key":"LifebloodPotion"},{"floor":20,"key":"ColorlessPotion"}],"is_trial":false,"path_per_floor":["M","M","$","?","M","R","E","R","T","M","$","R","E","M","R","B",null,"M","?","M","?","M","E"],"character_chosen":"IRONCLAD","items_purchased":["Shrug It Off"],"campfire_rested":1,"item_purchase_floors":[11],"current_hp_per_floor":[58,64,64,64,60,60,22,46,46,43,43,43,46,51,51,37,69,38,38,26,26,30,0,0],"gold":187,"neow_bonus":"TRANSFORM_TWO_CARDS","is_daily":false,"chose_seed":false,"campfire_upgraded":3,"win_rate":0.0,"timestamp":1612337834,"path_taken":["M","?","$","?","M","R","E","R","T","M","$","R","E","?","R","BOSS","M","?","M","?","?","E"],"items_purchased_type":["Card"],"build_version":"2020-12-22","purchased_purges":1,"victory":false,"max_hp_per_floor":[80,80,80,80,80,80,80,80,80,80,80,80,80,80,80,80,80,80,80,80,80,80,80,80],"card_choices":[{"not_picked":["ReplayTheSpireMod:Limb From Limb","Anger"],"picked":"Body Slam","floor":1.0},{"not_picked":["Clash","Intimidate"],"picked":"ReplayTheSpireMod:Muscle Training","floor":2.0},{"not_picked":["Pommel Strike","Uppercut","Twin Strike"],"picked":"SKIP","floor":5.0},{"not_picked":["Havoc","Ghostly Armor"],"picked":"Body Slam","floor":7.0},{"not_picked":["Wild Strike","Anger","Pommel Strike"],"picked":"SKIP","floor":10.0},{"not_picked":["Twin Strike","Shrug It Off"],"picked":"Rupture","floor":13.0},{"not_picked":["Flex","Run Through"],"picked":"Combust","floor":14.0},{"not_picked":["Juggernaut","Demonic Infusion"],"picked":"Exhume","floor":16.0},{"not_picked":["Headbutt","Sword Boomerang"],"picked":"Shrug It Off+1","floor":18},{"not_picked":["Searing Blow","Heavy Blade+1"],"picked":"True Grit+1","floor":20},{"not_picked":["Replay:Undeath\u0027s Touch","Body Slam","Headbutt"],"picked":"SKIP","floor":22}],"player_experience":435790,"relics_obtained":[{"floor":7.0,"key":"Mercury Hourglass"},{"floor":13.0,"key":"Onion Ring"}],"event_choices":[{"damage_healed":0.0,"max_hp_gain":0.0,"max_hp_loss":0.0,"gold_gain":0.0,"event_name":"WeMeetAgain","player_choice":"Gave Potion","floor":4.0,"gold_loss":0.0,"damage_taken":0.0,"relics_obtained":["Replay:Bottled Eggs"]},{"cards_removed":["Defend_R"],"damage_healed":0,"gold_gain":0,"player_choice":"Elegance","damage_taken":0,"max_hp_gain":0,"max_hp_loss":0,"event_name":"Back to Basics","floor":19,"gold_loss":0},{"cards_removed":["Strike_R"],"damage_healed":0,"gold_gain":0,"player_choice":"Upgrade and Remove","damage_taken":0,"max_hp_gain":0,"max_hp_loss":0,"event_name":"Designer","floor":21,"gold_loss":90,"cards_upgraded":["Defend_R"]}],"is_beta":false,"boss_relics":[{"not_picked":["SacredBark","Pandora\u0027s Box"],"picked":"Empty Cage"}],"items_purged_floors":[3],"is_endless":false,"potions_floor_spawned":[2,7,10,16,20],"killed_by":"Book of Stabbing","ascension_level":6}}