{"host":"nwd160me4iqdtr8u","time":1612366378,"event":{"mods":["AchievementEnabler","Act Like it!","BaseMod","Colored Map","DeckTracker","Hallownest","Keyboard Shortcuts","Minty Spire (QoL Compilation)","Quick Restart","Rare Cards Sparkle","Smile Girya","StSLib","SuperFastMode","The Bug Knight","everything is the same but u backflip on backflip"],"gold_per_floor":[114,114,129,142,142,142,160,179,179,214,224,251,251,269,269,368,368,383,83,456,456,161,188,205,215,238,256,256,276,289,289,289,388,388,406,406,416,416,431,431,444,444,444,359,379,61,61,76,76,76],"floor_reached":51,"language":"KOR","playtime":4315,"items_purged":["HollowMod:NailStrikeStart","Hallownest:curseDreamersLament"],"score":633,"play_id":"7dd9d79f-58e8-4e7e-817d-7041cc1c401a","local_time":"20210204003258","is_ascension_mode":false,"campfire_choices":[{"data":"HollowMod:TaintedHusks","floor":6.0,"key":"SMITH"},{"data":"HollowMod:QuirrelsAssistance","floor":13.0,"key":"SMITH"},{"data":"HollowMod:MonarchWings","floor":15.0,"key":"SMITH"},{"floor":28.0,"key":"REST"},{"floor":32.0,"key":"REST"},{"floor":40.0,"key":"REST"},{"floor":42.0,"key":"RECALL"},{"floor":49.0,"key":"REST"}],"circlet_count":0,"master_deck":["HollowMod:NailStrikeStart","HollowMod:NailStrikeStart","HollowMod:QuickDashStart","HollowMod:QuickDashStart","HollowMod:QuickDashStart","HollowMod:QuickDashStart","HollowMod:FocusHealStart","HollowMod:PogoStrike","HollowMod:TaintedHusks+1","HollowMod:InfectedCysts","HollowMod:GreatSlash","HollowMod:MonarchWings+1","HollowMod:SoulStrike","HollowMod:CrystalDash","HollowMod:QuirrelsAssistance+1","HollowMod:NewInfectedGuardian+1","HollowMod:ZotesMagnificence","HollowMod:BrokenVessel+1","HollowMod:NewLastStag+1","HollowMod:MonarchWings+1","HollowMod:DoubleDash+1","HollowMod:CornifersMapStart+1","HollowMod:ShapeofUnn","HollowMod:QuirrelsAssistance+1","HollowMod:RecoilStrike+1","HollowMod:theNailsmith+1","HollowMod:SiblingsSouls+1","HollowMod:CloakDash+1","HollowMod:SoulSplash+1","HollowMod:DreamGate+1","HollowMod:MawleksShell+1","HollowMod:CloakDash+1"],"relics":["HollowMod:VesselMask","NeowsBlessing","Mercury Hourglass","Toxic Egg 2","Fusion Hammer","Membership Card","Anchor","Meat on the Bone","Tiny Chest","Singing Bowl","Cursed Key","Question Card","Hallownest:SoulVesselRelic","Lantern","HornCleat"],"acts_visited":["Hallownest:Greenpath","Hallownest:CityofTears","Hallownest:KingdomsEdge"],"potions_floor_usage":[50,50],"damage_taken":[{"damage":0.0,"enemies":"Hallownest:monsterHuskGuard","floor":1.0,"turns":1.0},{"damage":0.0,"enemies":"Hallownest:2_MossCreeps","floor":3.0,"turns":1.0},{"damage":1.0,"enemies":"Hallownest:2_Tiktiks_and_1_Crawlid","floor":4.0,"turns":1.0},{"damage":20.0,"enemies":"Hallownest:MossCreep_and_Mosskin","floor":7.0,"turns":4.0},{"damage":14.0,"enemies":"Hallownest:Wandering_and_Horned","floor":8.0,"turns":7.0},{"damage":15.0,"enemies":"Hallownest:eliteVengeflyKing","floor":10.0,"turns":7.0},{"damage":1.0,"enemies":"Hallownest:monsterMossCharger","floor":11.0,"turns":6.0},{"damage":3.0,"enemies":"Hallownest:eliteMossKnight","floor":12.0,"turns":4.0},{"damage":5.0,"enemies":"Hallownest:monsterAspidMother","floor":14.0,"turns":4.0},{"damage":72.0,"enemies":"Hallownest:BossBrokenVessel","floor":16.0,"turns":12.0},{"damage":25.0,"enemies":"Hallownest:2_Mistakes","floor":18.0,"turns":5.0},{"damage":8.0,"enemies":"Hallownest:eliteSoulWarrior","floor":23.0,"turns":6.0},{"damage":15.0,"enemies":"Hallownest:Guard_and_Sentry","floor":24.0,"turns":4.0},{"damage":3.0,"enemies":"Hallownest:2_Flukemon","floor":25.0,"turns":7.0},{"damage":8.0,"enemies":"Hallownest:Master_and_Novice","floor":27.0,"turns":5.0},{"damage":3.0,"enemies":"Hallownest:monsterMisterMushroom","floor":29.0,"turns":6.0},{"damage":20.0,"enemies":"Hallownest:2_Flukemon","floor":30.0,"turns":7.0},{"damage":69.0,"enemies":"Hallownest:BossMantisLord","floor":33.0,"turns":12.0},{"damage":38.0,"enemies":"Hallownest:2_Littles","floor":35.0,"turns":7.0},{"damage":17.0,"enemies":"Hallownest:Shield_Heavy","floor":37.0,"turns":5.0},{"damage":1.0,"enemies":"Hallownest:2_Wandering_and_1_Horned","floor":39.0,"turns":8.0},{"damage":2.0,"enemies":"Hallownest:Shield_Sturdy","floor":41.0,"turns":5.0},{"damage":29.0,"enemies":"Hallownest:Xero_Hu_Marmu","floor":45.0,"turns":4.0},{"damage":42.0,"enemies":"Hallownest:Slobbering_and_Violent","floor":48.0,"turns":6.0},{"damage":66,"enemies":"Hallownest:BossHollowKnight","floor":50,"turns":30}],"seed_played":"490308519988457234","potions_obtained":[{"floor":3.0,"key":"DuplicationPotion"},{"floor":4.0,"key":"DuplicationPotion"},{"floor":10.0,"key":"SteroidPotion"},{"floor":11.0,"key":"BlessingOfTheForge"},{"floor":18.0,"key":"Strength Potion"},{"floor":24.0,"key":"Weak Potion"},{"floor":29.0,"key":"FearPotion"},{"floor":37.0,"key":"Fire Potion"},{"floor":41.0,"key":"DistilledChaos"},{"floor":45.0,"key":"FairyPotion"},{"floor":48.0,"key":"LiquidMemories"}],"is_trial":false,"path_per_floor":["M","?","M","M","?","R","M","M","T","E","M","E","R","M","R","B",null,"M","?","?","?","$","E","M","M","T","M","R","M","M","T","R","B",null,"M","?","M","T","M","R","M","R","T","?","M","$","?","M","R","B",null],"character_chosen":"THE_BUGKNIGHT","items_purchased":["Membership Card","Anchor","HollowMod:MonarchWings+1","HollowMod:MawleksShell+1","Lantern","HornCleat","Fire Potion"],"campfire_rested":4,"item_purchase_floors":[22,22,22,46,46,46,46],"current_hp_per_floor":[75,75,75,74,64,64,50,46,56,68,73,76,76,71,71,11,85,66,66,66,66,66,64,49,52,52,50,75,72,52,52,77,20,85,57,57,46,46,51,76,80,80,80,80,53,53,53,29,55,13],"gold":76,"neow_bonus":"THREE_ENEMY_KILL","is_daily":false,"chose_seed":false,"campfire_upgraded":3,"win_rate":0.0,"timestamp":1612366378,"path_taken":["M","?","M","M","?","R","M","M","T","E","?","E","R","M","R","BOSS","M","?","?","?","$","E","?","M","T","M","R","M","M","?","R","BOSS","M","?","?","?","M","R","M","R","T","?","M","$","?","M","R","BOSS"],"items_purchased_type":["Relic","Relic","Card","Card","Relic","Relic","Potion"],"build_version":"2020-12-22","purchased_purges":2,"victory":true,"max_hp_per_floor":[75,75,75,75,75,75,75,75,85,85,85,85,85,85,85,85,85,85,85,85,85,85,85,85,85,85,85,85,85,85,85,85,85,85,85,85,85,85,85,85,85,85,85,85,87,87,87,87,87,87],"card_choices":[{"not_picked":["HollowMod:HowlingWraiths","HollowMod:MantisMark"],"picked":"HollowMod:TaintedHusks","floor":1.0},{"not_picked":["HollowMod:ShadowDash","HollowMod:HowlingWraiths"],"picked":"HollowMod:InfectedCysts","floor":3.0},{"not_picked":["HollowMod:TaintedHusks","HollowMod:ChannelNail"],"picked":"HollowMod:GreatSlash","floor":4.0},{"not_picked":["HollowMod:SoulStrike","HollowMod:InfectedAttack"],"picked":"HollowMod:MonarchWings","floor":7.0},{"not_picked":["HollowMod:TaintedHusks","HollowMod:WraithStrike"],"picked":"HollowMod:SoulStrike","floor":8.0},{"not_picked":["HollowMod:MidwifesHunger","HollowMod:WraithStrike"],"picked":"HollowMod:CrystalDash","floor":10.0},{"not_picked":["HollowMod:InfectedCysts","HollowMod:SoulStrike","HollowMod:GoodIntentions"],"picked":"SKIP","floor":11.0},{"not_picked":["HollowMod:TaintedHusks+1","HollowMod:SharpenedNail"],"picked":"HollowMod:QuirrelsAssistance","floor":12.0},{"not_picked":["HollowMod:VengefulVoid","HollowMod:HuntersJournal+1"],"picked":"HollowMod:NewInfectedGuardian+1","floor":14.0},{"not_picked":["HollowMod:LordofShades","HollowMod:SoulMaster"],"picked":"HollowMod:ZotesMagnificence","floor":16.0},{"not_picked":["HollowMod:LifebloodCocoon+1","HollowMod:HowlingWraiths+1"],"picked":"HollowMod:BrokenVessel+1","floor":18.0},{"not_picked":["HollowMod:GreatSlash","HollowMod:InfectedCysts+1"],"picked":"HollowMod:DoubleDash+1","floor":23.0},{"not_picked":["HollowMod:SiblingsSouls+1","HollowMod:LifebloodCocoon+1"],"picked":"HollowMod:CornifersMapStart+1","floor":24.0},{"not_picked":["HollowMod:ChannelNail+1","HollowMod:DoubleDash+1"],"picked":"HollowMod:ShapeofUnn","floor":25.0},{"not_picked":["HollowMod:SoulEater","HollowMod:CrystalDash+1"],"picked":"HollowMod:QuirrelsAssistance+1","floor":27.0},{"not_picked":["HollowMod:HowlingWraiths","HollowMod:NewJinnsSoul+1","HollowMod:InfectedCysts"],"picked":"SKIP","floor":29.0},{"not_picked":["HollowMod:CrystalDash+1","HollowMod:CornifersMapStart+1"],"picked":"HollowMod:RecoilStrike+1","floor":30.0},{"not_picked":["HollowMod:Weaversong","HollowMod:PureVessel"],"picked":"HollowMod:theNailsmith+1","floor":33.0},{"not_picked":["HollowMod:DashSlash+1","HollowMod:FallenFury"],"picked":"HollowMod:SiblingsSouls+1","floor":35.0},{"not_picked":["HollowMod:NewJinnsSoul+1","HollowMod:CornifersMapStart+1"],"picked":"HollowMod:CloakDash+1","floor":37.0},{"not_picked":["HollowMod:HowlingWraiths","HollowMod:NewLittleFool+1"],"picked":"HollowMod:SoulSplash+1","floor":39.0},{"not_picked":["HollowMod:GoodIntentions+1","HollowMod:NewJinnsSoul+1"],"picked":"HollowMod:DreamGate+1","floor":41.0},{"not_picked":["HollowMod:SoulVessel+1","HollowMod:SiblingsShadow+1","HollowMod:DreamGate+1","HollowMod:SoulSplash+1"],"picked":"Singing Bowl","floor":45.0},{"not_picked":["HollowMod:AbyssShriek+1","HollowMod:CrystalDash+1","HollowMod:TaintedHusks+1"],"picked":"HollowMod:CloakDash+1","floor":48.0}],"player_experience":399339,"relics_obtained":[{"floor":9.0,"key":"Pear"},{"floor":10.0,"key":"Mercury Hourglass"},{"floor":12.0,"key":"Toxic Egg 2"},{"floor":23.0,"key":"Meat on the Bone"},{"floor":26.0,"key":"Tiny Chest"},{"floor":31.0,"key":"Singing Bowl"},{"floor":43.0,"key":"Question Card"}],"event_choices":[],"is_beta":false,"boss_relics":[{"not_picked":["Pandora\u0027s Box","HollowMod:VoidIdolRelic"],"picked":"Fusion Hammer"},{"not_picked":["SlaversCollar","Snecko Eye"],"picked":"Cursed Key"}],"items_purged_floors":[22,46],"is_endless":false,"potions_floor_spawned":[3,4,10,11,18,24,29,37,41,45,48],"ascension_level":0}}