{"host":"sav7uxregyirlf69","time":1612348270,"event":{"mods":["AchievementEnabler","BaseMod","Colored Map","DeckTracker","Keyboard Shortcuts","Minty Spire (QoL Compilation)","READ ME - Guardian Mod","StSLib","SuperFastMode"],"gold_per_floor":[361,361,177,177,177,208,208,11,11,11,311,332,64,87,87,87,87],"floor_reached":16,"language":"KOR","playtime":180,"items_purged":["Strike_G"],"score":192,"play_id":"3cfbe5cf-2a13-4c31-8c28-72fc5c62a37d","local_time":"20210203193110","is_ascension_mode":true,"campfire_choices":[{"floor":7,"key":"REST"},{"data":"Dagger Spray","floor":10,"key":"SMITH"},{"floor":15,"key":"REST"}],"circlet_count":0,"master_deck":["AscendersBane","Strike_G","Strike_G","Strike_G","Strike_G","Defend_G","Defend_G","Defend_G","Defend_G","Defend_G","Survivor","Neutralize","Dagger Spray+1","Dash","Flying Knee","Dagger Throw"],"relics":["Ring of the Snake","Golden Idol","The Courier","ClockworkSouvenir","Dream Catcher","Old Coin","Medical Kit","Omamori"],"acts_visited":["Exordium"],"potions_floor_usage":[6,12,16],"damage_taken":[{"damage":5,"enemies":"2 Louse","floor":1,"turns":3},{"damage":24,"enemies":"Lagavulin","floor":6,"turns":8},{"damage":0,"enemies":"Cultist","floor":12,"turns":5},{"damage":0,"enemies":"Small Slimes","floor":14,"turns":3},{"damage":33,"enemies":"Slime Boss","floor":16,"turns":3}],"seed_played":"-9046658189401386057","potions_obtained":[{"floor":1,"key":"GamblersBrew"}],"is_trial":false,"path_per_floor":["M","?","$","T","?","E","R","$","T","R","?","M","$","M","R","B"],"character_chosen":"THE_SILENT","items_purchased":["CultistPotion","ClockworkSouvenir","Regen Potion","Medical Kit","Omamori"],"campfire_rested":2,"item_purchase_floors":[3,8,8,13,13],"current_hp_per_floor":[54,54,54,54,33,9,27,27,27,27,1,15,15,15,33,0,0],"gold":87,"neow_bonus":"TWO_FIFTY_GOLD","is_daily":false,"chose_seed":false,"campfire_upgraded":1,"win_rate":0.0,"timestamp":1612348270,"path_taken":["M","?","$","?","?","E","R","$","T","R","?","M","?","?","R","BOSS"],"items_purchased_type":["Potion","Relic","Potion","Relic","Relic"],"build_version":"2020-12-22","purchased_purges":1,"victory":false,"max_hp_per_floor":[60,60,60,60,60,60,60,60,60,60,60,60,60,60,60,60,60],"card_choices":[{"not_picked":["Bouncing Flask","PiercingWail"],"picked":"Dagger Spray","floor":1},{"not_picked":["Poisoned Stab","Underhanded Strike"],"picked":"Flying Knee","floor":6},{"not_picked":["Reflex","Bane"],"picked":"Dagger Throw","floor":12},{"not_picked":["Underhanded Strike","Quick Slash","Accuracy"],"picked":"SKIP","floor":14}],"player_experience":1468080,"relics_obtained":[{"floor":6,"key":"The Courier"},{"floor":9,"key":"Dream Catcher"}],"event_choices":[{"damage_healed":0,"gold_gain":0,"player_choice":"1 cards matched","damage_taken":0,"max_hp_gain":0,"max_hp_loss":0,"event_name":"Match and Keep!","floor":2,"gold_loss":0,"cards_obtained":["Dash"]},{"damage_healed":0,"gold_gain":0,"player_choice":"Take Damage","damage_taken":21,"relics_obtained":["Golden Idol"],"max_hp_gain":0,"max_hp_loss":0,"event_name":"Golden Idol","floor":5,"gold_loss":0},{"damage_healed":0,"gold_gain":0,"player_choice":"Success","damage_taken":26,"relics_obtained":["Old Coin"],"max_hp_gain":0,"max_hp_loss":0,"event_name":"Scrap Ooze","floor":11,"gold_loss":0}],"is_beta":false,"boss_relics":[],"items_purged_floors":[3],"is_endless":false,"potions_floor_spawned":[1],"killed_by":"Slime Boss","ascension_level":20}}