{"host":"ox77rn1xcurm2t5a","time":1612386974,"event":{"mods":["2.2 Compatiblity","AchievementEnabler","Act Like it!","Aspiration","BaseMod","Best Route Mod","Better Match","Better Note","Better Sensory Stone","Block Reminder","Colored Map","Colored Powertips","Conjunction","Conspire","Custom Start","Energized Spire","GifTheSpireLib","Gold Saver","Gremlin Skip","Halation","Highlight Path","Hubris","Infinite Spire","Minty Spire (QoL Compilation)","Pale of the Ancients","Quick Restart","Replay The Spire","Reworked Bosses","ShortenTheSpire","Spire Exporter","StSLib","Stuff the Spire","Wandering Minibosses"],"gold_per_floor":[396,165,165,65,80,80,106,106,106,106,106,140,38,51,51,129,129,88,88,162,181,481,492,509,530,530,530,118,118,135,153,153,226,226,237,237,249,1057,1057,1084,1084,284,284,294,21,32,32,66,66,68,68,68,68,113,119,119],"floor_reached":55,"language":"ENG","playtime":1406,"items_purged":["Strike_B","Strike_B","Strike_B","Strike_B"],"score":1390,"play_id":"8f7d92a3-f220-47ec-ad5b-bea032991bd9","local_time":"20210203231614","is_ascension_mode":true,"campfire_choices":[{"data":"Defragment","floor":6.0,"key":"SMITH"},{"floor":8.0,"key":"RECALL"},{"data":"Zap","floor":10.0,"key":"SMITH"},{"data":"Defragment","floor":15.0,"key":"SMITH"},{"data":"Dualcast","floor":27.0,"key":"SMITH"},{"floor":29.0,"key":"REST"},{"data":"Defragment","floor":32.0,"key":"SMITH"},{"data":"Storm","floor":41.0,"key":"SMITH"},{"data":"StuffTheSpire:Synthwave","floor":49.0,"key":"SMITH"},{"data":"Ball Lightning","floor":52,"key":"SMITH"}],"circlet_count":0,"master_deck":["AscendersBane","Defend_B","Defend_B","Defend_B","Defend_B","Dualcast+1","Chill+1","Defragment+1","Conserve Battery+1","Cold Snap","Ball Lightning+1","White Noise+1","Gash","Defragment+1","Ball Lightning","Cold Snap","Gash","Storm+1","Ball Lightning","Defragment+1","Electrodynamics+1","Writhe","Static Discharge","StuffTheSpire:Synthwave+1"],"relics":["Cracked Core","NeowsBlessing","infinitespire:SolderingIron","Ancient Tea Set","hubris:ScarierMask","Solar Panel","Old Coin","StuffTheSpire:OldFever","StuffTheSpire:ForceGauntlet","Bag of Marbles","aspiration:FaultyCoupler","Busted Crown","wanderingMiniBosses:MasterThiefsPresence","Regal Pillow","hubris:GlazedTorus","Guide Book","Potion Belt","Bottled Flame","ReplayTheSpireMod:Lightbulb","Replay:Bandana","aspiration:TomeofQuesting"],"acts_visited":["Exordium","TheCity","TheBeyond","TheEnding"],"potions_floor_usage":[50,50,55,55],"damage_taken":[{"damage":0.0,"enemies":"Small Slimes","floor":1.0,"turns":1.0},{"damage":0.0,"enemies":"conspire:RoseBush","floor":5.0,"turns":1.0},{"damage":0.0,"enemies":"Gremlin Nob","floor":7.0,"turns":1.0},{"damage":0.0,"enemies":"3 Sentries","floor":12.0,"turns":10.0},{"damage":2.0,"enemies":"Jaw Worm","floor":14.0,"turns":2.0},{"damage":1.0,"enemies":"Slime Boss","floor":16.0,"turns":9.0},{"damage":0.0,"enemies":"Spheric Guardian","floor":18.0,"turns":6.0},{"damage":2.0,"enemies":"Chosen","floor":21.0,"turns":4.0},{"damage":8.0,"enemies":"Centurion and Healer","floor":23.0,"turns":3.0},{"damage":19.0,"enemies":"Snake Plant","floor":24.0,"turns":4.0},{"damage":29.0,"enemies":"Book of Stabbing","floor":25.0,"turns":5.0},{"damage":0.0,"enemies":"Snecko","floor":30.0,"turns":3.0},{"damage":4.0,"enemies":"Centurion and Healer","floor":31.0,"turns":2.0},{"damage":12.0,"enemies":"Automaton","floor":33.0,"turns":7.0},{"damage":6.0,"enemies":"Orb Walker","floor":35.0,"turns":3.0},{"damage":0.0,"enemies":"3 Shapes","floor":37.0,"turns":2.0},{"damage":41.0,"enemies":"Maw","floor":38.0,"turns":6.0},{"damage":2.0,"enemies":"Nemesis","floor":40.0,"turns":7.0},{"damage":0.0,"enemies":"3 Darklings","floor":44.0,"turns":3.0},{"damage":0.0,"enemies":"Sphere and 2 Shapes","floor":46.0,"turns":2.0},{"damage":7.0,"enemies":"Giant Head","floor":48.0,"turns":5.0},{"damage":0,"enemies":"conspire:OrnateMirror","floor":50,"turns":1},{"damage":4,"enemies":"Shield and Spear","floor":54,"turns":3},{"damage":93,"enemies":"The Heart","floor":55,"turns":5}],"seed_played":"4418822590802032615","potions_obtained":[{"floor":5.0,"key":"Languid Potion"},{"floor":12.0,"key":"SmokeBomb"},{"floor":23.0,"key":"Explosive Potion"},{"floor":30.0,"key":"FocusPotion"},{"floor":33.0,"key":"Strength Potion"},{"floor":35.0,"key":"Venom Potion"},{"floor":46.0,"key":"ColorlessPotion"},{"floor":48.0,"key":"Doom Potion"},{"floor":54,"key":"Adrenaline Potion"}],"is_trial":false,"path_per_floor":["M","$","?","$","M","R","E","R","T","R","?","E","$","M","R","B",null,"M","?","T","M","AVR","M","M","E","T","R","$","R","M","M","R","B",null,"M","?","M","M","?","E","R","$","T","M","$","M","$","E","R","B",null,"R","$","E","B"],"character_chosen":"DEFECT","items_purchased":["Defragment","Conserve Battery+1","Cold Snap","Defragment","Ball Lightning","Bag of Marbles","aspiration:FaultyCoupler","hubris:GlazedTorus","Guide Book","Potion Belt","Static Discharge","StuffTheSpire:Synthwave","ReplayTheSpireMod:Lightbulb"],"campfire_rested":1,"item_purchase_floors":[2,2,2,13,13,28,28,42,42,42,42,45,45],"current_hp_per_floor":[64,64,64,64,64,64,64,64,64,64,64,64,64,62,62,61,69,69,69,69,69,69,65,54,31,31,31,31,52,58,56,56,52,66,64,71,71,38,56,56,56,56,56,66,66,70,70,71,71,71,71,71,71,71,0,0],"gold":119,"neow_bonus":"THREE_ENEMY_KILL","is_daily":false,"chose_seed":false,"campfire_upgraded":8,"win_rate":0.0,"timestamp":1612386974,"path_taken":["M","$","?","$","M","R","E","R","T","R","?","E","$","M","R","BOSS","M","?","?","M","AVR","M","?","E","T","R","$","R","?","M","R","BOSS","M","?","?","M","?","E","R","$","T","M","$","M","?","E","R","BOSS","R","$","E","BOSS"],"items_purchased_type":["Card","Card","Card","Card","Card","Relic","Relic","Relic","Relic","Relic","Card","Card","Relic"],"build_version":"2020-12-22","purchased_purges":4,"victory":false,"max_hp_per_floor":[71,71,71,71,71,71,71,71,71,71,71,71,71,71,71,71,71,71,71,71,71,71,71,71,71,71,71,71,71,71,71,71,71,71,71,71,71,71,71,71,71,71,71,71,71,71,71,71,71,71,71,71,71,71,71,71],"card_choices":[{"not_picked":["Barrage","Panic Button"],"picked":"Chill","floor":1.0},{"not_picked":["Stack","Sunder","ReplayTheSpireMod:Repulse"],"picked":"SKIP","floor":5.0},{"not_picked":["BasicCrystalCard","Meteor Strike"],"picked":"Ball Lightning","floor":7.0},{"not_picked":["hubris:PowerSurge","Cold Snap"],"picked":"Gash","floor":12.0},{"not_picked":["Barrage","Static Discharge"],"picked":"Cold Snap","floor":14.0},{"not_picked":["Tempest+1","Turbo"],"picked":"Gash","floor":18.0},{"not_picked":["Turbo","StuffTheSpire:Plugnplay"],"picked":"Storm","floor":21.0},{"not_picked":["Lockon","Chill+1"],"picked":"Ball Lightning","floor":23.0},{"not_picked":["StuffTheSpire:Coldhearted","Beam Cell","Blizzard"],"picked":"SKIP","floor":24.0},{"not_picked":["StuffTheSpire:ShieldGenerator","Steam","ReplayTheSpireMod:Dual Polarity"],"picked":"SKIP","floor":25.0},{"not_picked":["Skim","Rebound","StuffTheSpire:GlassShard"],"picked":"SKIP","floor":30.0},{"not_picked":["Chill","ReplaySolidLightProjector"],"picked":"Defragment","floor":31.0},{"not_picked":["Reboot","Creative AI"],"picked":"Electrodynamics","floor":33.0},{"not_picked":["Darkness"],"picked":"SKIP","floor":35.0},{"not_picked":["ReplayTheSpireMod:Reroute Power"],"picked":"SKIP","floor":37.0},{"not_picked":["BasicCrystalCard"],"picked":"SKIP","floor":38.0},{"not_picked":["Leap"],"picked":"SKIP","floor":40.0},{"not_picked":["Compile Driver"],"picked":"SKIP","floor":44.0},{"not_picked":["StuffTheSpire:LoadUp"],"picked":"SKIP","floor":46.0},{"not_picked":["Sunder"],"picked":"SKIP","floor":48.0},{"not_picked":["Compile Driver"],"picked":"SKIP","floor":54}],"player_experience":2995784,"relics_obtained":[{"floor":7.0,"key":"infinitespire:SolderingIron"},{"floor":12.0,"key":"Ancient Tea Set"},{"floor":20.0,"key":"Solar Panel"},{"floor":25.0,"key":"StuffTheSpire:OldFever"},{"floor":26.0,"key":"StuffTheSpire:ForceGauntlet"},{"floor":38.0,"key":"wanderingMiniBosses:MasterThiefsPresence"},{"floor":40.0,"key":"Regal Pillow"},{"floor":43.0,"key":"Bottled Flame"},{"floor":48.0,"key":"Replay:Bandana"},{"floor":54,"key":"aspiration:TomeofQuesting"}],"event_choices":[{"damage_healed":0.0,"max_hp_gain":0.0,"max_hp_loss":0.0,"gold_gain":0.0,"event_name":"conspire:LoneGhost","player_choice":"Disagree","floor":3.0,"gold_loss":0.0,"damage_taken":0.0},{"damage_healed":18.0,"max_hp_gain":0.0,"max_hp_loss":0.0,"gold_gain":0.0,"event_name":"Winding Halls","player_choice":"Writhe","floor":39.0,"gold_loss":0.0,"damage_taken":0.0,"cards_obtained":["Writhe"]}],"is_beta":false,"boss_relics":[{"not_picked":["Abe\u0027s Treasure","energizedSpire:StickyHand"],"picked":"hubris:ScarierMask"},{"not_picked":["hubris:Stopwatch","hubris:TerracottaHorce"],"picked":"Busted Crown"}],"items_purged_floors":[2,4,22,42],"is_endless":false,"potions_floor_spawned":[5,12,14,23,24,30,31,33,35,37,46,48,54],"killed_by":"The Heart","ascension_level":14}}