{"host":"qxeepl7ydvsgmfdb","time":1612356246,"event":{"mods":["AchievementEnabler","BaseMod","Colored Powertips","Minty Spire (QoL Compilation)","Quick Restart","slay the spire mod where everything is the same but ironclad has a cowboy hat"],"gold_per_floor":[114,124,299,299,299,299,334,351,351,363,363,393,393,411,411,509,509,527,545,644,348,348,348,348],"floor_reached":23,"language":"ENG","playtime":1572,"items_purged":["Regret"],"score":269,"play_id":"35b7c22b-8348-40f7-9e08-e5840ca399af","local_time":"20210203074406","is_ascension_mode":true,"campfire_choices":[{"data":"Chill","floor":6.0,"key":"SMITH"},{"data":"Sweeping Beam","floor":11.0,"key":"SMITH"},{"floor":13.0,"key":"REST"},{"floor":15.0,"key":"REST"}],"circlet_count":0,"master_deck":["Strike_B","Strike_B","Strike_B","Strike_B","Defend_B","Defend_B","Defend_B","Defend_B","Zap+1","Dualcast+1","Chill+1","Conserve Battery","Coolheaded","Sweeping Beam+1","Ball Lightning","BootSequence","Ball Lightning"],"relics":["Cracked Core","NeowsBlessing","HornCleat","Ornamental Fan","The Courier","Gremlin Horn","Inserter","Shuriken"],"acts_visited":["Exordium","TheCity"],"potions_floor_usage":[16,16,23],"damage_taken":[{"damage":0.0,"enemies":"Cultist","floor":1.0,"turns":1.0},{"damage":0.0,"enemies":"Small Slimes","floor":2.0,"turns":1.0},{"damage":0.0,"enemies":"Gremlin Nob","floor":7.0,"turns":1.0},{"damage":0.0,"enemies":"2 Louse","floor":8.0,"turns":3.0},{"damage":9.0,"enemies":"Large Slime","floor":10.0,"turns":6.0},{"damage":32.0,"enemies":"Lagavulin","floor":12.0,"turns":7.0},{"damage":3.0,"enemies":"Exordium Thugs","floor":14.0,"turns":4.0},{"damage":27,"enemies":"The Guardian","floor":16,"turns":14},{"damage":11,"enemies":"3 Byrds","floor":18,"turns":5},{"damage":22,"enemies":"Shell Parasite","floor":19,"turns":8},{"damage":43,"enemies":"Gremlin Leader","floor":23,"turns":4}],"seed_played":"-6472374665332380400","potions_obtained":[{"floor":2.0,"key":"FearPotion"},{"floor":12.0,"key":"GamblersBrew"},{"floor":16,"key":"BlessingOfTheForge"},{"floor":18,"key":"AttackPotion"},{"floor":19,"key":"EssenceOfSteel"}],"is_trial":false,"path_per_floor":["M","M","?","?","?","R","E","M","T","M","R","E","R","M","R","B",null,"M","M","?","$","?","E"],"character_chosen":"DEFECT","items_purchased":["Shuriken","Ball Lightning"],"campfire_rested":2,"item_purchase_floors":[21,21],"current_hp_per_floor":[75,75,75,60,60,60,60,60,60,51,51,19,41,38,60,33,75,64,42,42,42,42,0,0],"gold":348,"neow_bonus":"THREE_ENEMY_KILL","is_daily":false,"chose_seed":false,"campfire_upgraded":2,"win_rate":0.0,"timestamp":1612356246,"path_taken":["M","?","?","?","?","R","E","?","T","M","R","E","R","M","R","BOSS","M","M","?","$","?","E"],"items_purchased_type":["Relic","Card"],"build_version":"2020-12-22","purchased_purges":1,"victory":false,"max_hp_per_floor":[75,75,75,75,75,75,75,75,75,75,75,75,75,75,75,75,75,75,75,75,75,75,75,75],"card_choices":[{"not_picked":["Hologram","Gash"],"picked":"Chill","floor":1.0},{"not_picked":["Stack","Steam Power"],"picked":"Conserve Battery","floor":2.0},{"not_picked":["Streamline","Multi-Cast"],"picked":"Coolheaded","floor":7.0},{"not_picked":["Stack","Tempest"],"picked":"Sweeping Beam","floor":8.0},{"not_picked":["Conserve Battery","Rebound","Genetic Algorithm"],"picked":"SKIP","floor":10.0},{"not_picked":["Turbo","Recycle"],"picked":"Ball Lightning","floor":12.0},{"not_picked":["Stack","Recycle","Coolheaded"],"picked":"SKIP","floor":14.0},{"not_picked":["FTL","Rip and Tear","Stack+1"],"picked":"SKIP","floor":18},{"not_picked":["Streamline","Glacier"],"picked":"BootSequence","floor":19}],"player_experience":177072,"relics_obtained":[{"floor":7.0,"key":"Ornamental Fan"},{"floor":9.0,"key":"The Courier"},{"floor":12.0,"key":"Gremlin Horn"}],"event_choices":[{"damage_healed":0.0,"max_hp_gain":0.0,"max_hp_loss":0.0,"gold_gain":175.0,"event_name":"Liars Game","player_choice":"AGREE","floor":3.0,"gold_loss":0.0,"damage_taken":0.0,"cards_obtained":["Doubt"]},{"damage_healed":0.0,"max_hp_gain":0.0,"max_hp_loss":0.0,"gold_gain":0.0,"event_name":"Shining Light","player_choice":"Entered Light","floor":4.0,"gold_loss":0.0,"damage_taken":15.0,"cards_upgraded":["Dualcast","Zap"]},{"damage_healed":0.0,"max_hp_gain":0.0,"max_hp_loss":0.0,"gold_gain":0.0,"event_name":"Big Fish","player_choice":"Box","floor":5.0,"gold_loss":0.0,"damage_taken":0.0,"relics_obtained":["HornCleat"],"cards_obtained":["Regret"]},{"damage_healed":0,"gold_gain":99,"player_choice":"Stole From Cult","damage_taken":0,"max_hp_gain":0,"max_hp_loss":0,"event_name":"Nest","floor":20,"gold_loss":0},{"cards_removed":["Doubt"],"damage_healed":0,"gold_gain":0,"player_choice":"Removed Curses","damage_taken":0,"max_hp_gain":0,"max_hp_loss":0,"event_name":"Fountain of Cleansing","floor":22,"gold_loss":0}],"is_beta":false,"boss_relics":[{"not_picked":["FrozenCore","Philosopher\u0027s Stone"],"picked":"Inserter"}],"items_purged_floors":[21],"is_endless":false,"potions_floor_spawned":[2,12,16,18,19],"killed_by":"Gremlin Leader","ascension_level":4}}