{"host":"5dhwd44u3dydylwe","time":1612344543,"event":{"mods":["AchievementEnabler","BaseMod","BetterRewards","Dota2Spire","Downfall","Hubris","Minty Spire (QoL Compilation)","Reliquary","Shop Mod","StSLib","Wandering Minibosses"],"gold_per_floor":[99,110,110,110,125,125,125,125,143,143,154,68,82,82,99,113,133,236,236,236,252,268,268,26,46,115,115,115,115],"floor_reached":27,"language":"ENG","playtime":1737,"items_purged":["Guardian:Strike_Guardian"],"score":207,"play_id":"9f5bf2ca-5c2a-4863-8dc7-f2bc7eb76b69","local_time":"20210203172903","is_ascension_mode":false,"campfire_choices":[{"data":"Guardian:CurlUp","floor":1,"key":"SMITH"},{"data":"Guardian:TwinSlam","floor":6,"key":"SMITH"},{"data":"Guardian:BodySlam","floor":14,"key":"SMITH"},{"data":"Guardian:AncientConstruct","floor":20,"key":"SMITH"}],"circlet_count":0,"master_deck":["Guardian:Strike_Guardian","Guardian:Defend_Guardian","Guardian:Defend_Guardian","Guardian:Defend_Guardian","Guardian:Defend_Guardian","Guardian:CurlUp+1","Guardian:TwinSlam+1","Guardian:Incinerate","Guardian:PrimingBeam","Guardian:BodySlam+1","Guardian:DecasProtection","Guardian:AncientConstruct+1","Guardian:Recover","Armaments","Guardian:Gem_Red","hubris:Envy"],"relics":["Guardian:ModeShifter","hubris:Icosahedron","reliquary:Aerogel","Cursed Key","hubris:DisguiseKit","MealTicket"],"acts_visited":["Exordium","TheCity"],"potions_floor_usage":[18,25,27,27],"damage_taken":[{"damage":0,"enemies":"Cultist","floor":2,"turns":5},{"damage":3,"enemies":"2 Louse","floor":5,"turns":5},{"damage":6,"enemies":"Jaw Worm","floor":9,"turns":3},{"damage":23,"enemies":"Large Slime","floor":11,"turns":11},{"damage":0,"enemies":"downfall:FleeingMerchant","floor":12,"turns":6},{"damage":6,"enemies":"Gremlin Gang","floor":13,"turns":4},{"damage":2,"enemies":"2 Fungi Beasts","floor":15,"turns":5},{"damage":2,"enemies":"Blue Slaver","floor":16,"turns":5},{"damage":3,"enemies":"Exordium Wildlife","floor":17,"turns":6},{"damage":36,"enemies":"WA_ARCHETYPE_RETAIN","floor":18,"turns":8},{"damage":11,"enemies":"Shell Parasite","floor":21,"turns":7},{"damage":18,"enemies":"Snake Plant","floor":22,"turns":8},{"damage":10,"enemies":"downfall:FleeingMerchant","floor":24,"turns":4},{"damage":0,"enemies":"Snecko","floor":25,"turns":7},{"damage":59,"enemies":"Cultist and Chosen","floor":27,"turns":10}],"seed_played":"8928488044303863682","potions_obtained":[{"floor":5,"key":"Guardian:AcceleratePotion"},{"floor":13,"key":"SpeedPotion"},{"floor":15,"key":"Fire Potion"},{"floor":18,"key":"Block Potion"},{"floor":25,"key":"Explosive Potion"}],"is_trial":false,"path_per_floor":["R","M","?","?","M","R","T","?","M","?","M","$","M","R","M","M","M","B",null,"R","M","M","?","$","M","T","M"],"character_chosen":"GUARDIAN","items_purchased":["Guardian:BodySlam","MealTicket"],"campfire_rested":0,"item_purchase_floors":[12,24],"current_hp_per_floor":[88,88,88,88,85,85,85,90,84,84,61,61,55,55,53,51,48,12,93,93,82,64,64,54,54,54,0,0,0],"gold":115,"neow_bonus":"TEN_PERCENT_HP_BONUS","is_daily":false,"chose_seed":false,"campfire_upgraded":4,"win_rate":0.0,"timestamp":1612344543,"path_taken":["R","M","?","?","M","R","T","?","M","?","M","$","M","R","M","M","M","BOSS","R","M","M","?","$","M","T","M"],"items_purchased_type":["Card","Relic"],"build_version":"2020-12-22","purchased_purges":1,"victory":false,"max_hp_per_floor":[88,88,88,88,88,88,88,93,93,93,93,93,93,93,93,93,93,93,93,93,93,93,93,93,93,93,93,93,93],"card_choices":[{"not_picked":["Guardian:Planning","Guardian:Suspension"],"picked":"Guardian:Gem_Lightblue","floor":2},{"not_picked":["Guardian:Recover","Guardian:ShieldCharger"],"picked":"Guardian:Incinerate","floor":5},{"not_picked":["Guardian:Suspension","Guardian:Gem_Lightblue","Guardian:ShieldCharger"],"picked":"SKIP","floor":9},{"not_picked":["Guardian:Gem_Lightblue","Guardian:ShieldCharger","Guardian:Planning"],"picked":"SKIP","floor":11},{"not_picked":["Guardian:Reroute","Guardian:StasisField"],"picked":"Guardian:PrimingBeam","floor":12},{"not_picked":["Guardian:TemporalShield","Guardian:WalkerClaw","Guardian:PrimingBeam"],"picked":"SKIP","floor":13},{"not_picked":["Guardian:Gem_Green","Guardian:SentryBeam"],"picked":"Guardian:DecasProtection","floor":15},{"not_picked":["Guardian:Emergency","Guardian:Gem_Crimson"],"picked":"Guardian:Gem_Red","floor":16},{"not_picked":["Guardian:Gem_Green","Guardian:Incinerate","Guardian:TemporalShield"],"picked":"SKIP","floor":17},{"not_picked":["Guardian:ConstructionForm","Guardian:StasisField"],"picked":"Guardian:AncientConstruct","floor":18},{"not_picked":["Guardian:TimeBomb","Guardian:Gem_Cyan"],"picked":"Guardian:Recover","floor":21},{"not_picked":["Guardian:TemporalStrike","Guardian:Suspension+1","Guardian:Gem_Cyan"],"picked":"SKIP","floor":22},{"not_picked":["Guardian:TemporalShield","Guardian:PrismaticBarrier+1","Guardian:DonusPower"],"picked":"Armaments","floor":24},{"not_picked":["Guardian:BronzeOrb","Guardian:ShieldSpikes","Rupture"],"picked":"Guardian:Gem_Red","floor":25}],"player_experience":172517,"relics_obtained":[{"floor":7,"key":"reliquary:Aerogel"}],"event_choices":[{"damage_healed":0,"gold_gain":0,"player_choice":"Donut","damage_taken":0,"max_hp_gain":5,"max_hp_loss":0,"event_name":"Big Fish","floor":8,"gold_loss":0}],"is_beta":false,"boss_relics":[{"not_picked":["reliquary:KinkedSpring","SacredBark"],"picked":"Cursed Key"}],"items_purged_floors":[24],"is_endless":false,"potions_floor_spawned":[5,13,15,16,18,25],"killed_by":"Cultist and Chosen","ascension_level":0}}