{"host":"prxrhpgaxnj4om9r","time":1612354501,"event":{"mods":["AchievementEnabler","BaseMod","Minty Spire (QoL Compilation)"],"gold_per_floor":[113,113,113,127,142,142,142,177,223,74,107,107,120,154,154,284,284,300,112,112,128,148,148,173,193,193,216,230,230,13,29,29,29,29],"floor_reached":33,"language":"KOR","playtime":2293,"items_purged":["Pain"],"score":309,"play_id":"1c8401e1-a14c-4da6-a48b-fca42022e87e","local_time":"20210203211501","is_ascension_mode":false,"campfire_choices":[{"data":"FearNoEvil","floor":6.0,"key":"SMITH"},{"floor":12.0,"key":"REST"},{"data":"TalkToTheHand","floor":15.0,"key":"SMITH"},{"data":"Adaptation","floor":23.0,"key":"SMITH"},{"floor":29,"key":"REST"},{"data":"Scrawl","floor":32,"key":"SMITH"}],"circlet_count":0,"master_deck":["Strike_P","Strike_P","Strike_P","Strike_P","Defend_P","Defend_P","Defend_P","Eruption+1","Vigilance","ReachHeaven","SignatureMove","EmptyMind+1","FearNoEvil+1","TalkToTheHand+1","Prostrate+1","Scrawl+1","EmptyBody","SignatureMove","LessonLearned","Adaptation+1","FlurryOfBlows","PathToVictory","LikeWater","Crescendo","ClearTheMind+1","Decay","Omniscience","Perseverance","Halt+1"],"relics":["PureWater","Ancient Tea Set","Golden Idol","Odd Mushroom","MawBank","Membership Card","Du-Vu Doll","Blue Candle","Cursed Key","Pen Nib","Boot","Girya","Letter Opener","Toxic Egg 2"],"acts_visited":["Exordium","TheCity"],"potions_floor_usage":[30,31,33,33,33,33],"damage_taken":[{"damage":4.0,"enemies":"Small Slimes","floor":1.0,"turns":4.0},{"damage":5.0,"enemies":"Jaw Worm","floor":4.0,"turns":3.0},{"damage":7.0,"enemies":"2 Louse","floor":5.0,"turns":3.0},{"damage":10.0,"enemies":"The Mushroom Lair","floor":8.0,"turns":3.0},{"damage":8.0,"enemies":"Gremlin Nob","floor":11.0,"turns":3.0},{"damage":0.0,"enemies":"2 Fungi Beasts","floor":13.0,"turns":2.0},{"damage":7.0,"enemies":"Lagavulin","floor":14.0,"turns":3.0},{"damage":0.0,"enemies":"Slime Boss","floor":16.0,"turns":3.0},{"damage":6.0,"enemies":"3 Byrds","floor":18.0,"turns":3.0},{"damage":3.0,"enemies":"Spheric Guardian","floor":21.0,"turns":3.0},{"damage":6.0,"enemies":"Centurion and Healer","floor":22.0,"turns":3.0},{"damage":10.0,"enemies":"Snake Plant","floor":24.0,"turns":2.0},{"damage":0,"enemies":"Cultist and Chosen","floor":25,"turns":3},{"damage":13,"enemies":"3 Cultists","floor":27,"turns":4},{"damage":4,"enemies":"Snake Plant","floor":28,"turns":2},{"damage":0,"enemies":"Snecko","floor":31,"turns":3},{"damage":51,"enemies":"Automaton","floor":33,"turns":8}],"seed_played":"5520974766225449750","potions_obtained":[{"floor":4.0,"key":"PowerPotion"},{"floor":5.0,"key":"FearPotion"},{"floor":13.0,"key":"DistilledChaos"},{"floor":18.0,"key":"Dexterity Potion"},{"floor":21.0,"key":"SteroidPotion"},{"floor":22.0,"key":"GamblersBrew"},{"floor":25,"key":"EntropicBrew"},{"floor":27,"key":"LiquidMemories"}],"is_trial":false,"path_per_floor":["M","?","?","M","M","R","?","?","T","$","E","R","M","E","R","B",null,"M","$","T","M","M","R","M","M","T","M","M","R","$","M","R","B"],"character_chosen":"WATCHER","items_purchased":["Membership Card","Prostrate","Pen Nib","AttackPotion","Boot","FlurryOfBlows","Fruit Juice","Toxic Egg 2"],"campfire_rested":2,"item_purchase_floors":[10,10,19,19,19,19,30,30],"current_hp_per_floor":[68,68,61,56,49,49,49,39,39,39,31,51,51,44,44,44,67,61,61,61,58,52,52,42,42,42,29,25,45,50,50,50,0,0],"gold":29,"neow_bonus":"UPGRADE_CARD","is_daily":false,"chose_seed":false,"campfire_upgraded":4,"win_rate":0.0,"timestamp":1612354501,"path_taken":["M","?","?","M","M","R","?","?","T","?","E","R","M","E","R","BOSS","M","$","?","?","M","R","M","M","T","M","M","R","$","M","R","BOSS"],"items_purchased_type":["Relic","Card","Relic","Potion","Relic","Card","Potion","Relic"],"build_version":"2020-12-22","purchased_purges":1,"victory":false,"max_hp_per_floor":[72,72,72,72,72,72,67,67,67,67,67,67,67,67,67,67,67,67,67,67,67,67,67,67,67,67,67,67,67,72,72,72,72,72],"card_choices":[{"not_picked":["ClearTheMind","SashWhip"],"picked":"ReachHeaven","floor":1.0},{"not_picked":["SashWhip","JustLucky"],"picked":"EmptyMind","floor":4.0},{"not_picked":["Prostrate","FlyingSleeves"],"picked":"FearNoEvil","floor":5.0},{"not_picked":["LikeWater","Sanctity"],"picked":"TalkToTheHand","floor":8.0},{"not_picked":["BowlingBash","Perseverance"],"picked":"Scrawl","floor":11.0},{"not_picked":["ThirdEye","FollowUp"],"picked":"EmptyBody","floor":13.0},{"not_picked":["FlurryOfBlows","BowlingBash"],"picked":"SignatureMove","floor":14.0},{"not_picked":["Blasphemy","DevaForm"],"picked":"LessonLearned","floor":16.0},{"not_picked":["CutThroughFate+1","SashWhip"],"picked":"Adaptation","floor":18.0},{"not_picked":["WheelKick","Evaluate"],"picked":"PathToVictory","floor":21.0},{"not_picked":["Swivel","Wallop"],"picked":"LikeWater","floor":22.0},{"not_picked":["ClearTheMind","FlurryOfBlows+1"],"picked":"Crescendo","floor":24.0},{"not_picked":["Weave","Crescendo"],"picked":"ClearTheMind+1","floor":25},{"not_picked":["EmptyBody","SashWhip"],"picked":"Omniscience","floor":27},{"not_picked":["Prostrate","FlyingSleeves"],"picked":"Perseverance","floor":28},{"not_picked":["FlyingSleeves","Adaptation+1"],"picked":"Halt+1","floor":31}],"player_experience":246364,"relics_obtained":[{"floor":8.0,"key":"Odd Mushroom"},{"floor":9.0,"key":"MawBank"},{"floor":11.0,"key":"Du-Vu Doll"},{"floor":14.0,"key":"Blue Candle"},{"floor":20.0,"key":"Girya"},{"floor":26,"key":"Letter Opener"}],"event_choices":[{"damage_healed":0.0,"max_hp_gain":0.0,"max_hp_loss":0.0,"gold_gain":0.0,"cards_transformed":["Defend_P"],"event_name":"Living Wall","player_choice":"Change","floor":2.0,"gold_loss":0.0,"damage_taken":0.0,"cards_obtained":["SignatureMove"]},{"damage_healed":0.0,"max_hp_gain":0.0,"max_hp_loss":0.0,"gold_gain":0.0,"event_name":"Scrap Ooze","player_choice":"Success","floor":3.0,"gold_loss":0.0,"damage_taken":7.0,"relics_obtained":["Ancient Tea Set"]},{"damage_healed":0.0,"max_hp_gain":0.0,"max_hp_loss":5.0,"gold_gain":0.0,"event_name":"Golden Idol","player_choice":"Lose Max HP","floor":7.0,"gold_loss":0.0,"damage_taken":0.0,"relics_obtained":["Golden Idol"]},{"damage_healed":0.0,"max_hp_gain":0.0,"max_hp_loss":0.0,"gold_gain":0.0,"event_name":"Mushrooms","player_choice":"Fought Mushrooms","floor":8.0,"gold_loss":0.0,"damage_taken":0.0}],"is_beta":false,"boss_relics":[{"not_picked":["Tiny House","Ectoplasm"],"picked":"Cursed Key"}],"items_purged_floors":[30],"is_endless":false,"potions_floor_spawned":[4,5,13,18,21,22,25,27],"killed_by":"Automaton","ascension_level":0}}