{"host":"n9lc5i44t98l6pio","time":1612373216,"event":{"mods":["BaseMod","Curses Come First","Downfall","Minty Spire (QoL Compilation)","Replay The Spire","Say the Spire","StSLib"],"gold_per_floor":[112,125,138,189,9,9,38,38,38,53,80,80,99,131,230,333,333,352,352,352,363,382,408,408,427,427,427,427,452,472,405,405,515,515,548,582,582,610,643,643,366,400,424,478,478,478,526,22,31,47,47,47,21,68,82],"floor_reached":56,"language":"ENG","playtime":2535,"items_purged":[],"score":1669,"play_id":"7c652ded-ac00-4a7a-881a-4114b5603b5f","local_time":"20210203182656","is_ascension_mode":true,"campfire_choices":[{"floor":6.0,"key":"RECALL"},{"data":"Mayhem","floor":8.0,"key":"SMITH"},{"data":"Reaper","floor":12.0,"key":"SMITH"},{"floor":24.0,"key":"REST"},{"floor":27.0,"key":"REST"},{"floor":32.0,"key":"REST"},{"data":"Fire Breathing","floor":40.0,"key":"SMITH"},{"data":"Berserk","floor":46.0,"key":"SMITH"},{"data":"Flame Barrier","floor":52,"key":"SMITH"}],"circlet_count":0,"master_deck":["Strike_R","Strike_R","Strike_R","Strike_R","Defend_R","Defend_R","Defend_R","Defend_R+1","Bash","Pommel Strike","ReplayTheSpireMod:LeadingStrike","Cleave","Carnage","Mayhem+1","Reaper+1","ReplayTheSpireMod:Muscle Training+1","Flame Barrier+1","Infernal Blade","Disarm","Demon Form+1","Clothesline","Doubt","downfall:Bewildered","Dropkick+1","Power Through","Uppercut","ReplayTheSpireMod:Stacked","CurseOfTheBell","CurseOfTheBell","Shame","Berserk+1","Searing Blow","Power Through+1","Rupture","Reaper","Clothesline","Limit Break+1","Transmutation+1","Chrysalis+1","Discovery+1","Entrench+1","Fire Breathing+1","Metallicize","Metallicize","Whirlwind+1","Double Tap+1","Perfected Strike","Magnetism","Entrench+1","Mind Blast+1","Bludgeon+1","Bloodletting+1","Power Through+1"],"relics":["Burning Blood","Replay:Rubber Ducky","Replay:Ringing Soul","Pear","Eternal Feather","Bottled Flame","ReplayTheSpireMod:Lightbulb","Black Star","Ring of Searing","ReplayTheSpireMod:Ring of Collecting","sneckomod:BabySnecko","Replay:Bandana","Smiling Mask","Ring of Misfortune","Replay:Bottled Eggs","downfall:ExtraCursedBell","Toxic Egg 2","Pondfish Scales","Replay:Mystery Machine","White Beast Statue","Bronze Scales","Philosopher\u0027s Stone","Membership Card","CeramicFish","Ring of Panic","Bottled Lightning","Lantern","Durian","Pen Nib","Molten Egg 2","Vajra","ClockworkSouvenir","War Paint","Another Sword"],"acts_visited":["Exordium","TheCity","TheBeyond","TheEnding"],"potions_floor_usage":[48,55,55],"damage_taken":[{"damage":1.0,"enemies":"2 Louse","floor":1.0,"turns":3.0},{"damage":0.0,"enemies":"Small Slimes","floor":2.0,"turns":3.0},{"damage":6.0,"enemies":"Jaw Worm","floor":3.0,"turns":4.0},{"damage":11.0,"enemies":"Gremlin Nob","floor":7.0,"turns":4.0},{"damage":0.0,"enemies":"3 Louse","floor":10.0,"turns":3.0},{"damage":15.0,"enemies":"Lagavulin","floor":11.0,"turns":5.0},{"damage":9.0,"enemies":"2 Fungi Beasts","floor":13.0,"turns":3.0},{"damage":25.0,"enemies":"Gremlin Nob","floor":14.0,"turns":4.0},{"damage":48.0,"enemies":"Hexaghost","floor":16.0,"turns":7.0},{"damage":15.0,"enemies":"Chosen","floor":18.0,"turns":5.0},{"damage":54.0,"enemies":"Shell Parasite","floor":21.0,"turns":5.0},{"damage":8.0,"enemies":"Chosen and Byrds","floor":22.0,"turns":4.0},{"damage":72.0,"enemies":"Slavers","floor":23.0,"turns":6.0},{"damage":40.0,"enemies":"Snake Plant","floor":25.0,"turns":5.0},{"damage":26.0,"enemies":"Shelled Parasite and Fungi","floor":29.0,"turns":6.0},{"damage":30.0,"enemies":"Centurion and Healer","floor":30.0,"turns":5.0},{"damage":43.0,"enemies":"Gremlin Leader","floor":31.0,"turns":6.0},{"damage":120.0,"enemies":"Collector","floor":33.0,"turns":8.0},{"damage":33.0,"enemies":"3 Shapes","floor":35.0,"turns":3.0},{"damage":45.0,"enemies":"3 Darklings","floor":36.0,"turns":6.0},{"damage":0.0,"enemies":"Transient","floor":38.0,"turns":5.0},{"damage":40.0,"enemies":"Sphere and 2 Shapes","floor":39.0,"turns":5.0},{"damage":40.0,"enemies":"Writhing Mass","floor":42.0,"turns":7.0},{"damage":0.0,"enemies":"R_Hoarder","floor":44.0,"turns":5.0},{"damage":47,"enemies":"Reptomancer","floor":47,"turns":7},{"damage":59,"enemies":"Time Eater","floor":50,"turns":6},{"damage":46,"enemies":"Shield and Spear","floor":54,"turns":5},{"damage":16,"enemies":"The Heart","floor":55,"turns":7}],"seed_played":"-1647639668337456921","potions_obtained":[{"floor":4.0,"key":"Toxic Potion"},{"floor":7.0,"key":"CultistPotion"},{"floor":10.0,"key":"Fire Potion"},{"floor":11.0,"key":"ElixirPotion"},{"floor":14.0,"key":"SmokeBomb"},{"floor":18.0,"key":"SpeedPotion"},{"floor":23.0,"key":"Elixir"},{"floor":29.0,"key":"Fire Potion"},{"floor":33.0,"key":"Block Potion"},{"floor":35.0,"key":"hexamod:SoulburnPotion"},{"floor":36.0,"key":"Regen Potion"},{"floor":44.0,"key":"FearPotion"},{"floor":45.0,"key":"ColorlessPotion"}],"is_trial":false,"path_per_floor":["M","M","M","?","$","R","E","R","T","M","E","R","M","E","R","B",null,"M","?","?","M","M","E","R","M","T","R","?","M","M","E","R","B",null,"M","M","?","M","M","R","$","M","T","E","?","R","E","$","R","B",null,"R","$","E","B",null],"character_chosen":"IRONCLAD","items_purchased":["Mayhem","Metallicize","Membership Card","CeramicFish","Molten Egg 2","Vajra","Magnetism","Entrench+1","Fruit Juice","ClockworkSouvenir","Mind Blast+1","SkillPotion","Bloodletting+1"],"campfire_rested":3,"item_purchase_floors":[5,41,41,41,48,48,48,48,48,48,48,48,53],"current_hp_per_floor":[80,80,80,83,86,86,94,94,94,102,96,105,105,89,101,68,114,113,116,119,83,98,50,104,73,73,128,131,114,93,72,137,36,150,133,125,118,133,121,145,148,119,119,134,134,161,153,161,193,140,193,193,196,173,178],"gold":82,"neow_bonus":"RANDOM_COMMON_RELIC","is_daily":false,"chose_seed":false,"campfire_upgraded":5,"win_rate":0.0,"timestamp":1612373216,"path_taken":["M","M","M","?","$","R","E","R","T","M","E","R","M","E","R","BOSS","M","?","?","M","M","E","R","M","T","R","?","M","M","E","R","BOSS","M","M","?","M","M","R","$","M","T","E","?","R","E","$","R","BOSS","R","$","E","BOSS"],"items_purchased_type":["Card","Card","Relic","Relic","Relic","Relic","Card","Card","Potion","Relic","Card","Potion","Card"],"build_version":"2020-12-22","purchased_purges":0,"victory":true,"max_hp_per_floor":[80,80,80,83,86,86,99,99,99,102,105,105,108,111,111,114,114,117,120,123,126,129,132,132,135,135,135,138,141,144,147,147,150,150,153,156,159,162,165,165,168,171,171,174,174,174,182,190,193,193,193,193,196,199,199],"card_choices":[{"not_picked":["Body Slam","ReplayTheSpireMod:Strike From Hell"],"picked":"Pommel Strike","floor":1.0},{"not_picked":["Twin Strike","Feel No Pain"],"picked":"ReplayTheSpireMod:LeadingStrike","floor":2.0},{"not_picked":["Metallicize","Massacre"],"picked":"Cleave","floor":3.0},{"not_picked":["Headbutt","Flex"],"picked":"Carnage","floor":4.0},{"not_picked":["Replay:Undeath\u0027s Touch","Hemokinesis"],"picked":"Reaper","floor":7.0},{"not_picked":["Disarm","Twin Strike"],"picked":"ReplayTheSpireMod:Muscle Training","floor":10.0},{"not_picked":["Sever Soul","Clothesline"],"picked":"Flame Barrier","floor":11.0},{"not_picked":["Clash","Thunderclap"],"picked":"Infernal Blade","floor":13.0},{"not_picked":["Pommel Strike","ReplayTheSpireMod:Strike From Hell"],"picked":"Disarm","floor":14.0},{"not_picked":["Corruption","Exhume"],"picked":"Demon Form","floor":16.0},{"not_picked":["Headbutt+1","Burning Pact"],"picked":"Clothesline","floor":18.0},{"not_picked":["Body Slam","Warcry"],"picked":"Dropkick+1","floor":21.0},{"not_picked":["Perfected Strike","Thunderclap"],"picked":"Power Through","floor":22.0},{"not_picked":["Sentinel","Warcry"],"picked":"Uppercut","floor":23.0},{"not_picked":["Body Slam+1","Battle Trance"],"picked":"ReplayTheSpireMod:Stacked","floor":25.0},{"not_picked":["ReplayReversal+1","ReplayTheSpireMod:Strike From Hell+1"],"picked":"Searing Blow","floor":29.0},{"not_picked":["Cleave","Massacre"],"picked":"Power Through+1","floor":30.0},{"not_picked":["Heavy Blade","Massacre"],"picked":"Rupture","floor":31.0},{"not_picked":["Hemogenesis","Corruption"],"picked":"Reaper","floor":33.0},{"not_picked":["ReplayTheSpireMod:Strike From Hell","Replay:Undeath\u0027s Touch+1"],"picked":"Clothesline","floor":35.0},{"not_picked":["Dark Embrace+1","Shrug It Off+1"],"picked":"Limit Break+1","floor":36.0},{"not_picked":["Finesse+1","ReplayTheSpireMod:Necrogeddon"],"picked":"Transmutation+1","floor":37.0},{"not_picked":["Blind+1","Purity+1"],"picked":"Chrysalis+1","floor":37.0},{"not_picked":["Master of Strategy+1","Finesse+1"],"picked":"Discovery+1","floor":37.0},{"not_picked":["Shrug It Off+1","Warcry+1"],"picked":"Entrench+1","floor":38.0},{"not_picked":["Feel No Pain","Life Link+1"],"picked":"Fire Breathing","floor":39.0},{"not_picked":["Anger","Twin Strike"],"picked":"Whirlwind+1","floor":42.0},{"not_picked":["Body Slam+1","Shrug It Off+1"],"picked":"Double Tap+1","floor":44.0},{"not_picked":["Clothesline","Warcry+1"],"picked":"Perfected Strike","floor":47},{"not_picked":["Bloodletting+1","Combust+1"],"picked":"Power Through+1","floor":54}],"player_experience":239978,"relics_obtained":[{"floor":4.0,"key":"Replay:Ringing Soul"},{"floor":7.0,"key":"Pear"},{"floor":9.0,"key":"Eternal Feather"},{"floor":11.0,"key":"Bottled Flame"},{"floor":14.0,"key":"ReplayTheSpireMod:Lightbulb"},{"floor":19.0,"key":"Ring of Searing"},{"floor":19.0,"key":"ReplayTheSpireMod:Ring of Collecting"},{"floor":23.0,"key":"Replay:Bandana"},{"floor":23.0,"key":"Smiling Mask"},{"floor":26.0,"key":"Ring of Misfortune"},{"floor":26.0,"key":"Replay:Bottled Eggs"},{"floor":28.0,"key":"Toxic Egg 2"},{"floor":28.0,"key":"Pondfish Scales"},{"floor":28.0,"key":"Replay:Mystery Machine"},{"floor":31.0,"key":"White Beast Statue"},{"floor":31.0,"key":"Bronze Scales"},{"floor":43.0,"key":"Ring of Panic"},{"floor":44.0,"key":"Bottled Lightning"},{"floor":44.0,"key":"Lantern"},{"floor":47,"key":"Durian"},{"floor":47,"key":"Pen Nib"},{"floor":54,"key":"War Paint"},{"floor":54,"key":"Another Sword"}],"event_choices":[{"damage_healed":0.0,"max_hp_gain":0.0,"max_hp_loss":0.0,"gold_gain":0.0,"event_name":"SensoryStone","player_choice":"Memory 3","floor":37.0,"gold_loss":0.0,"damage_taken":10.0},{"damage_healed":0.0,"max_hp_gain":0.0,"max_hp_loss":0.0,"gold_gain":0.0,"event_name":"Lab","player_choice":"Got Potions","floor":45.0,"gold_loss":0.0,"damage_taken":0.0}],"is_beta":false,"boss_relics":[{"not_picked":["bronze:MakeshiftBattery","Mark of Pain"],"picked":"Black Star"},{"not_picked":["Painkiller Herb","Honey Jar"],"picked":"Philosopher\u0027s Stone"}],"items_purged_floors":[],"is_endless":false,"potions_floor_spawned":[7,10,11,14,18,23,25,29,33,35,36,38,39,42,44,47,54],"ascension_level":1}}