{"host":"rtw1tnr74gozsrw1","time":1612388415,"event":{"mods":["BaseMod","Colored Map","Colored Powertips","Highlight Path","Minty Spire (QoL Compilation)","StSLib","The Jungle"],"gold_per_floor":[116,131,146,96,171,171,25,25,25,35,35,35,52,22,22,124,124,135,148,148,159,59,59,59,59],"floor_reached":24,"language":"ENG","playtime":778,"items_purged":["Strike_B","Scrape"],"score":205,"play_id":"7d2306bf-60da-4b2a-b07f-b4b76d85f701","local_time":"20210203224015","is_ascension_mode":true,"campfire_choices":[{"data":"Chaos","floor":6,"key":"SMITH"},{"data":"Capacitor","floor":8,"key":"SMITH"},{"data":"Conserve Battery","floor":11,"key":"SMITH"},{"data":"Conserve Battery","floor":15,"key":"SMITH"},{"data":"Fission","floor":23,"key":"SMITH"}],"circlet_count":0,"master_deck":["Zap","Dualcast","Chaos+1","Conserve Battery+1","Capacitor+1","Conserve Battery+1","Fission+1","Ball Lightning","Coolheaded","Rip and Tear","Ball Lightning","White Noise","Self Repair"],"relics":["Cracked Core","NeowsBlessing","Nunchaku","Pandora\u0027s Box"],"acts_visited":["Exordium","TheCity"],"potions_floor_usage":[16,16],"damage_taken":[{"damage":0,"enemies":"Cultist","floor":1,"turns":1},{"damage":0,"enemies":"Jaw Worm","floor":2,"turns":1},{"damage":0,"enemies":"2 Louse","floor":3,"turns":1},{"damage":1,"enemies":"Exordium Thugs","floor":10,"turns":5},{"damage":6,"enemies":"Exordium Wildlife","floor":13,"turns":7},{"damage":0,"enemies":"Looter","floor":14,"turns":4},{"damage":56,"enemies":"Slime Boss","floor":16,"turns":17},{"damage":2,"enemies":"Chosen","floor":18,"turns":3},{"damage":4,"enemies":"Spheric Guardian","floor":19,"turns":4},{"damage":14,"enemies":"Centurion and Healer","floor":21,"turns":5},{"damage":69,"enemies":"Snecko","floor":24,"turns":6}],"seed_played":"-59304207373941065","potions_obtained":[{"floor":2,"key":"BlessingOfTheForge"},{"floor":10,"key":"FearPotion"},{"floor":13,"key":"LiquidMemories"},{"floor":16,"key":"Dexterity Potion"},{"floor":19,"key":"Dexterity Potion"},{"floor":20,"key":"PotionOfCapacity"}],"is_trial":false,"path_per_floor":["M","M","M","?","?","R","$","R","T","M","R","$","M","M","R","B",null,"M","M","?","M","$","R","M"],"character_chosen":"DEFECT","items_purchased":["Capacitor"],"campfire_rested":0,"item_purchase_floors":[7],"current_hp_per_floor":[75,75,75,75,64,64,64,64,64,63,63,63,57,57,57,1,75,73,69,69,55,55,55,0,0],"gold":59,"neow_bonus":"THREE_ENEMY_KILL","is_daily":false,"chose_seed":false,"campfire_upgraded":5,"win_rate":0.0,"timestamp":1612388415,"path_taken":["M","M","?","?","?","R","?","R","T","M","R","$","?","M","R","BOSS","M","M","?","M","$","R","M"],"items_purchased_type":["Card"],"build_version":"2020-12-22","purchased_purges":2,"victory":false,"max_hp_per_floor":[75,75,75,75,75,75,75,75,75,75,75,75,75,75,75,75,75,75,75,75,75,75,75,75,75],"card_choices":[{"not_picked":["Barrage","Steam"],"picked":"Chaos","floor":1},{"not_picked":["Go for the Eyes","Genetic Algorithm"],"picked":"Conserve Battery","floor":2},{"not_picked":["Reinforced Body","Sunder","Static Discharge"],"picked":"SKIP","floor":3},{"not_picked":["Skim","Reprogram"],"picked":"Conserve Battery","floor":10},{"not_picked":["Turbo","Steam","Undo"],"picked":"SKIP","floor":13},{"not_picked":["Static Discharge","Steam","Core Surge"],"picked":"SKIP","floor":14},{"not_picked":["Biased Cognition","Seek"],"picked":"Fission","floor":16},{"not_picked":["Reprogram","Fusion","Beam Cell+1"],"picked":"SKIP","floor":18},{"not_picked":["Steam+1","Compile Driver","Chill"],"picked":"SKIP","floor":19},{"not_picked":["Redo","Barrage"],"picked":"Self Repair","floor":21}],"player_experience":85861,"relics_obtained":[{"floor":9,"key":"Nunchaku"}],"event_choices":[{"cards_removed":["Strike_B"],"damage_healed":0,"gold_gain":0,"player_choice":"Card Removal","damage_taken":0,"max_hp_gain":0,"max_hp_loss":0,"event_name":"The Cleric","floor":4,"gold_loss":50},{"damage_healed":0,"gold_gain":75,"player_choice":"Gather Gold","damage_taken":11,"max_hp_gain":0,"max_hp_loss":0,"event_name":"World of Goop","floor":5,"gold_loss":0},{"damage_healed":0,"gold_gain":0,"player_choice":"Got Potions","damage_taken":0,"max_hp_gain":0,"max_hp_loss":0,"event_name":"Lab","floor":20,"gold_loss":0}],"is_beta":false,"boss_relics":[{"not_picked":["Philosopher\u0027s Stone","Black Star"],"picked":"Pandora\u0027s Box"}],"items_purged_floors":[7,22],"is_endless":false,"potions_floor_spawned":[2,10,13,16,19,21],"killed_by":"Snecko","ascension_level":2}}