{"host":"6gwm7y0tp7acoxay","time":1612315241,"event":{"mods":["BaseMod","Colored Map","Keyboard Shortcuts","Minty Spire (QoL Compilation)","Quick Restart","StSLib","SuperFastMode","everything is the same but u backflip on backflip"],"gold_per_floor":[119,194,194,140,166,166,200,239,251,263,307,319,351,363,375,465,477,500,512,20,20,37,68,68,95,95,95,95,95,126,160,160,237,287,306,356,156,156,202,230,255,285,285,310,310,113,141,157,157,157,157,157,157,15,41,41,41],"floor_reached":56,"language":"KOR","playtime":2313,"items_purged":["Rip and Tear"],"score":2804,"play_id":"6984ba7a-6e15-4664-8c10-2f41c00e39e9","local_time":"20210203102041","daily_mods":["SealedDeck","Heirloom","Flight"],"is_ascension_mode":true,"campfire_choices":[{"data":"Double Energy","floor":6.0,"key":"SMITH"},{"data":"Blizzard","floor":10.0,"key":"SMITH"},{"data":"Turbo","floor":15.0,"key":"SMITH"},{"data":"Coolheaded","floor":24.0,"key":"SMITH"},{"data":"Coolheaded","floor":27.0,"key":"SMITH"},{"floor":32.0,"key":"RECALL"},{"data":"Recycle","floor":45.0,"key":"SMITH"},{"data":"White Noise","floor":49.0,"key":"SMITH"},{"floor":53.0,"key":"REST"}],"circlet_count":0,"master_deck":["AscendersBane","Hologram","Coolheaded+1","White Noise+1","Coolheaded+1","Reinforced Body+1","Consume","Double Energy+1","Blizzard+1","Self Repair+1","Buffer+1","Turbo+1","Echo Form+1","Go for the Eyes+1","Electrodynamics+1","Loop+1","Defragment+1","Chill","Core Surge","Recycle+1","Defragment+1","Defragment+1"],"relics":["Cracked Core","Pocketwatch","Pen Nib","MawBank","Boot","Frozen Egg 2","Philosopher\u0027s Stone","Singing Bowl","Chemical X","Blue Candle","Art of War","Question Card","Happy Flower","PreservedInsect","Whetstone","Tiny House","Orrery","Calipers","CaptainsWheel","Symbiotic Virus","Regal Pillow","InkBottle","Cables","Bag of Preparation","Nunchaku","Gremlin Horn"],"acts_visited":["TheCity","TheBeyond","TheEnding"],"potions_floor_usage":[56,56],"damage_taken":[{"damage":3.0,"enemies":"Small Slimes","floor":1.0,"turns":4.0},{"damage":20.0,"enemies":"3 Sentries","floor":7.0,"turns":7.0},{"damage":12.0,"enemies":"Lagavulin","floor":8.0,"turns":7.0},{"damage":22.0,"enemies":"3 Sentries","floor":11.0,"turns":6.0},{"damage":0.0,"enemies":"Jaw Worm","floor":13.0,"turns":5.0},{"damage":0.0,"enemies":"Slime Boss","floor":16.0,"turns":9.0},{"damage":32.0,"enemies":"3 Byrds","floor":18.0,"turns":4.0},{"damage":0.0,"enemies":"Shell Parasite","floor":22.0,"turns":5.0},{"damage":0.0,"enemies":"Book of Stabbing","floor":23.0,"turns":7.0},{"damage":9.0,"enemies":"Gremlin Leader","floor":25.0,"turns":5.0},{"damage":8.0,"enemies":"Slavers","floor":30.0,"turns":6.0},{"damage":0.0,"enemies":"Gremlin Leader","floor":31.0,"turns":4.0},{"damage":3.0,"enemies":"Champ","floor":33.0,"turns":10.0},{"damage":0.0,"enemies":"3 Darklings","floor":35.0,"turns":3.0},{"damage":18.0,"enemies":"2 Orb Walkers","floor":39.0,"turns":5.0},{"damage":0.0,"enemies":"Giant Head","floor":40.0,"turns":8.0},{"damage":22.0,"enemies":"Nemesis","floor":41.0,"turns":5.0},{"damage":0.0,"enemies":"Reptomancer","floor":42.0,"turns":6.0},{"damage":0.0,"enemies":"Nemesis","floor":44.0,"turns":7.0},{"damage":0.0,"enemies":"Reptomancer","floor":47.0,"turns":4.0},{"damage":0.0,"enemies":"3 Shapes","floor":48.0,"turns":4.0},{"damage":0.0,"enemies":"Donu and Deca","floor":50.0,"turns":5.0},{"damage":39.0,"enemies":"Time Eater","floor":51.0,"turns":13.0},{"damage":30,"enemies":"Shield and Spear","floor":55,"turns":3},{"damage":89,"enemies":"The Heart","floor":56,"turns":3}],"seed_played":"1282289181156898050","potions_obtained":[{"floor":1.0,"key":"SpeedPotion"},{"floor":7.0,"key":"SkillPotion"},{"floor":16.0,"key":"GamblersBrew"},{"floor":22.0,"key":"Block Potion"},{"floor":25.0,"key":"FearPotion"},{"floor":31.0,"key":"SkillPotion"},{"floor":40.0,"key":"GamblersBrew"}],"is_trial":true,"path_per_floor":["M","?","?","$","T","R","E","E","T","R","E","?","M","?","R","B",null,"M","?","$","?","M","E","R","E","T","R","?","?","E","E","R","B",null,"M","?","$","T","?","E","E","E","T","E","R","$","E","M","R","B","B",null,"R","$","E","B"],"character_chosen":"DEFECT","items_purchased":["AttackPotion","Singing Bowl","Chemical X","Defragment+1","Orrery","Defragment+1","Bag of Preparation","PotionOfCapacity","PowerPotion"],"campfire_rested":1,"item_purchase_floors":[4,20,20,37,37,46,46,54,54],"current_hp_per_floor":[68,57,62,62,62,62,49,44,44,44,29,29,39,39,39,49,69,57,57,57,57,78,78,78,80,80,80,80,80,82,84,84,84,89,91,91,97,97,89,99,89,101,101,103,103,103,105,107,107,107,88,102,107,107,89,0,0],"gold":41,"neow_bonus":"","is_daily":false,"chose_seed":false,"campfire_upgraded":7,"win_rate":0.0,"timestamp":1612315241,"path_taken":["M","?","?","$","?","R","E","E","T","R","E","?","?","?","R","BOSS","M","?","$","?","?","E","R","E","T","R","?","?","E","E","R","BOSS","M","?","$","?","?","E","E","E","T","E","R","?","E","?","R","BOSS","BOSS","R","$","E","BOSS"],"items_purchased_type":["Potion","Relic","Relic","Card","Relic","Card","Relic","Potion","Potion"],"build_version":"2020-12-22","purchased_purges":1,"victory":false,"max_hp_per_floor":[71,71,76,76,76,76,76,76,76,76,76,76,76,76,76,76,76,76,76,76,76,78,78,78,80,80,80,80,80,82,84,84,84,89,91,91,97,97,97,99,101,103,103,103,103,103,105,107,107,107,107,107,107,107,109,109,109],"card_choices":[{"not_picked":["Reprogram","Cold Snap","Leap"],"picked":"SKIP","floor":1.0},{"not_picked":["Sweeping Beam","Hello World","Static Discharge"],"picked":"SKIP","floor":7.0},{"not_picked":["Sweeping Beam","Hello World","Static Discharge"],"picked":"SKIP","floor":7.0},{"not_picked":["Coolheaded","Redo","Streamline"],"picked":"SKIP","floor":8.0},{"not_picked":["Streamline","Skim"],"picked":"Buffer+1","floor":11.0},{"not_picked":["Static Discharge+1","BootSequence"],"picked":"Turbo","floor":13.0},{"not_picked":["Biased Cognition+1","Multi-Cast"],"picked":"Echo Form+1","floor":16.0},{"not_picked":["Streamline","Lockon","Storm+1"],"picked":"SKIP","floor":18.0},{"not_picked":["Stack","Compile Driver","Beam Cell"],"picked":"Singing Bowl","floor":22.0},{"not_picked":["Hello World+1","Barrage"],"picked":"Go for the Eyes","floor":23.0},{"not_picked":["Cold Snap","Lockon","Barrage"],"picked":"Singing Bowl","floor":25.0},{"not_picked":["Blizzard","Biased Cognition+1","White Noise","Ball Lightning"],"picked":"Singing Bowl","floor":30.0},{"not_picked":["Gash","Heatsinks+1","Steam Power","Undo"],"picked":"Singing Bowl","floor":31.0},{"not_picked":["Multi-Cast","Fission","Machine Learning+1"],"picked":"Electrodynamics+1","floor":33.0},{"not_picked":["Beam Cell","Hello World+1","Scrape"],"picked":"Loop+1","floor":34.0},{"not_picked":["Beam Cell","Gash","Blizzard+1","Conserve Battery"],"picked":"Singing Bowl","floor":35.0},{"not_picked":["Conserve Battery+1","Go for the Eyes","Cold Snap+1","Streamline"],"picked":"Singing Bowl","floor":37.0},{"not_picked":["Leap","Gash+1","Darkness+1","Thunder Strike"],"picked":"Singing Bowl","floor":37.0},{"not_picked":["Meteor Strike","Gash+1","Rebound"],"picked":"Chill","floor":37.0},{"not_picked":["Barrage","FTL","Ball Lightning"],"picked":"Core Surge","floor":37.0},{"not_picked":["Stack","Hologram","Cold Snap","Turbo"],"picked":"Singing Bowl","floor":37.0},{"not_picked":["Beam Cell","FTL","Go for the Eyes"],"picked":"Recycle","floor":39.0},{"not_picked":["Coolheaded+1","Sunder","Recycle","Streamline"],"picked":"Singing Bowl","floor":40.0},{"not_picked":["Steam+1","Static Discharge+1","Darkness","Conserve Battery+1"],"picked":"Singing Bowl","floor":41.0},{"not_picked":["Blizzard","Machine Learning+1","Redo","Storm+1"],"picked":"Singing Bowl","floor":42.0},{"not_picked":["White Noise","Aggregate+1","Compile Driver"],"picked":"Defragment+1","floor":44.0},{"not_picked":["Barrage","Gash+1","Conserve Battery+1","Turbo+1"],"picked":"Singing Bowl","floor":47.0},{"not_picked":["Barrage+1","Go for the Eyes","Melter","Cold Snap"],"picked":"Singing Bowl","floor":48.0},{"not_picked":["Turbo","Chaos","Compile Driver+1","Beam Cell"],"picked":"Singing Bowl","floor":55}],"player_experience":4470473,"relics_obtained":[{"floor":5.0,"key":"Pen Nib"},{"floor":7.0,"key":"MawBank"},{"floor":8.0,"key":"Boot"},{"floor":9.0,"key":"Frozen Egg 2"},{"floor":21.0,"key":"Blue Candle"},{"floor":23.0,"key":"Art of War"},{"floor":25.0,"key":"Question Card"},{"floor":26.0,"key":"Happy Flower"},{"floor":30.0,"key":"PreservedInsect"},{"floor":31.0,"key":"Whetstone"},{"floor":38.0,"key":"Calipers"},{"floor":39.0,"key":"CaptainsWheel"},{"floor":40.0,"key":"Symbiotic Virus"},{"floor":41.0,"key":"Regal Pillow"},{"floor":42.0,"key":"InkBottle"},{"floor":44.0,"key":"Cables"},{"floor":47.0,"key":"Nunchaku"},{"floor":55,"key":"Gremlin Horn"}],"event_choices":[{"damage_healed":0.0,"max_hp_gain":0.0,"max_hp_loss":0.0,"gold_gain":75.0,"event_name":"World of Goop","player_choice":"Gather Gold","floor":2.0,"gold_loss":0.0,"damage_taken":11.0},{"damage_healed":0.0,"max_hp_gain":5.0,"max_hp_loss":0.0,"gold_gain":0.0,"event_name":"Big Fish","player_choice":"Donut","floor":3.0,"gold_loss":0.0,"damage_taken":0.0},{"damage_healed":0.0,"max_hp_gain":0.0,"max_hp_loss":0.0,"gold_gain":0.0,"event_name":"Upgrade Shrine","player_choice":"Upgraded","floor":12.0,"gold_loss":0.0,"damage_taken":0.0,"cards_upgraded":["Self Repair"]},{"damage_healed":0.0,"max_hp_gain":0.0,"max_hp_loss":0.0,"gold_gain":0.0,"event_name":"Liars Game","player_choice":"Ignored","floor":14.0,"gold_loss":0.0,"damage_taken":0.0},{"damage_healed":0.0,"max_hp_gain":0.0,"max_hp_loss":0.0,"gold_gain":0.0,"event_name":"The Mausoleum","player_choice":"Ignored","floor":19.0,"gold_loss":0.0,"damage_taken":0.0},{"damage_healed":0.0,"max_hp_gain":0.0,"max_hp_loss":0.0,"gold_gain":0.0,"event_name":"Wheel of Change","player_choice":"Relic","floor":21.0,"gold_loss":0.0,"damage_taken":0.0},{"damage_healed":0.0,"max_hp_gain":0.0,"max_hp_loss":0.0,"gold_gain":0.0,"event_name":"Back to Basics","player_choice":"Simplicity","floor":28.0,"gold_loss":0.0,"damage_taken":0.0,"cards_upgraded":[]},{"damage_healed":0.0,"max_hp_gain":0.0,"max_hp_loss":0.0,"gold_gain":0.0,"event_name":"Ghosts","player_choice":"Ignored","floor":29.0,"gold_loss":0.0,"damage_taken":0.0},{"damage_healed":0.0,"max_hp_gain":0.0,"max_hp_loss":0.0,"gold_gain":50.0,"event_name":"Golden Shrine","player_choice":"Pray","floor":36.0,"gold_loss":0.0,"damage_taken":0.0},{"damage_healed":0.0,"max_hp_gain":0.0,"max_hp_loss":0.0,"gold_gain":0.0,"event_name":"Mysterious Sphere","player_choice":"Fight","floor":39.0,"gold_loss":0.0,"damage_taken":0.0}],"is_beta":false,"boss_relics":[{"not_picked":["Coffee Dripper","Astrolabe"],"picked":"Philosopher\u0027s Stone"},{"not_picked":["Runic Dome","Calling Bell"],"picked":"Tiny House"}],"items_purged_floors":[20],"is_endless":false,"potions_floor_spawned":[1,7,16,22,25,31,35,40,41,55],"killed_by":"The Heart","ascension_level":20}}