{"host":"p6l625mrwr8cko4i","time":1612393173,"event":{"mods":["AchievementEnabler","BaseMod","Bestiary","Block Reminder","Colored Powertips","DeckTracker","Minty Spire (QoL Compilation)","Rare Cards Sparkle","Relic Stats","Slay the Relics Exporter","StSLib"],"gold_per_floor":[13,113,32,42,60,94,94,105,130,162,181,199,234,251,251,346,346,357,357,282,293,309,340,145,163,216,216,232,232,259,259,259,356,356,367,377,327,377,377,377,246,246,246,264,264,214,214,240,240,240],"floor_reached":51,"language":"ENG","playtime":3090,"items_purged":["Bite","Defend_G","Bite","Slice"],"score":735,"play_id":"17ec55ea-f32c-4f61-a6e0-dd813755a755","local_time":"20210203175933","is_ascension_mode":false,"campfire_choices":[{"data":"After Image","floor":7,"key":"SMITH"},{"data":"Noxious Fumes","floor":15,"key":"SMITH"},{"data":"Catalyst","floor":27,"key":"SMITH"},{"data":"Well Laid Plans","floor":29,"key":"SMITH"},{"data":"After Image","floor":32,"key":"SMITH"},{"data":"Apotheosis","floor":40,"key":"SMITH"},{"data":"Footwork","floor":42,"key":"SMITH"},{"data":"Blade Dance","floor":49,"key":"SMITH"}],"circlet_count":0,"master_deck":["Defend_G","Defend_G","Defend_G","Survivor","Neutralize","Dagger Throw","Noxious Fumes+1","After Image+1","Blade Dance+1","Dagger Spray","Cloak And Dagger","Deadly Poison","After Image+1","Leg Sweep","Die Die Die","Well Laid Plans+1","Bite","Bite","Backflip+1","Acrobatics","Catalyst+1","Adrenaline","Distraction+1","Apotheosis+1","Footwork+1"],"relics":["Ring of the Snake","Ginger","Smiling Mask","Centennial Puzzle","Anchor","TungstenRod","Coffee Dripper","Ancient Tea Set","TwistedFunnel","Blood Vial","Happy Flower","WristBlade","Lizard Tail","HornCleat","Gremlin Horn"],"acts_visited":["TheCity","TheBeyond"],"potions_floor_usage":[10,13,16,18,21,21,23,25,28,30,33,35,38,44,50,50,50],"damage_taken":[{"damage":0,"enemies":"Small Slimes","floor":1,"turns":3},{"damage":0,"enemies":"Cultist","floor":4,"turns":3},{"damage":0,"enemies":"2 Louse","floor":5,"turns":3},{"damage":11,"enemies":"Lagavulin","floor":6,"turns":8},{"damage":4,"enemies":"Large Slime","floor":8,"turns":6},{"damage":13,"enemies":"Gremlin Nob","floor":10,"turns":3},{"damage":0,"enemies":"2 Fungi Beasts","floor":11,"turns":3},{"damage":0,"enemies":"Lots of Slimes","floor":12,"turns":2},{"damage":0,"enemies":"3 Sentries","floor":13,"turns":6},{"damage":0,"enemies":"Blue Slaver","floor":14,"turns":3},{"damage":11,"enemies":"Hexaghost","floor":16,"turns":10},{"damage":0,"enemies":"3 Byrds","floor":18,"turns":6},{"damage":7,"enemies":"Spheric Guardian","floor":21,"turns":4},{"damage":2,"enemies":"Snake Plant","floor":22,"turns":5},{"damage":11,"enemies":"Slavers","floor":23,"turns":6},{"damage":0,"enemies":"Shelled Parasite and Fungi","floor":25,"turns":5},{"damage":0,"enemies":"Chosen and Byrds","floor":28,"turns":4},{"damage":1,"enemies":"Book of Stabbing","floor":30,"turns":7},{"damage":1,"enemies":"Champ","floor":33,"turns":9},{"damage":15,"enemies":"3 Darklings","floor":35,"turns":3},{"damage":0,"enemies":"Orb Walker","floor":36,"turns":3},{"damage":0,"enemies":"Mind Bloom Boss Battle","floor":38,"turns":6},{"damage":0,"enemies":"Sphere and 2 Shapes","floor":44,"turns":4},{"damage":2,"enemies":"Nemesis","floor":48,"turns":7},{"damage":2,"enemies":"Time Eater","floor":50,"turns":12}],"seed_played":"1925722885129178432","potions_obtained":[{"floor":6,"key":"Strength Potion"},{"floor":8,"key":"Poison Potion"},{"floor":13,"key":"Strength Potion"},{"floor":18,"key":"ColorlessPotion"},{"floor":30,"key":"GhostInAJar"},{"floor":35,"key":"SkillPotion"},{"floor":38,"key":"DuplicationPotion"}],"is_trial":false,"path_per_floor":["M","?","$","M","M","E","R","M","T","E","M","M","E","M","R","B",null,"M","?","?","M","M","E","$","M","T","R","M","R","E","?","R","B",null,"M","M","$","?","?","R","$","R","T","M","?","$","?","E","R","B",null],"character_chosen":"THE_SILENT","items_purchased":["Noxious Fumes","TwistedFunnel","Footwork"],"campfire_rested":0,"item_purchase_floors":[3,24,41],"current_hp_per_floor":[70,70,70,70,70,59,59,55,55,42,42,42,42,42,42,31,70,70,49,49,46,49,49,49,49,49,49,49,49,49,49,49,49,49,34,38,38,49,49,49,49,49,49,49,47,47,47,45,45,45],"gold":240,"neow_bonus":"ONE_RARE_RELIC","is_daily":false,"chose_seed":false,"campfire_upgraded":8,"win_rate":0.0,"timestamp":1612393173,"path_taken":["M","?","?","M","M","E","R","M","T","E","M","M","E","M","R","BOSS","M","?","?","M","M","E","$","M","T","R","M","R","E","?","R","BOSS","M","M","?","?","?","R","$","R","T","M","?","$","?","E","R","BOSS"],"items_purchased_type":["Card","Relic","Card"],"build_version":"2020-12-22","purchased_purges":4,"victory":true,"max_hp_per_floor":[70,70,70,70,70,70,70,70,70,70,70,70,70,70,70,70,70,70,49,49,49,49,49,49,49,49,49,49,49,49,49,49,49,49,49,49,49,49,49,49,49,49,49,49,47,47,47,47,47,47],"relic_stats":{"Blood Vial":6,"Centennial Puzzle":[30],"Lizard Tail":0,"Happy Flower":[14],"Gremlin Horn":[0,0],"counters":[25,131],"Ginger":[15],"Smiling Mask":250,"obtain_stats":[{"TwistedFunnel":24,"Happy Flower":30,"Gremlin Horn":48,"Ginger":0,"Smiling Mask":6,"Ancient Tea Set":23,"Blood Vial":26,"Centennial Puzzle":9,"Anchor":10,"Lizard Tail":38,"HornCleat":43,"WristBlade":34,"Coffee Dripper":17,"TungstenRod":13,"Ring of the Snake":0},{"TwistedFunnel":15,"Happy Flower":18,"Gremlin Horn":24,"Ginger":0,"Smiling Mask":4,"Ancient Tea Set":15,"Blood Vial":16,"Centennial Puzzle":5,"Anchor":6,"Lizard Tail":22,"HornCleat":22,"WristBlade":19,"Coffee Dripper":11,"TungstenRod":9,"Ring of the Snake":0},{"TwistedFunnel":71,"Happy Flower":87,"Gremlin Horn":119,"Ginger":0,"Smiling Mask":17,"Ancient Tea Set":71,"Blood Vial":76,"Centennial Puzzle":23,"Anchor":26,"Lizard Tail":108,"HornCleat":108,"WristBlade":96,"Coffee Dripper":50,"TungstenRod":37,"Ring of the Snake":0}],"TungstenRod":17,"Ring of the Snake":[50]},"card_choices":[{"not_picked":["Slice","Quick Slash"],"picked":"Dagger Throw","floor":1},{"not_picked":["Flying Knee","Cloak And Dagger"],"picked":"Slice","floor":4},{"not_picked":["Cloak And Dagger","Dagger Throw"],"picked":"After Image","floor":5},{"not_picked":["Caltrops","Outmaneuver"],"picked":"Blade Dance","floor":6},{"not_picked":["Outmaneuver","Dagger Spray"],"picked":"Venomology","floor":8},{"not_picked":["Expertise","Acrobatics"],"picked":"Dagger Spray","floor":10},{"not_picked":["Underhanded Strike","Sucker Punch"],"picked":"Cloak And Dagger","floor":11},{"not_picked":["Concentrate","Prepared"],"picked":"Deadly Poison","floor":12},{"not_picked":["Underhanded Strike","Quick Slash"],"picked":"After Image","floor":13},{"not_picked":["Acrobatics","Poisoned Stab"],"picked":"Leg Sweep","floor":14},{"not_picked":["Doppelganger","Unload"],"picked":"Die Die Die","floor":16},{"not_picked":["Blur","Outmaneuver"],"picked":"Well Laid Plans","floor":18},{"not_picked":["Underhanded Strike","Poisoned Stab"],"picked":"Backflip+1","floor":21},{"not_picked":["Dash","Riddle With Holes+1"],"picked":"Acrobatics","floor":22},{"not_picked":["Reflex","Backstab","Flying Knee"],"picked":"SKIP","floor":23},{"not_picked":["Footwork","Noxious Fumes+1"],"picked":"Catalyst","floor":25},{"not_picked":["Reflex","Acrobatics","Backflip"],"picked":"SKIP","floor":28},{"not_picked":["Outmaneuver","Sucker Punch","Quick Slash"],"picked":"SKIP","floor":30},{"not_picked":["Storm of Steel","Phantasmal Killer"],"picked":"Adrenaline","floor":33},{"not_picked":["Sucker Punch","Underhanded Strike","Deflect+1"],"picked":"SKIP","floor":35},{"not_picked":["Dagger Spray","Underhanded Strike+1","Deadly Poison+1"],"picked":"SKIP","floor":36},{"not_picked":["Calculated Gamble","Dodge and Roll+1"],"picked":"Distraction+1","floor":38},{"not_picked":["Finesse","The Bomb"],"picked":"Apotheosis","floor":39},{"not_picked":["Bane","Backflip+1","Dash+1"],"picked":"SKIP","floor":44},{"not_picked":["Grand Finale","Dodge and Roll","Backflip"],"picked":"SKIP","floor":48}],"player_experience":843894,"relics_obtained":[{"floor":6,"key":"Smiling Mask"},{"floor":9,"key":"Centennial Puzzle"},{"floor":10,"key":"Anchor"},{"floor":13,"key":"TungstenRod"},{"floor":23,"key":"Ancient Tea Set"},{"floor":26,"key":"Blood Vial"},{"floor":30,"key":"Happy Flower"},{"floor":38,"key":"Lizard Tail"},{"floor":43,"key":"HornCleat"},{"floor":48,"key":"Gremlin Horn"}],"event_choices":[{"damage_healed":0,"gold_gain":100,"player_choice":"Pray","damage_taken":0,"max_hp_gain":0,"max_hp_loss":0,"event_name":"Golden Shrine","floor":2,"gold_loss":0},{"damage_healed":0,"gold_gain":0,"player_choice":"Became a vampire","damage_taken":0,"max_hp_gain":0,"max_hp_loss":21,"event_name":"Vampires","floor":19,"gold_loss":0,"cards_obtained":["Bite","Bite","Bite","Bite","Bite"]},{"cards_removed":["Defend_G"],"damage_healed":0,"gold_gain":0,"player_choice":"Gave Gold","damage_taken":0,"max_hp_gain":0,"max_hp_loss":0,"event_name":"Beggar","floor":20,"gold_loss":75},{"cards_removed":["Bite"],"damage_healed":0,"gold_gain":0,"player_choice":"Card Removal","damage_taken":0,"max_hp_gain":0,"max_hp_loss":0,"event_name":"Wheel of Change","floor":31,"gold_loss":0},{"damage_healed":0,"gold_gain":0,"player_choice":"Fight","damage_taken":0,"max_hp_gain":0,"max_hp_loss":0,"event_name":"MindBloom","floor":38,"gold_loss":0},{"damage_healed":0,"gold_gain":0,"player_choice":"Memory 1","damage_taken":0,"max_hp_gain":0,"max_hp_loss":0,"event_name":"SensoryStone","floor":39,"gold_loss":0},{"damage_healed":0,"gold_gain":0,"player_choice":"Max HP","damage_taken":0,"max_hp_gain":0,"max_hp_loss":2,"event_name":"Winding Halls","floor":45,"gold_loss":0},{"cards_removed":["Venomology"],"damage_healed":0,"gold_gain":0,"player_choice":"Removed Skill","damage_taken":0,"max_hp_gain":0,"max_hp_loss":0,"event_name":"Falling","floor":47,"gold_loss":0}],"is_beta":false,"boss_relics":[{"not_picked":["Empty Cage","SlaversCollar"],"picked":"Coffee Dripper"},{"not_picked":["Pandora\u0027s Box","Snecko Eye"],"picked":"WristBlade"}],"items_purged_floors":[24,37,41,46],"is_endless":false,"potions_floor_spawned":[6,8,11,13,14,18,23,28,30,35,36,38,44],"ascension_level":0}}