{"host":"2se5dq1do2gp0x9k","time":1612321099,"event":{"mods":["AchievementEnabler","BaseMod","Block Reminder","Colored Map","Colored Powertips","Minty Spire (QoL Compilation)","Relic Stats","StSLib","SuperFastMode"],"gold_per_floor":[116,136,47,57,69,69,69,69,69,103,103,134,134,134,134,208,208,219,219,219,219],"floor_reached":20,"language":"ENG","playtime":479,"items_purged":[],"score":460,"play_id":"eaf1a6f1-8e49-4e83-912b-e6c073f44c94","local_time":"20210202185819","is_ascension_mode":true,"campfire_choices":[{"data":"Defragment","floor":6,"key":"SMITH"},{"data":"Sweeping Beam","floor":8,"key":"SMITH"},{"data":"Zap","floor":15,"key":"SMITH"}],"circlet_count":0,"master_deck":["AscendersBane","Strike_B","Strike_B","Strike_B","Strike_B","Defend_B","Defend_B","Defend_B","Defend_B","Zap+1","Dualcast","Sweeping Beam+1","Ball Lightning","Defragment+1","White Noise","Leap","Lockon+1","Consume+1","Echo Form","Storm","Decay"],"relics":["Cracked Core","NeowsBlessing","Shuriken","Molten Egg 2","Potion Belt","Gremlin Horn","Runic Pyramid"],"acts_visited":["Exordium","TheCity"],"potions_floor_usage":[10,16],"damage_taken":[{"damage":0.0,"enemies":"Jaw Worm","floor":1.0,"turns":1.0},{"damage":0.0,"enemies":"Small Slimes","floor":2.0,"turns":1.0},{"damage":0.0,"enemies":"2 Louse","floor":4.0,"turns":1.0},{"damage":44,"enemies":"Exordium Thugs","floor":5,"turns":5},{"damage":10,"enemies":"Lagavulin","floor":10,"turns":6},{"damage":17,"enemies":"3 Sentries","floor":12,"turns":5},{"damage":0,"enemies":"Slime Boss","floor":16,"turns":6},{"damage":26,"enemies":"3 Byrds","floor":18,"turns":5},{"damage":13,"enemies":"Chosen","floor":20,"turns":4}],"seed_played":"2187869029048683856","potions_obtained":[{"floor":5,"key":"BlessingOfTheForge"},{"floor":10,"key":"FairyPotion"},{"floor":12,"key":"SkillPotion"}],"is_trial":false,"path_per_floor":["M","M","$","M","M","R","$","R","T","E","?","E","?","T","R","B",null,"M","?","M"],"character_chosen":"DEFECT","items_purchased":["Defragment"],"campfire_rested":0,"item_purchase_floors":[3],"current_hp_per_floor":[64,64,64,64,20,20,20,20,20,10,33,16,16,16,16,16,57,31,31,18,18],"gold":219,"neow_bonus":"THREE_ENEMY_KILL","is_daily":false,"chose_seed":false,"campfire_upgraded":3,"win_rate":0.0,"timestamp":1612321099,"path_taken":["M","M","$","M","M","R","$","R","T","E","?","E","?","?","R","BOSS","M","?","M"],"items_purchased_type":["Card"],"build_version":"2020-12-22","purchased_purges":0,"victory":false,"max_hp_per_floor":[71,71,71,71,71,71,71,71,71,71,71,71,71,71,71,71,71,71,71,71,71],"relic_stats":{"Gremlin Horn":[4,4],"counters":[9,34],"Shuriken":[2],"obtain_stats":[{"Potion Belt":12,"NeowsBlessing":0,"Gremlin Horn":14,"Shuriken":9,"Molten Egg 2":10,"Cracked Core":0,"Runic Pyramid":17},{"Potion Belt":6,"NeowsBlessing":0,"Gremlin Horn":6,"Shuriken":4,"Molten Egg 2":5,"Cracked Core":0,"Runic Pyramid":7},{"Potion Belt":19,"NeowsBlessing":0,"Gremlin Horn":19,"Shuriken":8,"Molten Egg 2":14,"Cracked Core":0,"Runic Pyramid":25}]},"card_choices":[{"not_picked":["Barrage","Stack"],"picked":"Sweeping Beam","floor":1.0},{"not_picked":["Force Field","Steam"],"picked":"Ball Lightning","floor":2.0},{"not_picked":["Streamline","Gash"],"picked":"White Noise","floor":4.0},{"not_picked":["Go for the Eyes","Auto Shields"],"picked":"Leap","floor":5},{"not_picked":["BootSequence","Scrape+1"],"picked":"Lockon+1","floor":10},{"not_picked":["Hologram","Rip and Tear+1"],"picked":"Consume","floor":12},{"not_picked":["Amplify","Thunder Strike+1"],"picked":"Echo Form","floor":16},{"not_picked":["Reprogram+1","Gash+1"],"picked":"Storm","floor":18}],"player_experience":4051833,"relics_obtained":[{"floor":9,"key":"Shuriken"},{"floor":10,"key":"Molten Egg 2"},{"floor":12,"key":"Potion Belt"},{"floor":14,"key":"Gremlin Horn"}],"event_choices":[{"damage_healed":23,"gold_gain":0,"player_choice":"Banana","damage_taken":0,"max_hp_gain":0,"max_hp_loss":0,"event_name":"Big Fish","floor":11,"gold_loss":0},{"damage_healed":0,"gold_gain":0,"player_choice":"Grow","damage_taken":0,"max_hp_gain":0,"max_hp_loss":0,"event_name":"Living Wall","floor":13,"gold_loss":0,"cards_upgraded":["Consume"]},{"damage_healed":0,"gold_gain":0,"player_choice":"Smashed Altar","damage_taken":0,"max_hp_gain":0,"max_hp_loss":0,"event_name":"Forgotten Altar","floor":19,"gold_loss":0,"cards_obtained":["Decay"]}],"is_beta":false,"boss_relics":[{"not_picked":["Empty Cage","Sozu"],"picked":"Runic Pyramid"}],"items_purged_floors":[],"is_endless":false,"potions_floor_spawned":[5,10,12],"killed_by":"Chosen","ascension_level":20}}