{"host":"126yiuos2nq86se7","time":1612340812,"event":{"mods":["AchievementEnabler","Act Like it!","BaseMod","Colored Map","Colored Powertips","Friendly Minions","Highlight Path","Minty Spire (QoL Compilation)","Reimu??????","StSLib","SuperFastMode"],"gold_per_floor":[111,111,131,142,155,155,190,190,190,200,200,200,215,23,23,151,151,169,30,40,13,37,37,37,37,37,37,37,61,77,93,93,216,216,229,242,257,275,338,338,358,371,397,413,37,37,56,56,56,56],"floor_reached":51,"language":"ENG","playtime":3116,"items_purged":["Eruption","Strike_P","Parasite"],"score":705,"play_id":"1669ebe1-d0b7-4414-8bf3-19a7522e8fec","local_time":"20210203192652","is_ascension_mode":false,"campfire_choices":[{"data":"ForeignInfluence","floor":6,"key":"SMITH"},{"data":"Study","floor":8,"key":"SMITH"},{"floor":12,"key":"REST"},{"floor":15,"key":"REST"},{"data":"Perseverance","floor":23,"key":"SMITH"},{"data":"WindmillStrike","floor":25,"key":"SMITH"},{"data":"Study","floor":32,"key":"SMITH"},{"floor":40,"key":"REST"},{"floor":46,"key":"REST"},{"floor":49,"key":"REST"}],"circlet_count":0,"master_deck":["Strike_P+1","Strike_P+1","Defend_P+1","Defend_P+1","Defend_P+1","Defend_P+1","Vigilance+1","ForeignInfluence+1","Sanctity","Perseverance+1","Study+1","BattleHymn","Evaluate","FlurryOfBlows","WindmillStrike+1","Study+1","Devotion","Protect+1","BattleHymn","FlurryOfBlows","FollowUp","Consecrate+1","DeusExMachina","InnerPeace+1","CutThroughFate+1","Study+1"],"relics":["PureWater","War Paint","White Beast Statue","Ornamental Fan","Yang","Golden Idol","Busted Crown","Mummified Hand","Sozu","PureWhite:ReiMu","Blood Vial","Meat on the Bone"],"acts_visited":["Exordium","TheCity","TheBeyond"],"potions_floor_usage":[7,7,7,16,16,16,33,33,33],"damage_taken":[{"damage":9,"enemies":"2 Louse","floor":1,"turns":4},{"damage":1,"enemies":"Jaw Worm","floor":3,"turns":4},{"damage":0,"enemies":"Small Slimes","floor":4,"turns":5},{"damage":0,"enemies":"Looter","floor":5,"turns":4},{"damage":11,"enemies":"3 Sentries","floor":7,"turns":5},{"damage":0,"enemies":"Large Slime","floor":10,"turns":6},{"damage":3,"enemies":"Gremlin Gang","floor":13,"turns":6},{"damage":20,"enemies":"Hexaghost","floor":16,"turns":11},{"damage":6,"enemies":"3 Byrds","floor":18,"turns":6},{"damage":0,"enemies":"2 Thieves","floor":20,"turns":5},{"damage":0,"enemies":"Snecko","floor":22,"turns":7},{"damage":0,"enemies":"Colosseum Slavers","floor":27,"turns":6},{"damage":0,"enemies":"Centurion and Healer","floor":29,"turns":7},{"damage":0,"enemies":"3 Cultists","floor":30,"turns":5},{"damage":0,"enemies":"Shelled Parasite and Fungi","floor":31,"turns":6},{"damage":0,"enemies":"Automaton","floor":33,"turns":8},{"damage":6,"enemies":"Orb Walker","floor":35,"turns":4},{"damage":28,"enemies":"3 Darklings","floor":36,"turns":6},{"damage":8,"enemies":"Spire Growth","floor":37,"turns":6},{"damage":0,"enemies":"Sphere and 2 Shapes","floor":38,"turns":6},{"damage":0,"enemies":"Mind Bloom Boss Battle","floor":39,"turns":7},{"damage":3,"enemies":"Transient","floor":41,"turns":5},{"damage":4,"enemies":"Writhing Mass","floor":42,"turns":8},{"damage":25,"enemies":"Jaw Worm Horde","floor":44,"turns":6},{"damage":0,"enemies":"3 Darklings","floor":47,"turns":6},{"damage":56,"enemies":"Awakened One","floor":50,"turns":30}],"seed_played":"2825890007805372981","potions_obtained":[{"floor":1,"key":"PowerPotion"},{"floor":3,"key":"Dexterity Potion"},{"floor":4,"key":"AttackPotion"},{"floor":5,"key":"Swift Potion"},{"floor":7,"key":"AttackPotion"},{"floor":10,"key":"SkillPotion"},{"floor":13,"key":"BlessingOfTheForge"},{"floor":16,"key":"PowerPotion"},{"floor":18,"key":"StancePotion"},{"floor":20,"key":"FearPotion"},{"floor":22,"key":"StancePotion"},{"floor":29,"key":"GrandPatriotsElixir:ReiMu"},{"floor":30,"key":"Dexterity Potion"},{"floor":31,"key":"LiquidBronze"},{"floor":33,"key":"ZuzhouPotion:ReiMu"}],"is_trial":false,"path_per_floor":["M","?","M","M","M","R","E","R","T","M","?","R","M","$","R","B",null,"M","$","M","$","M","R","?","R","T","?","?","M","M","M","R","B",null,"M","M","M","M","?","R","M","M","T","M","$","R","M","$","R","B",null],"character_chosen":"WATCHER","items_purchased":["WindmillStrike","Study","BattleHymn","FollowUp","Meat on the Bone"],"campfire_rested":5,"item_purchase_floors":[14,14,19,21,45],"current_hp_per_floor":[63,60,59,59,59,59,48,48,48,48,30,51,48,48,69,49,72,66,66,66,66,66,66,66,66,66,66,66,66,66,66,66,66,72,66,38,30,30,30,51,48,44,44,21,21,41,43,43,63,21],"gold":56,"neow_bonus":"RANDOM_COMMON_RELIC","is_daily":false,"chose_seed":false,"campfire_upgraded":5,"win_rate":0.0,"timestamp":1612340812,"path_taken":["M","?","M","M","M","R","E","R","T","M","?","R","M","$","R","BOSS","M","$","M","$","M","R","?","R","T","?","?","M","M","?","R","BOSS","M","M","M","M","?","R","M","M","T","M","$","R","M","$","R","BOSS"],"items_purchased_type":["Card","Card","Card","Card","Relic"],"build_version":"2020-12-22","purchased_purges":3,"victory":true,"max_hp_per_floor":[72,72,72,72,72,72,72,72,72,72,72,72,72,72,72,72,72,72,72,72,72,72,72,72,72,72,72,72,72,72,72,72,72,72,72,72,72,72,72,72,72,72,72,72,69,69,69,69,69,69],"card_choices":[{"not_picked":["ThirdEye","CutThroughFate"],"picked":"ForeignInfluence","floor":1},{"not_picked":["EmptyMind","CutThroughFate"],"picked":"Sanctity","floor":3},{"not_picked":["FearNoEvil","SandsOfTime"],"picked":"Perseverance","floor":4},{"not_picked":["ThirdEye","Protect"],"picked":"Study","floor":5},{"not_picked":["Weave","Halt"],"picked":"BattleHymn","floor":7},{"not_picked":["FearNoEvil","Protect"],"picked":"Evaluate","floor":10},{"not_picked":["SandsOfTime","Protect"],"picked":"FlurryOfBlows","floor":13},{"not_picked":["Alpha","DeusExMachina"],"picked":"Devotion","floor":16},{"not_picked":[],"picked":"Protect+1","floor":18},{"not_picked":[],"picked":"FlurryOfBlows","floor":20},{"not_picked":["EmptyBody"],"picked":"SKIP","floor":22},{"not_picked":[],"picked":"Consecrate+1","floor":29},{"not_picked":["JustLucky"],"picked":"SKIP","floor":30},{"not_picked":["PathToVictory"],"picked":"SKIP","floor":31},{"not_picked":[],"picked":"DeusExMachina","floor":33},{"not_picked":["FlyingSleeves+1"],"picked":"SKIP","floor":35},{"not_picked":["Crescendo"],"picked":"SKIP","floor":36},{"not_picked":[],"picked":"InnerPeace+1","floor":37},{"not_picked":["Tantrum"],"picked":"SKIP","floor":38},{"not_picked":["CrushJoints"],"picked":"SKIP","floor":41},{"not_picked":["LikeWater+1"],"picked":"SKIP","floor":42},{"not_picked":[],"picked":"CutThroughFate+1","floor":44},{"not_picked":[],"picked":"Study+1","floor":47}],"player_experience":1481892,"relics_obtained":[{"floor":7,"key":"Ornamental Fan"},{"floor":9,"key":"Yang"},{"floor":26,"key":"Mummified Hand"},{"floor":39,"key":"PureWhite:ReiMu"},{"floor":43,"key":"Blood Vial"}],"event_choices":[{"damage_healed":0,"gold_gain":0,"player_choice":"Success","damage_taken":3,"relics_obtained":["White Beast Statue"],"max_hp_gain":0,"max_hp_loss":0,"event_name":"Scrap Ooze","floor":2,"gold_loss":0},{"damage_healed":0,"gold_gain":0,"player_choice":"Take Damage","damage_taken":18,"relics_obtained":["Golden Idol"],"max_hp_gain":0,"max_hp_loss":0,"event_name":"Golden Idol","floor":11,"gold_loss":0},{"damage_healed":0,"gold_gain":0,"player_choice":"Simplicity","damage_taken":0,"max_hp_gain":0,"max_hp_loss":0,"event_name":"Back to Basics","floor":24,"gold_loss":0,"cards_upgraded":["Strike_P","Strike_P","Strike_P","Defend_P","Defend_P","Defend_P"]},{"damage_healed":0,"gold_gain":0,"player_choice":"Fight","damage_taken":0,"max_hp_gain":0,"max_hp_loss":0,"event_name":"Colosseum","floor":27,"gold_loss":0},{"damage_healed":0,"gold_gain":0,"player_choice":"Fled From Nobs","damage_taken":0,"max_hp_gain":0,"max_hp_loss":0,"event_name":"Colosseum","floor":27,"gold_loss":0},{"cards_removed":["Strike_P"],"damage_healed":0,"gold_gain":0,"player_choice":"Purged","damage_taken":0,"max_hp_gain":0,"max_hp_loss":0,"event_name":"Purifier","floor":28,"gold_loss":0},{"damage_healed":0,"gold_gain":0,"player_choice":"Fight","damage_taken":0,"max_hp_gain":0,"max_hp_loss":0,"event_name":"MindBloom","floor":39,"gold_loss":0}],"is_beta":false,"boss_relics":[{"not_picked":["Black Star","Runic Dome"],"picked":"Busted Crown"},{"not_picked":["SlaversCollar","RedLine:ReiMu"],"picked":"Sozu"}],"items_purged_floors":[14,19,45],"is_endless":false,"potions_floor_spawned":[1,3,4,5,7,10,13,16,18,20,22,27,29,30,31,33,35,36,37,38,39,41,42,44,47],"ascension_level":0}}