{"host":"8srk5r1dwtmjotwd","time":1612332173,"event":{"mods":["AchievementEnabler","Act Like it!","BaseMod","Beaked The Cultist","Bestiary","Better Note","Better Third Choice","Colored Map","Colored Powertips","Friendly Minions","GifTheSpireLib","Halation","Hallownest","Hermit","Hubris","Infinite Spire","Mimic Mod","Minty Spire (QoL Compilation)","Morshu Shopkeeper - ENHANCED","Quick Restart","Rare Cards Sparkle","Reliquary","Replay The Spire","Shop Mod","StSLib","SuperFastMode","Synergy Search","The Bug Knight","The Construct","The Cursed","Thieving Mod","Yohane!","everything is the same but u backflip on backflip","slay the spire mod where everything is the same but ironclad has a cowboy hat"],"gold_per_floor":[110,127,177,206,247,247,285,315,315,353,353],"floor_reached":10,"language":"ENG","playtime":657,"items_purged":[],"score":62,"play_id":"032b8626-4365-49d2-962c-0dab9e0abdce","local_time":"20210203010253","is_ascension_mode":false,"campfire_choices":[{"data":"infinitespire:OneForAll","floor":6,"key":"SMITH"}],"circlet_count":0,"master_deck":["Strike_R+1","Strike_R","Strike_R","Strike_R","Strike_R","Defend_R","Defend_R","Defend_R","Defend_R","Bash","Normality","Thunderclap","infinitespire:OneForAll+1","hubris:Compulsion","Whirlwind","Replay:Undeath\u0027s Touch"],"relics":["Burning Blood","Ring of Greed","Ring of Hypnosis","Replay:Bandana","infinitespire:Midas Blood","Shuriken"],"acts_visited":["Exordium"],"potions_floor_usage":[5,10],"damage_taken":[{"damage":1,"enemies":"Cultist","floor":1,"turns":3},{"damage":5,"enemies":"Small Slimes","floor":2,"turns":3},{"damage":8,"enemies":"Jaw Worm","floor":4,"turns":3},{"damage":35,"enemies":"Gremlin Gang","floor":5,"turns":5},{"damage":15,"enemies":"Exordium Thugs","floor":7,"turns":5},{"damage":22,"enemies":"Red Slaver","floor":8,"turns":3},{"damage":31,"enemies":"3 Sentries","floor":10,"turns":4}],"seed_played":"-4536010021882538336","potions_obtained":[{"floor":2,"key":"PowerPotion"},{"floor":5,"key":"ElixirPotion"}],"is_trial":false,"path_per_floor":["M","M","?","M","M","R","M","M","T","E"],"character_chosen":"IRONCLAD","items_purchased":[],"campfire_rested":0,"item_purchase_floors":[],"current_hp_per_floor":[80,80,80,78,49,49,40,24,24,0,0],"gold":353,"neow_bonus":"UPGRADE_CARD","is_daily":false,"chose_seed":false,"campfire_upgraded":1,"win_rate":0.0,"timestamp":1612332173,"path_taken":["M","?","?","M","M","R","M","M","T","E"],"items_purchased_type":[],"build_version":"2020-12-22","purchased_purges":0,"victory":false,"max_hp_per_floor":[80,80,80,80,80,80,80,80,80,80,80],"card_choices":[{"not_picked":["ReplayTheSpireMod:Limb From Limb","Clash","ReplayTheSpireMod:Strike From Hell"],"picked":"SKIP","floor":1},{"not_picked":["Combust","Warcry","Abandon"],"picked":"SKIP","floor":2},{"not_picked":["Anger","Twin Strike"],"picked":"Thunderclap","floor":4},{"not_picked":["Dark Embrace","Twin Strike"],"picked":"infinitespire:OneForAll","floor":5},{"not_picked":["Feel No Pain","Spot Weakness"],"picked":"Whirlwind","floor":7},{"not_picked":["ReplayTheSpireMod:Muscle Training","Thunderclap"],"picked":"Replay:Undeath\u0027s Touch","floor":8}],"player_experience":96646,"relics_obtained":[{"floor":3,"key":"Ring of Greed"},{"floor":3,"key":"Ring of Hypnosis"},{"floor":3,"key":"Replay:Bandana"},{"floor":3,"key":"infinitespire:Midas Blood"},{"floor":9,"key":"Shuriken"}],"event_choices":[],"is_beta":false,"boss_relics":[],"items_purged_floors":[],"is_endless":false,"potions_floor_spawned":[2,5],"killed_by":"3 Sentries","ascension_level":0}}