{"host":"4a0aa7b2d8dxohwr","time":1612365427,"event":{"mods":["ATMod(∞¢Ë™Mod)","Act Like it!","BaseMod","Dota2Spire","Friendly Minions","Gensokyo","GifTheSpireLib","GungeonMod","Marisa£®ÏF”Í°°ƒß¿Ì…≥£©","Minty Spire (QoL Compilation)","Reimu£®≤©¿ˆ¡È√Œ£©","Reliquary","Remilia£®¿Ÿ√◊¿Ú—«£©","Shop Mod","StSLib","The Cursed","The Senshi","The Servant 0.9.4","Youmu£®ªÍ∆«—˝√Œ£©","[IsaacMod]“‘»ˆº‚À˛","°æ“≈ŒÔø®≈∆°øREMEMod"],"gold_per_floor":[119,134,148,148,148,179,179,24,47,81,81,100,110,110,110,406,406,420,420,240,255,60,89,89,315,339,14,24,36,64,91,91,194,194,214,14,28,0,52,77,77,95,140,151,169,169,182,216,216,216,216,216,33,66,66],"floor_reached":56,"language":"ZHS","playtime":2236,"items_purged":["Strike_R","Strike_R","Strike_R"],"score":2238,"play_id":"7c7610c5-4542-4f34-a314-eb288230cfb7","local_time":"20210203231707","is_ascension_mode":true,"campfire_choices":[{"data":"Armaments","floor":7.0,"key":"SMITH"},{"data":"Limit Break","floor":15.0,"key":"SMITH"},{"data":"Entrench","floor":32.0,"key":"SMITH"},{"data":"Barricade","floor":41,"key":"SMITH"},{"floor":49,"key":"RECALL"},{"data":"Body Slam","floor":52,"key":"SMITH"}],"circlet_count":0,"master_deck":["Strike_R","Strike_R","Defend_R","Defend_R","Defend_R","Bash","AT_TearsDenial","Dropkick","Offering","Armaments+1","AT_DrawKnifeCut","AT_BodySlamDance","Limit Break+1","Flame Barrier","Sword Boomerang","Juggernaut","Sentinel+1","Body Slam+1","True Grit","AT_BodySlamDance+1","Iron Wave+1","Entrench+1","Shrug It Off+1","Offering","Pommel Strike","Barricade+1","Pummel+1","Entrench+1"],"relics":["Burning Blood","HushsDoor","AT_ATBox","REME_ComplimentaryCards","Chaos","Dota2Spire:Satanic","BookOfRevelations","MealTicket","reliquary:RoseTintedGlasses","reliquary:WeakTea","MagicMushroom","Mastiff:ReiMu","MerchantsRug","AT_BellDemon","Lizard Tail","DemoMod:SerJunkan","DemoMod:Junk","DemoMod:PinkGuonStone","Dota2Spire:EchoSabre","Oddly Smooth Stone","Membership Card","Pen Nib","Red Mask","AT_ImmortalShieldbow","Runic Capacitor","DemoMod:BigBoy","Leech","DemoMod:GlassGuonStoneRelic","Sling","DemoMod:NanoMachines","SatanicBible","DemoMod:WaxWing"],"acts_visited":["Exordium","Gensokyo:Gensokyo","TheBeyond","TheEnding"],"potions_floor_usage":[35,40,48,55,55],"damage_taken":[{"damage":0.0,"enemies":"Gensokyo:3_Fairies","floor":1.0,"turns":4.0},{"damage":12.0,"enemies":"Gensokyo:Gryphon","floor":2.0,"turns":3.0},{"damage":0.0,"enemies":"Gensokyo:2_Kodama","floor":3.0,"turns":3.0},{"damage":22.0,"enemies":"Gensokyo:Cirno","floor":6.0,"turns":6.0},{"damage":27.0,"enemies":"Gensokyo:Aya","floor":10.0,"turns":6.0},{"damage":6.0,"enemies":"Gensokyo:LivingMonolith","floor":12.0,"turns":2.0},{"damage":4.0,"enemies":"Gensokyo:5_Fairies","floor":13.0,"turns":5.0},{"damage":48.0,"enemies":"Gensokyo:Kokoro","floor":16.0,"turns":9.0},{"damage":6.0,"enemies":"Gensokyo:CosmicMonolith","floor":18.0,"turns":2.0},{"damage":31.0,"enemies":"Gensokyo:3_Dogs","floor":21.0,"turns":3.0},{"damage":0.0,"enemies":"Gensokyo:Reisen","floor":23.0,"turns":4.0},{"damage":0.0,"enemies":"Gensokyo:Koishi","floor":25.0,"turns":4.0},{"damage":12.0,"enemies":"Gensokyo:Chomper_and_Gloop","floor":28.0,"turns":4.0},{"damage":6.0,"enemies":"Gensokyo:3_Gloops","floor":29.0,"turns":3.0},{"damage":6.0,"enemies":"Gensokyo:Reisen","floor":30.0,"turns":4.0},{"damage":6.0,"enemies":"Gensokyo:Eternal_Rivals","floor":33.0,"turns":5.0},{"damage":15,"enemies":"3 Darklings","floor":35,"turns":3},{"damage":0,"enemies":"3 Shapes","floor":37,"turns":3},{"damage":23,"enemies":"2 Orb Walkers","floor":39,"turns":3},{"damage":0,"enemies":"Giant Head","floor":40,"turns":4},{"damage":0,"enemies":"Maw","floor":42,"turns":2},{"damage":12,"enemies":"Writhing Mass","floor":44,"turns":2},{"damage":6,"enemies":"Jaw Worm Horde","floor":45,"turns":1},{"damage":0,"enemies":"3 Darklings","floor":47,"turns":1},{"damage":53,"enemies":"Nemesis","floor":48,"turns":3},{"damage":0,"enemies":"Time Eater","floor":50,"turns":3},{"damage":0,"enemies":"Shield and Spear","floor":54,"turns":1},{"damage":0,"enemies":"The Heart","floor":55,"turns":4}],"seed_played":"4634617596482530442","potions_obtained":[{"floor":3.0,"key":"AttackPotion"},{"floor":10.0,"key":"Dota2Spire:HealingSalve"},{"floor":13.0,"key":"GamblersBrew"},{"floor":18.0,"key":"Dota2Spire:HealingSalve"},{"floor":21.0,"key":"Block Potion"},{"floor":29.0,"key":"Dexterity Potion"},{"floor":30.0,"key":"Dota2Spire:Clarity"},{"floor":33.0,"key":"ElixirPotion"},{"floor":37,"key":"Swift Potion"},{"floor":39,"key":"Weak Potion"},{"floor":44,"key":"EssenceOfSteel"}],"is_trial":false,"path_per_floor":["M","M","M","?","?","E","R","COS","T","E","?","M","M","?","R","B",null,"M","?","COS","M","$","E","?","E","T","$","M","M","E","T","R","B",null,"M","$","M","?","?","E","R","M","T","M","M","?","M","E","R","B",null,"R","$","E","B",null],"character_chosen":"IRONCLAD","items_purchased":["MerchantsRug","Entrench","Lizard Tail","Membership Card","SatanicBible"],"campfire_rested":0,"item_purchase_floors":[22,27,27,36,53],"current_hp_per_floor":[80,74,80,80,75,71,71,71,71,50,35,43,45,45,45,31,82,90,90,97,73,88,95,95,109,109,111,105,106,107,114,114,115,117,109,118,118,118,116,118,118,118,118,113,113,113,118,93,93,103,114,114,118,118,118],"gold":66,"neow_bonus":"RANDOM_COMMON_RELIC","is_daily":false,"chose_seed":false,"campfire_upgraded":5,"win_rate":0.0,"timestamp":1612365427,"path_taken":["M","?","M","?","?","E","R","COS","T","E","?","M","?","?","R","BOSS","M","?","COS","M","$","E","?","E","T","?","M","M","E","?","R","BOSS","M","$","M","?","?","E","R","M","T","M","M","?","M","E","R","BOSS","R","$","E","BOSS"],"items_purchased_type":["Relic","Card","Relic","Relic","Relic"],"build_version":"2020-12-22","purchased_purges":3,"victory":true,"max_hp_per_floor":[80,80,80,80,90,90,90,90,90,90,90,90,90,90,90,90,97,97,97,104,104,104,104,104,111,111,111,111,111,111,118,118,118,118,118,118,118,118,118,118,118,118,118,118,118,118,118,118,118,118,118,118,118,118,118],"card_choices":[{"not_picked":[],"picked":"Bomb","floor":0.0},{"not_picked":["Anger","Headbutt","Ghostly Armor"],"picked":"SKIP","floor":1.0},{"not_picked":["Clothesline","Cleave"],"picked":"Dropkick","floor":2.0},{"not_picked":["Twin Strike","Shockwave"],"picked":"Offering","floor":3.0},{"not_picked":["Cleave","AT_IchimonjiDouble"],"picked":"Armaments","floor":4.0},{"not_picked":["Cleave","Warcry"],"picked":"AT_DrawKnifeCut","floor":4.0},{"not_picked":["Dropkick","Wild Strike"],"picked":"AT_BodySlamDance","floor":6.0},{"not_picked":["AT_CaressingTears","REME_Scribble"],"picked":"Limit Break","floor":10.0},{"not_picked":["Warcry","Headbutt"],"picked":"Flame Barrier","floor":12.0},{"not_picked":["Second Wind","DemoMod:WhiteBlade"],"picked":"Sword Boomerang","floor":13.0},{"not_picked":["Berserk","Bludgeon"],"picked":"Juggernaut","floor":16.0},{"not_picked":["Havoc","Heavy Blade"],"picked":"Sentinel+1","floor":18.0},{"not_picked":["Heavy Blade","Fire Breathing"],"picked":"True Grit","floor":21.0},{"not_picked":["Havoc","Carnage"],"picked":"AT_BodySlamDance+1","floor":23.0},{"not_picked":["Cleave","Havoc"],"picked":"Iron Wave+1","floor":25.0},{"not_picked":["Clash","Rampage","Heavy Blade+1"],"picked":"SKIP","floor":28.0},{"not_picked":["Sword Boomerang+1","Body Slam+1","AT_BodySlamDance"],"picked":"SKIP","floor":29.0},{"not_picked":["AT_GerminateFire","Sword Boomerang"],"picked":"Shrug It Off+1","floor":30.0},{"not_picked":["Feed","Brutality"],"picked":"Offering","floor":33.0},{"not_picked":["Spot Weakness+1","Body Slam+1","Warcry"],"picked":"SKIP","floor":35},{"not_picked":["Flex+1","DemoMod:WhiteBlade"],"picked":"Pommel Strike","floor":37},{"not_picked":["Armaments+1","True Grit"],"picked":"Barricade","floor":39},{"not_picked":["AT_GerminateFire+1","Flame Barrier","Pommel Strike"],"picked":"SKIP","floor":40},{"not_picked":["Second Wind+1","Burning Pact+1","Heavy Blade+1"],"picked":"SKIP","floor":42},{"not_picked":["Havoc","Dual Wield+1"],"picked":"Pummel+1","floor":44},{"not_picked":["Pommel Strike+1","Wild Strike","True Grit"],"picked":"SKIP","floor":45},{"not_picked":["Armaments","Flex+1","Anger+1"],"picked":"SKIP","floor":47},{"not_picked":["Flex","Warcry","Thunderclap"],"picked":"SKIP","floor":48},{"not_picked":["Anger","Blood for Blood+1"],"picked":"Entrench+1","floor":54}],"player_experience":552994,"relics_obtained":[{"floor":6.0,"key":"BookOfRevelations"},{"floor":10.0,"key":"MealTicket"},{"floor":25.0,"key":"Strawberry"},{"floor":26.0,"key":"AT_BellDemon"},{"floor":28.0,"key":"DemoMod:SerJunkan"},{"floor":29.0,"key":"DemoMod:Junk"},{"floor":30.0,"key":"DemoMod:Junk"},{"floor":31.0,"key":"DemoMod:PinkGuonStone"},{"floor":35,"key":"Oddly Smooth Stone"},{"floor":37,"key":"Pen Nib"},{"floor":39,"key":"AT_ImmortalShieldbow"},{"floor":39,"key":"DemoMod:Junk"},{"floor":40,"key":"DemoMod:Junk"},{"floor":40,"key":"DemoMod:Junk"},{"floor":42,"key":"DemoMod:Junk"},{"floor":43,"key":"DemoMod:Junk"},{"floor":44,"key":"Runic Capacitor"},{"floor":45,"key":"DemoMod:BigBoy"},{"floor":47,"key":"Leech"},{"floor":48,"key":"Sling"},{"floor":48,"key":"DemoMod:NanoMachines"},{"floor":54,"key":"DemoMod:WaxWing"}],"event_choices":[{"damage_healed":0,"gold_gain":0,"player_choice":"Paid","damage_taken":0,"relics_obtained":["Red Mask"],"max_hp_gain":0,"max_hp_loss":0,"event_name":"Tomb of Lord Red Mask","floor":38,"gold_loss":28},{"damage_healed":0,"gold_gain":0,"player_choice":"Fight","damage_taken":0,"max_hp_gain":0,"max_hp_loss":0,"event_name":"Mysterious Sphere","floor":39,"gold_loss":0},{"cards_removed":["Defend_R"],"damage_healed":0,"gold_gain":0,"player_choice":"Removed Skill","damage_taken":0,"max_hp_gain":0,"max_hp_loss":0,"event_name":"Falling","floor":46,"gold_loss":0}],"is_beta":false,"boss_relics":[{"not_picked":["Toy Ornithopter","REME_LowDesire"],"picked":"MagicMushroom"},{"not_picked":[]},{"not_picked":["DemoMod:VorpalBullet","REME_PuzzleBoxRelic"],"picked":"Dota2Spire:EchoSabre"},{"not_picked":[]}],"items_purged_floors":[22,36,53],"is_endless":false,"potions_floor_spawned":[3,10,13,18,21,29,30,33,37,39,44],"ascension_level":9}}