{"host":"i9lxfrw7gw0fop00","time":1612332756,"event":{"mods":["2.2 Compatiblity","AchievementEnabler","BaseMod","Beaked The Cultist","Better Altar","Better Match","Better Note","Better Sensory Stone","Better Skull","Better Third Choice","Colored Map","Colored Powertips","Curses Come First","Downfall","Friendly Minions","Glutton Mod","Hermit","Minty Spire (QoL Compilation)","Permanent Neow","Quick Restart","Rare Cards Sparkle","Relic Sorter","Replay The Spire","Robot Space Explorer","Shade Mod","StSLib","The Construct","The Dragon Tamer","The Jungle","The Marked"],"gold_per_floor":[112,123,123,137,137,178,178,222,297,218,198,198,198,219,253,277,277,398,398,414,429,204,225,225,256,270,270,270,270,293,293,318,318,318,447,510,526,549,238,238,238,238,257,257,257,257,257,278,278,301,301,301,301,301,89,122,122,122],"floor_reached":57,"language":"ENG","playtime":4142,"items_purged":["Strike_G","Concentrate"],"score":645,"play_id":"d4f580bf-6561-4de4-a173-c7a7ed6b7a64","local_time":"20210203031236","is_ascension_mode":true,"campfire_choices":[{"floor":7.0,"key":"REST"},{"data":"Fluid Movement","floor":17.0,"key":"SMITH"},{"data":"1","floor":27.0,"key":"LIFT"},{"data":"2","floor":29.0,"key":"LIFT"},{"data":"3","floor":34.0,"key":"LIFT"},{"floor":42.0,"key":"RECALL"},{"data":"Footwork","floor":44.0,"key":"SMITH"},{"data":"Footwork","floor":46,"key":"SMITH"},{"data":"Noxious Fumes","floor":49,"key":"SMITH"},{"data":"Neutralize","floor":51,"key":"SMITH"},{"data":"Burst","floor":54,"key":"SMITH"}],"circlet_count":0,"master_deck":["Strike_G","Strike_G","Strike_G","Defend_G","Defend_G","Defend_G","Defend_G","Defend_G","Survivor","Neutralize+1","Flying Knee","Prepared","Backflip","Fluid Movement+1","Footwork+1","Heel Hook","Dodge and Roll+1","After Image","Burst+1","Dodge and Roll","Noxious Fumes+1","Fluid Movement+1","Sucker Punch+1","Flechettes","Footwork+1","Corpse Explosion","Prepared+1","Bouncing Flask+1","Sadistic Nature","Calculated Gamble","Outmaneuver","ReplayTheSpireMod:Scrap Shanks","Backflip+1","ReplayTheSpireMod:Speed Training"],"relics":["Ring of the Snake","Replay:Ringing Soul","Golden Idol","Oddly Smooth Stone","Bag of Preparation","Onion Ring","Girya","Replay:Bronze Core","DollysMirror","Pocketwatch","Mercury Hourglass","Tiny House","Letter Opener"],"acts_visited":["Exordium","TheCity","TheBeyond","TheEnding"],"potions_floor_usage":[48,52,52],"damage_taken":[{"damage":0.0,"enemies":"Small Slimes","floor":1.0,"turns":3.0},{"damage":0.0,"enemies":"Jaw Worm","floor":2.0,"turns":3.0},{"damage":0.0,"enemies":"Cultist","floor":4.0,"turns":3.0},{"damage":40.0,"enemies":"Gremlin Nob","floor":6.0,"turns":6.0},{"damage":8.0,"enemies":"Replay:BlueRogue","floor":8.0,"turns":9.0},{"damage":0.0,"enemies":"Red Slaver","floor":14.0,"turns":5.0},{"damage":0.0,"enemies":"3 Sentries","floor":15.0,"turns":9.0},{"damage":0.0,"enemies":"Looter","floor":16.0,"turns":3.0},{"damage":3.0,"enemies":"The Guardian","floor":18.0,"turns":25.0},{"damage":0.0,"enemies":"Shell Parasite","floor":20.0,"turns":13.0},{"damage":11.0,"enemies":"3 Byrds","floor":21.0,"turns":9.0},{"damage":1.0,"enemies":"Cultist and Chosen","floor":23.0,"turns":11.0},{"damage":6.0,"enemies":"Book of Stabbing","floor":25.0,"turns":10.0},{"damage":15.0,"enemies":"3 Cultists","floor":26.0,"turns":6.0},{"damage":0.0,"enemies":"Centurion and Healer","floor":30.0,"turns":7.0},{"damage":5.0,"enemies":"Snake Plant","floor":32.0,"turns":4.0},{"damage":16.0,"enemies":"Collector","floor":35.0,"turns":13.0},{"damage":9.0,"enemies":"3 Shapes","floor":37.0,"turns":4.0},{"damage":1.0,"enemies":"Orb Walker","floor":38.0,"turns":5.0},{"damage":2.0,"enemies":"Sphere and 2 Shapes","floor":43.0,"turns":6.0},{"damage":12,"enemies":"Jaw Worm Horde","floor":48,"turns":2},{"damage":7,"enemies":"4 Shapes","floor":50,"turns":6},{"damage":70,"enemies":"Replay:Hell Engine","floor":52,"turns":13},{"damage":49,"enemies":"Shield and Spear","floor":56,"turns":4},{"damage":88,"enemies":"The Heart","floor":57,"turns":8}],"seed_played":"-8053310119637796521","potions_obtained":[{"floor":0.0,"key":"Energy Potion"},{"floor":0.0,"key":"Milkshake"},{"floor":0.0,"key":"Regen Potion"},{"floor":11.0,"key":"Energy Potion"},{"floor":18.0,"key":"Elixir"},{"floor":23.0,"key":"LiquidMemories"},{"floor":25.0,"key":"Toxic Potion"},{"floor":30.0,"key":"Slimebound:ThreeZeroPotion"},{"floor":36.0,"key":"Fire Potion"},{"floor":38.0,"key":"Energy Potion"}],"is_trial":false,"path_per_floor":["M","M","?","M","?","E","R","E","T","$","?","PTL","PTL","M","E","M","R","B",null,"M","M","$","M","?","E","M","R","T","R","M","?","M","?","R","B",null,"M","M","$","?","$","R","M","R","T","R","?","M","R","M","R","B",null,"R","$","E","B"],"character_chosen":"THE_SILENT","items_purchased":["Heel Hook","Noxious Fumes","DollysMirror","Sadistic Nature","Concentrate","ReplayTheSpireMod:Scrap Shanks","Backflip+1"],"campfire_rested":1,"item_purchase_floors":[10,22,22,39,39,55,55],"current_hp_per_floor":[70,70,45,48,30,8,30,25,25,28,28,28,28,31,31,34,34,34,91,94,83,86,88,88,85,70,70,70,70,70,73,68,68,68,55,114,108,110,113,113,113,113,111,111,111,111,114,105,105,98,98,28,123,123,126,80,0,0],"gold":122,"neow_bonus":"THREE_SMALL_POTIONS","is_daily":false,"chose_seed":false,"campfire_upgraded":6,"win_rate":0.0,"timestamp":1612332756,"path_taken":["M","M","?","M","?","E","R","E","T","$","?","PTL","PTL","M","E","?","R","BOSS","M","M","$","M","?","E","M","R","T","R","M","?","?","?","R","BOSS","M","M","$","?","$","R","M","R","T","R","?","M","R","?","R","BOSS","R","$","E","BOSS"],"items_purchased_type":["Card","Card","Relic","Card","Card","Card","Card"],"build_version":"2020-12-22","purchased_purges":2,"victory":false,"max_hp_per_floor":[70,70,70,73,73,76,76,79,79,82,82,82,82,85,85,88,88,91,91,94,94,97,100,100,103,103,103,103,103,103,106,106,106,106,109,114,117,120,123,117,117,117,117,117,117,117,120,123,123,123,123,123,123,123,126,129,129,129],"card_choices":[{"not_picked":["Outmaneuver","Choke"],"picked":"Flying Knee","floor":1.0},{"not_picked":["Bane","Outmaneuver"],"picked":"Prepared","floor":2.0},{"not_picked":["Quick Slash","Choke"],"picked":"Backflip","floor":4.0},{"not_picked":["Slice","Calculated Gamble"],"picked":"Fluid Movement","floor":6.0},{"not_picked":["Dagger Spray","Leg Sweep"],"picked":"Footwork","floor":8.0},{"not_picked":["Bane","Expertise"],"picked":"Dodge and Roll","floor":14.0},{"not_picked":["Masterful Stab","Backstab","Sucker Punch"],"picked":"SKIP","floor":15.0},{"not_picked":["Blade Dance","Prepared"],"picked":"After Image","floor":16.0},{"not_picked":["Storm of Steel","Wraith Form v2"],"picked":"Burst","floor":18.0},{"not_picked":["Deflect","PiercingWail"],"picked":"Dodge and Roll","floor":20.0},{"not_picked":["Bane","Blade Dance","Acrobatics"],"picked":"SKIP","floor":21.0},{"not_picked":["Poisoned Stab+1","Bouncing Flask"],"picked":"Sucker Punch+1","floor":23.0},{"not_picked":["Backflip","Calculated Gamble"],"picked":"Flechettes","floor":25.0},{"not_picked":["Atom Bomb","Flechettes+1","Hidden Blade"],"picked":"SKIP","floor":26.0},{"not_picked":["Flying Knee","Dagger Spray+1","Backflip+1"],"picked":"SKIP","floor":30.0},{"not_picked":["Sucker Punch","Dagger Spray","Dagger Throw"],"picked":"SKIP","floor":32.0},{"not_picked":["Bullet Time","Replay:Bag of Tricks"],"picked":"Corpse Explosion","floor":35.0},{"not_picked":["Dash+1","Blade Dance"],"picked":"Prepared+1","floor":37.0},{"not_picked":["Accuracy+1","PiercingWail"],"picked":"Bouncing Flask+1","floor":38.0},{"not_picked":["Setup+1","Predator+1","Endless Agony"],"picked":"SKIP","floor":43.0},{"not_picked":["Backstab","Blade Dance"],"picked":"Outmaneuver","floor":48},{"not_picked":["Backstab+1","Slice+1","ReplayTheSpireMod:Shiv Toss"],"picked":"SKIP","floor":50},{"not_picked":["Toxin Wave+1","Prepared"],"picked":"ReplayTheSpireMod:Speed Training","floor":56}],"player_experience":236776,"relics_obtained":[{"floor":6.0,"key":"Oddly Smooth Stone"},{"floor":8.0,"key":"Bag of Preparation"},{"floor":9.0,"key":"Onion Ring"},{"floor":15.0,"key":"Girya"},{"floor":25.0,"key":"Pocketwatch"},{"floor":28.0,"key":"Mercury Hourglass"},{"floor":56,"key":"Letter Opener"}],"event_choices":[{"damage_healed":0.0,"max_hp_gain":0.0,"max_hp_loss":0.0,"gold_gain":0.0,"event_name":"betterThird:BetterScrap","player_choice":"Relic ","floor":3.0,"gold_loss":0.0,"damage_taken":25.0,"cards_obtained":["Brutality"]},{"damage_healed":0.0,"max_hp_gain":0.0,"max_hp_loss":0.0,"gold_gain":0.0,"event_name":"Golden Idol","player_choice":"Take Damage","floor":5.0,"gold_loss":0.0,"damage_taken":18.0,"relics_obtained":["Golden Idol"]},{"damage_healed":0.0,"max_hp_gain":0.0,"max_hp_loss":0.0,"gold_gain":0.0,"event_name":"The Woman in Blue","player_choice":"Bought 1 Potion","floor":11.0,"gold_loss":0.0,"damage_taken":0.0},{"damage_healed":0.0,"max_hp_gain":0.0,"max_hp_loss":0.0,"gold_gain":0.0,"event_name":"Vampires","player_choice":"Ignored","floor":24.0,"gold_loss":0.0,"damage_taken":0.0},{"damage_healed":0.0,"max_hp_gain":0.0,"max_hp_loss":0.0,"gold_gain":0.0,"event_name":"Duplicator","player_choice":"Copied","floor":31.0,"gold_loss":0.0,"damage_taken":0.0,"cards_obtained":["Footwork"]},{"damage_healed":0.0,"max_hp_gain":0.0,"max_hp_loss":0.0,"gold_gain":0.0,"event_name":"The Mausoleum","player_choice":"Ignored","floor":33.0,"gold_loss":0.0,"damage_taken":0.0},{"damage_healed":0.0,"max_hp_gain":0.0,"max_hp_loss":6.0,"gold_gain":0.0,"event_name":"Winding Halls","player_choice":"Max HP","floor":40.0,"gold_loss":0.0,"damage_taken":0.0},{"damage_healed":0,"gold_gain":0,"cards_transformed":["Strike_G"],"player_choice":"Transformed","damage_taken":0,"max_hp_gain":0,"max_hp_loss":0,"event_name":"Transmorgrifier","floor":47,"gold_loss":0,"cards_obtained":["Calculated Gamble"]}],"is_beta":false,"boss_relics":[{"not_picked":["Fusion Hammer","Replay:Fungal Core"],"picked":"Replay:Bronze Core"},{"not_picked":["Runic Dome","Snecko Scales"],"picked":"Tiny House"}],"items_purged_floors":[39,55],"is_endless":false,"potions_floor_spawned":[1,14,18,23,25,30,35,37,38],"killed_by":"The Heart","ascension_level":1}}