{"host":"r0e4s450fexxrjel","time":1612372595,"event":{"mods":["AchievementEnabler","Act Like it!","Aspiration","BaseMod","Better Third Choice","Clawfect","Colored Map","Conspire","Dota2Spire","Downfall","Energized Spire","Friendly Minions","GifTheSpireLib","Gold Saver","Hubris","Infinite Spire","Minty Spire (QoL Compilation)","Pale of the Ancients","RRrroohrrRGHHhhh!!","Reliquary","Replay The Spire","Shop Mod","StSLib"],"gold_per_floor":[147,147,157,177,189,83,98,116,190,190,206,219,219,238,238,337,337,354,365,365,380,399,399,399,399,468,483,483,500,451,469,469,569,569,584,584,584,584,584,584],"floor_reached":39,"language":"DEU","playtime":763,"items_purged":[],"score":454,"play_id":"8743c836-cecc-4e8c-a0a6-59ad1f28d1ec","local_time":"20210203181635","is_ascension_mode":false,"campfire_choices":[{"data":"rorgmod:Storm","floor":13,"key":"SMITH"},{"data":"Clawfect:ClawSnap","floor":15,"key":"SMITH"},{"floor":23,"key":"REST"},{"data":"Clawfect:ClawForOne","floor":25,"key":"SMITH"},{"data":"Clawfect:ClawingBeam","floor":28,"key":"SMITH"},{"data":"Clawfect:ClawAndGloom","floor":32,"key":"SMITH"}],"circlet_count":0,"master_deck":["Gash+1","Gash+1","Gash+1","Gash+1","Gash+1","Defend_B+1","Clawfect:ClawForTheEyes+1","Clawfect:ClawAndTear+1","Clawfect:ClawSnap+1","rorgmod:Storm+1","Clawfect:ClawingBeam+1","Clawfect:ClawForOne+1","Clawfect:ClawForTheEyes+1","Clawfect:ClawAndGloom+1"],"relics":["Replay:Drink Me","Mark of the Bloom"],"acts_visited":["Exordium","TheCity","TheBeyond"],"potions_floor_usage":[16,16,21,21,22,31,33,33],"damage_taken":[{"damage":0,"enemies":"Jaw Worm","floor":1,"turns":2},{"damage":0,"enemies":"Cultist","floor":3,"turns":2},{"damage":0,"enemies":"Small Slimes","floor":4,"turns":2},{"damage":0,"enemies":"Blue Slaver","floor":5,"turns":2},{"damage":0,"enemies":"Exordium Wildlife","floor":7,"turns":2},{"damage":0,"enemies":"Large Slime","floor":8,"turns":3},{"damage":0,"enemies":"2 Fungi Beasts","floor":11,"turns":2},{"damage":5,"enemies":"3 Louse","floor":12,"turns":2},{"damage":0,"enemies":"Blue Slaver","floor":14,"turns":2},{"damage":0,"enemies":"Hexaghost","floor":16,"turns":3},{"damage":0,"enemies":"Chosen","floor":18,"turns":3},{"damage":5,"enemies":"3 Byrds","floor":19,"turns":2},{"damage":5,"enemies":"Shelled Parasite and Fungi","floor":21,"turns":2},{"damage":18,"enemies":"Snecko","floor":22,"turns":4},{"damage":0,"enemies":"Cultist and Chosen","floor":27,"turns":2},{"damage":0,"enemies":"Centurion and Healer","floor":29,"turns":2},{"damage":0,"enemies":"Chosen and Byrds","floor":31,"turns":2},{"damage":9,"enemies":"Collector","floor":33,"turns":3},{"damage":8,"enemies":"Orb Walker","floor":35,"turns":2},{"damage":0,"enemies":"conspire:MimicChest","floor":39,"turns":1}],"seed_played":"-5309992242588079402","potions_obtained":[{"floor":3,"key":"EssenceOfDarkness"},{"floor":5,"key":"DistilledChaos"},{"floor":7,"key":"Fire Potion"},{"floor":18,"key":"champ:CounterPotion"},{"floor":19,"key":"conspire:TimeTravelPotion"},{"floor":21,"key":"Adrenaline Potion"},{"floor":31,"key":"Dota2Spire:Clarity"}],"is_trial":false,"path_per_floor":["M","?","M","M","M","$","M","M","T","?","M","M","R","M","R","B",null,"M","M","?","M","M","R","?","R","T","M","R","M","$","M","R","B",null,"M","?","?","?","?"],"character_chosen":"DEFECT","items_purchased":["Clawfect:ClawAndTear+1","Clawfect:ClawSnap","Adrenaline Potion"],"campfire_rested":1,"item_purchase_floors":[6,6,30],"current_hp_per_floor":[57,57,57,57,57,57,57,57,57,57,57,52,52,52,52,52,57,57,52,52,52,34,51,51,51,51,51,51,51,51,51,51,42,57,49,49,49,49,49,49],"gold":584,"neow_bonus":"BOSS_RELIC","is_daily":false,"chose_seed":false,"campfire_upgraded":5,"win_rate":0.0,"timestamp":1612372595,"path_taken":["M","?","M","M","M","?","M","M","T","?","?","M","R","M","R","BOSS","M","M","?","M","M","R","?","R","T","M","R","M","$","M","R","BOSS","M","?","?","?","?"],"items_purchased_type":["Card","Card","Potion"],"build_version":"2020-12-22","purchased_purges":0,"victory":false,"max_hp_per_floor":[57,57,57,57,57,57,57,57,57,57,57,57,57,57,57,57,57,57,57,57,57,57,57,57,57,57,57,57,57,57,57,57,57,57,57,57,57,57,57,57],"card_choices":[{"not_picked":["BootSequence","rorgmod:Leap","Clawfect:ScrapingClaw"],"picked":"SKIP","floor":1},{"not_picked":["conspire:Rain","Rebound","ReplayTheSpireMod:Repulse"],"picked":"SKIP","floor":3},{"not_picked":["Mirror Shield","Turbo","Stack"],"picked":"SKIP","floor":4},{"not_picked":["ReplayTheSpireMod:Reroute Power","Heatsinks"],"picked":"Clawfect:ClawForTheEyes","floor":5},{"not_picked":["Coolheaded","Rebound","Conserve Battery"],"picked":"SKIP","floor":7},{"not_picked":["rorgmod:Fusion","Loop","BootSequence"],"picked":"SKIP","floor":8},{"not_picked":["Hologram","Rebound"],"picked":"rorgmod:Storm","floor":11},{"not_picked":["rorgmod:Overcurrent","Seek"],"picked":"Clawfect:ClawingBeam","floor":12},{"not_picked":["Loop","rorgmod:Fragmentation","rorgmod:LRU Cache"],"picked":"SKIP","floor":14},{"not_picked":["Hyperbeam","Electrodynamics"],"picked":"Clawfect:ClawForOne","floor":16},{"not_picked":["Panic Button+1","Redo","BasicCrystalCard"],"picked":"SKIP","floor":18},{"not_picked":["Hello World","Rebound","Clawfect:ScrapingClaw+1"],"picked":"SKIP","floor":19},{"not_picked":["Coolheaded","Panic Button+1","Clawfect:ClawCell"],"picked":"SKIP","floor":21},{"not_picked":["rorgmod:Steady Aim+1","rorgmod:Fragmentation+1","ReplayTheSpireMod:System Scan"],"picked":"SKIP","floor":22},{"not_picked":["Hello World+1","ReplayTheSpireMod:System Scan"],"picked":"Clawfect:ClawForTheEyes","floor":27},{"not_picked":["rorgmod:Fragmentation+1","Redo"],"picked":"Clawfect:ClawAndGloom","floor":29},{"not_picked":["Capacitor+1","ReplayTheSpireMod:Calculation Training","Time Bomb"],"picked":"SKIP","floor":31},{"not_picked":["Redo","rorgmod:Refrigerate+1","Skim"],"picked":"SKIP","floor":35}],"player_experience":78451,"relics_obtained":[],"event_choices":[{"damage_healed":0,"gold_gain":0,"player_choice":"Upgraded","damage_taken":0,"max_hp_gain":0,"max_hp_loss":0,"event_name":"Upgrade Shrine","floor":2,"gold_loss":0,"cards_upgraded":["Gash"]},{"damage_healed":0,"gold_gain":0,"player_choice":"LEAVE","damage_taken":0,"max_hp_gain":0,"max_hp_loss":0,"event_name":"betterThird:BetterScrap","floor":10,"gold_loss":0,"cards_obtained":["Eclipse"]},{"damage_healed":0,"gold_gain":0,"player_choice":"Upgrade","damage_taken":0,"relics_obtained":["Mark of the Bloom"],"max_hp_gain":0,"max_hp_loss":0,"event_name":"MindBloom","floor":36,"gold_loss":0,"cards_upgraded":["Gash","Gash","Gash","Gash","Defend_B","Defend_B","Clawfect:ClawForTheEyes","Clawfect:ClawForTheEyes"]},{"cards_removed":["Defend_B"],"damage_healed":0,"gold_gain":0,"player_choice":"Removed Skill","damage_taken":0,"max_hp_gain":0,"max_hp_loss":0,"event_name":"Falling","floor":37,"gold_loss":0},{"damage_healed":0,"gold_gain":0,"player_choice":"Memory 1","damage_taken":0,"max_hp_gain":0,"max_hp_loss":0,"event_name":"SensoryStone","floor":38,"gold_loss":0}],"is_beta":false,"boss_relics":[{"not_picked":["energizedSpire:SpiderWeb","Painkiller Herb","aspiration:SilentSkillbook"]},{"not_picked":["Inserter","Dota2Spire:RefresherOrb","Calling Bell"]}],"items_purged_floors":[],"is_endless":false,"potions_floor_spawned":[3,5,7,8,12,18,19,21,31],"killed_by":"conspire:MimicChest","ascension_level":0}}