{"host":"c6u7e77myxvw4d0m","time":1612342665,"event":{"mods":["AchievementEnabler","BaseMod","Bestiary","Colored Map","Colored Powertips","Minty Spire (QoL Compilation)","Rare Cards Sparkle","Relic Stats","everything is the same but u backflip on backflip"],"gold_per_floor":[367,383,393,358,508,508,527,18,18,18,47,67,67,100,100,100,100],"floor_reached":16,"language":"ENG","playtime":1077,"items_purged":["Doubt"],"score":220,"play_id":"e68faa96-8778-4aab-8581-d94b59f38918","local_time":"20210203105745","is_ascension_mode":true,"campfire_choices":[{"data":"Crippling Poison","floor":6,"key":"SMITH"},{"data":"Neutralize","floor":10,"key":"SMITH"},{"data":"Predator","floor":13,"key":"SMITH"},{"floor":15,"key":"REST"}],"circlet_count":0,"master_deck":["AscendersBane","Strike_G","Strike_G","Strike_G","Strike_G","Strike_G","Defend_G","Defend_G","Defend_G","Defend_G","Defend_G","Survivor","Neutralize+1","Quick Slash","Crippling Poison+1","Riddle With Holes","Backflip","Caltrops","Terror","Blur","Predator+1","Corpse Explosion"],"relics":["Ring of the Snake","Frozen Eye","Vajra","Smiling Mask","Blue Candle","Singing Bowl"],"acts_visited":["Exordium"],"potions_floor_usage":[11,11,16],"damage_taken":[{"damage":12,"enemies":"Cultist","floor":1,"turns":6},{"damage":0,"enemies":"2 Louse","floor":2,"turns":2},{"damage":1,"enemies":"Jaw Worm","floor":3,"turns":5},{"damage":17,"enemies":"Lots of Slimes","floor":7,"turns":3},{"damage":27,"enemies":"Lagavulin","floor":11,"turns":5},{"damage":1,"enemies":"Red Slaver","floor":12,"turns":4},{"damage":17,"enemies":"3 Sentries","floor":14,"turns":8},{"damage":38,"enemies":"Slime Boss","floor":16,"turns":7}],"seed_played":"3893320613124473061","potions_obtained":[{"floor":1,"key":"SmokeBomb"},{"floor":2,"key":"Regen Potion"},{"floor":3,"key":"Poison Potion"},{"floor":11,"key":"Swift Potion"}],"is_trial":false,"path_per_floor":["M","M","M","?","?","R","M","$","T","R","E","M","R","E","R","B"],"character_chosen":"THE_SILENT","items_purchased":["Frozen Eye","Vajra","Caltrops","Terror"],"campfire_rested":1,"item_purchase_floors":[8,8,8,8],"current_hp_per_floor":[47,47,46,60,60,60,43,43,43,43,31,30,30,13,31,0,0],"gold":100,"neow_bonus":"TWO_FIFTY_GOLD","is_daily":false,"chose_seed":false,"campfire_upgraded":3,"win_rate":0.0,"timestamp":1612342665,"path_taken":["M","M","M","?","?","R","?","$","T","R","E","?","R","E","R","BOSS"],"items_purchased_type":["Relic","Relic","Card","Card"],"build_version":"2020-12-22","purchased_purges":1,"victory":false,"max_hp_per_floor":[60,60,60,60,60,60,60,60,60,60,60,60,60,60,60,60,60],"relic_stats":{"Singing Bowl":0,"counters":[8,40],"Blue Candle":[0],"Smiling Mask":0,"obtain_stats":[{"Frozen Eye":8,"Singing Bowl":14,"Blue Candle":11,"Vajra":8,"Smiling Mask":9,"Ring of the Snake":0},{"Frozen Eye":4,"Singing Bowl":7,"Blue Candle":5,"Vajra":4,"Smiling Mask":4,"Ring of the Snake":0},{"Frozen Eye":16,"Singing Bowl":33,"Blue Candle":21,"Vajra":16,"Smiling Mask":16,"Ring of the Snake":0}],"Ring of the Snake":[16]},"card_choices":[{"not_picked":["Dodge and Roll","Finisher"],"picked":"Quick Slash","floor":1},{"not_picked":["Deflect","Flying Knee"],"picked":"Crippling Poison","floor":2},{"not_picked":["Accuracy","Dodge and Roll"],"picked":"Riddle With Holes","floor":3},{"not_picked":["Quick Slash","Blur"],"picked":"Backflip","floor":7},{"not_picked":["Crippling Poison","Malaise"],"picked":"Blur","floor":11},{"not_picked":["Blur","Deadly Poison"],"picked":"Predator","floor":12},{"not_picked":["Poisoned Stab","Skewer"],"picked":"Corpse Explosion","floor":14}],"player_experience":632976,"relics_obtained":[{"floor":9,"key":"Smiling Mask"},{"floor":11,"key":"Blue Candle"},{"floor":14,"key":"Singing Bowl"}],"event_choices":[{"damage_healed":15,"gold_gain":0,"player_choice":"Healed","damage_taken":0,"max_hp_gain":0,"max_hp_loss":0,"event_name":"The Cleric","floor":4,"gold_loss":35},{"damage_healed":0,"gold_gain":150,"player_choice":"AGREE","damage_taken":0,"max_hp_gain":0,"max_hp_loss":0,"event_name":"Liars Game","floor":5,"gold_loss":0,"cards_obtained":["Doubt"]}],"is_beta":false,"boss_relics":[],"items_purged_floors":[8],"is_endless":false,"potions_floor_spawned":[1,2,3,11],"killed_by":"Slime Boss","ascension_level":20}}