{"host":"rtw1tnr74gozsrw1","time":1612377591,"event":{"mods":["BaseMod","Colored Map","Colored Powertips","Highlight Path","Minty Spire (QoL Compilation)","StSLib"],"gold_per_floor":[219,109,109,109,127,127,144,144,168,185,195,211,241,255,255,358,358,358,358],"floor_reached":18,"language":"ENG","playtime":690,"items_purged":["Strike_G"],"score":172,"play_id":"ea6915b1-a90d-44d4-9945-ecabe98443a8","local_time":"20210203193951","is_ascension_mode":true,"campfire_choices":[{"data":"Noxious Fumes","floor":6,"key":"SMITH"},{"data":"Noxious Fumes","floor":8,"key":"SMITH"},{"floor":15,"key":"REST"}],"circlet_count":0,"master_deck":["Strike_G","Strike_G","Strike_G","Defend_G","Defend_G","Defend_G","Defend_G","Defend_G","Survivor","Neutralize","Noxious Fumes+1","Noxious Fumes+1","Catalyst","Night Terror","Corpse Explosion"],"relics":["Ring of the Snake","Ancient Tea Set","Omamori","Calling Bell","Happy Flower","HornCleat","The Specimen"],"acts_visited":["Exordium","TheCity"],"potions_floor_usage":[13,16,16],"damage_taken":[{"damage":0,"enemies":"Jaw Worm","floor":1,"turns":5},{"damage":1,"enemies":"2 Louse","floor":5,"turns":3},{"damage":0,"enemies":"Cultist","floor":7,"turns":4},{"damage":3,"enemies":"Exordium Thugs","floor":10,"turns":4},{"damage":12,"enemies":"2 Fungi Beasts","floor":11,"turns":4},{"damage":4,"enemies":"Blue Slaver","floor":12,"turns":4},{"damage":7,"enemies":"3 Sentries","floor":13,"turns":5},{"damage":0,"enemies":"Looter","floor":14,"turns":4},{"damage":27,"enemies":"The Guardian","floor":16,"turns":6},{"damage":5,"enemies":"3 Byrds","floor":18,"turns":2}],"seed_played":"-1217024583108069673","potions_obtained":[{"floor":1,"key":"Explosive Potion"},{"floor":5,"key":"Swift Potion"},{"floor":11,"key":"SmokeBomb"},{"floor":12,"key":"Energy Potion"},{"floor":13,"key":"Explosive Potion"}],"is_trial":false,"path_per_floor":["M","$","?","?","M","R","M","R","T","M","M","M","E","M","R","B",null,"M"],"character_chosen":"THE_SILENT","items_purchased":["Noxious Fumes"],"campfire_rested":1,"item_purchase_floors":[2],"current_hp_per_floor":[70,70,70,70,69,69,69,69,69,66,54,50,43,43,64,37,70,65,65],"gold":358,"neow_bonus":"HUNDRED_GOLD","is_daily":false,"chose_seed":false,"campfire_upgraded":2,"win_rate":0.0,"timestamp":1612377591,"path_taken":["M","$","?","?","M","R","M","R","T","M","M","?","E","M","R","BOSS","M"],"items_purchased_type":["Card"],"build_version":"2020-12-22","purchased_purges":1,"victory":false,"max_hp_per_floor":[70,70,70,70,70,70,70,70,70,70,70,70,70,70,70,70,70,70,70],"card_choices":[{"not_picked":["Blur","Acrobatics"],"picked":"Noxious Fumes","floor":1},{"not_picked":["Caltrops","Dash","Dagger Throw"],"picked":"SKIP","floor":5},{"not_picked":["Distraction","Slice"],"picked":"Catalyst","floor":7},{"not_picked":["Flying Knee","Cloak And Dagger","Dagger Throw"],"picked":"SKIP","floor":10},{"not_picked":["Flechettes","Tools of the Trade","Sucker Punch"],"picked":"SKIP","floor":11},{"not_picked":["Acrobatics","Deflect","Flechettes"],"picked":"SKIP","floor":12},{"not_picked":["Underhanded Strike","Prepared"],"picked":"Night Terror","floor":13},{"not_picked":["Prepared","Blur","Slice"],"picked":"SKIP","floor":14},{"not_picked":["Adrenaline","Malaise"],"picked":"Corpse Explosion","floor":16}],"player_experience":75936,"relics_obtained":[{"floor":9,"key":"Ancient Tea Set"},{"floor":13,"key":"Omamori"},{"floor":17,"key":"Happy Flower"},{"floor":17,"key":"HornCleat"},{"floor":17,"key":"The Specimen"}],"event_choices":[{"damage_healed":0,"gold_gain":0,"player_choice":"Ignored","damage_taken":0,"max_hp_gain":0,"max_hp_loss":0,"event_name":"Golden Idol","floor":3,"gold_loss":0},{"cards_removed":["Strike_G"],"damage_healed":0,"gold_gain":0,"player_choice":"Offered Basic","damage_taken":0,"max_hp_gain":0,"max_hp_loss":0,"event_name":"Bonfire Elementals","floor":4,"gold_loss":0}],"is_beta":false,"boss_relics":[{"not_picked":["SacredBark","Tiny House"],"picked":"Calling Bell"}],"items_purged_floors":[2],"is_endless":false,"potions_floor_spawned":[1,5,11,12,13,14],"killed_by":"3 Byrds","ascension_level":1}}