{"host":"zxkjcgzis4pm3za5","time":1612327621,"event":{"mods":["AchievementEnabler","Act Like it!","BaseMod","Colored Map","Colored Powertips","Friendly Minions","GifTheSpireLib","Minty Spire (QoL Compilation)","Quick Restart","Random Character Button","Relic Sorter","Relic Stats","StSLib"],"gold_per_floor":[113,123,123,22,41,41,58,84,110,110,24,50,66,83,83,158,158,176,76,93,93,124,124,139,157,157,187,187,215,215,229,229,306,306,316,331,356,372,372,372,407,197,197,208,242,256,256,271,271,271],"floor_reached":51,"language":"ENG","playtime":2388,"items_purged":["Strike_P","Strike_P","Strike_P"],"score":1492,"play_id":"0e90d397-98ae-4266-86c3-be22eb1dcb45","local_time":"20210203101701","is_ascension_mode":true,"campfire_choices":[{"data":"TalkToTheHand","floor":6.0,"key":"SMITH"},{"data":"CrushJoints","floor":10.0,"key":"SMITH"},{"data":"Ragnarok","floor":15.0,"key":"SMITH"},{"data":"Vault","floor":23.0,"key":"SMITH"},{"data":"Eruption","floor":28.0,"key":"SMITH"},{"data":"EmptyMind","floor":30.0,"key":"SMITH"},{"data":"Pray","floor":32.0,"key":"SMITH"},{"floor":40.0,"key":"REST"},{"floor":47,"key":"REST"},{"floor":49,"key":"REST"}],"circlet_count":0,"master_deck":["AscendersBane","Strike_P+1","Defend_P","Defend_P","Defend_P","Defend_P","Eruption+1","Vigilance","CrushJoints+1","CarveReality","FollowUp","TalkToTheHand+1","EmptyBody","InnerPeace","Tantrum+1","Pray+1","Ragnarok+1","FlurryOfBlows","Vault+1","WheelKick+1","EmptyMind+1","Worship","DeceiveReality","CutThroughFate","SashWhip+1","Devotion","FlurryOfBlows+1","ClearTheMind+1","Meditate","FearNoEvil","LikeWater","MentalFortress","MentalFortress","EmptyMind+1"],"relics":["HolyWater","Orichalcum","Bronze Scales","Damaru","Whetstone","Red Mask","Pear","Darkstone Periapt","Regal Pillow","Sozu","Calipers","Letter Opener","Pocketwatch"],"acts_visited":["Exordium","TheCity","TheBeyond"],"potions_floor_usage":[],"damage_taken":[{"damage":0.0,"enemies":"Cultist","floor":1.0,"turns":3.0},{"damage":0.0,"enemies":"Jaw Worm","floor":2.0,"turns":3.0},{"damage":0.0,"enemies":"Small Slimes","floor":5.0,"turns":3.0},{"damage":8.0,"enemies":"3 Louse","floor":7.0,"turns":3.0},{"damage":13.0,"enemies":"Lagavulin","floor":8.0,"turns":8.0},{"damage":10.0,"enemies":"Gremlin Nob","floor":12.0,"turns":3.0},{"damage":0.0,"enemies":"Blue Slaver","floor":13.0,"turns":3.0},{"damage":0.0,"enemies":"Large Slime","floor":14.0,"turns":2.0},{"damage":1.0,"enemies":"Hexaghost","floor":16.0,"turns":6.0},{"damage":13.0,"enemies":"Shell Parasite","floor":18.0,"turns":4.0},{"damage":1.0,"enemies":"Spheric Guardian","floor":20.0,"turns":3.0},{"damage":2.0,"enemies":"Masked Bandits","floor":22.0,"turns":3.0},{"damage":12.0,"enemies":"Shelled Parasite and Fungi","floor":24.0,"turns":4.0},{"damage":0.0,"enemies":"3 Cultists","floor":25.0,"turns":5.0},{"damage":0.0,"enemies":"Gremlin Leader","floor":27.0,"turns":5.0},{"damage":0.0,"enemies":"Book of Stabbing","floor":29.0,"turns":2.0},{"damage":1.0,"enemies":"Centurion and Healer","floor":31.0,"turns":4.0},{"damage":41.0,"enemies":"Automaton","floor":33.0,"turns":10.0},{"damage":2.0,"enemies":"Orb Walker","floor":35.0,"turns":3.0},{"damage":0.0,"enemies":"3 Darklings","floor":36.0,"turns":3.0},{"damage":0.0,"enemies":"Mind Bloom Boss Battle","floor":37.0,"turns":4.0},{"damage":55.0,"enemies":"4 Shapes","floor":38.0,"turns":6.0},{"damage":18.0,"enemies":"Nemesis","floor":41.0,"turns":6.0},{"damage":6.0,"enemies":"Spire Growth","floor":44.0,"turns":3.0},{"damage":17.0,"enemies":"Reptomancer","floor":45.0,"turns":3.0},{"damage":6,"enemies":"Writhing Mass","floor":46,"turns":5},{"damage":12,"enemies":"3 Darklings","floor":48,"turns":3},{"damage":37,"enemies":"Time Eater","floor":50,"turns":9}],"seed_played":"-1664253977061722447","potions_obtained":[{"floor":2.0,"key":"FairyPotion"},{"floor":3.0,"key":"Fruit Juice"},{"floor":3.0,"key":"StancePotion"},{"floor":8.0,"key":"Ancient Potion"},{"floor":14.0,"key":"EntropicBrew"},{"floor":18.0,"key":"Strength Potion"},{"floor":22.0,"key":"Regen Potion"},{"floor":24.0,"key":"Swift Potion"}],"is_trial":false,"path_per_floor":["M","M","?","$","M","R","M","E","T","R","$","E","M","M","R","B",null,"M","$","M","?","?","R","M","M","T","E","R","E","R","M","R","B",null,"M","M","?","M","?","R","E","$","T","M","E","M","R","M","R","B",null],"character_chosen":"WATCHER","items_purchased":["FollowUp","Tantrum","MentalFortress"],"campfire_rested":3,"item_purchase_floors":[4,11,42],"current_hp_per_floor":[61,61,66,66,66,66,58,45,45,45,45,35,35,35,35,34,63,50,50,49,49,47,47,47,47,57,57,57,57,57,56,56,15,66,64,64,64,9,9,48,30,30,30,24,7,1,40,28,67,30],"gold":271,"neow_bonus":"RANDOM_COMMON_RELIC","is_daily":false,"chose_seed":false,"campfire_upgraded":7,"win_rate":0.0,"timestamp":1612327621,"path_taken":["M","?","?","$","?","R","M","E","T","R","?","E","M","M","R","BOSS","M","$","M","?","?","R","M","M","T","E","R","E","R","M","R","BOSS","M","M","?","M","?","R","E","$","T","M","E","M","R","M","R","BOSS"],"items_purchased_type":["Card","Card","Card"],"build_version":"2020-12-22","purchased_purges":3,"victory":true,"max_hp_per_floor":[68,68,73,73,73,73,73,73,73,73,73,73,73,73,73,73,73,73,73,73,73,73,73,73,73,83,83,83,83,83,83,83,83,83,83,83,83,83,83,83,83,83,83,83,83,83,83,83,83,83],"relic_stats":{"Darkstone Periapt":0,"Sozu":5,"Regal Pillow":45,"counters":[28,119],"Bronze Scales":[200],"Whetstone":["Strike_P","Tantrum"],"Letter Opener":[30],"Orichalcum":[162],"obtain_stats":[{"Darkstone Periapt":27,"Regal Pillow":29,"Pear":26,"Calipers":37,"Damaru":9,"Whetstone":12,"Letter Opener":41,"Orichalcum":0,"Sozu":34,"Bronze Scales":8,"HolyWater":17,"Red Mask":22,"PureWater":0,"Pocketwatch":45},{"Darkstone Periapt":15,"Regal Pillow":16,"Pear":14,"Calipers":21,"Damaru":5,"Whetstone":6,"Letter Opener":23,"Orichalcum":0,"Sozu":18,"Bronze Scales":5,"HolyWater":9,"Red Mask":12,"PureWater":0,"Pocketwatch":25},{"Darkstone Periapt":58,"Regal Pillow":60,"Pear":53,"Calipers":84,"Damaru":20,"Whetstone":23,"Letter Opener":96,"Orichalcum":0,"Sozu":74,"Bronze Scales":20,"HolyWater":34,"Red Mask":44,"PureWater":0,"Pocketwatch":102}],"Pocketwatch":[7]},"card_choices":[{"not_picked":["ClearTheMind","FollowUp"],"picked":"CrushJoints","floor":1.0},{"not_picked":["Consecrate","Protect"],"picked":"CarveReality","floor":2.0},{"not_picked":["FlyingSleeves","Halt"],"picked":"TalkToTheHand","floor":5.0},{"not_picked":["ReachHeaven","PathToVictory"],"picked":"EmptyBody","floor":7.0},{"not_picked":["BattleHymn","FlyingSleeves"],"picked":"InnerPeace","floor":8.0},{"not_picked":["LikeWater","Protect"],"picked":"Pray","floor":12.0},{"not_picked":["Prostrate","CrushJoints"],"picked":"Ragnarok","floor":13.0},{"not_picked":["BowlingBash","BattleHymn"],"picked":"FlurryOfBlows","floor":14.0},{"not_picked":["Ragnarok","DevaForm"],"picked":"Vault","floor":16.0},{"not_picked":["Consecrate","Crescendo"],"picked":"WheelKick+1","floor":18.0},{"not_picked":["EmptyBody+1","PathToVictory","Crescendo"],"picked":"SKIP","floor":20.0},{"not_picked":["FollowUp","InnerPeace"],"picked":"EmptyMind","floor":22.0},{"not_picked":["FlyingSleeves","WindmillStrike+1","Ragnarok"],"picked":"SKIP","floor":24.0},{"not_picked":["FlyingSleeves","Wallop"],"picked":"Worship","floor":25.0},{"not_picked":["Weave","SashWhip"],"picked":"DeceiveReality","floor":27.0},{"not_picked":["JustLucky","Weave"],"picked":"CutThroughFate","floor":29.0},{"not_picked":["EmptyFist","Indignation"],"picked":"SashWhip+1","floor":31.0},{"not_picked":["Omniscience","DeusExMachina"],"picked":"Devotion","floor":33.0},{"not_picked":["FollowUp","CrushJoints"],"picked":"FlurryOfBlows+1","floor":35.0},{"not_picked":["DeceiveReality","Consecrate"],"picked":"ClearTheMind+1","floor":36.0},{"not_picked":["EmptyBody","BowlingBash"],"picked":"Meditate","floor":37.0},{"not_picked":["FlyingSleeves","Evaluate"],"picked":"FearNoEvil","floor":38.0},{"not_picked":["Fasting2","WheelKick+1"],"picked":"LikeWater","floor":41.0},{"not_picked":["ClearTheMind+1","Study","Meditate+1"],"picked":"SKIP","floor":44.0},{"not_picked":["FollowUp","JustLucky"],"picked":"MentalFortress","floor":45.0},{"not_picked":["Crescendo","Wireheading"],"picked":"EmptyMind+1","floor":46},{"not_picked":["FlyingSleeves","EmptyBody","ClearTheMind"],"picked":"SKIP","floor":48}],"player_experience":311133,"relics_obtained":[{"floor":8.0,"key":"Bronze Scales"},{"floor":9.0,"key":"Damaru"},{"floor":12.0,"key":"Whetstone"},{"floor":22.0,"key":"Red Mask"},{"floor":26.0,"key":"Pear"},{"floor":27.0,"key":"Darkstone Periapt"},{"floor":29.0,"key":"Regal Pillow"},{"floor":37.0,"key":"Calipers"},{"floor":41.0,"key":"Letter Opener"},{"floor":45.0,"key":"Pocketwatch"}],"event_choices":[{"damage_healed":0.0,"max_hp_gain":0.0,"max_hp_loss":0.0,"gold_gain":0.0,"event_name":"Lab","player_choice":"Got Potions","floor":3.0,"gold_loss":0.0,"damage_taken":0.0},{"damage_healed":0.0,"max_hp_gain":0.0,"max_hp_loss":0.0,"gold_gain":0.0,"event_name":"Ghosts","player_choice":"Ignored","floor":21.0,"gold_loss":0.0,"damage_taken":0.0},{"damage_healed":0.0,"max_hp_gain":0.0,"max_hp_loss":0.0,"gold_gain":0.0,"event_name":"Masked Bandits","player_choice":"Fought Bandits","floor":22.0,"gold_loss":0.0,"damage_taken":0.0},{"damage_healed":0.0,"max_hp_gain":0.0,"max_hp_loss":0.0,"gold_gain":0.0,"event_name":"MindBloom","player_choice":"Fight","floor":37.0,"gold_loss":0.0,"damage_taken":0.0},{"damage_healed":0.0,"max_hp_gain":0.0,"max_hp_loss":0.0,"gold_gain":0.0,"event_name":"Mysterious Sphere","player_choice":"Ignored","floor":39.0,"gold_loss":0.0,"damage_taken":0.0}],"is_beta":false,"boss_relics":[{"not_picked":["Fusion Hammer","Calling Bell"],"picked":"HolyWater"},{"not_picked":["SlaversCollar","Runic Pyramid"],"picked":"Sozu"}],"items_purged_floors":[4,19,42],"is_endless":false,"potions_floor_spawned":[2,8,12,14,16,18,22,24,27,37,44,45,46,48],"ascension_level":18}}