{"host":"cj3w8v5z0njuqga9","time":1612373258,"event":{"mods":["BaseMod","BetterRewards","Card Forge","Colored Powertips","Custom Start","Minty Spire (QoL Compilation)","Permanent Neow","Relic Stats","Shop Mod","StSLib"],"gold_per_floor":[114,94,114,129,129,129,129],"floor_reached":6,"language":"ENG","playtime":264,"items_purged":[],"score":59,"play_id":"e0397562-5021-4aec-8c26-9780bd5ad49a","local_time":"20210203112738","is_ascension_mode":true,"campfire_choices":[],"circlet_count":0,"master_deck":["AscendersBane","Strike_B","Strike_B","Strike_B","Strike_B","Defend_B","Defend_B","Defend_B","Zap","Dualcast","Loop+1","Core Surge","Undo","Reinforced Body","Capacitor"],"relics":["Cracked Core","Hammer of Thor","Seething Fire","Anvil of the Gods","Emotion Chip"],"acts_visited":["Exordium"],"potions_floor_usage":[6,6],"damage_taken":[{"damage":9,"enemies":"Jaw Worm","floor":1,"turns":3},{"damage":1,"enemies":"Cultist","floor":3,"turns":3},{"damage":0,"enemies":"2 Louse","floor":4,"turns":4},{"damage":40,"enemies":"3 Sentries","floor":6,"turns":6}],"seed_played":"5770651766686572418","potions_obtained":[{"floor":2,"key":"FocusPotion"},{"floor":3,"key":"DistilledChaos"}],"is_trial":false,"path_per_floor":["M","?","M","M","?","E"],"character_chosen":"DEFECT","items_purchased":["Loop","Core Surge"],"campfire_rested":0,"item_purchase_floors":[0,0],"current_hp_per_floor":[36,36,35,35,35,0,0],"gold":129,"neow_bonus":"","is_daily":false,"chose_seed":false,"campfire_upgraded":0,"win_rate":0.0,"timestamp":1612373258,"path_taken":["M","?","M","?","?","E"],"items_purchased_type":["Card","Card"],"build_version":"2020-12-22","purchased_purges":0,"victory":false,"max_hp_per_floor":[75,75,75,75,75,75,75],"relic_stats":{"Emotion Chip":[7,7,0,0,0],"counters":[17,76],"obtain_stats":[{"Lantern":0,"Happy Flower":14,"Oddly Smooth Stone":8,"Thread and Needle":0,"Hammer of Thor":0,"Runic Capacitor":0,"Seething Fire":0,"White Beast Statue":10,"Anchor":0,"Emotion Chip":0,"Busted Crown":17,"Anvil of the Gods":0,"Sundial":23,"Necronomicon":22,"Kunai":9,"Cracked Core":0},{"Lantern":0,"Happy Flower":7,"Oddly Smooth Stone":4,"Thread and Needle":0,"Hammer of Thor":0,"Runic Capacitor":0,"Seething Fire":0,"White Beast Statue":5,"Anchor":0,"Emotion Chip":13,"Busted Crown":8,"Anvil of the Gods":0,"Sundial":12,"Necronomicon":11,"Kunai":4,"Cracked Core":0},{"Lantern":0,"Happy Flower":28,"Oddly Smooth Stone":14,"Thread and Needle":0,"Hammer of Thor":0,"Runic Capacitor":0,"Seething Fire":0,"White Beast Statue":20,"Anchor":0,"Emotion Chip":60,"Busted Crown":40,"Anvil of the Gods":0,"Sundial":57,"Necronomicon":53,"Kunai":14,"Cracked Core":0}]},"card_choices":[{"not_picked":["Rebound","Sweeping Beam"],"picked":"Undo","floor":1},{"not_picked":["Steam","Beam Cell"],"picked":"Reinforced Body","floor":3},{"not_picked":["Turbo","Static Discharge"],"picked":"Capacitor","floor":4}],"player_experience":377360,"relics_obtained":[],"event_choices":[{"damage_healed":0,"gold_gain":0,"player_choice":"Bought 1 Potion","damage_taken":0,"max_hp_gain":0,"max_hp_loss":0,"event_name":"The Woman in Blue","floor":2,"gold_loss":0},{"cards_removed":["Defend_B"],"damage_healed":0,"gold_gain":0,"player_choice":"Purged","damage_taken":0,"max_hp_gain":0,"max_hp_loss":0,"event_name":"Purifier","floor":5,"gold_loss":0}],"is_beta":false,"boss_relics":[],"items_purged_floors":[],"is_endless":false,"potions_floor_spawned":[3],"killed_by":"3 Sentries","ascension_level":13}}