{"host":"xg4r5pv6chpuampg","time":1612378799,"event":{"mods":["AchievementEnabler","BaseMod","Googly Eyes","Minty Spire (QoL Compilation)"],"gold_per_floor":[111,65,65,127,352,371,396,396,442,492,503,513,513,10,10,105,105,117,134,184,150,300,300,362,362,362,362,376,31,81,148,148,246,246,260,270,331,381,397,427,445,495,495],"floor_reached":42,"language":"ENG","playtime":3690,"items_purged":[],"score":453,"play_id":"f5b8c5ed-3dd0-4f98-baab-a6d9c87628c8","local_time":"20210203215959","is_ascension_mode":false,"campfire_choices":[{"data":"Blade Dance","floor":8,"key":"SMITH"},{"data":"Cloak And Dagger","floor":13,"key":"SMITH"},{"data":"The Bomb","floor":15,"key":"SMITH"},{"data":"Accuracy","floor":23,"key":"SMITH"},{"data":"Storm of Steel","floor":25,"key":"SMITH"},{"data":"PiercingWail","floor":27,"key":"SMITH"},{"data":"Accuracy","floor":32,"key":"SMITH"}],"circlet_count":0,"master_deck":["Strike_G","Strike_G","Strike_G","Defend_G","Defend_G","Defend_G","Defend_G","Survivor","Neutralize","Escape Plan+1","Finisher+1","Cloak And Dagger+1","Quick Slash","Flying Knee","Backflip","Doubt","Blade Dance+1","Poisoned Stab","Cloak And Dagger+1","All Out Attack","The Bomb+1","Storm of Steel+1","Finisher+1","PiercingWail+1","Accuracy+1","Backflip","Accuracy+1","Terror","Burst+1","Crippling Poison+1","Infinite Blades+1","Cloak And Dagger","Bouncing Flask+1"],"relics":["Astrolabe","SsserpentHead","Orichalcum","Vajra","Bird Faced Urn","Black Star","Gremlin Horn","Eternal Feather","Dream Catcher","Philosopher\u0027s Stone","Anchor","Boot"],"acts_visited":["Exordium","TheCity","TheBeyond"],"potions_floor_usage":[33,40,40,40],"damage_taken":[{"damage":0,"enemies":"2 Louse","floor":1,"turns":2},{"damage":0,"enemies":"Cultist","floor":4,"turns":2},{"damage":2,"enemies":"Jaw Worm","floor":6,"turns":4},{"damage":17,"enemies":"3 Sentries","floor":7,"turns":10},{"damage":0,"enemies":"Exordium Thugs","floor":11,"turns":3},{"damage":0,"enemies":"3 Louse","floor":12,"turns":2},{"damage":21,"enemies":"The Guardian","floor":16,"turns":11},{"damage":0,"enemies":"Chosen","floor":18,"turns":2},{"damage":5,"enemies":"Spheric Guardian","floor":19,"turns":3},{"damage":11,"enemies":"Shelled Parasite and Fungi","floor":24,"turns":3},{"damage":10,"enemies":"Centurion and Healer","floor":28,"turns":5},{"damage":0,"enemies":"Snecko","floor":31,"turns":3},{"damage":62,"enemies":"Automaton","floor":33,"turns":10},{"damage":0,"enemies":"3 Darklings","floor":35,"turns":4},{"damage":38,"enemies":"3 Shapes","floor":37,"turns":3},{"damage":22,"enemies":"3 Darklings","floor":39,"turns":4},{"damage":10,"enemies":"Giant Head","floor":40,"turns":6},{"damage":13,"enemies":"Transient","floor":41,"turns":5},{"damage":8,"enemies":"Jaw Worm Horde","floor":42,"turns":1}],"seed_played":"435918263004636286","potions_obtained":[{"floor":6,"key":"Explosive Potion"},{"floor":7,"key":"Dexterity Potion"},{"floor":16,"key":"Explosive Potion"},{"floor":18,"key":"DuplicationPotion"},{"floor":28,"key":"BlessingOfTheForge"},{"floor":37,"key":"SkillPotion"},{"floor":41,"key":"Fire Potion"}],"is_trial":false,"path_per_floor":["M","$","?","M","?","M","E","R","T","$","M","M","R","$","R","B",null,"M","M","?","$","?","R","M","R","T","R","M","$","T","M","R","B",null,"M","?","M","?","M","E","M","M"],"character_chosen":"THE_SILENT","items_purchased":["Flying Knee","The Bomb","Bird Faced Urn","Accuracy","Accuracy","Eternal Feather","Terror"],"campfire_rested":0,"item_purchase_floors":[2,14,14,21,29,29,29],"current_hp_per_floor":[70,70,70,70,70,68,51,51,51,51,51,51,51,51,51,30,70,70,65,65,65,65,65,56,56,56,56,48,48,48,48,63,5,70,70,70,34,34,16,12,5,0,0],"gold":495,"neow_bonus":"BOSS_RELIC","is_daily":false,"chose_seed":false,"campfire_upgraded":7,"win_rate":0.0,"timestamp":1612378799,"path_taken":["M","$","?","?","?","M","E","R","T","?","M","M","R","$","R","BOSS","M","M","?","$","?","R","?","R","T","R","M","$","?","?","R","BOSS","M","?","?","?","M","E","M","?"],"items_purchased_type":["Card","Card","Relic","Card","Card","Relic","Card"],"build_version":"2020-12-22","purchased_purges":0,"victory":false,"max_hp_per_floor":[70,70,70,70,70,70,70,70,70,70,70,70,70,70,70,70,70,70,70,70,70,70,70,70,70,70,70,70,70,70,70,70,70,70,70,70,70,70,70,70,70,70,70],"card_choices":[{"not_picked":["Dagger Throw","Underhanded Strike"],"picked":"Quick Slash","floor":1},{"not_picked":["Flying Knee","Dodge and Roll"],"picked":"Backflip","floor":4},{"not_picked":["Footwork","Deflect"],"picked":"Blade Dance","floor":6},{"not_picked":["Concentrate","Dagger Spray"],"picked":"Poisoned Stab","floor":7},{"not_picked":["Acrobatics","Setup"],"picked":"Cloak And Dagger","floor":11},{"not_picked":["Footwork","Storm of Steel"],"picked":"All Out Attack","floor":12},{"not_picked":["Night Terror","Wraith Form v2"],"picked":"Storm of Steel","floor":16},{"not_picked":["Catalyst","Endless Agony"],"picked":"Finisher+1","floor":18},{"not_picked":["Reflex+1","Sucker Punch","Choke"],"picked":"SKIP","floor":19},{"not_picked":["Deadly Poison+1","Flechettes","Dagger Throw"],"picked":"SKIP","floor":24},{"not_picked":["Endless Agony+1","Sucker Punch"],"picked":"Backflip","floor":28},{"not_picked":["Deadly Poison","Concentrate","Dagger Spray"],"picked":"SKIP","floor":31},{"not_picked":["Tools of the Trade","Glass Knife"],"picked":"Burst","floor":33},{"not_picked":["Outmaneuver","Slice"],"picked":"Crippling Poison+1","floor":35},{"not_picked":["Expertise+1","Blur+1"],"picked":"Infinite Blades+1","floor":37},{"not_picked":["Outmaneuver+1","Dash+1"],"picked":"Cloak And Dagger","floor":39},{"not_picked":["Dash+1","Terror+1"],"picked":"Bouncing Flask+1","floor":40},{"not_picked":["Dagger Throw+1","Slice+1","Dagger Spray"],"picked":"SKIP","floor":41}],"player_experience":56788,"relics_obtained":[{"floor":7,"key":"Orichalcum"},{"floor":9,"key":"Vajra"},{"floor":26,"key":"Gremlin Horn"},{"floor":30,"key":"Dream Catcher"},{"floor":40,"key":"Anchor"},{"floor":40,"key":"Boot"}],"event_choices":[{"damage_healed":0,"gold_gain":0,"player_choice":"Trade","damage_taken":0,"relics_obtained":["SsserpentHead"],"max_hp_gain":0,"max_hp_loss":0,"event_name":"FaceTrader","floor":3,"gold_loss":0},{"damage_healed":0,"gold_gain":175,"player_choice":"AGREE","damage_taken":0,"max_hp_gain":0,"max_hp_loss":0,"event_name":"Liars Game","floor":5,"gold_loss":0,"cards_obtained":["Doubt"]},{"damage_healed":0,"gold_gain":0,"player_choice":"Read","damage_taken":0,"max_hp_gain":0,"max_hp_loss":0,"event_name":"The Library","floor":20,"gold_loss":0,"cards_obtained":["PiercingWail"]},{"damage_healed":0,"gold_gain":100,"player_choice":"Pray","damage_taken":0,"max_hp_gain":0,"max_hp_loss":0,"event_name":"Golden Shrine","floor":22,"gold_loss":0},{"damage_healed":0,"gold_gain":0,"player_choice":"Upgrade","damage_taken":0,"max_hp_gain":0,"max_hp_loss":0,"event_name":"Designer","floor":36,"gold_loss":40,"cards_upgraded":["Burst"]},{"damage_healed":0,"gold_gain":0,"player_choice":"Ignored","damage_taken":0,"max_hp_gain":0,"max_hp_loss":0,"event_name":"Transmorgrifier","floor":38,"gold_loss":0}],"is_beta":false,"boss_relics":[{"not_picked":["Calling Bell","Fusion Hammer"],"picked":"Black Star"},{"not_picked":["Cursed Key","Busted Crown"],"picked":"Philosopher\u0027s Stone"}],"items_purged_floors":[],"is_endless":false,"potions_floor_spawned":[6,7,16,18,19,28,31,37,39,41],"killed_by":"Jaw Worm Horde","ascension_level":0}}