{"host":"0cm5wy4nhuju7tij","time":1612332034,"event":{"mods":["100% Spire Juice","2.2 Compatiblity","AchievementEnabler","Aspiration","BaseMod","Better Third Choice","BetterRewards","CCEM2","CapriCore","Colored Powertips","Curses Come First","Displayed Cursed Tome","Downfall","Energized Spire","Evolution","Filter the Spire","Hermit","Hero for Fun","Highlight Path","Jess\u0027s Bottle","Minty Spire (QoL Compilation)","Permanent Neow","Poor People Problems","Relic Filter Mod","Relic Stats","Shop Mod","Spicy Shops","StSLib","The Cursed","The Juggle","TheSurvivalist","Weighted Paths"],"gold_per_floor":[110,110,120,132,152,152,181,181,181,181,192,209,223,239,239,344,344,359,370,381,139,139,139],"floor_reached":22,"language":"ENG","playtime":2088,"items_purged":["survmod:Strike"],"score":192,"play_id":"93cb6932-c7fb-4586-9990-4002d942a30d","local_time":"20210203010034","is_ascension_mode":false,"campfire_choices":[{"data":"survmod:Sprint","floor":6,"key":"SMITH"},{"data":"survmod:NeedleShot","floor":8,"key":"SMITH"},{"floor":10,"key":"REST"},{"data":"survmod:AcidTrap","floor":15,"key":"SMITH"}],"circlet_count":0,"master_deck":["survmod:Strike","survmod:Strike","survmod:Defend","survmod:Defend","survmod:Defend","survmod:Defend","survmod:VersatileOffense","survmod:Sprint+1","survmod:UnfortunateEscape","survmod:PenetratingShot","survmod:SwiftKick","survmod:GoForFace","survmod:AcidTrap+1","survmod:NeedleShot+1","survmod:VersatileDefense+1","survmod:SurpriseTrap+1","survmod:FlashbangTrap+1","survmod:Adaptability","survmod:DeadlyAim+1","survmod:MarkTrap+1","survmod:ShrapnelTraps","survmod:TrickShot","survmod:GoForFace"],"relics":["survmod:InnateMutation","EVO:Axolotl","NeowsBlessing","Ginger","Toxic Egg 2","aspiration:RunicSpoon","Sling"],"acts_visited":["Exordium","TheCity"],"potions_floor_usage":[22],"damage_taken":[{"damage":0,"enemies":"Jaw Worm","floor":1,"turns":1},{"damage":0,"enemies":"Cultist","floor":3,"turns":1},{"damage":0,"enemies":"2 Louse","floor":4,"turns":1},{"damage":2,"enemies":"Large Slime","floor":5,"turns":6},{"damage":18,"enemies":"Lagavulin","floor":7,"turns":10},{"damage":6,"enemies":"Lots of Slimes","floor":11,"turns":4},{"damage":2,"enemies":"Blue Slaver","floor":12,"turns":3},{"damage":4,"enemies":"Large Slime","floor":13,"turns":7},{"damage":0,"enemies":"Red Slaver","floor":14,"turns":6},{"damage":15,"enemies":"Slime Boss","floor":16,"turns":12},{"damage":26,"enemies":"Shell Parasite","floor":18,"turns":6},{"damage":0,"enemies":"Spheric Guardian","floor":19,"turns":3},{"damage":21,"enemies":"Shelled Parasite and Fungi","floor":20,"turns":8},{"damage":4,"enemies":"Cultist and Chosen","floor":22,"turns":4}],"seed_played":"-6068682978197459538","potions_obtained":[{"floor":5,"key":"GamblersBrew"},{"floor":11,"key":"LiquidBronze"},{"floor":12,"key":"PowerPotion"},{"floor":16,"key":"Weak Potion"}],"is_trial":false,"path_per_floor":["M","?","M","M","M","R","E","R","T","R","M","M","M","M","R","B",null,"M","M","M","$","M"],"character_chosen":"THE_SURVIVOR","items_purchased":["Sling","survmod:GoForFace"],"campfire_rested":1,"item_purchase_floors":[21,21],"current_hp_per_floor":[50,50,50,50,48,48,30,30,30,45,39,37,33,33,33,18,50,24,24,3,3,0,0],"gold":139,"neow_bonus":"THREE_ENEMY_KILL","is_daily":false,"chose_seed":false,"campfire_upgraded":3,"win_rate":0.0,"timestamp":1612332034,"path_taken":["M","?","M","M","M","R","E","R","T","R","M","M","M","?","R","BOSS","M","M","M","$","M"],"items_purchased_type":["Relic","Card"],"build_version":"2020-12-22","purchased_purges":1,"victory":false,"max_hp_per_floor":[50,50,50,50,50,50,50,50,50,50,50,50,50,50,50,50,50,50,50,50,50,50,50],"relic_stats":{"counters":[14,71],"aspiration:RunicSpoon":[22],"Ginger":[10],"obtain_stats":[{"NeowsBlessing":0,"aspiration:RunicSpoon":17,"EVO:Axolotl":0,"Ginger":7,"survmod:InnateMutation":0,"Toxic Egg 2":9,"Sling":21},{"NeowsBlessing":0,"aspiration:RunicSpoon":10,"EVO:Axolotl":0,"Ginger":5,"survmod:InnateMutation":0,"Toxic Egg 2":5,"Sling":13},{"NeowsBlessing":0,"aspiration:RunicSpoon":50,"EVO:Axolotl":0,"Ginger":19,"survmod:InnateMutation":0,"Toxic Egg 2":19,"Sling":67}]},"card_choices":[{"not_picked":["survmod:FindCover","survmod:FocusedFire"],"picked":"survmod:UnfortunateEscape","floor":1},{"not_picked":["survmod:WalledOffTraps","survmod:RejectWeakness"],"picked":"survmod:SwiftKick","floor":3},{"not_picked":["survmod:AcidTrap","survmod:Adaptability"],"picked":"survmod:GoForFace","floor":4},{"not_picked":["survmod:PenetratingShot","survmod:UnfortunateEscape"],"picked":"survmod:AcidTrap","floor":5},{"not_picked":["survmod:Adaptability","survmod:PenetratingShot"],"picked":"survmod:NeedleShot","floor":7},{"not_picked":["survmod:SwiftKick","survmod:QuickThinking+1"],"picked":"survmod:VersatileDefense+1","floor":11},{"not_picked":["survmod:PersonalMark+1","survmod:PinningSnipe"],"picked":"survmod:SurpriseTrap+1","floor":12},{"not_picked":["survmod:AcidTrap+1","survmod:SurpriseTrap+1"],"picked":"survmod:FlashbangTrap+1","floor":13},{"not_picked":["survmod:PenetratingShot","survmod:GoForFace"],"picked":"survmod:Adaptability","floor":14},{"not_picked":["survmod:MercifulShot","survmod:ExpertSniper"],"picked":"survmod:DeadlyAim+1","floor":16},{"not_picked":["survmod:NockAnArrow","survmod:FlareBarrage"],"picked":"survmod:MarkTrap+1","floor":18},{"not_picked":["survmod:MarkedFromAfar","survmod:FlashbangTrap+1"],"picked":"survmod:ShrapnelTraps","floor":19},{"not_picked":["survmod:FenceTrap+1","survmod:BearTrap+1"],"picked":"survmod:TrickShot","floor":20}],"player_experience":290365,"relics_obtained":[{"floor":7,"key":"Ginger"},{"floor":9,"key":"Toxic Egg 2"}],"event_choices":[{"damage_healed":0,"gold_gain":0,"cards_transformed":["survmod:Strike"],"player_choice":"Transformed","damage_taken":0,"max_hp_gain":0,"max_hp_loss":0,"event_name":"Transmorgrifier","floor":2,"gold_loss":0,"cards_obtained":["survmod:PenetratingShot"]}],"is_beta":false,"boss_relics":[{"not_picked":["Sozu","Fusion Hammer"],"picked":"aspiration:RunicSpoon"}],"items_purged_floors":[21],"is_endless":false,"potions_floor_spawned":[5,11,12,16,18,19],"killed_by":"Cultist and Chosen","ascension_level":0}}