{"host":"2js2pxuugveqjuf7","time":1612321342,"event":{"mods":["BaseMod","Colored Map","Minty Spire (QoL Compilation)","Quick Restart","Random Character Button","Relic Stats","StSLib"],"gold_per_floor":[211,231,244,258,36,69,69,101,101,101,101,116,116,116,116,211,211,225,225,150,225,241,241,254,254,279,279,279],"floor_reached":27,"language":"ENG","playtime":1454,"items_purged":[],"score":309,"play_id":"091fec0d-593d-4046-8129-1463ae784013","local_time":"20210202210222","is_ascension_mode":true,"campfire_choices":[{"data":"Defragment","floor":7,"key":"SMITH"},{"floor":10,"key":"REST"},{"data":"Capacitor","floor":15,"key":"SMITH"},{"floor":23,"key":"REST"},{"data":"Echo Form","floor":25,"key":"SMITH"}],"circlet_count":0,"master_deck":["Strike_B","Strike_B","Strike_B","Defend_B","Defend_B","Zap","Dualcast","Tempest","Capacitor+1","Tempest","Amplify","Storm","Defragment+1","Glacier","Chill","Parasite","Sweeping Beam","Echo Form+1","Leap","Cold Snap","Self Repair"],"relics":["Cracked Core","Frozen Eye","Nunchaku","Happy Flower","Runic Pyramid","Toy Ornithopter"],"acts_visited":["Exordium","TheCity"],"potions_floor_usage":[2,8,12,27],"damage_taken":[{"damage":1,"enemies":"Cultist","floor":1,"turns":3},{"damage":2,"enemies":"Jaw Worm","floor":2,"turns":3},{"damage":1,"enemies":"2 Louse","floor":3,"turns":2},{"damage":0,"enemies":"Large Slime","floor":4,"turns":4},{"damage":25,"enemies":"Lagavulin","floor":6,"turns":7},{"damage":35,"enemies":"3 Sentries","floor":8,"turns":5},{"damage":14,"enemies":"Looter","floor":12,"turns":3},{"damage":12,"enemies":"Hexaghost","floor":16,"turns":11},{"damage":28,"enemies":"3 Byrds","floor":18,"turns":5},{"damage":1,"enemies":"Chosen","floor":22,"turns":5},{"damage":14,"enemies":"Centurion and Healer","floor":24,"turns":5},{"damage":26,"enemies":"Book of Stabbing","floor":27,"turns":3}],"seed_played":"-7248143181118825483","potions_obtained":[{"floor":1,"key":"DistilledChaos"},{"floor":4,"key":"SteroidPotion"},{"floor":6,"key":"DuplicationPotion"},{"floor":8,"key":"BlessingOfTheForge"},{"floor":22,"key":"LiquidMemories"},{"floor":24,"key":"FearPotion"}],"is_trial":false,"path_per_floor":["M","M","M","M","$","E","R","E","T","R","?","M","?","?","R","B",null,"M","?","?","?","M","R","M","R","T","E"],"character_chosen":"DEFECT","items_purchased":["Frozen Eye","Storm"],"campfire_rested":2,"item_purchase_floors":[5,5],"current_hp_per_floor":[67,65,64,64,64,39,39,4,4,26,19,5,23,23,23,11,59,31,17,17,9,8,32,18,18,18,0,0],"gold":279,"neow_bonus":"HUNDRED_GOLD","is_daily":false,"chose_seed":false,"campfire_upgraded":3,"win_rate":0.0,"timestamp":1612321342,"path_taken":["M","M","?","M","$","E","R","E","T","R","?","M","?","?","R","BOSS","M","?","?","?","M","R","M","R","T","E"],"items_purchased_type":["Relic","Card"],"build_version":"2020-12-22","purchased_purges":0,"victory":false,"max_hp_per_floor":[75,75,75,75,75,75,75,75,75,75,75,75,75,75,75,75,75,75,80,80,80,80,80,80,80,80,80,80],"relic_stats":{"Nunchaku":[1],"Happy Flower":[10],"counters":[12,56],"obtain_stats":[{"Frozen Eye":5,"Nunchaku":6,"Happy Flower":8,"Cracked Core":0,"Toy Ornithopter":26,"Runic Pyramid":17},{"Frozen Eye":4,"Nunchaku":5,"Happy Flower":6,"Cracked Core":0,"Toy Ornithopter":11,"Runic Pyramid":8},{"Frozen Eye":12,"Nunchaku":19,"Happy Flower":24,"Cracked Core":0,"Toy Ornithopter":53,"Runic Pyramid":38}],"Toy Ornithopter":5},"card_choices":[{"not_picked":["Steam","Stack"],"picked":"Tempest","floor":1},{"not_picked":["Cold Snap","Hello World"],"picked":"Capacitor","floor":2},{"not_picked":["Gash","Ball Lightning"],"picked":"Tempest","floor":3},{"not_picked":["Reprogram","Redo"],"picked":"Amplify","floor":4},{"not_picked":["Sweeping Beam","Go for the Eyes"],"picked":"Defragment","floor":6},{"not_picked":["Reinforced Body","Leap"],"picked":"Glacier","floor":8},{"not_picked":["Gash","Conserve Battery"],"picked":"Chill","floor":12},{"not_picked":["Creative AI","Machine Learning"],"picked":"Echo Form","floor":16},{"not_picked":["Darkness","Ball Lightning"],"picked":"Leap","floor":18},{"not_picked":["Stack","Leap"],"picked":"Cold Snap","floor":22},{"not_picked":["Streamline","Steam Power"],"picked":"Self Repair","floor":24}],"player_experience":360711,"relics_obtained":[{"floor":6,"key":"Nunchaku"},{"floor":8,"key":"Happy Flower"},{"floor":26,"key":"Toy Ornithopter"}],"event_choices":[{"cards_removed":["Defend_B"],"damage_healed":0,"gold_gain":0,"player_choice":"Card Removal","damage_taken":7,"max_hp_gain":0,"max_hp_loss":0,"event_name":"Golden Wing","floor":11,"gold_loss":0},{"damage_healed":18,"gold_gain":0,"player_choice":"Healed and dodged fight","damage_taken":0,"max_hp_gain":0,"max_hp_loss":0,"event_name":"Mushrooms","floor":13,"gold_loss":0,"cards_obtained":["Parasite"]},{"damage_healed":0,"gold_gain":0,"cards_transformed":["Defend_B"],"player_choice":"Change","damage_taken":0,"max_hp_gain":0,"max_hp_loss":0,"event_name":"Living Wall","floor":14,"gold_loss":0,"cards_obtained":["Sweeping Beam"]},{"damage_healed":0,"gold_gain":0,"player_choice":"Shed Blood","damage_taken":19,"max_hp_gain":5,"max_hp_loss":0,"event_name":"Forgotten Altar","floor":19,"gold_loss":0},{"cards_removed":["Strike_B"],"damage_healed":0,"gold_gain":0,"player_choice":"Gave Gold","damage_taken":0,"max_hp_gain":0,"max_hp_loss":0,"event_name":"Beggar","floor":20,"gold_loss":75},{"damage_healed":0,"gold_gain":75,"player_choice":"Touch","damage_taken":8,"max_hp_gain":0,"max_hp_loss":0,"event_name":"FaceTrader","floor":21,"gold_loss":0}],"is_beta":false,"boss_relics":[{"not_picked":["Philosopher\u0027s Stone","SacredBark"],"picked":"Runic Pyramid"}],"items_purged_floors":[],"is_endless":false,"potions_floor_spawned":[1,4,6,8,22,24],"killed_by":"Book of Stabbing","ascension_level":8}}