{"host":"zdahj580pq9zy75i","time":1612384154,"event":{"mods":["BaseMod","Colored Map","Minty Spire (QoL Compilation)","StSLib"],"gold_per_floor":[116,133,208,228,228,4,36,36,36,36,65,65,91,109,109,186,186,197,214,6,6,6,6,40,40,40,53,53,80,80,106,106,106,106],"floor_reached":33,"language":"ENG","playtime":2167,"items_purged":[],"score":717,"play_id":"52c92457-00d8-4b14-91a4-92198164ee0c","local_time":"20210203152914","is_ascension_mode":true,"campfire_choices":[{"data":"Buffer","floor":8,"key":"SMITH"},{"floor":10,"key":"REST"},{"data":"Static Discharge","floor":15,"key":"SMITH"},{"data":"Defragment","floor":23,"key":"SMITH"},{"data":"Dualcast","floor":25,"key":"SMITH"},{"data":"Hologram","floor":30,"key":"SMITH"},{"data":"Zap","floor":32,"key":"SMITH"}],"circlet_count":0,"master_deck":["AscendersBane","Defend_B","Defend_B","Defend_B","Defend_B","Zap+1","Dualcast+1","Buffer+1","Static Discharge+1","Ball Lightning","Cold Snap","Sweeping Beam","Hologram+1","Double Energy+1","Compile Driver","Steam+1","Seek+1","Hologram+1","Glacier+1","Defragment+1","Bite","Bite","Bite","Bite","Bite","Multi-Cast+1","Glacier+1","RitualDagger","Aggregate+1"],"relics":["Cracked Core","HornCleat","Bag of Marbles","Smiling Mask","Toxic Egg 2","Dream Catcher","Runic Pyramid","Akabeko","Regal Pillow","Blue Candle","Blood Vial","InkBottle"],"acts_visited":["Exordium","TheCity"],"potions_floor_usage":[11,12,16,16,27,29],"damage_taken":[{"damage":17.0,"enemies":"Small Slimes","floor":1.0,"turns":6.0},{"damage":2.0,"enemies":"2 Louse","floor":2.0,"turns":2.0},{"damage":0.0,"enemies":"Cultist","floor":4.0,"turns":4.0},{"damage":20,"enemies":"Lagavulin","floor":7,"turns":6},{"damage":13,"enemies":"3 Sentries","floor":11,"turns":6},{"damage":0,"enemies":"3 Louse","floor":12,"turns":1},{"damage":0,"enemies":"Gremlin Nob","floor":13,"turns":4},{"damage":0,"enemies":"2 Fungi Beasts","floor":14,"turns":2},{"damage":19,"enemies":"Hexaghost","floor":16,"turns":11},{"damage":0,"enemies":"Spheric Guardian","floor":18,"turns":4},{"damage":0,"enemies":"Chosen","floor":19,"turns":5},{"damage":13,"enemies":"Book of Stabbing","floor":24,"turns":7},{"damage":2,"enemies":"Snake Plant","floor":27,"turns":4},{"damage":21,"enemies":"Gremlin Leader","floor":29,"turns":9},{"damage":2,"enemies":"Slavers","floor":31,"turns":4},{"damage":84,"enemies":"Champ","floor":33,"turns":15}],"seed_played":"-4468539566051492060","potions_obtained":[{"floor":7,"key":"LiquidMemories"},{"floor":11,"key":"SmokeBomb"},{"floor":14,"key":"Block Potion"},{"floor":16,"key":"Block Potion"},{"floor":27,"key":"ColorlessPotion"}],"is_trial":false,"path_per_floor":["M","M","?","M","?","$","E","R","T","R","E","M","E","M","R","B",null,"M","M","$","?","?","R","E","R","T","M","?","E","R","E","R","B"],"character_chosen":"DEFECT","items_purchased":["Bag of Marbles","AttackPotion","Defragment","Akabeko"],"campfire_rested":1,"item_purchase_floors":[6,6,20,20],"current_hp_per_floor":[47,45,34,34,34,34,14,14,14,33,20,20,20,20,20,1,48,48,48,48,44,44,44,44,44,44,44,38,37,37,43,43,0,0],"gold":106,"neow_bonus":"TRANSFORM_TWO_CARDS","is_daily":false,"chose_seed":false,"campfire_upgraded":6,"win_rate":0.0,"timestamp":1612384154,"path_taken":["M","M","?","M","?","$","E","R","T","R","E","?","E","M","R","BOSS","M","M","$","?","?","R","E","R","T","M","?","E","R","E","R","BOSS"],"items_purchased_type":["Relic","Potion","Card","Relic"],"build_version":"2020-12-22","purchased_purges":0,"victory":false,"max_hp_per_floor":[64,64,64,64,64,64,64,64,64,64,64,64,64,64,64,64,64,64,64,64,44,44,44,44,44,44,44,44,44,44,44,44,44,44],"card_choices":[{"not_picked":["Steam","Chaos"],"picked":"Ball Lightning","floor":1.0},{"not_picked":["Conserve Battery","Steam"],"picked":"Cold Snap","floor":2.0},{"not_picked":["Skim","Recycle"],"picked":"Sweeping Beam","floor":4.0},{"not_picked":["Leap","Coolheaded"],"picked":"Hologram","floor":7},{"not_picked":["Chill+1","Streamline"],"picked":"Double Energy+1","floor":11},{"not_picked":["Reprogram+1","Beam Cell"],"picked":"Compile Driver","floor":13},{"not_picked":["Reprogram+1","Hello World"],"picked":"Steam+1","floor":14},{"not_picked":["Meteor Strike","Creative AI"],"picked":"Seek+1","floor":16},{"not_picked":["Rebound","Go for the Eyes"],"picked":"Hologram+1","floor":18},{"not_picked":["Heatsinks","Barrage"],"picked":"Glacier+1","floor":19},{"not_picked":["Go for the Eyes","Rainbow+1"],"picked":"Multi-Cast+1","floor":24},{"not_picked":["Sweeping Beam","Leap+1"],"picked":"Glacier+1","floor":27},{"not_picked":["Stack+1","Leap+1"],"picked":"Aggregate+1","floor":29},{"not_picked":["Chaos+1","Sunder","Hello World+1"],"picked":"SKIP","floor":31}],"player_experience":774109,"relics_obtained":[{"floor":5.0,"key":"HornCleat"},{"floor":7,"key":"Smiling Mask"},{"floor":11,"key":"Toxic Egg 2"},{"floor":13,"key":"Dream Catcher"},{"floor":24,"key":"Regal Pillow"},{"floor":26,"key":"Blue Candle"},{"floor":29,"key":"Blood Vial"},{"floor":31,"key":"InkBottle"}],"event_choices":[{"damage_healed":0.0,"max_hp_gain":0.0,"max_hp_loss":0.0,"gold_gain":75.0,"event_name":"World of Goop","player_choice":"Gather Gold","floor":3.0,"gold_loss":0.0,"damage_taken":11.0},{"damage_healed":0.0,"max_hp_gain":0.0,"max_hp_loss":0.0,"gold_gain":0.0,"event_name":"Wheel of Change","player_choice":"Relic","floor":5.0,"gold_loss":0.0,"damage_taken":0.0},{"damage_healed":0,"gold_gain":0,"player_choice":"Became a vampire","damage_taken":0,"max_hp_gain":0,"max_hp_loss":20,"event_name":"Vampires","floor":21,"gold_loss":0,"cards_obtained":["Bite","Bite","Bite","Bite","Bite"]},{"damage_healed":0,"gold_gain":0,"player_choice":"Ignored","damage_taken":0,"max_hp_gain":0,"max_hp_loss":0,"event_name":"Cursed Tome","floor":22,"gold_loss":0},{"damage_healed":0,"gold_gain":0,"player_choice":"Joined the Cult","damage_taken":6,"max_hp_gain":0,"max_hp_loss":0,"event_name":"Nest","floor":28,"gold_loss":0,"cards_obtained":["RitualDagger"]}],"is_beta":false,"boss_relics":[{"not_picked":["SacredBark","Philosopher\u0027s Stone"],"picked":"Runic Pyramid"}],"items_purged_floors":[],"is_endless":false,"potions_floor_spawned":[7,11,12,14,16,27],"killed_by":"Champ","ascension_level":20}}