{"host":"z6c1sol8rulx2ubz","time":1612388219,"event":{"mods":["AchievementEnabler","Act Like it!","BaseMod","Better Note","Better Third Choice","Downfall","Elementarium","Gold Saver","Hallownest","Infinite Spire","Minty Spire (QoL Compilation)","Quick Restart","Rare Cards Sparkle","StSLib","The Bug Knight","Wandering Minibosses"],"gold_per_floor":[582,596,244,258,277,290,290,90,75,75,105,105,105,125,145,145,145,145],"floor_reached":16,"language":"ENG","playtime":1024,"items_purged":[],"score":127,"play_id":"2a342712-6dc5-4376-9f6f-2726cf5a36ba","local_time":"20210203213659","is_ascension_mode":false,"campfire_choices":[{"floor":1,"key":"RECALL"},{"data":"bronze:Verify","floor":8,"key":"SMITH"},{"floor":13,"key":"REST"}],"circlet_count":0,"master_deck":["bronze:Strike","bronze:Strike","bronze:Strike","bronze:Strike","bronze:Defend","bronze:Defend","bronze:Defend","bronze:Defend","bronze:Replicate+1","bronze:Goto","bronze:ItsAFeature","bronze:BuggyMess","Metamorphosis","bronze:Replicate+1","bronze:ItsAFeature","bronze:BitShift","bronze:Verify+1","bronze:ChosenStrike","Regret","bronze:BugBarrage"],"relics":["bronze:BronzeCore","DollysMirror","downfall:HeartBlessingRed","downfall:HeartBlessingBlue","Mango","infinitespire:BottledMercury","downfall:BrokenWingStatue"],"acts_visited":["Exordium"],"potions_floor_usage":[16,16,16],"damage_taken":[{"damage":1,"enemies":"Cultist","floor":2,"turns":4},{"damage":0,"enemies":"downfall:FleeingMerchant","floor":3,"turns":4},{"damage":5,"enemies":"Small Slimes","floor":4,"turns":4},{"damage":7,"enemies":"2 Louse","floor":5,"turns":3},{"damage":14,"enemies":"Blue Slaver","floor":6,"turns":3},{"damage":19,"enemies":"downfall:FleeingMerchant","floor":9,"turns":4},{"damage":33,"enemies":"3 Sentries","floor":11,"turns":6},{"damage":21,"enemies":"2 Fungi Beasts","floor":14,"turns":5},{"damage":16,"enemies":"Exordium Wildlife","floor":15,"turns":6},{"damage":8,"enemies":"WA_ARCHETYPE_RETAIN","floor":16,"turns":2}],"seed_played":"-4916831994321333643","potions_obtained":[{"floor":2,"key":"SteroidPotion"},{"floor":4,"key":"Dexterity Potion"},{"floor":5,"key":"FearPotion"}],"is_trial":false,"path_per_floor":["R","M","$","M","M","M","T","R","$","?","E","?","R","M","M","B"],"character_chosen":"THE_AUTOMATON","items_purchased":["Metamorphosis","DollysMirror"],"campfire_rested":1,"item_purchase_floors":[3,3],"current_hp_per_floor":[70,69,69,64,57,43,43,53,34,48,15,15,43,22,6,0,0,0],"gold":145,"neow_bonus":"UPGRADE_CARD","is_daily":false,"chose_seed":false,"campfire_upgraded":1,"win_rate":0.0,"timestamp":1612388219,"path_taken":["R","M","?","M","M","M","T","R","$","?","E","?","R","M","M","BOSS"],"items_purchased_type":["Card","Relic"],"build_version":"2020-12-22","purchased_purges":0,"victory":false,"max_hp_per_floor":[70,70,70,70,70,70,70,80,80,94,94,94,94,94,94,94,94,94],"card_choices":[{"not_picked":["bronze:Frontload","bronze:Philosophize"],"picked":"bronze:ItsAFeature","floor":2},{"not_picked":["bronze:BronzeArmor","bronze:Repulsor"],"picked":"bronze:BuggyMess","floor":3},{"not_picked":["bronze:Shield","bronze:Flail"],"picked":"bronze:ItsAFeature","floor":4},{"not_picked":["bronze:Branch","bronze:DelayedGuard"],"picked":"bronze:BitShift","floor":5},{"not_picked":["bronze:Frontload","bronze:DelayedSlice"],"picked":"bronze:Verify","floor":6},{"not_picked":["bronze:ForceShield","bronze:Iterate"],"picked":"bronze:ChosenStrike","floor":9},{"not_picked":["bronze:Frontload","bronze:Turbo","bronze:Shield"],"picked":"SKIP","floor":11},{"not_picked":["bronze:DigitalCarnage","bronze:FollowUp"],"picked":"bronze:BugBarrage","floor":14},{"not_picked":["bronze:FollowUp","bronze:Iterate","bronze:NullPointer"],"picked":"SKIP","floor":15}],"player_experience":243842,"relics_obtained":[{"floor":11,"key":"infinitespire:BottledMercury"}],"event_choices":[{"damage_healed":0,"gold_gain":0,"player_choice":"Box","damage_taken":0,"relics_obtained":["Mango"],"max_hp_gain":0,"max_hp_loss":0,"event_name":"Big Fish","floor":10,"gold_loss":0,"cards_obtained":["Regret"]}],"is_beta":false,"boss_relics":[],"items_purged_floors":[],"is_endless":false,"potions_floor_spawned":[2,4,5,15],"killed_by":"WA_ARCHETYPE_RETAIN","ascension_level":0}}