{"host":"Vegetablebread","time":1612374093,"event":{"mods":["BaseMod","Bestiary","Minty Spire (QoL Compilation)","Relic Stats","Slay the Relics Exporter"],"gold_per_floor":[14,31,43,55,55,90,104,117,117,152,152,183,183,198,198,277,277,287,287,287,287,307,307,342,267,267,292,292,321,340,373,373,373,373],"floor_reached":33,"language":"ENG","playtime":6005,"items_purged":[],"score":715,"play_id":"a445c7d1-5aad-4011-bfb8-cc8caa4ef560","local_time":"20210203094133","is_ascension_mode":true,"campfire_choices":[{"data":"Dual Wield","floor":11,"key":"SMITH"},{"data":"Inflame","floor":15,"key":"SMITH"},{"floor":23,"key":"REST"},{"data":"Whirlwind","floor":28,"key":"SMITH"},{"data":"Spot Weakness","floor":32,"key":"SMITH"}],"circlet_count":0,"master_deck":["AscendersBane","Defend_R","Defend_R","Defend_R","Bash+1","Exhume","Pummel","Thunderclap","Inflame+1","Immolate+1","Dual Wield+1","Spot Weakness+1","Fire Breathing+1","Dual Wield+1","Offering+1","Whirlwind+1","Metallicize+1","Bite","Bite","Bite+1","Bite","Bite","Shockwave+1","Feel No Pain+1","Disarm+1","Fiend Fire+1"],"relics":["Burning Blood","Pear","Ornamental Fan","Toxic Egg 2","Frozen Egg 2","White Beast Statue","Snecko Eye","Nilry\u0027s Codex","Tiny Chest","Molten Egg 2","PreservedInsect","Mercury Hourglass","Whetstone"],"acts_visited":["Exordium","TheCity"],"potions_floor_usage":[10,10,16,16,22,24,29,30,33,33],"damage_taken":[{"damage":6,"enemies":"Cultist","floor":1,"turns":3},{"damage":11,"enemies":"Small Slimes","floor":2,"turns":5},{"damage":0,"enemies":"2 Louse","floor":3,"turns":2},{"damage":7,"enemies":"Looter","floor":4,"turns":4},{"damage":6,"enemies":"Gremlin Nob","floor":6,"turns":3},{"damage":16,"enemies":"Large Slime","floor":7,"turns":6},{"damage":0,"enemies":"Exordium Wildlife","floor":8,"turns":2},{"damage":19,"enemies":"Lagavulin","floor":10,"turns":7},{"damage":20,"enemies":"3 Sentries","floor":12,"turns":6},{"damage":13,"enemies":"Blue Slaver","floor":14,"turns":2},{"damage":27,"enemies":"Hexaghost","floor":16,"turns":7},{"damage":12,"enemies":"Chosen","floor":18,"turns":3},{"damage":27,"enemies":"Shell Parasite","floor":22,"turns":3},{"damage":5,"enemies":"Slavers","floor":24,"turns":3},{"damage":3,"enemies":"Gremlin Leader","floor":27,"turns":5},{"damage":20,"enemies":"Book of Stabbing","floor":29,"turns":4},{"damage":2,"enemies":"Centurion and Healer","floor":30,"turns":5},{"damage":2,"enemies":"Slavers","floor":31,"turns":2},{"damage":111,"enemies":"Champ","floor":33,"turns":8}],"seed_played":"5663699700995095439","potions_obtained":[{"floor":3,"key":"LiquidBronze"},{"floor":7,"key":"SteroidPotion"},{"floor":8,"key":"BlessingOfTheForge"},{"floor":10,"key":"SteroidPotion"},{"floor":14,"key":"FearPotion"},{"floor":16,"key":"Fruit Juice"},{"floor":18,"key":"Regen Potion"},{"floor":22,"key":"Block Potion"},{"floor":24,"key":"PowerPotion"},{"floor":29,"key":"EssenceOfSteel"},{"floor":30,"key":"BlessingOfTheForge"},{"floor":31,"key":"Swift Potion"}],"is_trial":false,"path_per_floor":["M","M","M","M","?","E","M","M","T","E","R","E","?","M","R","B",null,"M","?","?","?","M","R","E","?","T","E","R","E","M","E","R","B"],"character_chosen":"IRONCLAD","items_purchased":[],"campfire_rested":1,"item_purchase_floors":[],"current_hp_per_floor":[68,63,69,68,68,78,68,74,74,61,61,47,47,40,40,19,69,63,63,42,42,44,63,64,64,64,64,64,56,64,64,64,0,0],"gold":373,"neow_bonus":"TRANSFORM_TWO_CARDS","is_daily":false,"chose_seed":false,"campfire_upgraded":4,"win_rate":0.0,"timestamp":1612374093,"path_taken":["M","M","M","M","?","E","M","M","T","E","R","E","?","?","R","BOSS","M","?","?","?","M","R","E","?","T","E","R","E","M","E","R","BOSS"],"items_purchased_type":[],"build_version":"2020-12-18","purchased_purges":0,"victory":false,"max_hp_per_floor":[75,75,75,75,75,85,85,85,85,85,85,85,85,85,85,85,85,85,85,85,59,64,64,64,64,64,64,64,64,64,64,64,64,64],"relic_stats":{"counters":[19,80],"Ornamental Fan":[24],"Snecko Eye":[63,45,68,53],"Tiny Chest":0,"PreservedInsect":84,"Whetstone":["Bash","Bite"],"obtain_stats":[{"Pear":6,"Nilry\u0027s Codex":20,"PreservedInsect":27,"Whetstone":31,"Frozen Egg 2":12,"Burning Blood":0,"White Beast Statue":13,"Mercury Hourglass":29,"Ornamental Fan":9,"Snecko Eye":17,"Tiny Chest":24,"Molten Egg 2":26,"Toxic Egg 2":10},{"Pear":5,"Nilry\u0027s Codex":12,"PreservedInsect":15,"Whetstone":18,"Frozen Egg 2":9,"Burning Blood":0,"White Beast Statue":9,"Mercury Hourglass":16,"Ornamental Fan":7,"Snecko Eye":11,"Tiny Chest":14,"Molten Egg 2":14,"Toxic Egg 2":8},{"Pear":17,"Nilry\u0027s Codex":50,"PreservedInsect":61,"Whetstone":72,"Frozen Egg 2":38,"Burning Blood":0,"White Beast Statue":38,"Mercury Hourglass":65,"Ornamental Fan":25,"Snecko Eye":47,"Tiny Chest":56,"Molten Egg 2":56,"Toxic Egg 2":32}],"Burning Blood":93,"Mercury Hourglass":[36]},"card_choices":[{"not_picked":["Rage","Ghostly Armor"],"picked":"Thunderclap","floor":1},{"not_picked":["True Grit","Iron Wave"],"picked":"Inflame","floor":2},{"not_picked":["Shrug It Off","Fire Breathing"],"picked":"Clothesline","floor":3},{"not_picked":["Pommel Strike","Rupture"],"picked":"Immolate","floor":4},{"not_picked":["Warcry","Twin Strike","Iron Wave"],"picked":"SKIP","floor":6},{"not_picked":["Uppercut","Searing Blow"],"picked":"Dual Wield","floor":7},{"not_picked":["Havoc","Blood for Blood"],"picked":"Spot Weakness","floor":8},{"not_picked":["Bludgeon","Infernal Blade+1","Thunderclap"],"picked":"SKIP","floor":10},{"not_picked":["Rampage","Infernal Blade+1"],"picked":"Fire Breathing+1","floor":12},{"not_picked":["Warcry+1","Thunderclap"],"picked":"Dual Wield+1","floor":14},{"not_picked":["Corruption+1","Exhume+1"],"picked":"Offering+1","floor":16},{"not_picked":["Perfected Strike","Anger"],"picked":"Whirlwind","floor":18},{"not_picked":["Hemokinesis","Clash"],"picked":"Shockwave+1","floor":22},{"not_picked":["Hemokinesis","Havoc+1"],"picked":"Feel No Pain+1","floor":24},{"not_picked":["Evolve+1","Pommel Strike+1"],"picked":"Disarm+1","floor":27},{"not_picked":["Spot Weakness+1","Thunderclap+1"],"picked":"Fiend Fire+1","floor":29},{"not_picked":["Sentinel+1","Wild Strike+1","Fire Breathing+1"],"picked":"SKIP","floor":30},{"not_picked":["Pummel+1","Entrench+1","Iron Wave+1"],"picked":"SKIP","floor":31}],"player_experience":10417407,"relics_obtained":[{"floor":6,"key":"Pear"},{"floor":9,"key":"Ornamental Fan"},{"floor":10,"key":"Toxic Egg 2"},{"floor":12,"key":"Frozen Egg 2"},{"floor":20,"key":"Nilry\u0027s Codex"},{"floor":24,"key":"Tiny Chest"},{"floor":26,"key":"Molten Egg 2"},{"floor":27,"key":"PreservedInsect"},{"floor":29,"key":"Mercury Hourglass"},{"floor":31,"key":"Whetstone"}],"event_choices":[{"damage_healed":0,"gold_gain":0,"player_choice":"Grow","damage_taken":0,"max_hp_gain":0,"max_hp_loss":0,"event_name":"Living Wall","floor":5,"gold_loss":0,"cards_upgraded":["Immolate"]},{"cards_removed":["Clothesline"],"damage_healed":0,"gold_gain":0,"player_choice":"Gave Card","damage_taken":0,"relics_obtained":["White Beast Statue"],"max_hp_gain":0,"max_hp_loss":0,"event_name":"WeMeetAgain","floor":13,"gold_loss":0},{"damage_healed":0,"gold_gain":0,"player_choice":"Read","damage_taken":0,"max_hp_gain":0,"max_hp_loss":0,"event_name":"The Library","floor":19,"gold_loss":0,"cards_obtained":["Metallicize"]},{"damage_healed":0,"gold_gain":0,"player_choice":"Obtained Book","damage_taken":21,"max_hp_gain":0,"max_hp_loss":0,"event_name":"Cursed Tome","floor":20,"gold_loss":0},{"damage_healed":0,"gold_gain":0,"player_choice":"Became a vampire","damage_taken":0,"max_hp_gain":0,"max_hp_loss":26,"event_name":"Vampires","floor":21,"gold_loss":0,"cards_obtained":["Bite","Bite","Bite","Bite","Bite"]},{"cards_removed":["Defend_R"],"damage_healed":0,"gold_gain":0,"player_choice":"Gave Gold","damage_taken":0,"max_hp_gain":0,"max_hp_loss":0,"event_name":"Beggar","floor":25,"gold_loss":75}],"is_beta":true,"boss_relics":[{"not_picked":["Ectoplasm","Runic Dome"],"picked":"Snecko Eye"}],"items_purged_floors":[],"is_endless":false,"potions_floor_spawned":[3,7,8,10,14,16,18,22,24,27,29,30,31],"killed_by":"Champ","ascension_level":20}}