{"host":"zsnmfqgcm92hlreo","time":1612331152,"event":{"mods":["AchievementEnabler","Act Like it!","BaseMod","Bestiary","Block Reminder","Colored Map","Colored Powertips","Hermit","Jorbs\u0027s Wanderer Trilogy","Minty Spire (QoL Compilation)","Permanent Neow","Quick Restart","Relic Stats","StSLib","Weighted Paths"],"gold_per_floor":[114,114,36,54,74,88,88,100,180,209,225,300,300,300],"floor_reached":13,"language":"ENG","playtime":393,"items_purged":[],"score":174,"play_id":"23315515-0797-4fc8-85d2-c62a4229ebdc","local_time":"20210202234552","is_ascension_mode":true,"campfire_choices":[{"data":"Judgement","floor":7.0,"key":"SMITH"}],"circlet_count":0,"master_deck":["AscendersBane","Eruption","Vigilance","CrushJoints","JustLucky","TalkToTheHand","BattleHymn","Blasphemy","Omniscience+1","Judgement+1","SpiritShield","Prostrate+1","Weave","FearNoEvil","TalkToTheHand","Worship","FlurryOfBlows","CutThroughFate","BowlingBash"],"relics":["Pandora\u0027s Box","InkBottle","Peace Pipe"],"acts_visited":["Exordium"],"potions_floor_usage":[10,11,13],"damage_taken":[{"damage":4.0,"enemies":"Jaw Worm","floor":1.0,"turns":2.0},{"damage":4.0,"enemies":"2 Louse","floor":4.0,"turns":2.0},{"damage":0.0,"enemies":"Small Slimes","floor":5.0,"turns":3.0},{"damage":0.0,"enemies":"3 Louse","floor":6.0,"turns":1.0},{"damage":3.0,"enemies":"Blue Slaver","floor":8.0,"turns":4.0},{"damage":12,"enemies":"Gremlin Nob","floor":10,"turns":3},{"damage":0,"enemies":"Large Slime","floor":11,"turns":3},{"damage":10,"enemies":"3 Sentries","floor":13,"turns":2}],"seed_played":"-6907859251822479742","potions_obtained":[{"floor":1.0,"key":"Dexterity Potion"},{"floor":8.0,"key":"Strength Potion"},{"floor":10,"key":"Fire Potion"}],"is_trial":false,"path_per_floor":["M","?","$","M","M","M","R","M","T","E","M","?","E"],"character_chosen":"WATCHER","items_purchased":["Weave"],"campfire_rested":0,"item_purchase_floors":[3],"current_hp_per_floor":[57,37,37,33,33,33,33,30,30,18,18,7,0,0],"gold":300,"neow_bonus":"BOSS_RELIC","is_daily":false,"chose_seed":false,"campfire_upgraded":1,"win_rate":0.0,"timestamp":1612331152,"path_taken":["M","?","$","M","M","M","R","M","T","E","M","?","E"],"items_purchased_type":["Card"],"build_version":"2020-12-22","purchased_purges":0,"victory":false,"max_hp_per_floor":[68,68,68,68,68,68,68,68,68,68,68,68,68,68],"relic_stats":{"Peace Pipe":0,"counters":[8,20],"Pandora\u0027s Box":["CrushJoints","JustLucky","TalkToTheHand","BattleHymn","Blasphemy","Omniscience","Judgement","SpiritShield"],"obtain_stats":[{"Peace Pipe":10,"Pandora\u0027s Box":0,"PureWater":0,"InkBottle":9},{"Peace Pipe":6,"Pandora\u0027s Box":0,"PureWater":0,"InkBottle":5},{"Peace Pipe":15,"Pandora\u0027s Box":0,"PureWater":0,"InkBottle":12}],"InkBottle":[2]},"card_choices":[{"not_picked":["MentalFortress","Swivel"],"picked":"Prostrate","floor":1.0},{"not_picked":["EmptyBody","JustLucky"],"picked":"FearNoEvil","floor":4.0},{"not_picked":["ThirdEye","Nirvana"],"picked":"TalkToTheHand","floor":5.0},{"not_picked":["EmptyMind","Evaluate"],"picked":"Worship","floor":6.0},{"not_picked":["EmptyBody","Sanctity"],"picked":"FlurryOfBlows","floor":8.0},{"not_picked":["ClearTheMind","Conclude"],"picked":"CutThroughFate","floor":10},{"not_picked":["MentalFortress","ForeignInfluence"],"picked":"BowlingBash","floor":11}],"player_experience":1000532,"relics_obtained":[{"floor":9.0,"key":"InkBottle"},{"floor":10,"key":"Peace Pipe"}],"event_choices":[{"damage_healed":0.0,"max_hp_gain":0.0,"max_hp_loss":0.0,"gold_gain":0.0,"event_name":"Shining Light","player_choice":"Entered Light","floor":2.0,"gold_loss":0.0,"damage_taken":20.0,"cards_upgraded":["Omniscience","Prostrate"]},{"damage_healed":0,"gold_gain":75,"player_choice":"Gather Gold","damage_taken":11,"max_hp_gain":0,"max_hp_loss":0,"event_name":"World of Goop","floor":12,"gold_loss":0}],"is_beta":false,"boss_relics":[],"items_purged_floors":[],"is_endless":false,"potions_floor_spawned":[1,8,10],"killed_by":"3 Sentries","ascension_level":20}}