{"host":"r4aerl4ckfvw1dw3","time":1612334794,"event":{"mods":["BaseMod","BetterRewards","Minty Spire (QoL Compilation)","Quick Restart","StSLib"],"gold_per_floor":[113,288,53,53,72,72,99,118,172,172,187,224,235,260,260,374,374,374,374,374,374,183,183,183,183,183,183,183,183,34,34,34,34,34],"floor_reached":33,"language":"ENG","playtime":1402,"items_purged":["Shame"],"score":461,"play_id":"ce6b1bfe-1aa2-4c02-824e-b55ffbbcd2f1","local_time":"20210202224634","is_ascension_mode":true,"campfire_choices":[{"data":"Body Slam","floor":6.0,"key":"SMITH"},{"floor":10.0,"key":"RECALL"},{"floor":15.0,"key":"REST"},{"floor":27.0,"key":"REST"},{"floor":32,"key":"REST"}],"circlet_count":0,"master_deck":["Strike_R","Strike_R","Strike_R","Strike_R","Strike_R","Defend_R","Defend_R","Defend_R","Defend_R","Bash","Armaments","Iron Wave","Shrug It Off","Headbutt","Infernal Blade+1","Body Slam+1","Shrug It Off","Perfected Strike","Dropkick","Inflame","Disarm","Flame Barrier","Berserk","Heavy Blade","Body Slam+1","Sever Soul+1","Inflame","Cleave","Thunderclap","Rampage","Cleave","Flame Barrier","Entrench","Metallicize","Flame Barrier+1"],"relics":["Burning Blood","Akabeko","ClockworkSouvenir","Bronze Scales","CeramicFish","Ectoplasm","Prayer Wheel","Bottled Lightning"],"acts_visited":["Exordium","TheCity"],"potions_floor_usage":[31,31,31,33],"damage_taken":[{"damage":0.0,"enemies":"Small Slimes","floor":1.0,"turns":3.0},{"damage":7.0,"enemies":"Jaw Worm","floor":5.0,"turns":3.0},{"damage":46.0,"enemies":"Lagavulin","floor":7.0,"turns":8.0},{"damage":0.0,"enemies":"Cultist","floor":8.0,"turns":2.0},{"damage":0.0,"enemies":"Gremlin Gang","floor":11.0,"turns":2.0},{"damage":21.0,"enemies":"Gremlin Nob","floor":12.0,"turns":4.0},{"damage":12.0,"enemies":"Looter","floor":13.0,"turns":3.0},{"damage":7.0,"enemies":"2 Fungi Beasts","floor":14.0,"turns":3.0},{"damage":31.0,"enemies":"Hexaghost","floor":16.0,"turns":8.0},{"damage":7.0,"enemies":"Shell Parasite","floor":18.0,"turns":2.0},{"damage":19.0,"enemies":"Spheric Guardian","floor":19.0,"turns":3.0},{"damage":9.0,"enemies":"Snecko","floor":20.0,"turns":4.0},{"damage":30.0,"enemies":"Snake Plant","floor":23.0,"turns":3.0},{"damage":35.0,"enemies":"Centurion and Healer","floor":24.0,"turns":4.0},{"damage":9.0,"enemies":"Cultist and Chosen","floor":25.0,"turns":6.0},{"damage":26.0,"enemies":"Snake Plant","floor":29.0,"turns":3.0},{"damage":18,"enemies":"Centurion and Healer","floor":31,"turns":4},{"damage":51,"enemies":"Champ","floor":33,"turns":10}],"seed_played":"2571568471533501591","potions_obtained":[{"floor":1.0,"key":"LiquidBronze"},{"floor":5.0,"key":"BloodPotion"},{"floor":8.0,"key":"ColorlessPotion"},{"floor":14.0,"key":"Fruit Juice"},{"floor":19.0,"key":"CultistPotion"},{"floor":20.0,"key":"PowerPotion"},{"floor":25.0,"key":"CultistPotion"},{"floor":29.0,"key":"Weak Potion"},{"floor":31,"key":"AttackPotion"}],"is_trial":false,"path_per_floor":["M","?","$","?","M","R","E","M","T","R","M","E","M","M","R","B",null,"M","M","M","?","$","M","M","M","T","R","?","M","$","M","R","B"],"character_chosen":"IRONCLAD","items_purchased":["Armaments","Iron Wave","Shrug It Off","Explosive Potion","Infernal Blade","ClockworkSouvenir","Body Slam","Inflame","Cleave","Metallicize","Regen Potion"],"campfire_rested":3,"item_purchase_floors":[0,0,0,0,3,3,3,22,22,30,30],"current_hp_per_floor":[75,75,75,75,74,74,49,55,55,55,61,46,40,44,68,43,80,79,66,63,63,63,39,10,7,7,31,31,11,11,11,35,0,0],"gold":34,"neow_bonus":"","is_daily":false,"chose_seed":false,"campfire_upgraded":1,"win_rate":0.0,"timestamp":1612334794,"path_taken":["M","?","$","?","M","R","E","?","T","R","M","E","M","M","R","BOSS","M","?","?","?","$","M","M","M","T","R","?","M","$","M","R","BOSS"],"items_purchased_type":["Card","Card","Card","Potion","Card","Relic","Card","Card","Card","Card","Potion"],"build_version":"2020-12-22","purchased_purges":1,"victory":false,"max_hp_per_floor":[75,75,75,75,75,75,75,75,75,75,75,75,75,80,80,80,80,80,80,80,80,80,80,80,80,80,80,80,80,80,80,80,80,80],"card_choices":[{"not_picked":["Spot Weakness","Pummel"],"picked":"Headbutt","floor":1.0},{"not_picked":["Dark Embrace","Wild Strike"],"picked":"Shrug It Off","floor":5.0},{"not_picked":["Armaments","Headbutt"],"picked":"Perfected Strike","floor":7.0},{"not_picked":["Sentinel","Anger"],"picked":"Dropkick","floor":8.0},{"not_picked":["Entrench","Rupture"],"picked":"Inflame","floor":11.0},{"not_picked":["Cleave","Anger"],"picked":"Disarm","floor":12.0},{"not_picked":["Combust","Bloodletting","Reckless Charge"],"picked":"SKIP","floor":13.0},{"not_picked":["Pommel Strike","Headbutt"],"picked":"Flame Barrier","floor":14.0},{"not_picked":["Feed","Barricade"],"picked":"Berserk","floor":16.0},{"not_picked":["Armaments","Dropkick+1"],"picked":"Heavy Blade","floor":18.0},{"not_picked":["Clash+1","Corruption"],"picked":"Body Slam+1","floor":19.0},{"not_picked":["Iron Wave","Dropkick"],"picked":"Sever Soul+1","floor":20.0},{"not_picked":["Clash","Shrug It Off"],"picked":"Thunderclap","floor":23.0},{"not_picked":["Dual Wield","Hemokinesis"],"picked":"Rampage","floor":23.0},{"not_picked":["Iron Wave","Twin Strike"],"picked":"Cleave","floor":24.0},{"not_picked":["Dropkick","Anger","Clothesline"],"picked":"SKIP","floor":24.0},{"not_picked":["Pommel Strike+1","Sever Soul+1"],"picked":"Flame Barrier","floor":25.0},{"not_picked":["Double Tap","Cleave+1","Armaments"],"picked":"SKIP","floor":25.0},{"not_picked":["Body Slam","Warcry+1"],"picked":"Entrench","floor":29.0},{"not_picked":["Cleave","Pommel Strike","Warcry"],"picked":"SKIP","floor":29.0},{"not_picked":["Thunderclap+1","Flex+1"],"picked":"Flame Barrier+1","floor":31},{"not_picked":["Pommel Strike","Reckless Charge+1","Searing Blow"],"picked":"SKIP","floor":31}],"player_experience":470645,"relics_obtained":[{"floor":7.0,"key":"Bronze Scales"},{"floor":12.0,"key":"CeramicFish"},{"floor":26.0,"key":"Bottled Lightning"}],"event_choices":[{"damage_healed":0.0,"max_hp_gain":0.0,"max_hp_loss":0.0,"gold_gain":175.0,"event_name":"Liars Game","player_choice":"AGREE","floor":2.0,"gold_loss":0.0,"damage_taken":0.0,"cards_obtained":["Doubt"]},{"damage_healed":0.0,"max_hp_gain":0.0,"max_hp_loss":0.0,"gold_gain":0.0,"event_name":"Upgrade Shrine","player_choice":"Upgraded","floor":4.0,"gold_loss":0.0,"damage_taken":0.0,"cards_upgraded":["Infernal Blade"]},{"damage_healed":0.0,"max_hp_gain":0.0,"max_hp_loss":0.0,"gold_gain":0.0,"event_name":"Addict","player_choice":"Stole Relic","floor":21.0,"gold_loss":0.0,"damage_taken":0.0,"relics_obtained":["Prayer Wheel"],"cards_obtained":["Shame"]},{"cards_removed":["Doubt"],"damage_healed":0.0,"max_hp_gain":0.0,"max_hp_loss":0.0,"gold_gain":0.0,"event_name":"Purifier","player_choice":"Purged","floor":28.0,"gold_loss":0.0,"damage_taken":0.0}],"is_beta":false,"boss_relics":[{"not_picked":["Coffee Dripper","Pandora\u0027s Box"],"picked":"Ectoplasm"}],"items_purged_floors":[22],"is_endless":false,"potions_floor_spawned":[1,5,8,14,19,20,25,29,31],"killed_by":"Champ","ascension_level":4}}