{"host":"4qt77pm52ljaz00q","time":1612362786,"event":{"mods":["2.2 Compatiblity","Aspiration","Bard","BaseMod","Beaked The Cultist","BetterRewards","Challenge The Spire","ChefMod","Colored Map","Conspire","Friendly Minions","Glutton Mod","Halation","Hermit","Hubris","Infinite Spire","Jedi Mod","Mad Scientist","Marisa????????","Mimic Mod","Minty Spire (QoL Compilation)","Permanent Neow","Relic Sorter","Replay The Spire","Robot Space Explorer","Shade Mod","Shop Mod","Spires And Sneckos","StSLib","The Animator","The Bladedancer","The Bug Knight","The Construct","The Cursed","The Disciple","The Dragon Tamer","The Jungle","The Marked","The Mystic","The Necromancer","The Poker Player","The Runesmith","The Servant 0.9.4","Unknown Chances","Wandering Minibosses"],"gold_per_floor":[111,128,128,128,141,141,141,141],"floor_reached":7,"language":"ENG","playtime":268,"items_purged":[],"score":41,"play_id":"e28b1e2b-5c5f-42f0-8d87-ab1ea766aa13","local_time":"20210203093306","is_ascension_mode":false,"campfire_choices":[{"data":"ResonantCall","floor":6,"key":"SMITH"}],"circlet_count":0,"master_deck":["Strike_Br","Strike_Br","Strike_Br","Strike_Br","Defend_Br","Defend_Br","Defend_Br","Defend_Br","SecondHand","PatternShift+1","BlueShift","LockedOrichalcum+1","ResonantCall+1","SecondHand"],"relics":["Chronometer"],"acts_visited":["Exordium"],"potions_floor_usage":[],"damage_taken":[{"damage":0,"enemies":"2 Louse","floor":1,"turns":4},{"damage":3,"enemies":"Jaw Worm","floor":2,"turns":4},{"damage":14,"enemies":"infinitespire:Voidling","floor":5,"turns":6},{"damage":16,"enemies":"Replay:BlueRogue","floor":7,"turns":7}],"seed_played":"5979474612107800928","potions_obtained":[{"floor":2,"key":"WardPotion"}],"is_trial":false,"path_per_floor":["M","M","?","?","M","R","E"],"character_chosen":"CHRONO_CLASS","items_purchased":[],"campfire_rested":0,"item_purchase_floors":[],"current_hp_per_floor":[65,62,62,62,62,62,46,46],"gold":141,"neow_bonus":"UPGRADE_CARD","is_daily":false,"chose_seed":false,"campfire_upgraded":1,"win_rate":0.0,"timestamp":1612362786,"path_taken":["M","M","?","?","?","R","E"],"items_purchased_type":[],"build_version":"2020-12-22","purchased_purges":0,"victory":false,"max_hp_per_floor":[65,65,65,65,65,65,65,65],"card_choices":[{"not_picked":["BlueShift","Echoward"],"picked":"Engulf","floor":1},{"not_picked":["Break","Echoward"],"picked":"BlueShift","floor":2},{"not_picked":["LockedAnchor","TiringSlam","ShortSighted"],"picked":"SKIP","floor":5}],"player_experience":230631,"relics_obtained":[],"event_choices":[{"damage_healed":0,"gold_gain":0,"player_choice":"2 cards matched","damage_taken":0,"max_hp_gain":0,"max_hp_loss":0,"event_name":"Match and Keep!","floor":4,"gold_loss":0,"cards_obtained":["ResonantCall","SecondHand"]}],"is_beta":false,"boss_relics":[],"items_purged_floors":[],"is_endless":false,"potions_floor_spawned":[2],"killed_by":"Replay:BlueRogue","ascension_level":0}}