{"host":"jn2qdns2nxijvlnt","time":1612389859,"event":{"mods":["BaseMod","Minty Spire (QoL Compilation)","Quick Restart"],"gold_per_floor":[110,110,121,141,157,157,190,190,190,216,216,216,228,228,228,358,358,382,418,418,443,468,468,511,511,511,523,585,597,623,5,5,133,133,151,151,373,393,74,108,108,141,141,141,111,146,161,180,180,180],"floor_reached":51,"language":"ENG","playtime":3108,"items_purged":[],"score":1216,"play_id":"ec07a49e-d254-4718-b267-27910386b100","local_time":"20210203170419","is_ascension_mode":true,"campfire_choices":[{"floor":6.0,"key":"REST"},{"floor":8.0,"key":"REST"},{"floor":15,"key":"REST"},{"floor":23,"key":"REST"},{"floor":25,"key":"REST"},{"data":"Envenom","floor":29,"key":"SMITH"},{"data":"Adrenaline","floor":32,"key":"SMITH"},{"floor":41,"key":"REST"},{"data":"Accuracy","floor":44,"key":"SMITH"},{"data":"Blade Dance","floor":49,"key":"SMITH"}],"circlet_count":0,"master_deck":["AscendersBane","Strike_G+1","Strike_G+1","Strike_G+1","Strike_G+1","Defend_G+1","Defend_G+1","Defend_G+1","Defend_G+1","Survivor","Neutralize","Cloak And Dagger","Accuracy+1","Cloak And Dagger","Backstab","Cloak And Dagger","Adrenaline+1","Envenom+1","Blade Dance+1","Accuracy+1","Blade Dance+1","Footwork","Terror","Cloak And Dagger+1","Backflip","After Image"],"relics":["Ring of the Snake","War Paint","Regal Pillow","Ice Cream","Mercury Hourglass","Potion Belt","Golden Idol","SlaversCollar","Red Mask","Ninja Scroll","MawBank","Incense Burner","Pantograph","Ancient Tea Set","Toolbox","Empty Cage","Membership Card","PreservedInsect","Strawberry","Toy Ornithopter","Darkstone Periapt","Bottled Lightning"],"acts_visited":["Exordium","TheCity","TheBeyond"],"potions_floor_usage":[16,16,18,22,33,33,40,42,46,47,47,50,50],"damage_taken":[{"damage":4.0,"enemies":"Small Slimes","floor":1.0,"turns":5.0},{"damage":0.0,"enemies":"2 Louse","floor":3.0,"turns":3.0},{"damage":0.0,"enemies":"Jaw Worm","floor":4.0,"turns":4.0},{"damage":6.0,"enemies":"Exordium Wildlife","floor":5.0,"turns":7.0},{"damage":33.0,"enemies":"3 Sentries","floor":7.0,"turns":11.0},{"damage":7,"enemies":"Lagavulin","floor":10,"turns":8},{"damage":2,"enemies":"Looter","floor":13,"turns":2},{"damage":28,"enemies":"Slime Boss","floor":16,"turns":12},{"damage":13,"enemies":"Spheric Guardian","floor":18,"turns":4},{"damage":32,"enemies":"Masked Bandits","floor":19,"turns":4},{"damage":0,"enemies":"2 Thieves","floor":21,"turns":3},{"damage":4,"enemies":"3 Cultists","floor":22,"turns":3},{"damage":1,"enemies":"Slavers","floor":24,"turns":4},{"damage":2,"enemies":"Cultist and Chosen","floor":30,"turns":3},{"damage":32,"enemies":"Collector","floor":33,"turns":7},{"damage":7,"enemies":"3 Shapes","floor":35,"turns":2},{"damage":0,"enemies":"Orb Walker","floor":38,"turns":2},{"damage":3,"enemies":"Giant Head","floor":40,"turns":4},{"damage":0,"enemies":"Reptomancer","floor":42,"turns":3},{"damage":3,"enemies":"Nemesis","floor":46,"turns":5},{"damage":2,"enemies":"Jaw Worm Horde","floor":47,"turns":4},{"damage":0,"enemies":"4 Shapes","floor":48,"turns":1},{"damage":21,"enemies":"Donu and Deca","floor":50,"turns":7}],"seed_played":"1142431328071638297","potions_obtained":[{"floor":10,"key":"LiquidBronze"},{"floor":13,"key":"SkillPotion"},{"floor":16,"key":"DistilledChaos"},{"floor":21,"key":"AttackPotion"},{"floor":30,"key":"SpeedPotion"},{"floor":35,"key":"SpeedPotion"},{"floor":45,"key":"DistilledChaos"},{"floor":45,"key":"SkillPotion"},{"floor":46,"key":"DistilledChaos"}],"is_trial":false,"path_per_floor":["M","?","M","M","M","R","E","R","T","E","?","?","M","?","R","B",null,"M","?","?","M","M","R","E","R","T","?","?","R","M","$","R","B",null,"M","?","?","M","$","E","R","E","T","R","?","E","M","M","R","B",null],"character_chosen":"THE_SILENT","items_purchased":["Pantograph","Terror","Ancient Tea Set","Toolbox","Explosive Potion","Membership Card","PreservedInsect","Backflip","Explosive Potion","SteroidPotion","Fire Potion"],"campfire_rested":6,"item_purchase_floors":[31,31,31,31,31,39,39,39,39,39,39],"current_hp_per_floor":[59,52,52,52,46,70,37,70,70,63,63,63,61,44,70,42,63,50,18,18,18,14,50,49,70,70,70,70,70,68,68,68,38,62,55,55,55,55,55,59,77,77,77,77,77,77,77,77,77,61],"gold":180,"neow_bonus":"RANDOM_COMMON_RELIC","is_daily":false,"chose_seed":false,"campfire_upgraded":4,"win_rate":0.0,"timestamp":1612389859,"path_taken":["M","?","M","M","M","R","E","R","T","E","?","?","M","?","R","BOSS","M","?","?","?","M","R","E","R","T","?","?","R","M","$","R","BOSS","M","?","?","M","$","E","R","E","T","R","?","E","M","?","R","BOSS"],"items_purchased_type":["Relic","Card","Relic","Relic","Potion","Relic","Relic","Card","Potion","Potion","Potion"],"build_version":"2020-12-22","purchased_purges":0,"victory":true,"max_hp_per_floor":[70,70,70,70,70,70,70,70,70,70,70,70,70,70,70,70,70,70,70,70,70,70,70,70,70,70,70,70,70,70,70,70,70,70,70,70,70,70,70,77,77,77,77,77,77,77,77,77,77,77],"card_choices":[{"not_picked":["Dodge and Roll","Outmaneuver"],"picked":"Cloak And Dagger","floor":1.0},{"not_picked":["Dodge and Roll","All Out Attack"],"picked":"Accuracy","floor":3.0},{"not_picked":["Poisoned Stab","PiercingWail"],"picked":"Cloak And Dagger","floor":4.0},{"not_picked":["Dagger Throw","Sucker Punch"],"picked":"Backstab","floor":5.0},{"not_picked":["Catalyst","Concentrate"],"picked":"Cloak And Dagger","floor":7.0},{"not_picked":["Sucker Punch","Cloak And Dagger"],"picked":"Adrenaline","floor":10},{"not_picked":["Dagger Throw","Bane"],"picked":"Slice","floor":13},{"not_picked":["Adrenaline","Wraith Form v2"],"picked":"Envenom","floor":16},{"not_picked":["Bane","Slice"],"picked":"Blade Dance+1","floor":18},{"not_picked":["Blade Dance","Sucker Punch"],"picked":"Accuracy","floor":19},{"not_picked":["Deadly Poison","Cloak And Dagger","Dodge and Roll"],"picked":"SKIP","floor":21},{"not_picked":["Crippling Poison+1","Reflex"],"picked":"Blade Dance","floor":22},{"not_picked":["Outmaneuver+1","Quick Slash","Corpse Explosion"],"picked":"SKIP","floor":24},{"not_picked":["Prepared","Bane+1"],"picked":"Footwork","floor":30},{"not_picked":["Bane+1","Deadly Poison","Footwork"],"picked":"SKIP","floor":35},{"not_picked":["Prepared","Dagger Throw"],"picked":"Cloak And Dagger+1","floor":38},{"not_picked":["Calculated Gamble+1","Blur+1"],"picked":"After Image","floor":40},{"not_picked":["Dodge and Roll+1","Finisher+1","Choke+1"],"picked":"SKIP","floor":42},{"not_picked":["PiercingWail","Distraction+1","Deflect"],"picked":"SKIP","floor":46},{"not_picked":["Outmaneuver","Endless Agony","Acrobatics"],"picked":"SKIP","floor":47},{"not_picked":["Blade Dance","Distraction+1","PiercingWail+1"],"picked":"SKIP","floor":48}],"player_experience":565392,"relics_obtained":[{"floor":7.0,"key":"Ice Cream"},{"floor":9.0,"key":"Mercury Hourglass"},{"floor":10,"key":"Potion Belt"},{"floor":19,"key":"Red Mask"},{"floor":24,"key":"Ninja Scroll"},{"floor":26,"key":"MawBank"},{"floor":40,"key":"Strawberry"},{"floor":42,"key":"Toy Ornithopter"},{"floor":43,"key":"Darkstone Periapt"},{"floor":46,"key":"Bottled Lightning"}],"event_choices":[{"damage_healed":0.0,"max_hp_gain":0.0,"max_hp_loss":0.0,"gold_gain":0.0,"event_name":"Scrap Ooze","player_choice":"Success","floor":2.0,"gold_loss":0.0,"damage_taken":7.0,"relics_obtained":["Regal Pillow"]},{"damage_healed":0,"gold_gain":0,"player_choice":"Leave","damage_taken":0,"max_hp_gain":0,"max_hp_loss":0,"event_name":"The Cleric","floor":11,"gold_loss":0},{"damage_healed":0,"gold_gain":0,"player_choice":"Grow","damage_taken":0,"max_hp_gain":0,"max_hp_loss":0,"event_name":"Living Wall","floor":12,"gold_loss":0,"cards_upgraded":["Accuracy"]},{"damage_healed":0,"gold_gain":0,"player_choice":"Take Damage","damage_taken":17,"relics_obtained":["Golden Idol"],"max_hp_gain":0,"max_hp_loss":0,"event_name":"Golden Idol","floor":14,"gold_loss":0},{"damage_healed":0,"gold_gain":0,"player_choice":"Fought Bandits","damage_taken":0,"max_hp_gain":0,"max_hp_loss":0,"event_name":"Masked Bandits","floor":19,"gold_loss":0},{"damage_healed":0,"gold_gain":0,"player_choice":"Simplicity","damage_taken":0,"max_hp_gain":0,"max_hp_loss":0,"event_name":"Back to Basics","floor":20,"gold_loss":0,"cards_upgraded":["Strike_G","Strike_G","Strike_G","Strike_G","Strike_G","Defend_G","Defend_G","Defend_G"]},{"damage_healed":0,"gold_gain":0,"player_choice":"Opened","damage_taken":0,"relics_obtained":["Incense Burner"],"max_hp_gain":0,"max_hp_loss":0,"event_name":"The Mausoleum","floor":27,"gold_loss":0},{"damage_healed":0,"gold_gain":100,"player_choice":"Bet on Murderer","damage_taken":0,"max_hp_gain":0,"max_hp_loss":0,"event_name":"The Joust","floor":28,"gold_loss":50},{"cards_removed":["Slice"],"damage_healed":0,"gold_gain":0,"player_choice":"Removed Attack","damage_taken":0,"max_hp_gain":0,"max_hp_loss":0,"event_name":"Falling","floor":36,"gold_loss":0},{"damage_healed":0,"gold_gain":222,"player_choice":"Wore Mask","damage_taken":0,"max_hp_gain":0,"max_hp_loss":0,"event_name":"Tomb of Lord Red Mask","floor":37,"gold_loss":0},{"damage_healed":0,"gold_gain":0,"player_choice":"Bought 2 Potions","damage_taken":0,"max_hp_gain":0,"max_hp_loss":0,"event_name":"The Woman in Blue","floor":45,"gold_loss":0}],"is_beta":false,"boss_relics":[{"not_picked":["Runic Dome","Ectoplasm"],"picked":"SlaversCollar"},{"not_picked":["Coffee Dripper","Sozu"],"picked":"Empty Cage"}],"items_purged_floors":[],"is_endless":false,"potions_floor_spawned":[10,13,16,21,30,35,46],"ascension_level":11}}