{"host":"vex7walpoxzv48nx","time":1612367386,"event":{"mods":["AchievementEnabler","BaseMod","Bestiary","Highlight Path","Minty Spire (QoL Compilation)","Permanent Neow","Quick Restart","Relic Stats","UnlockEverythingMod"],"gold_per_floor":[13,31,50,50,64,94,94,120,120,120,120,143,177,34,34,163,163,177,196,196,211,211,211],"floor_reached":22,"language":"ENG","playtime":2207,"items_purged":[],"score":281,"play_id":"663504cd-dc5e-4c6b-b6cb-d9e3d8d90e30","local_time":"20210203164946","is_ascension_mode":false,"campfire_choices":[{"data":"DeceiveReality","floor":11,"key":"SMITH"},{"data":"CutThroughFate","floor":15,"key":"SMITH"}],"circlet_count":0,"master_deck":["Eruption","Vigilance","FearNoEvil","FollowUp","BowlingBash","Consecrate+1","DeceiveReality+1","BattleHymn","DevaForm","Protect","Conclude","Injury","CutThroughFate+1","EmptyMind","LessonLearned","Conclude","Tantrum","DeusExMachina","Evaluate","LessonLearned","Scrawl","WindmillStrike+1","ReachHeaven","Prostrate+1","ClearTheMind","Evaluate+1","Crescendo"],"relics":["PureWater","Prayer Wheel","Lantern","Potion Belt","Golden Idol","Bottled Flame","OrangePellets","Pandora\u0027s Box"],"acts_visited":["Exordium","TheCity"],"potions_floor_usage":[6,18,22],"damage_taken":[{"damage":1,"enemies":"Cultist","floor":1,"turns":4},{"damage":0,"enemies":"2 Louse","floor":2,"turns":2},{"damage":0,"enemies":"Small Slimes","floor":3,"turns":2},{"damage":0,"enemies":"Looter","floor":5,"turns":3},{"damage":0,"enemies":"Gremlin Nob","floor":6,"turns":3},{"damage":2,"enemies":"Lagavulin","floor":8,"turns":6},{"damage":0,"enemies":"Exordium Thugs","floor":12,"turns":3},{"damage":7,"enemies":"Gremlin Nob","floor":13,"turns":4},{"damage":0,"enemies":"Slime Boss","floor":16,"turns":5},{"damage":13,"enemies":"2 Thieves","floor":18,"turns":2},{"damage":5,"enemies":"Spheric Guardian","floor":19,"turns":4},{"damage":0,"enemies":"Snake Plant","floor":21,"turns":2},{"damage":0,"enemies":"Cultist and Chosen","floor":22,"turns":4}],"seed_played":"-5985268481599482317","potions_obtained":[{"floor":1,"key":"SneckoOil"},{"floor":8,"key":"BottledMiracle"},{"floor":12,"key":"LiquidBronze"},{"floor":16,"key":"Fire Potion"},{"floor":20,"key":"Block Potion"},{"floor":20,"key":"SkillPotion"},{"floor":20,"key":"Ambrosia"},{"floor":21,"key":"AttackPotion"}],"is_trial":false,"path_per_floor":["M","M","M","?","M","E","?","E","T","?","R","M","E","$","R","B",null,"M","M","?","M","M"],"character_chosen":"WATCHER","items_purchased":["OrangePellets"],"campfire_rested":0,"item_purchase_floors":[14],"current_hp_per_floor":[71,71,71,76,76,76,76,74,74,74,74,74,67,67,67,67,77,64,59,59,59,59,59],"gold":211,"neow_bonus":"ONE_RARE_RELIC","is_daily":false,"chose_seed":false,"campfire_upgraded":2,"win_rate":0.0,"timestamp":1612367386,"path_taken":["M","M","M","?","M","E","?","E","T","?","R","M","E","$","R","BOSS","M","M","?","M","?"],"items_purchased_type":["Relic"],"build_version":"2020-12-22","purchased_purges":0,"victory":false,"max_hp_per_floor":[72,72,72,77,77,77,77,77,77,77,77,77,77,77,77,77,77,77,77,77,77,77,77],"relic_stats":{"OrangePellets":[2],"counters":[13,44],"Golden Idol":48,"Prayer Wheel":8,"Pandora\u0027s Box":["Conclude","Tantrum","DeusExMachina","Evaluate","LessonLearned","Scrawl","WindmillStrike","ReachHeaven"],"obtain_stats":[{"Potion Belt":8,"OrangePellets":14,"Lantern":6,"Bottled Flame":13,"Golden Idol":10,"Prayer Wheel":0,"Pandora\u0027s Box":17,"PureWater":0},{"Potion Belt":6,"OrangePellets":8,"Lantern":5,"Bottled Flame":8,"Golden Idol":6,"Prayer Wheel":0,"Pandora\u0027s Box":9,"PureWater":0},{"Potion Belt":20,"OrangePellets":27,"Lantern":14,"Bottled Flame":27,"Golden Idol":20,"Prayer Wheel":0,"Pandora\u0027s Box":32,"PureWater":0}]},"card_choices":[{"not_picked":["PathToVictory","SashWhip"],"picked":"FearNoEvil","floor":1},{"not_picked":["Sanctity","EmptyMind"],"picked":"FollowUp","floor":1},{"not_picked":["Sanctity","Halt"],"picked":"BowlingBash","floor":2},{"not_picked":["Vengeance","WaveOfTheHand","Perseverance"],"picked":"SKIP","floor":2},{"not_picked":["Pray","ClearTheMind"],"picked":"Consecrate","floor":3},{"not_picked":["Crescendo","ForeignInfluence"],"picked":"DeceiveReality","floor":3},{"not_picked":["Worship","Halt"],"picked":"BattleHymn","floor":5},{"not_picked":["Halt","SashWhip"],"picked":"DevaForm","floor":5},{"not_picked":["EmptyBody","FearNoEvil"],"picked":"Protect","floor":6},{"not_picked":["ForeignInfluence","WindmillStrike"],"picked":"Conclude","floor":8},{"not_picked":["ForeignInfluence","Protect"],"picked":"CutThroughFate","floor":12},{"not_picked":["Evaluate","EmptyFist","JustLucky"],"picked":"SKIP","floor":12},{"not_picked":["JustLucky","Adaptation"],"picked":"EmptyMind","floor":13},{"not_picked":["Scrawl","Brilliance"],"picked":"LessonLearned","floor":16},{"not_picked":["ClearTheMind","JustLucky"],"picked":"Prostrate+1","floor":18},{"not_picked":["WheelKick","CutThroughFate"],"picked":"ClearTheMind","floor":18},{"not_picked":["DeusExMachina","Worship"],"picked":"Evaluate+1","floor":19},{"not_picked":["Weave","PathToVictory","Study"],"picked":"SKIP","floor":19},{"not_picked":["ThirdEye","Halt"],"picked":"Crescendo","floor":21},{"not_picked":["Study","Crescendo","Meditate"],"picked":"SKIP","floor":21},{"not_picked":["Study","Crescendo","Meditate"],"picked":"SKIP","floor":21}],"player_experience":257417,"relics_obtained":[{"floor":6,"key":"Lantern"},{"floor":8,"key":"Potion Belt"},{"floor":13,"key":"Bottled Flame"}],"event_choices":[{"damage_healed":0,"gold_gain":0,"player_choice":"Donut","damage_taken":0,"max_hp_gain":5,"max_hp_loss":0,"event_name":"Big Fish","floor":4,"gold_loss":0},{"damage_healed":0,"gold_gain":0,"player_choice":"Grow","damage_taken":0,"max_hp_gain":0,"max_hp_loss":0,"event_name":"Living Wall","floor":7,"gold_loss":0,"cards_upgraded":["Consecrate"]},{"damage_healed":0,"gold_gain":0,"player_choice":"Take Wound","damage_taken":0,"relics_obtained":["Golden Idol"],"max_hp_gain":0,"max_hp_loss":0,"event_name":"Golden Idol","floor":10,"gold_loss":0,"cards_obtained":["Injury"]},{"damage_healed":0,"gold_gain":0,"player_choice":"Got Potions","damage_taken":0,"max_hp_gain":0,"max_hp_loss":0,"event_name":"Lab","floor":20,"gold_loss":0}],"is_beta":false,"boss_relics":[{"not_picked":["Velvet Choker","VioletLotus"],"picked":"Pandora\u0027s Box"}],"items_purged_floors":[],"is_endless":false,"potions_floor_spawned":[1,8,12,16,21],"killed_by":"Cultist and Chosen","ascension_level":0}}