{"host":"dth8fvkfiulu86fi","time":1612357088,"event":{"mods":["2.2 Compatiblity","AchievementEnabler","BaseMod","Better Third Choice","Colored Map","Colored Powertips","Minty Spire (QoL Compilation)","Rare Cards Sparkle","StSLib","SuperFastMode","Synergy Search"],"gold_per_floor":[114,63,78,51,66,66,66,66,91,106,136,68,68,83,83,183,183,198,183,273,48,88,88,418,418,418],"floor_reached":25,"language":"ENG","playtime":853,"items_purged":["PanicButton"],"score":271,"play_id":"f38763ce-2990-4cec-a825-89c113255452","local_time":"20210203135808","daily_mods":["Allstar","Purple Cards","Lethality"],"is_ascension_mode":false,"campfire_choices":[{"floor":6,"key":"REST"},{"data":"Zap","floor":15,"key":"SMITH"},{"floor":23,"key":"REST"}],"circlet_count":0,"master_deck":["Strike_B","Strike_B+1","Strike_B","Strike_B+1","Defend_B","Defend_B","Defend_B","Defend_B","Zap+1","Dualcast+1","Bandage Up","Apotheosis+1","Secret Weapon","Secret Technique","HandOfGreed","Conserve Battery","Conserve Battery+1","Conserve Battery","Protect","Conserve Battery","Defragment","Turbo","Dark Shackles"],"relics":["Cracked Core","Omamori","Ornamental Fan","Busted Crown","Whetstone","Old Coin"],"acts_visited":["Exordium","TheCity"],"potions_floor_usage":[10,11,22,24,24],"damage_taken":[{"damage":9,"enemies":"Cultist","floor":1,"turns":3},{"damage":17,"enemies":"2 Louse","floor":3,"turns":2},{"damage":4,"enemies":"Jaw Worm","floor":5,"turns":2},{"damage":3,"enemies":"Large Slime","floor":10,"turns":5},{"damage":0,"enemies":"Gremlin Nob","floor":11,"turns":3},{"damage":9,"enemies":"Red Slaver","floor":14,"turns":3},{"damage":4,"enemies":"The Guardian","floor":16,"turns":11},{"damage":1,"enemies":"Spheric Guardian","floor":18,"turns":3},{"damage":16,"enemies":"2 Thieves","floor":19,"turns":4},{"damage":25,"enemies":"Sentry and Sphere","floor":22,"turns":6},{"damage":31,"enemies":"Book of Stabbing","floor":24,"turns":5},{"damage":4,"enemies":"Cultist and Chosen","floor":25,"turns":1}],"seed_played":"4031875728642390749","potions_obtained":[{"floor":3,"key":"SkillPotion"},{"floor":10,"key":"FocusPotion"},{"floor":11,"key":"LiquidBronze"},{"floor":18,"key":"LiquidBronze"},{"floor":24,"key":"DuplicationPotion"}],"is_trial":false,"path_per_floor":["M","$","M","$","M","R","?","$","T","M","E","$","?","M","R","B",null,"M","M","?","$","M","R","E","M"],"character_chosen":"DEFECT","items_purchased":["Conserve Battery","Protect","Defragment","Whetstone"],"campfire_rested":2,"item_purchase_floors":[2,4,12,21],"current_hp_per_floor":[70,70,53,53,49,71,56,56,56,57,61,61,61,56,56,58,75,74,59,28,28,7,29,4,0,0],"gold":418,"neow_bonus":"","is_daily":true,"chose_seed":false,"campfire_upgraded":1,"win_rate":0.0,"timestamp":1612357088,"path_taken":["M","$","M","$","?","R","?","?","T","M","E","$","?","M","R","BOSS","M","M","?","$","?","R","E","M"],"items_purchased_type":["Card","Card","Card","Relic"],"build_version":"2020-12-22","purchased_purges":1,"victory":false,"max_hp_per_floor":[75,75,75,75,75,75,75,75,75,75,75,75,75,75,75,75,75,75,75,75,75,75,75,75,75,75],"card_choices":[{"not_picked":["Coolheaded","Stack"],"picked":"Conserve Battery","floor":1},{"not_picked":["Rebound","Hello World"],"picked":"Conserve Battery","floor":3},{"not_picked":["Sanctity","Gash","Evaluate"],"picked":"SKIP","floor":5},{"not_picked":["PathToVictory","Redo","ThirdEye"],"picked":"SKIP","floor":10},{"not_picked":["Scrape","Consume"],"picked":"Conserve Battery","floor":11},{"not_picked":["PathToVictory","Rainbow"],"picked":"Turbo","floor":14},{"not_picked":["SashWhip"],"picked":"SKIP","floor":18},{"not_picked":["LikeWater"],"picked":"SKIP","floor":19},{"not_picked":["Hologram"],"picked":"SKIP","floor":22},{"not_picked":["Hello World"],"picked":"SKIP","floor":24}],"player_experience":1166672,"relics_obtained":[{"floor":9,"key":"Omamori"},{"floor":11,"key":"Ornamental Fan"},{"floor":24,"key":"Old Coin"}],"event_choices":[{"damage_healed":71,"gold_gain":0,"player_choice":"Upgrade","damage_taken":15,"max_hp_gain":0,"max_hp_loss":75,"event_name":"betterThird:BetterShining","floor":7,"gold_loss":0,"cards_upgraded":["Conserve Battery","Apotheosis"]},{"damage_healed":0,"gold_gain":0,"player_choice":"Upgraded","damage_taken":0,"max_hp_gain":0,"max_hp_loss":0,"event_name":"Upgrade Shrine","floor":13,"gold_loss":0,"cards_upgraded":["Dualcast"]},{"damage_healed":0,"gold_gain":90,"player_choice":"GOLD POTION CARD CARD ","damage_taken":31,"max_hp_gain":0,"max_hp_loss":0,"event_name":"Knowing Skull","floor":20,"potions_obtained":["FocusPotion"],"gold_loss":0,"cards_obtained":["PanicButton","Dark Shackles"]}],"is_beta":false,"boss_relics":[{"not_picked":["Nuclear Battery","Snecko Eye"],"picked":"Busted Crown"}],"items_purged_floors":[21],"is_endless":false,"potions_floor_spawned":[3,10,11,18,24],"killed_by":"Cultist and Chosen","ascension_level":0}}