{"host":"08t08ld674si40tv","time":1612348044,"event":{"mods":["AchievementEnabler","BaseMod","Colored Map","Minty Spire (QoL Compilation)","StSLib","SuperFastMode"],"gold_per_floor":[116,116,41,116,391,391,409,423,423,446,426,440,196,211,211,313,313,328,253,269,269,281,281,281,281],"floor_reached":24,"language":"KOR","playtime":426,"items_purged":["Strike_P","Defend_P"],"score":270,"play_id":"9e9e7e6f-0707-443a-9bf5-254bdeeec8d6","local_time":"20210203192724","is_ascension_mode":true,"campfire_choices":[{"data":"Eruption","floor":6,"key":"SMITH"},{"data":"CrushJoints","floor":15,"key":"SMITH"},{"floor":23,"key":"REST"}],"circlet_count":0,"master_deck":["Strike_P","Strike_P","Defend_P","Defend_P","Defend_P","Eruption+1","Vigilance","Brilliance","FollowUp","SandsOfTime","EmptyBody","BattleHymn","CrushJoints+1","Establishment","Evaluate","LikeWater+1"],"relics":["HolyWater","Omamori","Juzu Bracelet","Medical Kit"],"acts_visited":["Exordium","TheCity"],"potions_floor_usage":[16,16,20,24],"damage_taken":[{"damage":0,"enemies":"Cultist","floor":1,"turns":2},{"damage":0,"enemies":"2 Louse","floor":7,"turns":2},{"damage":0,"enemies":"Small Slimes","floor":8,"turns":3},{"damage":0,"enemies":"Exordium Wildlife","floor":12,"turns":3},{"damage":6,"enemies":"Looter","floor":14,"turns":4},{"damage":27,"enemies":"The Guardian","floor":16,"turns":7},{"damage":7,"enemies":"Chosen","floor":18,"turns":4},{"damage":14,"enemies":"Shell Parasite","floor":20,"turns":3},{"damage":22,"enemies":"Shelled Parasite and Fungi","floor":22,"turns":5},{"damage":37,"enemies":"Slavers","floor":24,"turns":2}],"seed_played":"6573047770085184514","potions_obtained":[{"floor":7,"key":"Dexterity Potion"},{"floor":8,"key":"Energy Potion"},{"floor":11,"key":"LiquidMemories"},{"floor":16,"key":"AttackPotion"}],"is_trial":false,"path_per_floor":["M","T","$","?","?","R","M","M","T","T","?","M","$","M","R","B",null,"M","?","M","?","M","R","E"],"character_chosen":"WATCHER","items_purchased":["Medical Kit"],"campfire_rested":1,"item_purchase_floors":[13],"current_hp_per_floor":[65,65,65,54,54,54,54,54,54,54,54,54,54,48,48,21,59,52,52,38,38,16,37,0,0],"gold":281,"neow_bonus":"ONE_RANDOM_RARE_CARD","is_daily":false,"chose_seed":false,"campfire_upgraded":2,"win_rate":0.0,"timestamp":1612348044,"path_taken":["M","?","$","?","?","R","M","?","T","?","?","M","$","M","R","BOSS","M","?","M","?","M","R","E"],"items_purchased_type":["Relic"],"build_version":"2020-12-22","purchased_purges":2,"victory":false,"max_hp_per_floor":[72,72,72,72,72,72,72,72,72,72,72,72,72,72,72,72,72,72,72,72,72,72,72,72,72],"card_choices":[{"not_picked":["FlurryOfBlows","Consecrate"],"picked":"FollowUp","floor":1},{"not_picked":["Crescendo","BowlingBash"],"picked":"SandsOfTime","floor":7},{"not_picked":["ClearTheMind","PathToVictory"],"picked":"EmptyBody","floor":8},{"not_picked":["BowlingBash","Halt"],"picked":"BattleHymn","floor":12},{"not_picked":["FlyingSleeves","Judgement"],"picked":"CrushJoints","floor":14},{"not_picked":["Omniscience","DevaForm"],"picked":"Establishment","floor":16},{"not_picked":["PathToVictory+1","EmptyBody+1"],"picked":"Evaluate","floor":18},{"not_picked":["JustLucky+1","EmptyBody","Halt"],"picked":"SKIP","floor":20},{"not_picked":["Worship","FollowUp"],"picked":"LikeWater+1","floor":22}],"player_experience":285462,"relics_obtained":[{"floor":2,"key":"Omamori"},{"floor":10,"key":"Juzu Bracelet"}],"event_choices":[{"damage_healed":0,"gold_gain":75,"player_choice":"Gather Gold","damage_taken":11,"max_hp_gain":0,"max_hp_loss":0,"event_name":"World of Goop","floor":4,"gold_loss":0},{"damage_healed":0,"gold_gain":275,"player_choice":"Desecrate","damage_taken":0,"max_hp_gain":0,"max_hp_loss":0,"event_name":"Golden Shrine","floor":5,"gold_loss":0,"cards_obtained":["Regret"]},{"damage_healed":0,"gold_gain":0,"player_choice":"Bought 1 Potion","damage_taken":0,"max_hp_gain":0,"max_hp_loss":0,"event_name":"The Woman in Blue","floor":11,"gold_loss":0},{"cards_removed":["Strike_P"],"damage_healed":0,"gold_gain":0,"player_choice":"Gave Gold","damage_taken":0,"max_hp_gain":0,"max_hp_loss":0,"event_name":"Beggar","floor":19,"gold_loss":75},{"damage_healed":0,"gold_gain":0,"player_choice":"Ignored","damage_taken":0,"max_hp_gain":0,"max_hp_loss":0,"event_name":"Cursed Tome","floor":21,"gold_loss":0}],"is_beta":false,"boss_relics":[{"not_picked":["Astrolabe","Empty Cage"],"picked":"HolyWater"}],"items_purged_floors":[3,13],"is_endless":false,"potions_floor_spawned":[7,8,16],"killed_by":"Slavers","ascension_level":9}}