{"host":"1mv6gj0zv8k9e9tz","time":1612367416,"event":{"mods":["AchievementEnabler","BaseMod","Better Third Choice","Colored Map","DeckTracker","Highlight Path","KOR Keyword Fix","Keyboard Shortcuts","Minty Spire (QoL Compilation)","Permanent Neow","Quick Restart","Rare Cards Sparkle","StSLib","SuperFastMode","everything is the same but u backflip on backflip"],"gold_per_floor":[367,442,442,367,381,381,400,434,457,457,475,475,41,51,51,130,130,140,140,158,158,58,58,91,105,105,115,127,140,140,159,159,233,233,250,250,264,5,20,20,20,40,40,75,88,122,132,165,165,165,165,165,37,67,67],"floor_reached":56,"language":"KOR","playtime":2075,"items_purged":["Defend_B","Strike_B"],"score":2182,"play_id":"d215de8e-ff19-4520-a9d3-3bfc7e7f4d44","local_time":"20210204005016","is_ascension_mode":true,"campfire_choices":[{"data":"Dualcast","floor":6.0,"key":"SMITH"},{"data":"Self Repair","floor":10.0,"key":"SMITH"},{"data":"Defragment","floor":12.0,"key":"SMITH"},{"data":"Tempest","floor":15.0,"key":"SMITH"},{"data":"Coolheaded","floor":23.0,"key":"SMITH"},{"data":"Defragment","floor":30.0,"key":"SMITH"},{"data":"Capacitor","floor":32.0,"key":"SMITH"},{"data":"Seek","floor":40.0,"key":"SMITH"},{"floor":49.0,"key":"RECALL"},{"data":"Storm","floor":52.0,"key":"SMITH"}],"circlet_count":0,"master_deck":["AscendersBane","Strike_B","Strike_B","Defend_B","Defend_B","Defend_B","Zap+1","Dualcast+1","Self Repair+1","Ball Lightning","Defragment+1","Melter","Capacitor+1","Defragment+1","Tempest+1","Seek+1","CurseOfTheBell","Coolheaded+1","BootSequence+1","White Noise+1","Conserve Battery","Chill","Defragment+1","Capacitor+1","Echo Form","Coolheaded+1","Hologram","Heatsinks+1","Turbo","White Noise+1","Conserve Battery+1","Coolheaded+1","Biased Cognition","Storm+1","Glacier+1","Glacier+1","Reboot+1","Hologram+1","Force Field+1"],"relics":["Cracked Core","Toy Ornithopter","DollysMirror","DataDisk","Calling Bell","Oddly Smooth Stone","Meat on the Bone","Prayer Wheel","StrikeDummy","FossilizedHelix","Nuclear Battery","Toxic Egg 2","Kunai","Incense Burner","Bag of Marbles","Darkstone Periapt","Letter Opener"],"acts_visited":["Exordium","TheCity","TheBeyond","TheEnding"],"potions_floor_usage":[55,55],"damage_taken":[{"damage":2.0,"enemies":"2 Louse","floor":1.0,"turns":2.0},{"damage":12.0,"enemies":"Jaw Worm","floor":5.0,"turns":3.0},{"damage":0.0,"enemies":"Small Slimes","floor":7.0,"turns":2.0},{"damage":30.0,"enemies":"Lagavulin","floor":8.0,"turns":6.0},{"damage":6.0,"enemies":"2 Fungi Beasts","floor":11.0,"turns":3.0},{"damage":8.0,"enemies":"Lots of Slimes","floor":14.0,"turns":3.0},{"damage":26.0,"enemies":"Slime Boss","floor":16.0,"turns":6.0},{"damage":0.0,"enemies":"Spheric Guardian","floor":18.0,"turns":1.0},{"damage":25.0,"enemies":"Shell Parasite","floor":20.0,"turns":4.0},{"damage":3.0,"enemies":"Gremlin Leader","floor":24.0,"turns":5.0},{"damage":5.0,"enemies":"Centurion and Healer","floor":25.0,"turns":6.0},{"damage":4.0,"enemies":"Cultist and Chosen","floor":27.0,"turns":4.0},{"damage":4.0,"enemies":"Chosen and Byrds","floor":28.0,"turns":5.0},{"damage":36.0,"enemies":"Snecko","floor":29.0,"turns":5.0},{"damage":0.0,"enemies":"Sentry and Sphere","floor":31.0,"turns":4.0},{"damage":0.0,"enemies":"Collector","floor":33.0,"turns":9.0},{"damage":0.0,"enemies":"3 Darklings","floor":35.0,"turns":7.0},{"damage":0.0,"enemies":"Orb Walker","floor":37.0,"turns":3.0},{"damage":33.0,"enemies":"4 Shapes","floor":39.0,"turns":7.0},{"damage":27.0,"enemies":"3 Darklings","floor":42.0,"turns":4.0},{"damage":0.0,"enemies":"Nemesis","floor":44.0,"turns":10.0},{"damage":0.0,"enemies":"Jaw Worm Horde","floor":45.0,"turns":3.0},{"damage":0.0,"enemies":"Reptomancer","floor":46.0,"turns":4.0},{"damage":0.0,"enemies":"Spire Growth","floor":47.0,"turns":6.0},{"damage":0.0,"enemies":"Giant Head","floor":48.0,"turns":7.0},{"damage":33.0,"enemies":"Awakened One","floor":50.0,"turns":13.0},{"damage":20,"enemies":"Shield and Spear","floor":54,"turns":5},{"damage":62,"enemies":"The Heart","floor":55,"turns":9}],"seed_played":"-3902776700808093165","potions_obtained":[{"floor":8.0,"key":"Weak Potion"},{"floor":11.0,"key":"SneckoOil"},{"floor":16.0,"key":"BlessingOfTheForge"},{"floor":18.0,"key":"FocusPotion"},{"floor":24.0,"key":"Fruit Juice"},{"floor":28.0,"key":"Explosive Potion"},{"floor":29.0,"key":"Block Potion"},{"floor":37.0,"key":"BlessingOfTheForge"},{"floor":39.0,"key":"FearPotion"},{"floor":45.0,"key":"SneckoOil"}],"is_trial":false,"path_per_floor":["M","?","?","$","M","R","M","E","T","R","M","R","$","M","R","B",null,"M","?","M","?","$","R","E","M","T","M","M","M","R","M","R","B",null,"M","?","M","$","M","R","?","M","T","E","M","E","M","E","R","B",null,"R","$","E","B",null],"character_chosen":"DEFECT","items_purchased":["Capacitor","DollysMirror","DataDisk","FocusPotion","Toxic Egg 2","Force Field+1","Fire Potion"],"campfire_rested":0,"item_purchase_floors":[13,13,13,13,38,53,53],"current_hp_per_floor":[44,33,33,33,28,28,35,12,12,12,21,21,21,28,28,7,55,55,55,52,52,52,52,74,76,76,76,76,50,50,70,70,76,76,76,76,76,76,53,53,53,58,58,68,76,76,76,76,76,43,68,68,68,58,18],"gold":67,"neow_bonus":"TWO_FIFTY_GOLD","is_daily":false,"chose_seed":false,"campfire_upgraded":9,"win_rate":0.0,"timestamp":1612367416,"path_taken":["M","?","?","?","M","R","M","E","T","R","M","R","$","M","R","BOSS","M","?","M","?","$","R","E","M","T","M","M","M","R","M","R","BOSS","M","?","M","$","?","R","?","M","T","E","M","E","M","E","R","BOSS","R","$","E","BOSS"],"items_purchased_type":["Card","Relic","Relic","Potion","Relic","Card","Potion"],"build_version":"2020-12-22","purchased_purges":2,"victory":true,"max_hp_per_floor":[71,71,71,71,71,71,71,71,71,71,71,71,71,71,71,71,71,71,71,71,71,71,71,76,76,76,76,76,76,76,76,76,76,76,76,76,76,76,76,76,76,76,76,76,76,76,76,76,76,76,76,76,76,76,76],"card_choices":[{"not_picked":["Turbo","Coolheaded"],"picked":"Self Repair","floor":1.0},{"not_picked":["Redo","Gash"],"picked":"Ball Lightning","floor":5.0},{"not_picked":["Amplify","Steam","Static Discharge"],"picked":"SKIP","floor":7.0},{"not_picked":["Streamline","Cold Snap"],"picked":"Defragment","floor":8.0},{"not_picked":["Barrage","Sweeping Beam"],"picked":"Melter","floor":11.0},{"not_picked":["Gash","Loop"],"picked":"Tempest","floor":14.0},{"not_picked":["Hyperbeam","Creative AI"],"picked":"Seek","floor":16.0},{"not_picked":["Genetic Algorithm","Ball Lightning"],"picked":"Coolheaded","floor":18.0},{"not_picked":["Undo+1","Compile Driver","Leap"],"picked":"SKIP","floor":18.0},{"not_picked":["Storm","Auto Shields"],"picked":"BootSequence+1","floor":20.0},{"not_picked":["Streamline","Skim"],"picked":"White Noise+1","floor":20.0},{"not_picked":["Redo","Loop"],"picked":"Conserve Battery","floor":24.0},{"not_picked":["Stack","Gash","Aggregate"],"picked":"SKIP","floor":25.0},{"not_picked":["Aggregate","Streamline","Beam Cell"],"picked":"SKIP","floor":25.0},{"not_picked":["Gash","Meteor Strike","Scrape"],"picked":"SKIP","floor":27.0},{"not_picked":["Go for the Eyes","Barrage","Tempest"],"picked":"SKIP","floor":27.0},{"not_picked":["Cold Snap","Blizzard"],"picked":"Chill","floor":28.0},{"not_picked":["Melter","Barrage","Conserve Battery"],"picked":"SKIP","floor":28.0},{"not_picked":["Reinforced Body+1","Coolheaded"],"picked":"Defragment","floor":29.0},{"not_picked":["Aggregate","Leap","Heatsinks"],"picked":"SKIP","floor":29.0},{"not_picked":["Barrage","Conserve Battery"],"picked":"Capacitor","floor":31.0},{"not_picked":["Gash","Scrape","Stack"],"picked":"SKIP","floor":31.0},{"not_picked":["All For One","Reboot"],"picked":"Echo Form","floor":33.0},{"not_picked":["Go for the Eyes","Fusion"],"picked":"Coolheaded+1","floor":35.0},{"not_picked":["Rebound","Undo"],"picked":"Hologram","floor":35.0},{"not_picked":["Rebound","Redo"],"picked":"Heatsinks+1","floor":37.0},{"not_picked":["Compile Driver+1","Static Discharge"],"picked":"Turbo","floor":37.0},{"not_picked":["Blizzard","Sweeping Beam"],"picked":"White Noise+1","floor":39.0},{"not_picked":["Cold Snap","Chill+1"],"picked":"Conserve Battery+1","floor":39.0},{"not_picked":["Genetic Algorithm+1","Cold Snap"],"picked":"Coolheaded+1","floor":42.0},{"not_picked":["Hologram+1","Turbo+1"],"picked":"Biased Cognition","floor":42.0},{"not_picked":["Conserve Battery+1","Beam Cell"],"picked":"Storm","floor":44.0},{"not_picked":["Melter+1","Auto Shields+1"],"picked":"Glacier+1","floor":45.0},{"not_picked":["BootSequence+1","Recycle+1","Coolheaded+1"],"picked":"SKIP","floor":45.0},{"not_picked":["Sweeping Beam","Barrage+1"],"picked":"Glacier+1","floor":46.0},{"not_picked":["Barrage","Steam+1"],"picked":"Reboot+1","floor":47.0},{"not_picked":["Skim+1","Sweeping Beam+1","Steam+1"],"picked":"SKIP","floor":47.0},{"not_picked":["Reprogram+1","Self Repair"],"picked":"Hologram+1","floor":48.0},{"not_picked":["Stack+1","Redo+1","Coolheaded+1"],"picked":"SKIP","floor":54}],"player_experience":616951,"relics_obtained":[{"floor":8.0,"key":"Toy Ornithopter"},{"floor":17.0,"key":"Oddly Smooth Stone"},{"floor":17.0,"key":"Meat on the Bone"},{"floor":17.0,"key":"Prayer Wheel"},{"floor":24.0,"key":"StrikeDummy"},{"floor":26.0,"key":"FossilizedHelix"},{"floor":43.0,"key":"Kunai"},{"floor":44.0,"key":"Incense Burner"},{"floor":46.0,"key":"Bag of Marbles"},{"floor":48.0,"key":"Darkstone Periapt"},{"floor":54,"key":"Letter Opener"}],"event_choices":[{"damage_healed":0.0,"max_hp_gain":0.0,"max_hp_loss":0.0,"gold_gain":75.0,"event_name":"betterThird:BetterGoop","player_choice":"Gold","floor":2.0,"gold_loss":0.0,"damage_taken":11.0},{"damage_healed":0.0,"max_hp_gain":0.0,"max_hp_loss":0.0,"gold_gain":0.0,"event_name":"Living Wall","player_choice":"Grow","floor":3.0,"gold_loss":0.0,"damage_taken":0.0,"cards_upgraded":["Zap"]},{"damage_healed":0.0,"max_hp_gain":0.0,"max_hp_loss":0.0,"gold_gain":0.0,"event_name":"Ghosts","player_choice":"Ignored","floor":21.0,"gold_loss":0.0,"damage_taken":0.0},{"damage_healed":0.0,"max_hp_gain":0.0,"max_hp_loss":0.0,"gold_gain":0.0,"event_name":"Upgrade Shrine","player_choice":"Upgraded","floor":36.0,"gold_loss":0.0,"damage_taken":0.0,"cards_upgraded":["Capacitor"]},{"cards_removed":["Strike_B"],"damage_healed":0.0,"max_hp_gain":0.0,"max_hp_loss":0.0,"gold_gain":0.0,"event_name":"Falling","player_choice":"Removed Attack","floor":41.0,"gold_loss":0.0,"damage_taken":0.0}],"is_beta":false,"boss_relics":[{"not_picked":["Sozu","SlaversCollar"],"picked":"Calling Bell"},{"not_picked":["Snecko Eye","Runic Pyramid"],"picked":"Nuclear Battery"}],"items_purged_floors":[4,22],"is_endless":false,"potions_floor_spawned":[8,11,16,18,24,28,29,37,39,44,45],"ascension_level":15}}