{"host":"hm2va3obgs5yv0m7","time":1612333367,"event":{"mods":["AchievementEnabler","Act Like it!","BaseMod","Conspire","Infinite Spire","Marisa（F雨　魔理沙）","Minty Spire (QoL Compilation)","Prisma Mod","Relic Stats","Replay The Spire","Spicy Shops","StSLib","The Animator","The Cursed","The Servant 0.9.4","WarShipGirlsR/战舰少女R mod"],"gold_per_floor":[119,138,213,224,236,236,269,269,269,269,289,313,326,326,326,424,424,439,452,452,452,452,452,452],"floor_reached":23,"language":"ZHS","playtime":1540,"items_purged":["CommonCold"],"score":241,"play_id":"ed6b85e8-b6bd-4e74-8c0f-1fbe8a85b855","local_time":"20210203142247","is_ascension_mode":false,"campfire_choices":[{"data":"PathToVictory","floor":6,"key":"SMITH"},{"data":"Eruption","floor":8,"key":"SMITH"},{"floor":10,"key":"REST"},{"data":"Judgement","floor":10,"key":"SMITH"},{"floor":15,"key":"DIG"}],"circlet_count":0,"master_deck":["Strike_P","Strike_P","Strike_P","Strike_P","Defend_P","Defend_P","Defend_P","Defend_P","Eruption+1","Vigilance","PathToVictory+1","Judgement+1","LessonLearned"],"relics":["Cursed Key","infinitespire:Magic Flask","Damaru","Ornamental Fan","Coffee Dripper","Pocketwatch","Ring of Chaos"],"acts_visited":["Exordium","TheCity"],"potions_floor_usage":[16,16,16,23],"damage_taken":[{"damage":6,"enemies":"Cultist","floor":1,"turns":4},{"damage":5,"enemies":"Small Slimes","floor":2,"turns":3},{"damage":3,"enemies":"Jaw Worm","floor":4,"turns":3},{"damage":3,"enemies":"Red Slaver","floor":5,"turns":4},{"damage":8,"enemies":"Lagavulin","floor":7,"turns":5},{"damage":0,"enemies":"3 Louse","floor":11,"turns":3},{"damage":0,"enemies":"2 Fungi Beasts","floor":13,"turns":1},{"damage":12,"enemies":"Fading Forest","floor":16,"turns":11},{"damage":5,"enemies":"Spheric Guardian","floor":18,"turns":3},{"damage":21,"enemies":"Shell Parasite","floor":19,"turns":6},{"damage":52,"enemies":"Nightmare","floor":23,"turns":9}],"seed_played":"-4120866931759957771","potions_obtained":[{"floor":2,"key":"Fire Potion"},{"floor":5,"key":"Energy Potion"},{"floor":11,"key":"EssenceOfSteel"},{"floor":16,"key":"PowerPotion"}],"is_trial":false,"path_per_floor":["M","M","?","M","M","R","E","R","T","R","M","T","M","?","R","B",null,"M","M","AVR","?","?","NM"],"character_chosen":"WATCHER","items_purchased":[],"campfire_rested":1,"item_purchase_floors":[],"current_hp_per_floor":[66,61,54,51,48,48,40,40,40,61,61,61,61,61,61,61,72,67,46,46,46,46,0,0],"gold":452,"neow_bonus":"BOSS_RELIC","is_daily":false,"chose_seed":false,"campfire_upgraded":3,"win_rate":0.0,"timestamp":1612333367,"path_taken":["M","?","?","?","M","R","E","R","T","R","?","?","?","?","R","BOSS","M","M","AVR","?","?","NM"],"items_purchased_type":[],"build_version":"2020-12-22","purchased_purges":1,"victory":false,"max_hp_per_floor":[72,72,72,72,72,72,72,72,72,72,72,72,72,72,72,72,72,72,72,72,72,72,72,72],"relic_stats":{"counters":[11,52],"Ornamental Fan":[36],"Cursed Key":2,"obtain_stats":[{"Ornamental Fan":15,"Damaru":12,"Ring of Chaos":20,"Coffee Dripper":17,"infinitespire:Magic Flask":7,"PureWater":0,"Cursed Key":0,"Pocketwatch":20},{"Ornamental Fan":7,"Damaru":6,"Ring of Chaos":10,"Coffee Dripper":8,"infinitespire:Magic Flask":5,"PureWater":0,"Cursed Key":0,"Pocketwatch":10},{"Ornamental Fan":23,"Damaru":22,"Ring of Chaos":43,"Coffee Dripper":34,"infinitespire:Magic Flask":19,"PureWater":0,"Cursed Key":0,"Pocketwatch":43}],"Pocketwatch":[9]},"card_choices":[{"not_picked":["JustLucky","Crescendo"],"picked":"PathToVictory","floor":1},{"not_picked":["Replay:Battleflow","Protect","Crescendo"],"picked":"SKIP","floor":2},{"not_picked":["Prostrate","Replay:Vibes","DeceiveReality"],"picked":"SKIP","floor":4},{"not_picked":["Indignation","BowlingBash","WreathOfFlame"],"picked":"SKIP","floor":5},{"not_picked":["Fasting2","Replay:LoomingThreat"],"picked":"Judgement","floor":7},{"not_picked":["Replay:DivineShield","BowlingBash","CutThroughFate"],"picked":"SKIP","floor":11},{"not_picked":["Halt","Fasting2","Protect"],"picked":"SKIP","floor":13},{"not_picked":["DeusExMachina","Establishment"],"picked":"LessonLearned","floor":16},{"not_picked":["Crescendo","Consecrate+1","Prostrate"],"picked":"SKIP","floor":18},{"not_picked":["Collect+1","Protect","Wallop"],"picked":"SKIP","floor":19}],"player_experience":102432,"relics_obtained":[{"floor":7,"key":"infinitespire:Magic Flask"},{"floor":12,"key":"Damaru"},{"floor":15,"key":"Ornamental Fan"}],"event_choices":[{"damage_healed":0,"gold_gain":75,"player_choice":"Touch","damage_taken":7,"max_hp_gain":0,"max_hp_loss":0,"event_name":"FaceTrader","floor":3,"gold_loss":0},{"damage_healed":0,"gold_gain":0,"player_choice":"Leave","damage_taken":0,"max_hp_gain":0,"max_hp_loss":0,"event_name":"conspire:Investor","floor":22,"gold_loss":0}],"is_beta":false,"boss_relics":[{"not_picked":["SlaversCollar","ChewingGum"],"picked":"Coffee Dripper"}],"items_purged_floors":[20],"is_endless":false,"potions_floor_spawned":[2,5,11,16],"killed_by":"Nightmare","ascension_level":0}}