{"host":"ipnf7ktf1pyxq9u3","time":1612331764,"event":{"mods":["Act Like it!","Aspiration","BaseMod","BetterRewards","Conspire","Downfall","Gremlin Mod","Hallownest","Hermit","Hubris","Infinite Spire","Lobotomy","Minty Spire (QoL Compilation)","Reworked Bosses","Shade Mod","Shop Mod","StSLib","The Bug Knight","The Construct","The Cursed","The Forsaken","The Hierophant","The Jungle","The Necromancer"],"gold_per_floor":[109,284,297,297,153,185,185,205,205,232,244,263,288,307,307,403,403,417,417,417,417,435,435,462,462,462,495,153,153,186,198,198,198,198],"floor_reached":33,"language":"ENG","playtime":1408,"items_purged":["Doubt","Strike_G"],"score":365,"play_id":"2a3b2c38-aeb8-4cac-989d-20ae64dc66e7","local_time":"20210203165604","is_ascension_mode":true,"campfire_choices":[{"data":"Poisoned Stab","floor":7,"key":"SMITH"},{"data":"Bouncing Flask","floor":15,"key":"SMITH"},{"data":"Malaise","floor":23,"key":"SMITH"},{"data":"Dash","floor":25,"key":"SMITH"},{"floor":29,"key":"REST"},{"floor":32,"key":"REST"}],"circlet_count":0,"master_deck":["Strike_G","Strike_G","Strike_G","Strike_G","Defend_G","Defend_G","Defend_G","Defend_G","Defend_G","Survivor","Neutralize","Poisoned Stab+1","Backflip","Dash+1","Bane","Bouncing Flask+1","Malaise+1"],"relics":["Ring of the Snake","NeowsBlessing","Darkstone Periapt","aspiration:FrozenJewel","Bag of Preparation","Turnip","conspire:SeveredTorchhead","MutagenicStrength","Enchiridion","Happy Flower","Bronze Scales","infinitespire:Bottled Soul","The Specimen"],"acts_visited":["Exordium","TheCity"],"potions_floor_usage":[10,24],"damage_taken":[{"damage":0,"enemies":"Cultist","floor":1,"turns":1},{"damage":0,"enemies":"2 Louse","floor":3,"turns":1},{"damage":0,"enemies":"Lagavulin","floor":6,"turns":1},{"damage":0,"enemies":"Jaw Worm","floor":8,"turns":4},{"damage":7,"enemies":"Gremlin Nob","floor":10,"turns":5},{"damage":5,"enemies":"Large Slime","floor":11,"turns":7},{"damage":2,"enemies":"2 Fungi Beasts","floor":12,"turns":2},{"damage":12,"enemies":"3 Sentries","floor":13,"turns":7},{"damage":0,"enemies":"Blue Slaver","floor":14,"turns":3},{"damage":19,"enemies":"The Guardian","floor":16,"turns":8},{"damage":0,"enemies":"Shell Parasite","floor":18,"turns":5},{"damage":7,"enemies":"2 Thieves","floor":22,"turns":4},{"damage":8,"enemies":"Slavers","floor":24,"turns":6},{"damage":38,"enemies":"Gremlin Leader","floor":27,"turns":7},{"damage":20,"enemies":"Slavers","floor":30,"turns":6},{"damage":0,"enemies":"Cultist and Chosen","floor":31,"turns":6},{"damage":0,"enemies":"Automaton","floor":33,"turns":3}],"seed_played":"-5576936578636455216","potions_obtained":[{"floor":3,"key":"DistilledChaos"},{"floor":6,"key":"Block Potion"},{"floor":10,"key":"Ancient Potion"},{"floor":11,"key":"GamblersBrew"},{"floor":16,"key":"CultistPotion"},{"floor":30,"key":"EssenceOfSteel"}],"is_trial":false,"path_per_floor":["M","?","M","?","$","E","R","M","T","E","M","M","E","M","R","B",null,"M","?","?","?","M","R","E","R","T","E","$","R","E","M","R","B"],"character_chosen":"THE_SILENT","items_purchased":["Dash","infinitespire:Bottled Soul"],"campfire_rested":2,"item_purchase_floors":[5,28],"current_hp_per_floor":[70,70,70,70,70,70,70,70,70,63,58,56,44,44,44,25,70,70,70,70,54,47,47,39,39,39,1,1,22,2,2,23,23,23],"gold":198,"neow_bonus":"THREE_ENEMY_KILL","is_daily":false,"chose_seed":false,"campfire_upgraded":4,"win_rate":0.0,"timestamp":1612331764,"path_taken":["M","?","M","?","$","E","R","M","T","E","M","M","E","M","R","BOSS","M","?","?","?","M","R","E","R","T","E","$","R","E","M","R","BOSS"],"items_purchased_type":["Card","Relic"],"build_version":"2020-12-22","purchased_purges":2,"victory":false,"max_hp_per_floor":[70,70,70,70,70,70,70,70,70,70,70,70,70,70,70,70,70,70,70,70,70,70,70,70,70,70,70,70,70,70,70,70,70,70],"card_choices":[{"not_picked":["Caltrops","Tactician"],"picked":"Poisoned Stab","floor":1},{"not_picked":["Eviscerate","Crippling Poison"],"picked":"Backflip","floor":3},{"not_picked":["hubris:Counter","Expertise","Dagger Throw"],"picked":"SKIP","floor":6},{"not_picked":["Dagger Throw","Leg Sweep","PiercingWail"],"picked":"SKIP","floor":8},{"not_picked":["Calculated Gamble","Underhanded Strike"],"picked":"Bane","floor":10},{"not_picked":["Quick Slash","Well Laid Plans"],"picked":"Bouncing Flask","floor":11},{"not_picked":["Flying Knee","Backflip","hubris:SlightOfHand"],"picked":"SKIP","floor":12},{"not_picked":["Storm of Steel","Flying Knee","Escape Plan"],"picked":"SKIP","floor":13},{"not_picked":["Dodge and Roll","conspire:PoisonWeapons","Poisoned Stab"],"picked":"SKIP","floor":14},{"not_picked":["Burst","Envenom"],"picked":"Malaise","floor":16},{"not_picked":["Dagger Throw","Blade Dance","Dodge and Roll"],"picked":"SKIP","floor":18},{"not_picked":["Sucker Punch+1","Expertise","Deadly Poison"],"picked":"SKIP","floor":22},{"not_picked":["Skewer+1","Reflex","Backstab"],"picked":"SKIP","floor":24},{"not_picked":["Outmaneuver","conspire:DoublingDagger","Dodge and Roll"],"picked":"SKIP","floor":27},{"not_picked":["Crippling Poison","Underhanded Strike","hubris:TrickCloak+1"],"picked":"SKIP","floor":30},{"not_picked":["Blade Dance+1","Outmaneuver+1","Acrobatics"],"picked":"SKIP","floor":31}],"player_experience":641130,"relics_obtained":[{"floor":6,"key":"Darkstone Periapt"},{"floor":9,"key":"aspiration:FrozenJewel"},{"floor":10,"key":"Bag of Preparation"},{"floor":13,"key":"Turnip"},{"floor":21,"key":"Enchiridion"},{"floor":26,"key":"Happy Flower"},{"floor":27,"key":"Bronze Scales"},{"floor":30,"key":"The Specimen"}],"event_choices":[{"damage_healed":0,"gold_gain":175,"player_choice":"AGREE","damage_taken":0,"max_hp_gain":0,"max_hp_loss":0,"event_name":"Liars Game","floor":2,"gold_loss":0,"cards_obtained":["Doubt"]},{"damage_healed":0,"gold_gain":0,"player_choice":"Inject Mutagens","damage_taken":0,"relics_obtained":["MutagenicStrength"],"max_hp_gain":0,"max_hp_loss":0,"event_name":"Drug Dealer","floor":19,"gold_loss":0},{"damage_healed":0,"gold_gain":0,"player_choice":"Ignored","damage_taken":0,"max_hp_gain":0,"max_hp_loss":0,"event_name":"Vampires","floor":20,"gold_loss":0},{"damage_healed":0,"gold_gain":0,"player_choice":"Obtained Book","damage_taken":16,"max_hp_gain":0,"max_hp_loss":0,"event_name":"Cursed Tome","floor":21,"gold_loss":0}],"is_beta":false,"boss_relics":[{"not_picked":["Astrolabe","Tiny House"],"picked":"conspire:SeveredTorchhead"}],"items_purged_floors":[5,28],"is_endless":false,"potions_floor_spawned":[3,6,10,11,16,18,22,30,31],"killed_by":"Automaton","ascension_level":1}}