{"host":"njruw0b0uprlitpx","time":1612377839,"event":{"mods":["2.2 Compatiblity","Bartender","BaseMod","Better Altar","Better Match","Better Note","Better Sensory Stone","Better Skull","Better Third Choice","BetterRewards","Block Reminder","Colored Map","Colored Powertips","Ekko","Energized Spire","Jedi Mod","Keyboard Shortcuts","Minty Spire (QoL Compilation)","Quick Restart","Rare Cards Sparkle","Relic Stats","Replay The Spire","SacredBarkPlus","Spicy Shops","StSLib","SuperFastMode","The Blackbeard","The Construct","The Dragon Tamer","The Marked","The Mystic"],"gold_per_floor":[111,29,44,58,78,78,109,109,109,148,162,211,20,20,20,20,20,20,20,20,20,20,20,20,20,20,20,91,104,151,162,162,257,257,269,269,289,289,1,33,45,57,69,99,126,149,187,231,243,255],"floor_reached":51,"language":"ENG","playtime":2070,"items_purged":["ekkoTheBoyWhoShatteredTime:Defend","ekkoTheBoyWhoShatteredTime:Defend","ekkoTheBoyWhoShatteredTime:Strike","Delirium"],"score":1591,"play_id":"8c9b3152-23ef-4ffc-8e0a-0558c1dba184","local_time":"20210203124359","is_ascension_mode":true,"campfire_choices":[{"data":"ekkoTheBoyWhoShatteredTime:HauntingGuise","floor":6.0,"key":"SMITH"},{"data":"ekkoTheBoyWhoShatteredTime:URF","floor":8,"key":"SMITH"},{"data":"ekkoTheBoyWhoShatteredTime:ParallelConvergence","floor":15,"key":"SMITH"},{"data":"jedi:cleanse","floor":23,"key":"SMITH"},{"data":"ekkoTheBoyWhoShatteredTime:Discharge","floor":25,"key":"SMITH"},{"floor":32,"key":"REST"},{"floor":41,"key":"REST"},{"floor":49,"key":"REST"}],"circlet_count":0,"master_deck":["ekkoTheBoyWhoShatteredTime:Strike+1","ekkoTheBoyWhoShatteredTime:Strike","ekkoTheBoyWhoShatteredTime:Strike","ekkoTheBoyWhoShatteredTime:TimeMaster","ekkoTheBoyWhoShatteredTime:NeedlesslyLargeRod","ekkoTheBoyWhoShatteredTime:Leap","ekkoTheBoyWhoShatteredTime:URF+1","ekkoTheBoyWhoShatteredTime:HextechProtobelt+1","ekkoTheBoyWhoShatteredTime:TrinityForce","ekkoTheBoyWhoShatteredTime:WideSlice","ekkoTheBoyWhoShatteredTime:Dash","jedi:cleanse+1","jedi:forcepush","HandOfGreed","ekkoTheBoyWhoShatteredTime:CommittedStrike","ekkoTheBoyWhoShatteredTime:ParallelConvergence+1","ekkoTheBoyWhoShatteredTime:NeedlesslyLargeRod","ekkoTheBoyWhoShatteredTime:SneakHit","ekkoTheBoyWhoShatteredTime:FeelIt","ekkoTheBoyWhoShatteredTime:Confident","ekkoTheBoyWhoShatteredTime:HauntingGuise+1","ekkoTheBoyWhoShatteredTime:Periocharge+1","ekkoTheBoyWhoShatteredTime:ItemsAfterimage+1","ekkoTheBoyWhoShatteredTime:WaitForKeyTiming+1","ekkoTheBoyWhoShatteredTime:ProjectPreference","ekkoTheBoyWhoShatteredTime:AcademyAttraction+1","ekkoTheBoyWhoShatteredTime:Dash+1","ekkoTheBoyWhoShatteredTime:CommittedStrike","ekkoTheBoyWhoShatteredTime:Process+1","ekkoTheBoyWhoShatteredTime:Discharge+1","ekkoTheBoyWhoShatteredTime:ParallelConvergence+1","Corruption+1","J.A.X.+1","ekkoTheBoyWhoShatteredTime:ItemsAfterimage+1","ekkoTheBoyWhoShatteredTime:ComeAtMe+1","ekkoTheBoyWhoShatteredTime:Overflow+1","ekkoTheBoyWhoShatteredTime:FeelIt","ekkoTheBoyWhoShatteredTime:GrandeFinale","ekkoTheBoyWhoShatteredTime:VelocityConsuming+1","ekkoTheBoyWhoShatteredTime:PulsefirePooling+1","ekkoTheBoyWhoShatteredTime:NeedlesslyLargeRod+1","AscendersBane","ekkoTheBoyWhoShatteredTime:Unleashed+1","ekkoTheBoyWhoShatteredTime:Greed","ekkoTheBoyWhoShatteredTime:Dash+1","ekkoTheBoyWhoShatteredTime:WideSlice+1","ekkoTheBoyWhoShatteredTime:PlayTheBeat+1","ekkoTheBoyWhoShatteredTime:AfterimageDualStroke"],"relics":["ekkoTheBoyWhoShatteredTime:zDriveResonance","BargainBundle","Thread and Needle","Orrery","jedi:Pinwheel","Oddly Smooth Stone","Replay:WaspNest","ReplayTheSpireMod:ShopPack","Torii","InkBottle","Toxic Egg 2","ekkoTheBoyWhoShatteredTime:ResonanceReceiver","jedi:ominousloannote","Pen Nib","Sozu","Whetstone","Bag of Preparation","jedi:kaleidoscope","Guide Book","Tiny Chest","Replay:Grab Bag","energizedSpire:RedRose","Busted Crown","Kintsugi","ReplayTheSpireMod:CursedCoin","HandDrill","MawBank","Replay:Bottled Snecko","Mirror","jedi:arcanewood"],"acts_visited":["Exordium","TheCity","TheBeyond"],"potions_floor_usage":[16,16,33,50],"damage_taken":[{"damage":0.0,"enemies":"Small Slimes","floor":1.0,"turns":4.0},{"damage":0.0,"enemies":"Cultist","floor":3.0,"turns":3.0},{"damage":1.0,"enemies":"Jaw Worm","floor":4.0,"turns":2.0},{"damage":0.0,"enemies":"Lots of Slimes","floor":5.0,"turns":3.0},{"damage":1.0,"enemies":"Replay:BlueRogue","floor":7.0,"turns":4.0},{"damage":1,"enemies":"Blue Slaver","floor":10,"turns":3},{"damage":1,"enemies":"Exordium Thugs","floor":11,"turns":4},{"damage":2,"enemies":"3 Sentries","floor":12,"turns":4},{"damage":0,"enemies":"2 Fungi Beasts","floor":14,"turns":4},{"damage":13,"enemies":"Hexaghost","floor":16,"turns":4},{"damage":0,"enemies":"Chosen","floor":18,"turns":3},{"damage":0,"enemies":"3 Byrds","floor":22,"turns":4},{"damage":0,"enemies":"Gremlin Leader","floor":24,"turns":4},{"damage":0,"enemies":"Replay:Snechameleon","floor":27,"turns":2},{"damage":13,"enemies":"Centurion and Healer","floor":29,"turns":3},{"damage":1,"enemies":"Gremlin Leader","floor":30,"turns":2},{"damage":0,"enemies":"Snake Plant","floor":31,"turns":2},{"damage":28,"enemies":"Collector","floor":33,"turns":5},{"damage":9,"enemies":"3 Darklings","floor":35,"turns":3},{"damage":13,"enemies":"3 Shapes","floor":37,"turns":2},{"damage":1,"enemies":"Nemesis","floor":40,"turns":3},{"damage":17,"enemies":"Transient","floor":44,"turns":5},{"damage":5,"enemies":"Writhing Mass","floor":45,"turns":3},{"damage":0,"enemies":"Maw","floor":46,"turns":3},{"damage":12,"enemies":"R_Hoarder","floor":47,"turns":5},{"damage":21,"enemies":"4 Shapes","floor":48,"turns":4},{"damage":19,"enemies":"Time Eater","floor":50,"turns":3}],"seed_played":"-6827077819666893583","potions_obtained":[{"floor":5.0,"key":"ColorlessPotion"},{"floor":11,"key":"DuplicationPotion"},{"floor":12,"key":"Adrenaline Potion"}],"is_trial":false,"path_per_floor":["M","?","M","M","M","R","E","R","T","M","M","E","$","M","R","B",null,"M","$","?","?","M","R","E","R","T","E","$","M","E","M","R","B",null,"M","?","M","?","$","E","R","T","T","M","M","M","E","M","R","B",null],"character_chosen":"EKKO_THE_BOY_WHO_SHATTERED_TIME","items_purchased":["BargainBundle","Orrery","ekkoTheBoyWhoShatteredTime:NeedlesslyLargeRod","ekkoTheBoyWhoShatteredTime:WideSlice","ekkoTheBoyWhoShatteredTime:Dash","jedi:Pinwheel","DuplicationPotion","ColorlessPotion","Oddly Smooth Stone","Replay:WaspNest","ReplayTheSpireMod:ShopPack","ekkoTheBoyWhoShatteredTime:CommittedStrike","ekkoTheBoyWhoShatteredTime:ParallelConvergence","PowerPotion","ekkoTheBoyWhoShatteredTime:NeedlesslyLargeRod","ekkoTheBoyWhoShatteredTime:SneakHit","jedi:ominousloannote","ekkoTheBoyWhoShatteredTime:AcademyAttraction","Pen Nib","ekkoTheBoyWhoShatteredTime:Dash+1","ekkoTheBoyWhoShatteredTime:CommittedStrike","Guide Book","ReplayTheSpireMod:CursedCoin","ekkoTheBoyWhoShatteredTime:Greed","ekkoTheBoyWhoShatteredTime:Dash+1","HandDrill"],"campfire_rested":3,"item_purchase_floors":[0,0,0,0,0,0,0,0,0,0,0,0,0,0,0,0,13,13,13,13,13,28,39,39,39,39],"current_hp_per_floor":[70,70,70,69,69,69,68,68,68,67,66,64,64,64,64,51,71,71,71,71,71,71,71,71,71,71,71,71,58,57,57,78,50,71,62,62,49,49,49,48,71,71,71,54,49,49,37,18,41,22],"gold":267,"neow_bonus":"","is_daily":false,"chose_seed":false,"campfire_upgraded":5,"win_rate":0.0,"timestamp":1612377839,"path_taken":["M","?","?","M","M","R","E","R","T","?","M","E","$","M","R","BOSS","M","$","?","?","M","R","E","R","T","E","?","M","E","M","R","BOSS","M","?","?","?","$","E","R","?","T","M","?","M","E","M","R","BOSS"],"items_purchased_type":["Relic","Relic","Card","Card","Card","Relic","Potion","Potion","Relic","Relic","Relic","Card","Card","Potion","Card","Card","Relic","Card","Relic","Card","Card","Relic","Relic","Card","Card","Relic"],"build_version":"2020-12-22","purchased_purges":4,"victory":true,"max_hp_per_floor":[78,78,78,78,78,78,78,78,78,78,78,78,78,78,78,78,78,78,78,78,78,78,78,78,78,78,78,78,78,78,78,78,78,78,78,78,78,78,78,78,78,78,78,78,78,78,78,78,78,78],"relic_stats":{"Sozu":17,"Busted Crown":16,"Torii":31,"counters":[62,206],"Tiny Chest":1,"Pen Nib":[33],"Bag of Preparation":[28],"HandDrill":[8],"Whetstone":["ekkoTheBoyWhoShatteredTime:HextechProtobelt","ekkoTheBoyWhoShatteredTime:Strike"],"MawBank":132,"obtain_stats":[{"Ice Cream":24,"Golden Egg":43,"Replay:Accelerometer":49,"Gremlin Horn":43,"Whetstone":39,"construct:ClockworkPhoenix":0,"HollowMod:StagPassRelic":6,"Ring of Searing":31,"Centennial Puzzle":43,"DollysMirror":29,"Prayer Wheel":0,"Replay:Bottled Flurry":44,"HandDrill":39,"Kunai":7,"HollowMod:PaleOreRelic":9,"Replay:Wax Seal":48,"Happy Flower":4,"ReplayTheSpireMod:CursedCoin":45,"Replay:Grab Bag":17,"HollowMod:JonisBlessing":4,"Oddly Smooth Stone":14,"Pen Nib":8,"Question Card":26,"jedi:heavyjacket":45,"Replay:Baseball":26,"energizedSpire:NeverEndingSparkler":34,"Pandora\u0027s Box":17,"ReplayTheSpireMod:DimensionalGlitch":34,"Mirror":43,"Meat on the Bone":3,"Mango":39,"theForsaken:Lifeblossom":0,"StoneCalendar":37,"jedi:Pinwheel":43,"jedi:archwizardhat":3,"ClockworkSouvenir":5,"Replay:Rubber Ducky":9,"energizedSpire:CursedPentagram":17,"Mummified Hand":47,"Pantograph":27,"Genji_Glove":11,"jedi:matchstick":30,"energizedSpire:HugeHouse":17,"Chemical X":37,"Replay:Bottled Snecko":42,"Ring of Panic":31,"BargainBundle":0,"construct:ClawGrip":17,"Lee\u0027s Waffle":44,"ReplayTheSpireMod:Ninjato":0,"The Courier":10,"jedi:crownofsimplicity":45,"Medical Kit":37,"MawBank":40,"White Beast Statue":0,"Anchor":29,"Turnip":41,"Garlic":43,"Membership Card":0,"jedi:arcanewood":4,"FossilizedHelix":38,"TungstenRod":0},{"Ice Cream":30,"Golden Egg":40,"Replay:Accelerometer":54,"Gremlin Horn":52,"Whetstone":38,"construct:ClockworkPhoenix":0,"HollowMod:StagPassRelic":20,"Ring of Searing":9,"Centennial Puzzle":46,"DollysMirror":33,"Prayer Wheel":17,"Replay:Bottled Flurry":41,"HandDrill":55,"Kunai":3,"HollowMod:PaleOreRelic":21,"Replay:Wax Seal":16,"Happy Flower":18,"ReplayTheSpireMod:CursedCoin":41,"Replay:Grab Bag":25,"HollowMod:JonisBlessing":18,"Oddly Smooth Stone":24,"Pen Nib":21,"Question Card":31,"jedi:heavyjacket":47,"Replay:Baseball":9,"energizedSpire:NeverEndingSparkler":10,"Pandora\u0027s Box":5,"ReplayTheSpireMod:DimensionalGlitch":36,"Mirror":56,"Meat on the Bone":1,"Mango":13,"theForsaken:Lifeblossom":17,"StoneCalendar":38,"jedi:Pinwheel":13,"jedi:archwizardhat":18,"ClockworkSouvenir":2,"Replay:Rubber Ducky":3,"energizedSpire:CursedPentagram":25,"Mummified Hand":48,"Pantograph":32,"Genji_Glove":4,"jedi:matchstick":34,"energizedSpire:HugeHouse":25,"Chemical X":11,"Replay:Bottled Snecko":56,"Ring of Panic":9,"BargainBundle":17,"construct:ClawGrip":25,"Lee\u0027s Waffle":46,"ReplayTheSpireMod:Ninjato":17,"The Courier":4,"jedi:crownofsimplicity":41,"Medical Kit":11,"MawBank":56,"White Beast Statue":17,"Anchor":33,"Turnip":39,"Garlic":52,"Membership Card":17,"jedi:arcanewood":18,"FossilizedHelix":12,"TungstenRod":17},{"Ice Cream":92,"Golden Egg":126,"Replay:Accelerometer":174,"Gremlin Horn":168,"Whetstone":121,"construct:ClockworkPhoenix":0,"HollowMod:StagPassRelic":59,"Ring of Searing":29,"Centennial Puzzle":146,"DollysMirror":103,"Prayer Wheel":50,"Replay:Bottled Flurry":131,"HandDrill":180,"Kunai":8,"HollowMod:PaleOreRelic":63,"Replay:Wax Seal":45,"Happy Flower":52,"ReplayTheSpireMod:CursedCoin":131,"Replay:Grab Bag":77,"HollowMod:JonisBlessing":52,"Oddly Smooth Stone":71,"Pen Nib":63,"Question Card":96,"jedi:heavyjacket":148,"Replay:Baseball":29,"energizedSpire:NeverEndingSparkler":34,"Pandora\u0027s Box":18,"ReplayTheSpireMod:DimensionalGlitch":117,"Mirror":183,"Meat on the Bone":2,"Mango":40,"theForsaken:Lifeblossom":50,"StoneCalendar":121,"jedi:Pinwheel":40,"jedi:archwizardhat":52,"ClockworkSouvenir":4,"Replay:Rubber Ducky":8,"energizedSpire:CursedPentagram":77,"Mummified Hand":150,"Pantograph":100,"Genji_Glove":12,"jedi:matchstick":106,"energizedSpire:HugeHouse":77,"Chemical X":36,"Replay:Bottled Snecko":183,"Ring of Panic":29,"BargainBundle":50,"construct:ClawGrip":77,"Lee\u0027s Waffle":146,"ReplayTheSpireMod:Ninjato":50,"The Courier":12,"jedi:crownofsimplicity":131,"Medical Kit":36,"MawBank":183,"White Beast Statue":50,"Anchor":103,"Turnip":123,"Garlic":168,"Membership Card":50,"jedi:arcanewood":52,"FossilizedHelix":38,"TungstenRod":50}],"InkBottle":[39]},"card_choices":[{"not_picked":["ekkoTheBoyWhoShatteredTime:LichBane","ekkoTheBoyWhoShatteredTime:TimeRecall"],"picked":"ekkoTheBoyWhoShatteredTime:NeedlesslyLargeRod","floor":0.0},{"not_picked":["ekkoTheBoyWhoShatteredTime:TimeRecall","ekkoTheBoyWhoShatteredTime:HauntedAfterimage"],"picked":"ekkoTheBoyWhoShatteredTime:Leap","floor":0.0},{"not_picked":["ekkoTheBoyWhoShatteredTime:Timewinder","ekkoTheBoyWhoShatteredTime:CommittedStrike"],"picked":"ekkoTheBoyWhoShatteredTime:URF","floor":0.0},{"not_picked":["ekkoTheBoyWhoShatteredTime:MotivateCrowds","ekkoTheBoyWhoShatteredTime:SneakHit"],"picked":"ekkoTheBoyWhoShatteredTime:HextechProtobelt","floor":0.0},{"not_picked":["ekkoTheBoyWhoShatteredTime:AfterimageHit","ekkoTheBoyWhoShatteredTime:NeedlesslyLargeRod"],"picked":"ekkoTheBoyWhoShatteredTime:TrinityForce","floor":0.0},{"not_picked":["Mayhem","Transmutation"],"picked":"jedi:cleanse","floor":0.0},{"not_picked":["Replay:Parry","Mind Blast"],"picked":"jedi:forcepush","floor":0.0},{"not_picked":["ReplayTheSpireMod:Private Reserves","PanicButton"],"picked":"HandOfGreed","floor":0.0},{"not_picked":["ekkoTheBoyWhoShatteredTime:Process","ekkoTheBoyWhoShatteredTime:AfterimageHit"],"picked":"ekkoTheBoyWhoShatteredTime:FeelIt","floor":1.0},{"not_picked":["ekkoTheBoyWhoShatteredTime:Leap","ekkoTheBoyWhoShatteredTime:PhaseDive"],"picked":"ekkoTheBoyWhoShatteredTime:Confident","floor":3.0},{"not_picked":["ekkoTheBoyWhoShatteredTime:HauntedAfterimage","ekkoTheBoyWhoShatteredTime:Backtrack","ekkoTheBoyWhoShatteredTime:AfterimageSetup"],"picked":"SKIP","floor":4.0},{"not_picked":["ekkoTheBoyWhoShatteredTime:WideSlice","ekkoTheBoyWhoShatteredTime:Knowledge"],"picked":"ekkoTheBoyWhoShatteredTime:HauntingGuise","floor":5.0},{"not_picked":["ekkoTheBoyWhoShatteredTime:Timewinder","ekkoTheBoyWhoShatteredTime:MotivateCrowds"],"picked":"ekkoTheBoyWhoShatteredTime:Periocharge","floor":7},{"not_picked":["ekkoTheBoyWhoShatteredTime:TimeRecall+1","ekkoTheBoyWhoShatteredTime:AfterimageHit"],"picked":"ekkoTheBoyWhoShatteredTime:ItemsAfterimage+1","floor":10},{"not_picked":["ekkoTheBoyWhoShatteredTime:HextechProtobelt","ekkoTheBoyWhoShatteredTime:HauntedAfterimage"],"picked":"ekkoTheBoyWhoShatteredTime:WaitForKeyTiming+1","floor":11},{"not_picked":["ekkoTheBoyWhoShatteredTime:SpHit","ekkoTheBoyWhoShatteredTime:CommittedStrike"],"picked":"ekkoTheBoyWhoShatteredTime:ProjectPreference","floor":12},{"not_picked":["ekkoTheBoyWhoShatteredTime:DelayedWork","ekkoTheBoyWhoShatteredTime:HauntingGuise+1"],"picked":"ekkoTheBoyWhoShatteredTime:Process+1","floor":14},{"not_picked":["ekkoTheBoyWhoShatteredTime:CatchUpTime+1","ekkoTheBoyWhoShatteredTime:SandstormSympathy+1"],"picked":"ekkoTheBoyWhoShatteredTime:Discharge","floor":16},{"not_picked":["ekkoTheBoyWhoShatteredTime:AfterimageSetup+1","ekkoTheBoyWhoShatteredTime:PhaseDive+1"],"picked":"ekkoTheBoyWhoShatteredTime:ParallelConvergence+1","floor":18},{"not_picked":["ekkoTheBoyWhoShatteredTime:FeelIt","ekkoTheBoyWhoShatteredTime:AfterimageSetup+1"],"picked":"ekkoTheBoyWhoShatteredTime:ItemsAfterimage+1","floor":22},{"not_picked":["ekkoTheBoyWhoShatteredTime:AfterimageBait+1","ekkoTheBoyWhoShatteredTime:Unchained"],"picked":"ekkoTheBoyWhoShatteredTime:ComeAtMe+1","floor":24},{"not_picked":["ekkoTheBoyWhoShatteredTime:AfterimageHit","ekkoTheBoyWhoShatteredTime:SneakHit+1"],"picked":"ekkoTheBoyWhoShatteredTime:Overflow+1","floor":27},{"not_picked":["ekkoTheBoyWhoShatteredTime:Leap+1","ekkoTheBoyWhoShatteredTime:LoadUp+1"],"picked":"ekkoTheBoyWhoShatteredTime:FeelIt","floor":29},{"not_picked":["ekkoTheBoyWhoShatteredTime:KneeNSwordCombo","ekkoTheBoyWhoShatteredTime:VelocityConsuming+1"],"picked":"ekkoTheBoyWhoShatteredTime:GrandeFinale","floor":30},{"not_picked":["ekkoTheBoyWhoShatteredTime:FeelIt","ekkoTheBoyWhoShatteredTime:CommittedStrike+1"],"picked":"ekkoTheBoyWhoShatteredTime:VelocityConsuming+1","floor":31},{"not_picked":["ekkoTheBoyWhoShatteredTime:GrandeFinale","ekkoTheBoyWhoShatteredTime:Periocharge"],"picked":"ekkoTheBoyWhoShatteredTime:PulsefirePooling+1","floor":33},{"not_picked":[],"picked":"ekkoTheBoyWhoShatteredTime:NeedlesslyLargeRod+1","floor":35},{"not_picked":["ekkoTheBoyWhoShatteredTime:Timewinder"],"picked":"SKIP","floor":37},{"not_picked":[],"picked":"ekkoTheBoyWhoShatteredTime:WideSlice+1","floor":40},{"not_picked":[],"picked":"ekkoTheBoyWhoShatteredTime:PlayTheBeat+1","floor":44},{"not_picked":["ekkoTheBoyWhoShatteredTime:NeedlesslyLargeRod"],"picked":"SKIP","floor":45},{"not_picked":["ekkoTheBoyWhoShatteredTime:WideSlice"],"picked":"SKIP","floor":46},{"not_picked":[],"picked":"ekkoTheBoyWhoShatteredTime:AfterimageDualStroke","floor":47},{"not_picked":["ekkoTheBoyWhoShatteredTime:DodgeTraining+1"],"picked":"SKIP","floor":48}],"player_experience":1550551,"relics_obtained":[{"floor":7,"key":"InkBottle"},{"floor":9,"key":"Toxic Egg 2"},{"floor":12,"key":"ekkoTheBoyWhoShatteredTime:ResonanceReceiver"},{"floor":24,"key":"Whetstone"},{"floor":26,"key":"Bag of Preparation"},{"floor":27,"key":"jedi:kaleidoscope"},{"floor":30,"key":"Tiny Chest"},{"floor":40,"key":"MawBank"},{"floor":42,"key":"Replay:Bottled Snecko"},{"floor":43,"key":"Mirror"},{"floor":47,"key":"jedi:arcanewood"}],"event_choices":[{"damage_healed":0.0,"max_hp_gain":0.0,"max_hp_loss":0.0,"gold_gain":0.0,"event_name":"WeMeetAgain","player_choice":"Paid Gold","floor":2.0,"gold_loss":82.0,"damage_taken":0.0,"relics_obtained":["Torii"]},{"cards_removed":["ekkoTheBoyWhoShatteredTime:URF"],"damage_healed":0,"gold_gain":0,"player_choice":"Take \u0026 Give","damage_taken":0,"max_hp_gain":0,"max_hp_loss":0,"event_name":"betterNote:BetterNote","floor":20,"gold_loss":0,"cards_obtained":["Corruption"]},{"damage_healed":0,"gold_gain":0,"player_choice":"Obtain J.A.X.","damage_taken":0,"max_hp_gain":0,"max_hp_loss":0,"event_name":"Drug Dealer","floor":21,"gold_loss":0,"cards_obtained":["J.A.X."]},{"cards_removed":["Amnesia","Sickly"],"damage_healed":0,"gold_gain":0,"player_choice":"Removed Curses","damage_taken":0,"max_hp_gain":0,"max_hp_loss":0,"event_name":"Fountain of Cleansing","floor":36,"gold_loss":0},{"damage_healed":0,"gold_gain":3,"player_choice":"3","damage_taken":0,"max_hp_gain":0,"max_hp_loss":0,"event_name":"betterStone:BetterStone","floor":38,"gold_loss":0,"cards_obtained":["ekkoTheBoyWhoShatteredTime:Unleashed"]}],"is_beta":false,"boss_relics":[{"not_picked":["Runic Pyramid","energizedSpire:EnergizedDie"],"picked":"Sozu"},{"not_picked":["energizedSpire:OgreHead","ekkoTheBoyWhoShatteredTime:zDriveProject"],"picked":"Replay:Grab Bag"},{"not_picked":["Velvet Choker","energizedSpire:DeadBattery"],"picked":"energizedSpire:RedRose"},{"not_picked":["energizedSpire:StickyHand","jedi:hotpepper"],"picked":"Busted Crown"},{"not_picked":["Pandora\u0027s Box","Snecko Eye"],"picked":"Kintsugi"}],"items_purged_floors":[0,0,13,39],"is_endless":false,"potions_floor_spawned":[4,5,11,12,29,30,31,40,44,45,48],"ascension_level":8}}