{"host":"vyjryxuuuxkt43k4","time":1612362258,"event":{"mods":["AchievementEnabler","BaseMod","Colored Map","DeckTracker","Keyboard Shortcuts","Minty Spire (QoL Compilation)","Permanent Neow","Quick Restart","Rare Cards Sparkle","Relic Stats","StSLib","SuperFastMode","everything is the same but u backflip on backflip"],"gold_per_floor":[109,109,121,141,161,161,161,161,187,202,212,230,230,265,265,368,368,386,566,100,116,126,155,155,184,184,194,207,207,218,232,232,335,335,345,25,374,398,448,479,64,91,138,166,176,176,205,223,223,223,223],"floor_reached":50,"language":"KOR","playtime":3105,"items_purged":["Strike_B","Defend_B","Defend_B"],"score":961,"play_id":"2ed6e8e2-24c4-4378-b02c-1ae946ab634d","local_time":"20210203232418","is_ascension_mode":true,"campfire_choices":[{"data":"Coolheaded","floor":6.0,"key":"SMITH"},{"data":"Dualcast","floor":8.0,"key":"SMITH"},{"data":"Zap","floor":13.0,"key":"SMITH"},{"floor":15.0,"key":"REST"},{"data":"Trip","floor":24.0,"key":"SMITH"},{"data":"Biased Cognition","floor":29.0,"key":"SMITH"},{"floor":32.0,"key":"REST"},{"floor":46.0,"key":"REST"},{"data":"Defragment","floor":49.0,"key":"SMITH"}],"circlet_count":0,"master_deck":["AscendersBane","Defend_B+1","Defend_B","Zap+1","Dualcast+1","Biased Cognition+1","Coolheaded+1","Ball Lightning","Rebound","Auto Shields+1","FTL","Sweeping Beam","Amplify","Electrodynamics","Self Repair+1","Compile Driver+1","Fission+1","Leap+1","Trip+1","Coolheaded","Undo+1","Hologram","Static Discharge+1","Core Surge","Seek","Defragment+1","Glacier","Stack+1","Creative AI","Turbo+1","Impatience","White Noise+1","BootSequence+1","Capacitor+1"],"relics":["Cracked Core","Boot","MealTicket","Astrolabe","War Paint","Anchor","Omamori","Turnip","Art of War","Inserter","Bag of Marbles","Old Coin","Happy Flower","Ice Cream","DataDisk","Strawberry","Regal Pillow","Pen Nib","Oddly Smooth Stone","Smiling Mask"],"acts_visited":["Exordium","TheCity","TheBeyond"],"potions_floor_usage":[50],"damage_taken":[{"damage":10.0,"enemies":"Small Slimes","floor":1.0,"turns":3.0},{"damage":5.0,"enemies":"2 Louse","floor":3.0,"turns":3.0},{"damage":0.0,"enemies":"Cultist","floor":4.0,"turns":3.0},{"damage":15.0,"enemies":"Exordium Thugs","floor":5.0,"turns":5.0},{"damage":6.0,"enemies":"Looter","floor":10.0,"turns":3.0},{"damage":4.0,"enemies":"2 Fungi Beasts","floor":11.0,"turns":3.0},{"damage":11.0,"enemies":"Large Slime","floor":12.0,"turns":5.0},{"damage":6.0,"enemies":"3 Sentries","floor":14.0,"turns":6.0},{"damage":22.0,"enemies":"Slime Boss","floor":16.0,"turns":10.0},{"damage":0.0,"enemies":"Spheric Guardian","floor":18.0,"turns":3.0},{"damage":3.0,"enemies":"Chosen","floor":21.0,"turns":5.0},{"damage":13.0,"enemies":"Centurion and Healer","floor":22.0,"turns":9.0},{"damage":19.0,"enemies":"Slavers","floor":23.0,"turns":2.0},{"damage":23.0,"enemies":"Book of Stabbing","floor":25.0,"turns":6.0},{"damage":27.0,"enemies":"3 Cultists","floor":27.0,"turns":4.0},{"damage":2.0,"enemies":"Chosen and Byrds","floor":28.0,"turns":4.0},{"damage":18.0,"enemies":"Cultist and Chosen","floor":30.0,"turns":5.0},{"damage":14.0,"enemies":"Snake Plant","floor":31.0,"turns":3.0},{"damage":36.0,"enemies":"Champ","floor":33.0,"turns":8.0},{"damage":0.0,"enemies":"3 Darklings","floor":35.0,"turns":2.0},{"damage":47.0,"enemies":"2 Orb Walkers","floor":37.0,"turns":5.0},{"damage":0.0,"enemies":"Mind Bloom Boss Battle","floor":39.0,"turns":9.0},{"damage":31.0,"enemies":"Reptomancer","floor":40.0,"turns":10.0},{"damage":21.0,"enemies":"Giant Head","floor":42.0,"turns":9.0},{"damage":18.0,"enemies":"Reptomancer","floor":44.0,"turns":6.0},{"damage":0.0,"enemies":"Orb Walker","floor":45.0,"turns":3.0},{"damage":33.0,"enemies":"Nemesis","floor":47.0,"turns":9.0},{"damage":0.0,"enemies":"3 Darklings","floor":48.0,"turns":4.0},{"damage":65,"enemies":"Awakened One","floor":50,"turns":5}],"seed_played":"5343954040263676204","potions_obtained":[{"floor":1.0,"key":"Weak Potion"},{"floor":4.0,"key":"EntropicBrew"},{"floor":5.0,"key":"FocusPotion"},{"floor":18.0,"key":"SteroidPotion"},{"floor":21.0,"key":"Regen Potion"},{"floor":28.0,"key":"Explosive Potion"},{"floor":33.0,"key":"SpeedPotion"},{"floor":35.0,"key":"DistilledChaos"},{"floor":40.0,"key":"Dexterity Potion"},{"floor":44.0,"key":"BlessingOfTheForge"}],"is_trial":false,"path_per_floor":["M","?","M","M","M","R","?","R","T","M","M","M","R","E","R","B",null,"M","?","$","M","M","E","R","E","T","M","M","R","M","M","R","B",null,"M","$","?","T","?","E","$","E","T","E","M","R","E","M","R","B"],"character_chosen":"DEFECT","items_purchased":["War Paint","Trip","Anchor","Glacier","Bag of Marbles","SkillPotion","Impatience","Strawberry"],"campfire_rested":3,"item_purchase_floors":[20,20,20,36,36,41,41,41],"current_hp_per_floor":[58,63,58,58,43,43,43,43,43,37,33,22,22,16,37,15,59,69,50,65,72,69,54,54,41,41,24,32,32,34,30,51,25,61,61,73,36,36,46,25,47,36,36,28,28,67,44,54,54,0,0],"gold":223,"neow_bonus":"THREE_RARE_CARDS","is_daily":false,"chose_seed":false,"campfire_upgraded":6,"win_rate":0.0,"timestamp":1612362258,"path_taken":["M","?","M","M","M","R","?","R","T","M","M","M","R","E","R","BOSS","M","?","$","M","M","E","R","E","T","M","M","R","M","?","R","BOSS","M","$","?","?","?","E","$","E","T","E","M","R","E","M","R","BOSS"],"items_purchased_type":["Relic","Card","Relic","Card","Relic","Potion","Card","Relic"],"build_version":"2020-12-22","purchased_purges":3,"victory":false,"max_hp_per_floor":[68,73,73,73,73,73,73,73,73,73,73,73,73,73,73,73,73,73,73,73,73,73,73,73,73,73,73,73,73,73,73,73,73,73,73,73,73,73,73,73,80,80,80,80,80,80,80,80,80,80,80],"relic_stats":{"Regal Pillow":15,"Inserter":[31],"Happy Flower":[18],"counters":[29,152],"Astrolabe":["Self Repair","Compile Driver","Fission"],"Pen Nib":[3],"War Paint":["Defend_B","Auto Shields"],"Boot":[31],"Smiling Mask":0,"MealTicket":42,"Turnip":[6],"Art of War":[25],"obtain_stats":[{"Ice Cream":39,"Regal Pillow":42,"Inserter":34,"Happy Flower":38,"Astrolabe":17,"Oddly Smooth Stone":44,"Pen Nib":43,"Omamori":23,"War Paint":20,"Boot":9,"Smiling Mask":47,"Old Coin":37,"Anchor":20,"DataDisk":40,"Strawberry":41,"MealTicket":14,"Turnip":25,"Art of War":26,"Bag of Marbles":36,"Cracked Core":0},{"Ice Cream":22,"Regal Pillow":24,"Inserter":19,"Happy Flower":21,"Astrolabe":9,"Oddly Smooth Stone":25,"Pen Nib":24,"Omamori":13,"War Paint":10,"Boot":4,"Smiling Mask":27,"Old Coin":21,"Anchor":10,"DataDisk":23,"Strawberry":23,"MealTicket":8,"Turnip":14,"Art of War":14,"Bag of Marbles":20,"Cracked Core":0},{"Ice Cream":106,"Regal Pillow":125,"Inserter":90,"Happy Flower":97,"Astrolabe":41,"Oddly Smooth Stone":131,"Pen Nib":125,"Omamori":60,"War Paint":44,"Boot":14,"Smiling Mask":143,"Old Coin":97,"Anchor":44,"DataDisk":116,"Strawberry":116,"MealTicket":31,"Turnip":66,"Art of War":66,"Bag of Marbles":92,"Cracked Core":0}]},"card_choices":[{"not_picked":["Seek","Fission"],"picked":"Biased Cognition","floor":0.0},{"not_picked":["Storm","Lockon"],"picked":"Coolheaded","floor":1.0},{"not_picked":["Auto Shields","Scrape"],"picked":"Ball Lightning","floor":3.0},{"not_picked":["Ball Lightning","Go for the Eyes"],"picked":"Rebound","floor":4.0},{"not_picked":["Beam Cell","Rebound"],"picked":"Auto Shields","floor":5.0},{"not_picked":["Rebound","Fusion"],"picked":"FTL","floor":10.0},{"not_picked":["Go for the Eyes","Rebound","Beam Cell"],"picked":"SKIP","floor":11.0},{"not_picked":["Scrape","Steam Power"],"picked":"Sweeping Beam","floor":12.0},{"not_picked":["Ball Lightning","Reprogram"],"picked":"Amplify","floor":14.0},{"not_picked":["Amplify","Fission"],"picked":"Electrodynamics","floor":16.0},{"not_picked":["Barrage","White Noise"],"picked":"Leap+1","floor":18.0},{"not_picked":["Rebound","Compile Driver"],"picked":"Coolheaded","floor":21.0},{"not_picked":["Barrage+1","Sweeping Beam"],"picked":"Undo+1","floor":22.0},{"not_picked":["Heatsinks","Compile Driver+1"],"picked":"Hologram","floor":23.0},{"not_picked":["Streamline","Darkness"],"picked":"Static Discharge+1","floor":25.0},{"not_picked":["Gash","Steam","Streamline"],"picked":"SKIP","floor":27.0},{"not_picked":["Gash","Ball Lightning","Go for the Eyes"],"picked":"SKIP","floor":28.0},{"not_picked":["Blizzard","Self Repair","Consume"],"picked":"SKIP","floor":30.0},{"not_picked":["Genetic Algorithm","Turbo"],"picked":"Core Surge","floor":31.0},{"not_picked":["Meteor Strike","Rainbow"],"picked":"Seek","floor":33.0},{"not_picked":["Cold Snap","Reprogram+1"],"picked":"Defragment","floor":35.0},{"not_picked":["Rebound","Coolheaded+1"],"picked":"Stack+1","floor":37.0},{"not_picked":["Cold Snap+1","White Noise"],"picked":"Creative AI","floor":39.0},{"not_picked":["Conserve Battery+1","Stack"],"picked":"Turbo+1","floor":40.0},{"not_picked":["Leap","Stack"],"picked":"White Noise+1","floor":42.0},{"not_picked":["Gash+1","Go for the Eyes"],"picked":"BootSequence+1","floor":44.0},{"not_picked":["Lockon","Glacier","Compile Driver"],"picked":"SKIP","floor":45.0},{"not_picked":["Biased Cognition","Turbo","Steam+1"],"picked":"SKIP","floor":47.0},{"not_picked":["Auto Shields+1","Skim"],"picked":"Capacitor+1","floor":48.0}],"player_experience":670026,"relics_obtained":[{"floor":9.0,"key":"Boot"},{"floor":14.0,"key":"MealTicket"},{"floor":23.0,"key":"Omamori"},{"floor":25.0,"key":"Turnip"},{"floor":26.0,"key":"Art of War"},{"floor":37.0,"key":"Old Coin"},{"floor":38.0,"key":"Happy Flower"},{"floor":39.0,"key":"Ice Cream"},{"floor":40.0,"key":"DataDisk"},{"floor":42.0,"key":"Regal Pillow"},{"floor":43.0,"key":"Pen Nib"},{"floor":44.0,"key":"Oddly Smooth Stone"},{"floor":47.0,"key":"Smiling Mask"}],"event_choices":[{"damage_healed":0.0,"max_hp_gain":5.0,"max_hp_loss":0.0,"gold_gain":0.0,"event_name":"Big Fish","player_choice":"Donut","floor":2.0,"gold_loss":0.0,"damage_taken":0.0},{"damage_healed":0.0,"max_hp_gain":0.0,"max_hp_loss":0.0,"gold_gain":0.0,"event_name":"Liars Game","player_choice":"Ignored","floor":7.0,"gold_loss":0.0,"damage_taken":0.0},{"damage_healed":0.0,"max_hp_gain":0.0,"max_hp_loss":0.0,"gold_gain":180.0,"event_name":"Knowing Skull","player_choice":"GOLD GOLD ","floor":19.0,"potions_obtained":[],"gold_loss":0.0,"damage_taken":19.0,"cards_obtained":[]},{"damage_healed":0.0,"max_hp_gain":0.0,"max_hp_loss":0.0,"gold_gain":0.0,"event_name":"Mysterious Sphere","player_choice":"Fight","floor":37.0,"gold_loss":0.0,"damage_taken":0.0},{"damage_healed":0.0,"max_hp_gain":0.0,"max_hp_loss":0.0,"gold_gain":0.0,"event_name":"MindBloom","player_choice":"Fight","floor":39.0,"gold_loss":0.0,"damage_taken":0.0}],"is_beta":false,"boss_relics":[{"not_picked":["Coffee Dripper","Velvet Choker"],"picked":"Astrolabe"},{"not_picked":["Runic Pyramid","SlaversCollar"],"picked":"Inserter"}],"items_purged_floors":[20,36,41],"is_endless":false,"potions_floor_spawned":[1,4,5,11,18,21,28,33,35,40,44],"killed_by":"Awakened One","ascension_level":11}}