{"host":"vyjryxuuuxkt43k4","time":1612358529,"event":{"mods":["AchievementEnabler","BaseMod","Colored Map","DeckTracker","Keyboard Shortcuts","Minty Spire (QoL Compilation)","Permanent Neow","Quick Restart","Rare Cards Sparkle","Relic Stats","StSLib","SuperFastMode","everything is the same but u backflip on backflip"],"gold_per_floor":[119,139,157,157,157,157,170,170,219,74,104,122,139,152,152,250,250,265,276,33,33,48,48,78,78,158,158,158,176,203,152,152,252,252,262,262,23,35,52,52,69,69,92,142,70,101,111,146,146,146],"floor_reached":51,"language":"KOR","playtime":3319,"items_purged":["Strike_P"],"score":1346,"play_id":"94253172-66a5-4ffa-9f5f-643a685a98a1","local_time":"20210203222209","is_ascension_mode":true,"campfire_choices":[{"data":"Eruption","floor":6.0,"key":"SMITH"},{"data":"Defend_P","floor":8.0,"key":"PURGE"},{"data":"Strike_P","floor":15.0,"key":"PURGE"},{"data":"Defend_P","floor":23.0,"key":"PURGE"},{"data":"Defend_P","floor":28.0,"key":"PURGE"},{"data":"Strike_P","floor":32.0,"key":"PURGE"},{"data":"Establishment","floor":40.0,"key":"PURGE"},{"floor":42.0,"key":"REST"},{"data":"CutThroughFate","floor":49,"key":"PURGE"}],"circlet_count":0,"master_deck":["AscendersBane","Eruption+1","Vigilance","Halt","EmptyBody","MentalFortress","FlurryOfBlows","SignatureMove","Indignation+1","Crescendo+1","TalkToTheHand+1","DeusExMachina","Madness","Madness","Adaptation","Tantrum"],"relics":["PureWater","Bag of Preparation","Peace Pipe","Orichalcum","Potion Belt","Runic Pyramid","Bottled Tornado","Blue Candle","Shuriken","Toy Ornithopter","Fusion Hammer","Yang","Boot","Calipers","Art of War","MealTicket"],"acts_visited":["Exordium","TheCity","TheBeyond"],"potions_floor_usage":[50,50],"damage_taken":[{"damage":0.0,"enemies":"Cultist","floor":1.0,"turns":2.0},{"damage":7.0,"enemies":"2 Louse","floor":2.0,"turns":4.0},{"damage":3.0,"enemies":"Jaw Worm","floor":3.0,"turns":6.0},{"damage":7.0,"enemies":"3 Louse","floor":7.0,"turns":4.0},{"damage":7.0,"enemies":"Gremlin Nob","floor":11.0,"turns":3.0},{"damage":2.0,"enemies":"Red Slaver","floor":12.0,"turns":3.0},{"damage":9.0,"enemies":"2 Fungi Beasts","floor":13.0,"turns":3.0},{"damage":0.0,"enemies":"Gremlin Gang","floor":14.0,"turns":6.0},{"damage":0.0,"enemies":"Slime Boss","floor":16.0,"turns":7.0},{"damage":0.0,"enemies":"Shell Parasite","floor":18.0,"turns":4.0},{"damage":14.0,"enemies":"3 Byrds","floor":19.0,"turns":5.0},{"damage":0.0,"enemies":"3 Cultists","floor":22.0,"turns":4.0},{"damage":10.0,"enemies":"Slavers","floor":24.0,"turns":4.0},{"damage":0.0,"enemies":"Snake Plant","floor":29.0,"turns":3.0},{"damage":35.0,"enemies":"Automaton","floor":33.0,"turns":7.0},{"damage":5.0,"enemies":"3 Shapes","floor":35.0,"turns":3.0},{"damage":11.0,"enemies":"3 Darklings","floor":38.0,"turns":4.0},{"damage":6.0,"enemies":"4 Shapes","floor":39.0,"turns":5.0},{"damage":15.0,"enemies":"Sphere and 2 Shapes","floor":41.0,"turns":4.0},{"damage":0.0,"enemies":"Mind Bloom Boss Battle","floor":44.0,"turns":2.0},{"damage":0.0,"enemies":"Giant Head","floor":46.0,"turns":5.0},{"damage":8.0,"enemies":"3 Darklings","floor":47.0,"turns":3.0},{"damage":0,"enemies":"Nemesis","floor":48,"turns":3},{"damage":0,"enemies":"Time Eater","floor":50,"turns":5}],"seed_played":"7927615982644742656","potions_obtained":[{"floor":1.0,"key":"Swift Potion"},{"floor":12.0,"key":"Fire Potion"},{"floor":13.0,"key":"FearPotion"},{"floor":16.0,"key":"PowerPotion"},{"floor":19.0,"key":"Fire Potion"},{"floor":21.0,"key":"CultistPotion"},{"floor":21.0,"key":"Swift Potion"},{"floor":21.0,"key":"Fruit Juice"},{"floor":22.0,"key":"AttackPotion"},{"floor":33.0,"key":"StancePotion"},{"floor":38.0,"key":"FearPotion"},{"floor":41.0,"key":"LiquidBronze"},{"floor":47.0,"key":"LiquidBronze"}],"is_trial":false,"path_per_floor":["M","M","M","T","?","R","M","R","T","$","E","M","M","M","R","B",null,"M","M","$","?","M","R","E","?","T","?","R","M","T","$","R","B",null,"M","?","$","M","M","R","M","R","T","?","$","E","M","E","R","B",null],"character_chosen":"WATCHER","items_purchased":["MentalFortress","Bottled Tornado","PowerPotion","Yang","Adaptation"],"campfire_rested":1,"item_purchase_floors":[10,20,31,37,45],"current_hp_per_floor":[65,58,55,55,48,48,41,41,41,41,34,32,23,23,23,23,60,60,46,46,46,46,46,36,60,60,60,60,60,60,60,60,30,62,57,48,48,42,36,36,21,42,42,42,42,42,44,44,44,54],"gold":146,"neow_bonus":"RANDOM_COMMON_RELIC","is_daily":false,"chose_seed":false,"campfire_upgraded":1,"win_rate":0.0,"timestamp":1612358529,"path_taken":["M","M","M","?","?","R","M","R","T","$","E","M","?","M","R","BOSS","M","M","$","?","?","R","E","?","T","?","R","?","?","?","R","BOSS","M","?","$","M","M","R","M","R","T","?","$","E","M","E","R","BOSS"],"items_purchased_type":["Card","Relic","Potion","Relic","Card"],"build_version":"2020-12-22","purchased_purges":1,"victory":true,"max_hp_per_floor":[72,72,72,72,72,72,72,72,72,72,72,72,72,72,72,72,72,72,72,72,72,72,72,72,72,72,72,72,72,72,72,72,72,72,72,72,72,72,72,72,72,72,72,72,72,72,77,77,77,77],"relic_stats":{"Peace Pipe":7,"counters":[24,99],"Shuriken":[34],"Blue Candle":[0],"Yang":[108],"MealTicket":0,"Bag of Preparation":[49],"Art of War":[1],"Orichalcum":[24],"Boot":[49],"obtain_stats":[{"Potion Belt":11,"Calipers":44,"Blue Candle":24,"Yang":37,"Bag of Preparation":0,"Orichalcum":9,"Bottled Tornado":20,"Boot":43,"Peace Pipe":4,"Shuriken":26,"MealTicket":48,"Fusion Hammer":34,"Art of War":46,"PureWater":0,"Toy Ornithopter":30,"Runic Pyramid":17},{"Potion Belt":5,"Calipers":20,"Blue Candle":13,"Yang":16,"Bag of Preparation":0,"Orichalcum":4,"Bottled Tornado":11,"Boot":19,"Peace Pipe":3,"Shuriken":13,"MealTicket":23,"Fusion Hammer":15,"Art of War":21,"PureWater":0,"Toy Ornithopter":14,"Runic Pyramid":9},{"Potion Belt":19,"Calipers":83,"Blue Candle":55,"Yang":68,"Bag of Preparation":0,"Orichalcum":16,"Bottled Tornado":47,"Boot":81,"Peace Pipe":12,"Shuriken":55,"MealTicket":94,"Fusion Hammer":65,"Art of War":88,"PureWater":0,"Toy Ornithopter":58,"Runic Pyramid":38}],"Toy Ornithopter":25},"card_choices":[{"not_picked":["SashWhip","FlurryOfBlows"],"picked":"Halt","floor":1.0},{"not_picked":["CutThroughFate","Evaluate"],"picked":"EmptyBody","floor":2.0},{"not_picked":["Wireheading","Worship"],"picked":"CutThroughFate","floor":3.0},{"not_picked":["Indignation","Meditate","EmptyMind"],"picked":"SKIP","floor":7.0},{"not_picked":["Halt","WaveOfTheHand","ReachHeaven"],"picked":"SKIP","floor":11.0},{"not_picked":["EmptyFist","Prostrate"],"picked":"FlurryOfBlows","floor":12.0},{"not_picked":["EmptyFist","EmptyBody","FlyingSleeves"],"picked":"SKIP","floor":13.0},{"not_picked":["Meditate","ReachHeaven"],"picked":"SignatureMove","floor":14.0},{"not_picked":["SpiritShield","Devotion"],"picked":"Establishment","floor":16.0},{"not_picked":["WindmillStrike","ReachHeaven+1"],"picked":"Indignation+1","floor":18.0},{"not_picked":["ReachHeaven","FlyingSleeves"],"picked":"Crescendo+1","floor":19.0},{"not_picked":["FlurryOfBlows","FlyingSleeves","FollowUp"],"picked":"SKIP","floor":22.0},{"not_picked":["FlyingSleeves","FollowUp"],"picked":"TalkToTheHand+1","floor":24.0},{"not_picked":["CarveReality","Wallop+1","Evaluate"],"picked":"SKIP","floor":29.0},{"not_picked":["Establishment","MasterReality"],"picked":"DeusExMachina","floor":33.0},{"not_picked":["EmptyMind+1","Protect+1","JustLucky+1"],"picked":"SKIP","floor":35.0},{"not_picked":["FollowUp","ThirdEye","WindmillStrike+1"],"picked":"SKIP","floor":38.0},{"not_picked":["ForeignInfluence","ConjureBlade","Weave"],"picked":"SKIP","floor":39.0},{"not_picked":["Prostrate+1","Consecrate+1","EmptyBody+1"],"picked":"SKIP","floor":41.0},{"not_picked":["Fasting2+1","SashWhip+1"],"picked":"Tantrum","floor":46.0},{"not_picked":["EmptyFist","ReachHeaven+1","PathToVictory"],"picked":"SKIP","floor":47.0},{"not_picked":["CrushJoints+1","Pray","ClearTheMind"],"picked":"SKIP","floor":48}],"player_experience":666707,"relics_obtained":[{"floor":4.0,"key":"Peace Pipe"},{"floor":9.0,"key":"Orichalcum"},{"floor":11.0,"key":"Potion Belt"},{"floor":24.0,"key":"Blue Candle"},{"floor":26.0,"key":"Shuriken"},{"floor":30.0,"key":"Toy Ornithopter"},{"floor":43.0,"key":"Boot"},{"floor":44.0,"key":"Calipers"},{"floor":46.0,"key":"Art of War"},{"floor":48,"key":"MealTicket"}],"event_choices":[{"cards_removed":["Defend_P"],"damage_healed":0.0,"max_hp_gain":0.0,"max_hp_loss":0.0,"gold_gain":0.0,"event_name":"Golden Wing","player_choice":"Card Removal","floor":5.0,"gold_loss":0.0,"damage_taken":7.0},{"damage_healed":0.0,"max_hp_gain":0.0,"max_hp_loss":0.0,"gold_gain":0.0,"event_name":"Lab","player_choice":"Got Potions","floor":21.0,"gold_loss":0.0,"damage_taken":0.0},{"damage_healed":24.0,"max_hp_gain":0.0,"max_hp_loss":0.0,"gold_gain":0.0,"event_name":"The Library","player_choice":"Heal","floor":25.0,"gold_loss":0.0,"damage_taken":0.0},{"cards_removed":["Strike_P"],"damage_healed":0.0,"max_hp_gain":0.0,"max_hp_loss":0.0,"gold_gain":0.0,"event_name":"Bonfire Elementals","player_choice":"Offered Basic","floor":27.0,"gold_loss":0.0,"damage_taken":0.0},{"damage_healed":0.0,"max_hp_gain":0.0,"max_hp_loss":0.0,"gold_gain":0.0,"event_name":"Winding Halls","player_choice":"Embrace Madness","floor":36.0,"gold_loss":0.0,"damage_taken":9.0,"cards_obtained":["Madness","Madness"]},{"damage_healed":0.0,"max_hp_gain":0.0,"max_hp_loss":0.0,"gold_gain":0.0,"event_name":"MindBloom","player_choice":"Fight","floor":44.0,"gold_loss":0.0,"damage_taken":0.0}],"is_beta":false,"boss_relics":[{"not_picked":["Astrolabe","Tiny House"],"picked":"Runic Pyramid"},{"not_picked":["Sozu","Busted Crown"],"picked":"Fusion Hammer"}],"items_purged_floors":[10],"is_endless":false,"potions_floor_spawned":[1,12,13,16,19,22,33,38,41,47],"ascension_level":11}}