{"host":"qmnyg5dk1o6rw6mz","time":1612360079,"event":{"mods":["2.2 Compatiblity","AchievementEnabler","Act Like it!","Aspiration","Astrologer","BaseMod","Beaked The Cultist","Better Altar","Better Match","Better Note","Better Sensory Stone","Better Skull","Better Third Choice","Better Vampires","Block Reminder","CapriCore","Challenge The Spire","ChefMod","Colored Map","Colored Powertips","Conspire","Defuse TimeMaze Blight","Disable Question Mark Monsters","Displayed Cursed Tome","Downfall","Energized Spire","Gensokyo","GifTheSpireLib","Hermit","Highlight Path","Hubris","Infinite Spire","Jedi Mod","Marisa¡]Ãú«B¡@Å]²z¨F¡^","Minty Spire (QoL Compilation)","Monster B Gone","Pale of the Ancients","Permanent Neow","Quick Restart","Reimu¡]³Õ???¡^","Relic Filter","Reliquary","Replay The Spire","StSLib","Synergy Search","The Blue Laboratory","The Construct","The Cursed","The Dragon Tamer","The Gatherer","The Poker Player","The Runesmith","The Showman","Unceasing Turn Reminder","Wide Potions","thorton"],"gold_per_floor":[99,115,115,115,131,156,205,225,125,144,162,192,292,362,373,469,469,469,488,508,758,774,774,774,774],"floor_reached":23,"language":"ENG","playtime":1005,"items_purged":[],"score":305,"play_id":"2a9d8ac8-c00c-49b5-89f8-568bcee43c98","local_time":"20210203214759","is_ascension_mode":false,"campfire_choices":[{"data":"Slimebound:Tackle","floor":1,"key":"SMITH"},{"data":"Slimebound:AcidTongue","floor":9,"key":"SMITH"},{"data":"Slimebound:WasteNot","floor":18,"key":"SMITH"}],"circlet_count":0,"master_deck":["Slimebound:Strike_Slimebound","Slimebound:Strike_Slimebound","Slimebound:Strike_Slimebound","Slimebound:Tackle+1","Slimebound:Defend_Slimebound","Slimebound:Defend_Slimebound","Slimebound:Defend_Slimebound","Slimebound:Defend_Slimebound","Slimebound:Split","Slimebound:CorrosiveSpit+1","Slimebound:ItLooksTasty+1","Slimebound:Gluttony","Slimebound:MegaLick","Slimebound:AcidTongue+1","Slimebound:TongueLash","Slimebound:WasteNot+1","Slimebound:SpikyOuterGoop","Slimebound:SamplingLick","Slimebound:Gluttony","Slimebound:DouseInSlime","Slimebound:Nibble+1","Slimebound:LeechEnergy"],"relics":["Slimebound:AbsorbEndCombat","hubris:Towel","reliquary:ExpiredCoupon","Runesmith:AutoHammer","downfall:HeartBlessingGreen","aspiration:StickyExplosives","downfall:CloakOfManyFaces","CultistMask","FaceOfCleric","NlothsMask","GremlinMask","SsserpentHead","Slimebound:TarBlob"],"acts_visited":["Exordium","TheCity"],"potions_floor_usage":[11,13,16,19,19],"damage_taken":[{"damage":0,"enemies":"Small Slimes","floor":2,"turns":3},{"damage":0,"enemies":"conspire:RoseBush","floor":5,"turns":3},{"damage":27,"enemies":"Gremlin Nob","floor":6,"turns":4},{"damage":0,"enemies":"Cultist","floor":8,"turns":3},{"damage":15,"enemies":"2 Fungi Beasts","floor":10,"turns":3},{"damage":7,"enemies":"Exordium Thugs","floor":11,"turns":3},{"damage":18,"enemies":"Lagavulin","floor":12,"turns":5},{"damage":22,"enemies":"downfall:FaceTrader","floor":13,"turns":6},{"damage":2,"enemies":"conspire:2 RoseBushes","floor":14,"turns":4},{"damage":5,"enemies":"Large Slime","floor":15,"turns":5},{"damage":16,"enemies":"WA_ARCHETYPE_RETAIN","floor":16,"turns":5},{"damage":4,"enemies":"Spheric Guardian","floor":19,"turns":4},{"damage":0,"enemies":"Chosen","floor":20,"turns":3},{"damage":1,"enemies":"conspire:HollyBat","floor":22,"turns":5},{"damage":81,"enemies":"Nightmare","floor":23,"turns":5}],"seed_played":"1778037143463008887","potions_obtained":[{"floor":5,"key":"Regen Potion"},{"floor":8,"key":"Swift Potion"},{"floor":10,"key":"blueLaboratory:FruitPunch"},{"floor":13,"key":"MagicPotion:ReiMu"},{"floor":15,"key":"SteroidPotion"},{"floor":16,"key":"blueLaboratory:FruitPunch"}],"is_trial":false,"path_per_floor":["R","M","?","?","M","E","T","M","R","M","M","E","?","M","M","B",null,"R","M","M","?","M","NM"],"character_chosen":"SLIMEBOUND","items_purchased":[],"campfire_rested":0,"item_purchase_floors":[],"current_hp_per_floor":[65,65,65,65,65,44,44,48,48,39,38,28,29,34,38,31,70,70,73,74,74,75,0,0,0],"gold":774,"neow_bonus":"UPGRADE_CARD","is_daily":false,"chose_seed":false,"campfire_upgraded":3,"win_rate":0.0,"timestamp":1612360079,"path_taken":["R","M","?","?","?","E","T","M","R","M","M","E","?","?","M","BOSS","R","M","M","?","M","NM"],"items_purchased_type":[],"build_version":"2020-12-22","purchased_purges":0,"victory":false,"max_hp_per_floor":[65,65,65,65,65,65,65,65,65,65,67,67,67,68,69,70,70,70,73,74,74,75,75,75,75],"card_choices":[{"not_picked":["Slimebound:SplitMire","Slimebound:LivingWall"],"picked":"Slimebound:ItLooksTasty","floor":2},{"not_picked":["Slimebound:SamplingLick","Slimebound:PressTheAttack"],"picked":"Slimebound:Gluttony","floor":5},{"not_picked":["Slimebound:SplitMire","Slimebound:Schlurp"],"picked":"Slimebound:MegaLick","floor":6},{"not_picked":["Slimebound:LivingWall","Slimebound:GoopSpray"],"picked":"Slimebound:AcidTongue","floor":8},{"not_picked":["Slimebound:Prepare","Slimebound:ComboTackle","Slimebound:DisruptingSlam"],"picked":"SKIP","floor":10},{"not_picked":["Slimebound:ViciousTackle","Slimebound:SplitAcid"],"picked":"Slimebound:TongueLash","floor":11},{"not_picked":["Slimebound:PressTheAttack","Slimebound:Prepare"],"picked":"Slimebound:WasteNot","floor":12},{"not_picked":["Slimebound:ComboTackle","Slimebound:SplitMire"],"picked":"Slimebound:SpikyOuterGoop","floor":13},{"not_picked":["Slimebound:SplitBruiser","Slimebound:Overexert"],"picked":"Slimebound:SamplingLick","floor":14},{"not_picked":["Slimebound:FormOfPuddle","Slimebound:GoopSpray"],"picked":"Slimebound:Gluttony","floor":15},{"not_picked":["Slimebound:DuplicatedForm","Slimebound:PrepareCrush"],"picked":"Slimebound:DouseInSlime","floor":16},{"not_picked":["Slimebound:SlimeSpikes+1","Slimebound:Gluttony"],"picked":"Slimebound:Nibble+1","floor":19},{"not_picked":["Slimebound:PressTheAttack+1","Slimebound:Grow"],"picked":"Slimebound:LeechEnergy","floor":20},{"not_picked":["Slimebound:Teamwork","Slimebound:DivideAndConquer","Slimebound:ItLooksTasty"],"picked":"SKIP","floor":22}],"player_experience":229913,"relics_obtained":[{"floor":6,"key":"reliquary:ExpiredCoupon"},{"floor":7,"key":"Runesmith:AutoHammer"},{"floor":12,"key":"aspiration:StickyExplosives"},{"floor":13,"key":"downfall:CloakOfManyFaces"}],"event_choices":[{"damage_healed":0,"gold_gain":0,"player_choice":"Forge","damage_taken":0,"max_hp_gain":0,"max_hp_loss":0,"event_name":"Accursed Blacksmith","floor":4,"gold_loss":0,"cards_upgraded":["Slimebound:ItLooksTasty"]}],"is_beta":false,"boss_relics":[{"not_picked":["aspiration:RunicSpoon","SacredBark"],"picked":"Slimebound:TarBlob"}],"items_purged_floors":[],"is_endless":false,"potions_floor_spawned":[5,8,10,13,15,16],"killed_by":"Nightmare","ascension_level":0}}