{"host":"l84l8xigz5v5foa2","time":1612334087,"event":{"mods":["2.2 Compatiblity","AchievementEnabler","BaseMod","Better Note","Better Vampires","BetterRewards","Card Filter","Colored Map","DeckTracker","Downfall","Gremlin Skip","Highlight Path","Keyboard Shortcuts","Minty Spire (QoL Compilation)","Permanent Neow","Quick Restart","Relic Filter","Relic Stats","StSLib","SuperFastMode","Transform Curses","Unknown Chances"],"gold_per_floor":[116,136,154,79,79,79,79,79],"floor_reached":6,"language":"ENG","playtime":143,"items_purged":["hexamod:Strike"],"score":72,"play_id":"c6281918-22a4-4daa-9dbd-52b5bcc2c79d","local_time":"20210203153447","is_ascension_mode":true,"campfire_choices":[],"circlet_count":0,"master_deck":["AscendersBane","hexamod:Strike","hexamod:Strike","hexamod:Strike","hexamod:Defend","hexamod:Defend","hexamod:Defend","hexamod:Sear","hexamod:Float","Madness","hexamod:PhantomFireball","hexamod:SpectersWail"],"relics":["hexamod:SpiritBrand"],"acts_visited":["Exordium"],"potions_floor_usage":[2,2,3,6],"damage_taken":[{"damage":3,"enemies":"2 Louse","floor":1,"turns":4},{"damage":2,"enemies":"Small Slimes","floor":2,"turns":2},{"damage":7,"enemies":"Jaw Worm","floor":3,"turns":2},{"damage":51,"enemies":"Gremlin Nob","floor":6,"turns":4}],"seed_played":"-7226280370925982155","potions_obtained":[{"floor":1,"key":"EntropicBrew"},{"floor":2,"key":"SkillPotion"}],"is_trial":false,"path_per_floor":["M","M","M","$","?","E"],"character_chosen":"THE_SPIRIT","items_purchased":[],"campfire_rested":0,"item_purchase_floors":[],"current_hp_per_floor":[54,52,45,45,38,0,0,0],"gold":79,"neow_bonus":"RANDOM_COLORLESS","is_daily":false,"chose_seed":false,"campfire_upgraded":0,"win_rate":0.0,"timestamp":1612334087,"path_taken":["M","M","M","$","?","E"],"items_purchased_type":[],"build_version":"2020-12-22","purchased_purges":1,"victory":false,"max_hp_per_floor":[63,63,63,63,63,63,63,63],"relic_stats":{"counters":[4,12],"obtain_stats":[{"hexamod:SpiritBrand":0},{"hexamod:SpiritBrand":0},{"hexamod:SpiritBrand":0}]},"card_choices":[{"not_picked":["Dramatic Entrance","Jack Of All Trades"],"picked":"Madness","floor":0},{"not_picked":["hexamod:SuperheatedStrike","hexamod:FlamesFromBeyond"],"picked":"hexamod:PhantomFireball","floor":1},{"not_picked":["hexamod:PowerFromBeyond","hexamod:BacktrackSmack"],"picked":"hexamod:SpectersWail","floor":2},{"not_picked":["hexamod:GhostLash","hexamod:PhantomCloak","hexamod:Again"],"picked":"SKIP","floor":3}],"player_experience":3528786,"relics_obtained":[],"event_choices":[{"cards_removed":["hexamod:Defend"],"damage_healed":0,"gold_gain":0,"player_choice":"Card Removal","damage_taken":7,"max_hp_gain":0,"max_hp_loss":0,"event_name":"Golden Wing","floor":5,"gold_loss":0}],"is_beta":false,"boss_relics":[],"items_purged_floors":[4],"is_endless":false,"potions_floor_spawned":[1,2],"killed_by":"Gremlin Nob","ascension_level":20}}