{"host":"5fpb1gzflhq9886n","time":1612314936,"event":{"mods":["AchievementEnabler","BaseMod","Colored Map","Colored Powertips","Minty Spire (QoL Compilation)","Permanent Neow"],"gold_per_floor":[112,112,122,135,153,153,183,198,223,255,255,330,330,349,349,449,449,463,463,463,463,463,463,463],"floor_reached":23,"language":"ENG","playtime":1422,"items_purged":[],"score":299,"play_id":"ca5067f5-f38e-4c13-a129-57220f931474","local_time":"20210202201536","is_ascension_mode":true,"campfire_choices":[{"data":"Flame Barrier","floor":6.0,"key":"SMITH"},{"data":"Bash","floor":11.0,"key":"SMITH"},{"floor":13.0,"key":"RECALL"},{"data":"Dark Embrace","floor":15.0,"key":"SMITH"}],"circlet_count":0,"master_deck":["Defend_R","Defend_R","Defend_R","Defend_R","Bash+1","Rampage","Fire Breathing","Bash","Perfected Strike","Flame Barrier+1","Thunderclap","Warcry","Ghostly Armor","Anger","Dark Embrace+1","Fiend Fire","Headbutt","Ghostly","Ghostly","Ghostly","Ghostly","Ghostly","Decay","Bite","Bite","Bite","Bite","Bite"],"relics":["Burning Blood","Magic Flower","Meat on the Bone","Happy Flower","Ancient Tea Set","Velvet Choker","Toy Ornithopter"],"acts_visited":["Exordium","TheCity"],"potions_floor_usage":[],"damage_taken":[{"damage":11.0,"enemies":"Jaw Worm","floor":1.0,"turns":4.0},{"damage":6.0,"enemies":"Cultist","floor":3.0,"turns":4.0},{"damage":0.0,"enemies":"Small Slimes","floor":4.0,"turns":3.0},{"damage":26.0,"enemies":"Blue Slaver","floor":5.0,"turns":4.0},{"damage":28.0,"enemies":"Lagavulin","floor":7.0,"turns":5.0},{"damage":17.0,"enemies":"3 Louse","floor":8.0,"turns":4.0},{"damage":14.0,"enemies":"3 Sentries","floor":10.0,"turns":6.0},{"damage":7.0,"enemies":"Looter","floor":14.0,"turns":3.0},{"damage":48.0,"enemies":"The Guardian","floor":16.0,"turns":11.0},{"damage":33,"enemies":"2 Thieves","floor":18,"turns":5},{"damage":37,"enemies":"Slavers","floor":23,"turns":4}],"seed_played":"4344875500316260831","potions_obtained":[{"floor":1.0,"key":"Block Potion"},{"floor":3.0,"key":"BlessingOfTheForge"},{"floor":4.0,"key":"BlessingOfTheForge"},{"floor":7.0,"key":"Fruit Juice"},{"floor":8.0,"key":"Block Potion"}],"is_trial":false,"path_per_floor":["M","?","M","M","M","R","E","M","T","E","R","?","R","M","R","B",null,"M","?","?","?","?","E"],"character_chosen":"IRONCLAD","items_purchased":[],"campfire_rested":0,"item_purchase_floors":[],"current_hp_per_floor":[70,70,72,72,55,55,41,51,51,64,64,53,53,55,55,34,66,60,38,38,38,26,0,0],"gold":463,"neow_bonus":"ONE_RARE_RELIC","is_daily":false,"chose_seed":false,"campfire_upgraded":3,"win_rate":0.0,"timestamp":1612314936,"path_taken":["M","?","?","M","M","R","E","M","T","E","R","?","R","M","R","BOSS","M","?","?","?","?","E"],"items_purchased_type":[],"build_version":"2020-12-22","purchased_purges":0,"victory":false,"max_hp_per_floor":[72,72,72,72,72,72,77,77,77,77,77,77,77,77,77,77,77,77,38,38,38,26,26,26],"card_choices":[{"not_picked":["Havoc","True Grit"],"picked":"Rampage","floor":1.0},{"not_picked":["Clothesline","Shrug It Off"],"picked":"Perfected Strike","floor":3.0},{"not_picked":["Bloodletting","Twin Strike"],"picked":"Flame Barrier","floor":4.0},{"not_picked":["Body Slam","Havoc"],"picked":"Thunderclap","floor":5.0},{"not_picked":["Clothesline","Shrug It Off"],"picked":"Warcry","floor":7.0},{"not_picked":["Twin Strike","Infernal Blade"],"picked":"Ghostly Armor","floor":8.0},{"not_picked":["Body Slam","Barricade"],"picked":"Anger","floor":10.0},{"not_picked":["Reckless Charge","Havoc"],"picked":"Dark Embrace","floor":14.0},{"not_picked":["Berserk","Limit Break"],"picked":"Fiend Fire","floor":16.0},{"not_picked":["Blood for Blood","Intimidate"],"picked":"Headbutt","floor":18}],"player_experience":784956,"relics_obtained":[{"floor":7.0,"key":"Meat on the Bone"},{"floor":9.0,"key":"Happy Flower"},{"floor":10.0,"key":"Ancient Tea Set"}],"event_choices":[{"damage_healed":0.0,"max_hp_gain":0.0,"max_hp_loss":0.0,"gold_gain":0.0,"event_name":"Match and Keep!","player_choice":"2 cards matched","floor":2.0,"gold_loss":0.0,"damage_taken":0.0,"cards_obtained":["Fire Breathing","Bash"]},{"damage_healed":0.0,"max_hp_gain":0.0,"max_hp_loss":0.0,"gold_gain":75.0,"event_name":"World of Goop","player_choice":"Gather Gold","floor":12.0,"gold_loss":0.0,"damage_taken":11.0},{"damage_healed":0,"gold_gain":0,"player_choice":"Became a Ghost","damage_taken":0,"max_hp_gain":0,"max_hp_loss":39,"event_name":"Ghosts","floor":19,"gold_loss":0,"cards_obtained":["Ghostly","Ghostly","Ghostly","Ghostly","Ghostly"]},{"damage_healed":0,"gold_gain":0,"player_choice":"Smashed Altar","damage_taken":0,"max_hp_gain":0,"max_hp_loss":0,"event_name":"Forgotten Altar","floor":20,"gold_loss":0,"cards_obtained":["Decay"]},{"damage_healed":0,"gold_gain":0,"player_choice":"Opened","damage_taken":0,"relics_obtained":["Toy Ornithopter"],"max_hp_gain":0,"max_hp_loss":0,"event_name":"The Mausoleum","floor":21,"gold_loss":0},{"damage_healed":0,"gold_gain":0,"player_choice":"Became a vampire","damage_taken":0,"max_hp_gain":0,"max_hp_loss":12,"event_name":"Vampires","floor":22,"gold_loss":0,"cards_obtained":["Bite","Bite","Bite","Bite","Bite"]}],"is_beta":false,"boss_relics":[{"not_picked":["Busted Crown","Runic Dome"],"picked":"Velvet Choker"}],"items_purged_floors":[],"is_endless":false,"potions_floor_spawned":[1,3,4,7,8],"killed_by":"Slavers","ascension_level":5}}