{"host":"2lwi2ixq0ydygjd0","time":1612317627,"event":{"mods":["BaseMod","Colored Powertips","Downfall","Friendly Minions","Minty Spire (QoL Compilation)","StSLib"],"gold_per_floor":[99,112,125,135,135,155,228,243,272,272,172,272,272,286,304,405,405,405,405],"floor_reached":17,"language":"ZHS","playtime":1232,"items_purged":[],"score":184,"play_id":"feeb82cd-105d-4527-9860-2f2792e84c12","local_time":"20210202210027","is_ascension_mode":false,"campfire_choices":[{"floor":1.0,"key":"RECALL"},{"floor":11,"key":"REST"},{"data":"bronze:GetLatest","floor":13,"key":"SMITH"}],"circlet_count":0,"master_deck":["bronze:Strike","bronze:Strike","bronze:Strike","bronze:Strike","bronze:Defend","bronze:Defend","bronze:Defend","bronze:Defend","bronze:Replicate","bronze:Goto","bronze:ChosenStrike","bronze:OilSpill","bronze:DelayedGuard","bronze:Flail","bronze:DelayedSlice","bronze:GetLatest+1","bronze:DelayedSlice","bronze:Branch","bronze:Return","bronze:HardenedForm"],"relics":["bronze:BronzeCore","downfall:BrokenWingStatue","Matryoshka","Bag of Preparation","downfall:HeartBlessingRed","downfall:CloakOfManyFaces","CultistMask","FaceOfCleric","NlothsMask","GremlinMask","SsserpentHead","SlaversCollar"],"acts_visited":["Exordium","TheCity"],"potions_floor_usage":[9,12,16,16],"damage_taken":[{"damage":1.0,"enemies":"Cultist","floor":2.0,"turns":4.0},{"damage":10,"enemies":"Small Slimes","floor":3,"turns":4},{"damage":0,"enemies":"2 Louse","floor":4,"turns":3},{"damage":6,"enemies":"2 Fungi Beasts","floor":6,"turns":3},{"damage":18,"enemies":"Exordium Thugs","floor":8,"turns":4},{"damage":12,"enemies":"3 Sentries","floor":9,"turns":5},{"damage":17,"enemies":"downfall:FaceTrader","floor":12,"turns":6},{"damage":1,"enemies":"Exordium Wildlife","floor":14,"turns":2},{"damage":0,"enemies":"Blue Slaver","floor":15,"turns":1},{"damage":56,"enemies":"DF_ARCHETYPE_STREAMLINE","floor":16,"turns":11}],"seed_played":"-8585607349896550185","potions_obtained":[{"floor":3,"key":"Weak Potion"},{"floor":4,"key":"Fruit Juice"},{"floor":12,"key":"Regen Potion"},{"floor":15,"key":"LiquidBronze"}],"is_trial":false,"path_per_floor":["R","M","M","M","?","M","T","M","E","?","R","?","R","M","M","B",null],"character_chosen":"THE_AUTOMATON","items_purchased":[],"campfire_rested":1,"item_purchase_floors":[],"current_hp_per_floor":[77,76,66,66,66,60,60,42,35,35,59,42,42,42,43,3,85,85,85],"gold":405,"neow_bonus":"TEN_PERCENT_HP_BONUS","is_daily":false,"chose_seed":false,"campfire_upgraded":1,"win_rate":0.0,"timestamp":1612317627,"path_taken":["R","M","?","M","?","M","T","M","E","?","R","?","R","M","M","BOSS"],"items_purchased_type":[],"build_version":"2020-12-22","purchased_purges":0,"victory":false,"max_hp_per_floor":[77,77,77,77,77,77,77,77,82,82,82,82,82,83,84,85,85,85,85],"card_choices":[{"not_picked":["bronze:BugBarrage","bronze:BuggyMess"],"picked":"bronze:ChosenStrike","floor":2.0},{"not_picked":["bronze:BitShift","bronze:ForLoop"],"picked":"bronze:OilSpill","floor":3},{"not_picked":["bronze:BitShift","bronze:FineTuning"],"picked":"bronze:DelayedGuard","floor":4},{"not_picked":["bronze:WhirlingStrike","bronze:Overload"],"picked":"bronze:Flail","floor":6},{"not_picked":["bronze:WildBeam","bronze:Return"],"picked":"bronze:DelayedSlice","floor":8},{"not_picked":["bronze:ThunderWave","bronze:BugBarrage"],"picked":"bronze:GetLatest","floor":9},{"not_picked":["bronze:Iterate","bronze:Overload"],"picked":"bronze:DelayedSlice","floor":12},{"not_picked":["bronze:WildBeam","bronze:Backtrace"],"picked":"bronze:Branch","floor":14},{"not_picked":["bronze:ItsAFeature","bronze:BronzeOrb"],"picked":"bronze:Return","floor":15},{"not_picked":["bronze:Format","bronze:Assembly"],"picked":"bronze:HardenedForm","floor":16}],"player_experience":20378,"relics_obtained":[{"floor":7,"key":"Matryoshka"},{"floor":9,"key":"Bag of Preparation"},{"floor":12,"key":"downfall:CloakOfManyFaces"}],"event_choices":[],"is_beta":false,"boss_relics":[{"not_picked":["Runic Pyramid","Fusion Hammer"],"picked":"SlaversCollar"}],"items_purged_floors":[],"is_endless":false,"potions_floor_spawned":[3,4,12,15],"ascension_level":0}}