{"host":"gfxjwtol062e9znw","time":1612339559,"event":{"mods":["BaseMod","Colored Map","Minty Spire (QoL Compilation)","Rare Cards Sparkle"],"gold_per_floor":[119,119,119,50,65,65,76,76,76,101,101,121,140,44,44,142,142,162,178,197,197,214,243,243,268,268,283,136,136,136,168,168,168,168],"floor_reached":33,"language":"ENG","playtime":1348,"items_purged":["Shame"],"score":356,"play_id":"d8947ae6-9cc3-4bf0-9b8e-e6603016b714","local_time":"20210203190559","is_ascension_mode":true,"campfire_choices":[{"data":"Loop","floor":6.0,"key":"SMITH"},{"data":"Turbo","floor":8.0,"key":"SMITH"},{"floor":11.0,"key":"REST"},{"floor":15,"key":"REST"},{"floor":24,"key":"REST"},{"floor":30,"key":"REST"},{"floor":32,"key":"REST"}],"circlet_count":0,"master_deck":["Strike_B+1","Strike_B","Strike_B","Strike_B","Defend_B","Defend_B","Defend_B","Defend_B","Zap+1","Dualcast+1","Turbo+1","Loop+1","Coolheaded","Cold Snap","Tempest+1","Leap","Leap","Conserve Battery","Multi-Cast","Conserve Battery+1","Doom and Gloom","Go for the Eyes","Melter+1","Decay","Decay","Self Repair","Writhe","Redo"],"relics":["Cracked Core","Emotion Chip","Gremlin Horn","Happy Flower","Cursed Key","Mercury Hourglass","Potion Belt","Whetstone","Pantograph","War Paint","Meat on the Bone"],"acts_visited":["Exordium","TheCity"],"potions_floor_usage":[16,16,23,23,33,33,33],"damage_taken":[{"damage":4.0,"enemies":"Jaw Worm","floor":1.0,"turns":3.0},{"damage":1.0,"enemies":"Cultist","floor":5.0,"turns":3.0},{"damage":5.0,"enemies":"Small Slimes","floor":7.0,"turns":3.0},{"damage":21.0,"enemies":"Gremlin Nob","floor":10.0,"turns":5.0},{"damage":30.0,"enemies":"Gremlin Gang","floor":12.0,"turns":3.0},{"damage":8.0,"enemies":"Looter","floor":13.0,"turns":3.0},{"damage":36,"enemies":"Slime Boss","floor":16,"turns":10},{"damage":4,"enemies":"3 Byrds","floor":18,"turns":4},{"damage":16,"enemies":"Shell Parasite","floor":19,"turns":9},{"damage":4,"enemies":"Centurion and Healer","floor":20,"turns":6},{"damage":2,"enemies":"Cultist and Chosen","floor":22,"turns":5},{"damage":30,"enemies":"Slavers","floor":23,"turns":4},{"damage":0,"enemies":"3 Cultists","floor":27,"turns":3},{"damage":28,"enemies":"Gremlin Leader","floor":31,"turns":6},{"damage":77,"enemies":"Champ","floor":33,"turns":9}],"seed_played":"4984772673034658837","potions_obtained":[{"floor":1.0,"key":"GamblersBrew"},{"floor":13.0,"key":"EssenceOfSteel"},{"floor":16,"key":"SkillPotion"},{"floor":18,"key":"SneckoOil"},{"floor":19,"key":"FearPotion"},{"floor":31,"key":"BlessingOfTheForge"}],"is_trial":false,"path_per_floor":["M","?","?","$","M","R","M","R","T","E","R","M","M","$","R","B",null,"M","M","M","T","M","E","R","T","T","M","$","?","R","E","R","B"],"character_chosen":"DEFECT","items_purchased":["Loop","Conserve Battery","Explosive Potion","DuplicationPotion"],"campfire_rested":5,"item_purchase_floors":[4,14,14,28],"current_hp_per_floor":[50,50,75,75,74,74,69,69,69,48,70,40,32,32,54,18,61,57,41,37,37,35,5,27,27,27,27,27,27,49,28,50,0,0],"gold":168,"neow_bonus":"ONE_RARE_RELIC","is_daily":false,"chose_seed":false,"campfire_upgraded":2,"win_rate":0.0,"timestamp":1612339559,"path_taken":["M","?","?","?","M","R","M","R","T","E","R","M","M","$","R","BOSS","M","M","?","?","M","E","R","?","T","?","$","?","R","E","R","BOSS"],"items_purchased_type":["Card","Card","Potion","Potion"],"build_version":"2020-12-22","purchased_purges":1,"victory":false,"max_hp_per_floor":[75,75,75,75,75,75,75,75,75,75,75,75,75,75,75,75,75,75,75,75,75,75,75,75,75,75,75,75,75,75,75,75,75,75],"card_choices":[{"not_picked":["Static Discharge","Gash"],"picked":"Turbo","floor":1.0},{"not_picked":["Turbo","Capacitor"],"picked":"Coolheaded","floor":5.0},{"not_picked":["Tempest","Steam"],"picked":"Cold Snap","floor":7.0},{"not_picked":["Beam Cell","Stack"],"picked":"Tempest","floor":10.0},{"not_picked":["Go for the Eyes","Barrage"],"picked":"Leap","floor":12.0},{"not_picked":["Go for the Eyes","Core Surge"],"picked":"Leap","floor":13.0},{"not_picked":["Thunder Strike","All For One"],"picked":"Multi-Cast","floor":16},{"not_picked":["Compile Driver","Undo"],"picked":"Conserve Battery+1","floor":18},{"not_picked":["Leap+1","Beam Cell"],"picked":"Doom and Gloom","floor":19},{"not_picked":["Undo+1","Steam+1"],"picked":"Go for the Eyes","floor":20},{"not_picked":["Meteor Strike","Beam Cell","Scrape"],"picked":"SKIP","floor":22},{"not_picked":["Gash","Genetic Algorithm"],"picked":"Melter","floor":23},{"not_picked":["Static Discharge","Streamline"],"picked":"Self Repair","floor":27},{"not_picked":["Sweeping Beam+1","Fusion+1"],"picked":"Redo","floor":31}],"player_experience":72438,"relics_obtained":[{"floor":9.0,"key":"Gremlin Horn"},{"floor":10.0,"key":"Happy Flower"},{"floor":21,"key":"Mercury Hourglass"},{"floor":23,"key":"Potion Belt"},{"floor":25,"key":"Whetstone"},{"floor":26,"key":"Pantograph"},{"floor":31,"key":"Meat on the Bone"}],"event_choices":[{"damage_healed":0.0,"max_hp_gain":0.0,"max_hp_loss":0.0,"gold_gain":0.0,"event_name":"Living Wall","player_choice":"Grow","floor":2.0,"gold_loss":0.0,"damage_taken":0.0,"cards_upgraded":["Dualcast"]},{"damage_healed":25.0,"max_hp_gain":0.0,"max_hp_loss":0.0,"gold_gain":0.0,"event_name":"Big Fish","player_choice":"Banana","floor":3.0,"gold_loss":0.0,"damage_taken":0.0},{"damage_healed":0,"gold_gain":0,"player_choice":"Opened","damage_taken":0,"relics_obtained":["War Paint"],"max_hp_gain":0,"max_hp_loss":0,"event_name":"The Mausoleum","floor":29,"gold_loss":0,"cards_obtained":["Writhe"]}],"is_beta":false,"boss_relics":[{"not_picked":["Runic Pyramid","Sozu"],"picked":"Cursed Key"}],"items_purged_floors":[28],"is_endless":false,"potions_floor_spawned":[1,13,16,18,19,20,31],"killed_by":"Champ","ascension_level":5}}