{"host":"b7j598ve05halrwk","time":1612328908,"event":{"mods":["2.2 Compatiblity","BaseMod","Block Reminder","DeckTracker","Minty Spire (QoL Compilation)","Relic Stats","Slay the Relics Exporter","StSLib","ojb\u0027s Better Paths Mod","ojb\u0027s Info Mod"],"gold_per_floor":[114,39,39,58,58,90,103,128,128,128,153,178,193,193,193,278,278,307,330,40,60,10,36,36,71,95,111,26,26,26,61,61,61,61],"floor_reached":33,"language":"ENG","playtime":1631,"items_purged":["Strike_B","Strike_B"],"score":692,"play_id":"a5cee666-9ccf-4fa9-b626-cb619af0a8f1","local_time":"20210203000828","is_ascension_mode":true,"campfire_choices":[{"data":"Static Discharge","floor":10.0,"key":"SMITH"},{"data":"Go for the Eyes","floor":15.0,"key":"SMITH"},{"data":"Biased Cognition","floor":24.0,"key":"SMITH"},{"data":"Doom and Gloom","floor":29.0,"key":"SMITH"},{"floor":32.0,"key":"REST"}],"circlet_count":0,"master_deck":["AscendersBane","Strike_B","Defend_B","Defend_B","Defend_B","Zap","Dualcast","Static Discharge+1","Go for the Eyes+1","Barrage","Barrage","Auto Shields","Glacier","Biased Cognition+1","FTL","Fusion","Doom and Gloom+1","Dramatic Entrance","Genetic Algorithm","Cold Snap","BootSequence"],"relics":["Cracked Core","NeowsBlessing","Lantern","Singing Bowl","InkBottle","MealTicket","CeramicFish","Smiling Mask","Inserter","Pen Nib","Juzu Bracelet","Oddly Smooth Stone","Shovel"],"acts_visited":["Exordium","TheCity"],"potions_floor_usage":[],"damage_taken":[{"damage":0.0,"enemies":"2 Louse","floor":1.0,"turns":1.0},{"damage":0.0,"enemies":"Small Slimes","floor":4.0,"turns":1.0},{"damage":0.0,"enemies":"Gremlin Nob","floor":6.0,"turns":1.0},{"damage":1.0,"enemies":"Cultist","floor":7.0,"turns":2.0},{"damage":25.0,"enemies":"Lagavulin","floor":8.0,"turns":5.0},{"damage":20.0,"enemies":"3 Sentries","floor":11.0,"turns":4.0},{"damage":0.0,"enemies":"Exordium Wildlife","floor":13.0,"turns":3.0},{"damage":22.0,"enemies":"Hexaghost","floor":16.0,"turns":9.0},{"damage":5.0,"enemies":"Chosen","floor":18.0,"turns":4.0},{"damage":5.0,"enemies":"Spheric Guardian","floor":19.0,"turns":4.0},{"damage":9.0,"enemies":"Snecko","floor":21.0,"turns":6.0},{"damage":15.0,"enemies":"Slavers","floor":23.0,"turns":2.0},{"damage":15.0,"enemies":"Book of Stabbing","floor":25.0,"turns":4.0},{"damage":2.0,"enemies":"Cultist and Chosen","floor":27.0,"turns":6.0},{"damage":25.0,"enemies":"Slavers","floor":31.0,"turns":9.0},{"damage":53,"enemies":"Automaton","floor":33,"turns":6}],"seed_played":"-4440443112060082870","potions_obtained":[{"floor":1.0,"key":"DistilledChaos"},{"floor":6.0,"key":"LiquidMemories"},{"floor":13.0,"key":"SpeedPotion"},{"floor":16.0,"key":"EntropicBrew"},{"floor":21.0,"key":"PowerPotion"},{"floor":25.0,"key":"PotionOfCapacity"},{"floor":27.0,"key":"Explosive Potion"}],"is_trial":false,"path_per_floor":["M","?","?","M","?","E","M","E","T","R","E","T","M","?","R","B",null,"M","M","$","M","$","E","R","E","T","M","?","R","?","E","R","B"],"character_chosen":"DEFECT","items_purchased":["Doom and Gloom","Dramatic Entrance","Genetic Algorithm","Cold Snap"],"campfire_rested":1,"item_purchase_floors":[20,20,20,20],"current_hp_per_floor":[64,64,69,69,69,69,68,43,43,43,23,23,25,25,25,3,59,54,49,64,57,72,59,59,44,44,44,44,44,32,9,34,0,0],"gold":61,"neow_bonus":"THREE_ENEMY_KILL","is_daily":false,"chose_seed":false,"campfire_upgraded":4,"win_rate":0.0,"timestamp":1612328908,"path_taken":["M","?","?","M","?","E","M","E","T","R","E","?","M","?","R","BOSS","M","M","?","M","$","E","R","E","T","M","?","R","?","E","R","BOSS"],"items_purchased_type":["Card","Card","Card","Card"],"build_version":"2020-12-22","purchased_purges":2,"victory":false,"max_hp_per_floor":[71,71,76,76,76,76,76,76,76,76,76,76,78,78,78,78,78,78,78,78,80,80,82,82,82,82,84,84,84,84,86,86,86,86],"relic_stats":{"Inserter":[20],"Shovel":0,"Singing Bowl":10,"counters":[16,67],"CeramicFish":72,"MealTicket":30,"Pen Nib":[3],"Juzu Bracelet":0,"Smiling Mask":75,"obtain_stats":[{"Lantern":6,"Inserter":17,"NeowsBlessing":0,"Singing Bowl":8,"CeramicFish":12,"Oddly Smooth Stone":28,"Pen Nib":23,"Juzu Bracelet":25,"Smiling Mask":14,"Shovel":31,"MealTicket":11,"Cracked Core":0,"InkBottle":9},{"Lantern":3,"Inserter":8,"NeowsBlessing":0,"Singing Bowl":5,"CeramicFish":6,"Oddly Smooth Stone":14,"Pen Nib":12,"Juzu Bracelet":13,"Smiling Mask":7,"Shovel":15,"MealTicket":6,"Cracked Core":0,"InkBottle":5},{"Lantern":3,"Inserter":26,"NeowsBlessing":0,"Singing Bowl":10,"CeramicFish":14,"Oddly Smooth Stone":52,"Pen Nib":42,"Juzu Bracelet":46,"Smiling Mask":17,"Shovel":61,"MealTicket":14,"Cracked Core":0,"InkBottle":10}],"InkBottle":[18]},"card_choices":[{"not_picked":["BootSequence","Leap"],"picked":"Static Discharge","floor":1.0},{"not_picked":["Heatsinks","Tempest"],"picked":"Go for the Eyes","floor":4.0},{"not_picked":["Meteor Strike","Stack"],"picked":"Barrage","floor":6.0},{"not_picked":["Scrape","Go for the Eyes"],"picked":"Barrage","floor":7.0},{"not_picked":["Tempest","Cold Snap"],"picked":"Auto Shields","floor":8.0},{"not_picked":["Rebound","Loop"],"picked":"Glacier","floor":11.0},{"not_picked":["Stack","Chaos","Beam Cell"],"picked":"Singing Bowl","floor":13.0},{"not_picked":["Reboot","Amplify"],"picked":"Biased Cognition","floor":16.0},{"not_picked":["Auto Shields","Sunder"],"picked":"FTL","floor":18.0},{"not_picked":["Beam Cell","Darkness"],"picked":"Fusion","floor":19.0},{"not_picked":["Redo","Steam","Hello World+1"],"picked":"Singing Bowl","floor":21.0},{"not_picked":["Recycle","Stack","Blizzard"],"picked":"Singing Bowl","floor":23.0},{"not_picked":["Ball Lightning","Go for the Eyes"],"picked":"BootSequence","floor":25.0},{"not_picked":["Beam Cell","Leap","Barrage"],"picked":"Singing Bowl","floor":27.0},{"not_picked":["Steam","Chaos","BootSequence"],"picked":"Singing Bowl","floor":31.0}],"player_experience":1104998,"relics_obtained":[{"floor":6.0,"key":"Lantern"},{"floor":8.0,"key":"Singing Bowl"},{"floor":9.0,"key":"InkBottle"},{"floor":11.0,"key":"MealTicket"},{"floor":12.0,"key":"CeramicFish"},{"floor":23.0,"key":"Pen Nib"},{"floor":25.0,"key":"Juzu Bracelet"},{"floor":31.0,"key":"Shovel"}],"event_choices":[{"cards_removed":["Strike_B"],"damage_healed":0.0,"max_hp_gain":0.0,"max_hp_loss":0.0,"gold_gain":0.0,"event_name":"The Cleric","player_choice":"Card Removal","floor":2.0,"gold_loss":75.0,"damage_taken":0.0},{"damage_healed":0.0,"max_hp_gain":5.0,"max_hp_loss":0.0,"gold_gain":0.0,"event_name":"Big Fish","player_choice":"Donut","floor":3.0,"gold_loss":0.0,"damage_taken":0.0},{"damage_healed":0.0,"max_hp_gain":0.0,"max_hp_loss":0.0,"gold_gain":0.0,"cards_transformed":["Defend_B"],"event_name":"Living Wall","player_choice":"Change","floor":5.0,"gold_loss":0.0,"damage_taken":0.0,"cards_obtained":["Rebound"]},{"cards_removed":["Rebound"],"damage_healed":0.0,"max_hp_gain":0.0,"max_hp_loss":0.0,"gold_gain":0.0,"event_name":"WeMeetAgain","player_choice":"Gave Card","floor":14.0,"gold_loss":0.0,"damage_taken":0.0,"relics_obtained":["Smiling Mask"]},{"damage_healed":0.0,"max_hp_gain":0.0,"max_hp_loss":0.0,"gold_gain":0.0,"event_name":"Addict","player_choice":"Obtained Relic","floor":28.0,"gold_loss":85.0,"damage_taken":0.0,"relics_obtained":["Oddly Smooth Stone"]},{"damage_healed":0.0,"max_hp_gain":0.0,"max_hp_loss":0.0,"gold_gain":0.0,"event_name":"Wheel of Change","player_choice":"Damaged","floor":30.0,"gold_loss":0.0,"damage_taken":12.0}],"is_beta":false,"boss_relics":[{"not_picked":["Nuclear Battery","Coffee Dripper"],"picked":"Inserter"}],"items_purged_floors":[20,22],"is_endless":false,"potions_floor_spawned":[1,6,13,16,21,25,27],"killed_by":"Automaton","ascension_level":20}}