{"host":"5raohst9sk3kvp5v","time":1612334014,"event":{"mods":["BaseMod","Colored Powertips","Highlight Path","Minty Spire (QoL Compilation)","Quick Restart","Relic Stats","StSLib"],"gold_per_floor":[112,124,134,59,59,59,103,124,124,124,124],"floor_reached":10,"language":"ENG","playtime":343,"items_purged":[],"score":133,"play_id":"3d7409de-ffb4-4710-a8ff-0743a62e1db2","local_time":"20210203003334","is_ascension_mode":true,"campfire_choices":[{"data":"Zap","floor":6,"key":"SMITH"}],"circlet_count":0,"master_deck":["AscendersBane","Strike_B","Strike_B","Strike_B","Strike_B","Defend_B","Defend_B","Defend_B","Defend_B","Zap+1","Dualcast","Double Energy","Undo","Coolheaded","Capacitor","Fusion","Cold Snap"],"relics":["Cracked Core","NeowsBlessing","Golden Idol","InkBottle"],"acts_visited":["Exordium"],"potions_floor_usage":[7],"damage_taken":[{"damage":0,"enemies":"2 Louse","floor":1,"turns":1},{"damage":0,"enemies":"Small Slimes","floor":2,"turns":1},{"damage":0,"enemies":"Cultist","floor":3,"turns":1},{"damage":7,"enemies":"Lagavulin","floor":7,"turns":8},{"damage":8,"enemies":"Exordium Wildlife","floor":8,"turns":5},{"damage":62,"enemies":"Gremlin Nob","floor":10,"turns":4}],"seed_played":"-124544492475261558","potions_obtained":[{"floor":2,"key":"Fire Potion"}],"is_trial":false,"path_per_floor":["M","M","M","$","?","R","E","M","T","E"],"character_chosen":"DEFECT","items_purchased":["Capacitor"],"campfire_rested":0,"item_purchase_floors":[4],"current_hp_per_floor":[64,64,64,64,64,64,57,49,49,0,0],"gold":124,"neow_bonus":"THREE_ENEMY_KILL","is_daily":false,"chose_seed":false,"campfire_upgraded":1,"win_rate":0.0,"timestamp":1612334014,"path_taken":["M","M","M","$","?","R","E","M","T","E"],"items_purchased_type":["Card"],"build_version":"2020-12-22","purchased_purges":0,"victory":false,"max_hp_per_floor":[71,71,71,71,64,64,64,64,64,64,64],"relic_stats":{"counters":[6,20],"Golden Idol":13,"obtain_stats":[{"NeowsBlessing":0,"Golden Idol":5,"Cracked Core":0,"InkBottle":7},{"NeowsBlessing":0,"Golden Idol":3,"Cracked Core":0,"InkBottle":4},{"NeowsBlessing":0,"Golden Idol":3,"Cracked Core":0,"InkBottle":11}],"InkBottle":[2]},"card_choices":[{"not_picked":["Beam Cell","Undo"],"picked":"Double Energy","floor":1},{"not_picked":["Stack","Gash"],"picked":"Undo","floor":2},{"not_picked":["Barrage","Hologram"],"picked":"Coolheaded","floor":3},{"not_picked":["Sweeping Beam","Stack"],"picked":"Fusion","floor":7},{"not_picked":["Scrape","Steam"],"picked":"Cold Snap","floor":8}],"player_experience":1720998,"relics_obtained":[{"floor":7,"key":"InkBottle"}],"event_choices":[{"damage_healed":0,"gold_gain":0,"player_choice":"Lose Max HP","damage_taken":0,"relics_obtained":["Golden Idol"],"max_hp_gain":0,"max_hp_loss":7,"event_name":"Golden Idol","floor":5,"gold_loss":0}],"is_beta":false,"boss_relics":[],"items_purged_floors":[],"is_endless":false,"potions_floor_spawned":[2],"killed_by":"Gremlin Nob","ascension_level":19}}