{"host":"zsnmfqgcm92hlreo","time":1612326127,"event":{"mods":["AchievementEnabler","Act Like it!","BaseMod","Bestiary","Block Reminder","Colored Map","Colored Powertips","Hermit","Jorbs\u0027s Wanderer Trilogy","Minty Spire (QoL Compilation)","Permanent Neow","Quick Restart","Relic Stats","StSLib","Weighted Paths"],"gold_per_floor":[115,130,150,150,75,103,103,132,132,151,166,166,200,219,219,294,294,308,327,85,85,111,136,154,167,191,203,234,346,383,415,427,514,526,554,373,391,73,87,113,113,123,123,123,133,145,145,145,145,145,145,145],"floor_reached":51,"language":"ENG","playtime":3340,"items_purged":["Strike_G","Strike_G"],"score":1457,"play_id":"0a29069a-4f65-4321-9fba-c472cbfb08f8","local_time":"20210202222207","is_ascension_mode":true,"campfire_choices":[{"floor":7.0,"key":"REST"},{"floor":12.0,"key":"REST"},{"data":"After Image","floor":15.0,"key":"SMITH"},{"data":"Skewer","floor":27,"key":"SMITH"},{"data":"Neutralize","floor":32,"key":"SMITH"},{"data":"1","floor":41,"key":"LIFT"},{"data":"2","floor":44,"key":"LIFT"},{"data":"3","floor":47,"key":"LIFT"},{"floor":49,"key":"RECALL"}],"circlet_count":0,"master_deck":["AscendersBane","Defend_G","Defend_G","Defend_G","Defend_G","Defend_G","Survivor","Neutralize+1","Unload","Masterful Stab","Dash","Backflip","Backflip","Leg Sweep+1","Skewer+1","After Image+1","Deadly Poison+1","Corpse Explosion+1","Deadly Poison+1","Acrobatics+1","After Image+1","Dodge and Roll+1","Slice","Adrenaline+1","Cloak And Dagger+1","Blur+1","Cloak And Dagger+1","Slice","Burst+1","Calculated Gamble+1","Blade Dance+1","Footwork","Deadly Poison+1","Footwork","Acrobatics+1","Cloak And Dagger+1","Caltrops","PiercingWail+1","Calculated Gamble+1","Panache","Chrysalis+1","Transmutation+1"],"relics":["Ring of the Snake","Toxic Egg 2","Oddly Smooth Stone","Pen Nib","Eternal Feather","Meat on the Bone","Philosopher\u0027s Stone","DollysMirror","Enchiridion","Red Mask","Boot","MawBank","CaptainsWheel","StrikeDummy","Tiny Chest","Sozu","OrangePellets","Girya"],"acts_visited":["Exordium","TheCity","TheBeyond"],"potions_floor_usage":[30,33,33,50],"damage_taken":[{"damage":0.0,"enemies":"2 Louse","floor":1.0,"turns":3.0},{"damage":0.0,"enemies":"Small Slimes","floor":2.0,"turns":3.0},{"damage":2.0,"enemies":"Jaw Worm","floor":3.0,"turns":2.0},{"damage":35.0,"enemies":"Lagavulin","floor":6.0,"turns":9.0},{"damage":31.0,"enemies":"3 Sentries","floor":8.0,"turns":20.0},{"damage":2.0,"enemies":"Looter","floor":10.0,"turns":3.0},{"damage":3.0,"enemies":"Large Slime","floor":11.0,"turns":6.0},{"damage":12.0,"enemies":"Gremlin Nob","floor":13.0,"turns":4.0},{"damage":0.0,"enemies":"3 Louse","floor":14.0,"turns":4.0},{"damage":44.0,"enemies":"Slime Boss","floor":16.0,"turns":13.0},{"damage":11.0,"enemies":"Chosen","floor":18.0,"turns":5.0},{"damage":13.0,"enemies":"2 Thieves","floor":19.0,"turns":3.0},{"damage":13.0,"enemies":"Masked Bandits","floor":22.0,"turns":3.0},{"damage":16.0,"enemies":"Book of Stabbing","floor":23.0,"turns":7.0},{"damage":0.0,"enemies":"Centurion and Healer","floor":24.0,"turns":4.0},{"damage":4,"enemies":"3 Cultists","floor":25,"turns":4},{"damage":0,"enemies":"Snake Plant","floor":28,"turns":4},{"damage":1,"enemies":"Colosseum Slavers","floor":29,"turns":3},{"damage":28,"enemies":"Colosseum Nobs","floor":29,"turns":4},{"damage":6,"enemies":"Slavers","floor":30,"turns":5},{"damage":0,"enemies":"Centurion and Healer","floor":31,"turns":6},{"damage":26,"enemies":"Collector","floor":33,"turns":7},{"damage":0,"enemies":"3 Darklings","floor":35,"turns":3},{"damage":0,"enemies":"3 Shapes","floor":37,"turns":3},{"damage":13,"enemies":"Spire Growth","floor":39,"turns":7},{"damage":11,"enemies":"Nemesis","floor":40,"turns":6},{"damage":0,"enemies":"Transient","floor":42,"turns":6},{"damage":0,"enemies":"Writhing Mass","floor":45,"turns":5},{"damage":0,"enemies":"4 Shapes","floor":46,"turns":4},{"damage":43,"enemies":"Awakened One","floor":50,"turns":13},{"damage":48,"enemies":"Time Eater","floor":51,"turns":8}],"seed_played":"8945665583606549538","potions_obtained":[{"floor":2.0,"key":"Ancient Potion"},{"floor":3.0,"key":"EntropicBrew"},{"floor":11.0,"key":"Fire Potion"},{"floor":14.0,"key":"SteroidPotion"},{"floor":16.0,"key":"Poison Potion"},{"floor":18.0,"key":"Fruit Juice"},{"floor":19.0,"key":"CunningPotion"},{"floor":24,"key":"FearPotion"},{"floor":29,"key":"Fire Potion"},{"floor":30,"key":"Energy Potion"},{"floor":33,"key":"ColorlessPotion"}],"is_trial":false,"path_per_floor":["M","M","M","?","?","E","R","E","T","M","M","R","E","M","R","B",null,"M","M","$","?","?","E","M","M","T","R","M","?","E","M","R","B",null,"M","$","M","$","M","E","R","M","T","R","M","M","R","?","R","B","B"],"character_chosen":"THE_SILENT","items_purchased":["DollysMirror","Blade Dance+1","Footwork","Deadly Poison+1","Acrobatics+1","OrangePellets"],"campfire_rested":2,"item_purchase_floors":[20,36,36,36,38,38],"current_hp_per_floor":[59,59,57,52,52,17,35,4,4,2,11,38,26,38,47,15,49,43,42,42,21,20,16,28,36,36,51,51,34,40,40,55,41,59,59,59,59,59,46,35,56,56,56,65,65,65,65,55,65,34,0,0],"gold":145,"neow_bonus":"TRANSFORM_TWO_CARDS","is_daily":false,"chose_seed":false,"campfire_upgraded":3,"win_rate":0.0,"timestamp":1612326127,"path_taken":["M","M","M","?","?","E","R","E","T","M","M","R","E","M","R","BOSS","M","M","$","?","?","E","M","M","T","R","M","?","E","M","R","BOSS","M","$","M","$","M","E","R","M","T","R","M","M","R","?","R","BOSS","BOSS"],"items_purchased_type":["Relic","Card","Card","Card","Card","Relic"],"build_version":"2020-12-22","purchased_purges":2,"victory":false,"max_hp_per_floor":[60,60,60,60,60,60,60,60,60,60,60,60,60,60,60,60,60,65,65,65,65,65,65,65,65,65,65,65,65,65,65,65,65,65,65,65,65,65,65,65,65,65,65,65,65,65,65,65,65,65,65,65],"relic_stats":{"Sozu":3,"OrangePellets":[5],"counters":[31,177],"Eternal Feather":88,"Tiny Chest":0,"Pen Nib":[29],"Boot":[107],"MawBank":120,"obtain_stats":[{"Girya":40,"Oddly Smooth Stone":6,"Enchiridion":21,"Eternal Feather":9,"Pen Nib":8,"Boot":23,"MawBank":26,"Sozu":34,"OrangePellets":38,"CaptainsWheel":29,"DollysMirror":20,"Philosopher\u0027s Stone":17,"Tiny Chest":30,"Red Mask":22,"Toxic Egg 2":4,"StrikeDummy":29,"Ring of the Snake":0,"Meat on the Bone":13},{"Girya":26,"Oddly Smooth Stone":4,"Enchiridion":12,"Eternal Feather":5,"Pen Nib":5,"Boot":14,"MawBank":16,"Sozu":22,"OrangePellets":24,"CaptainsWheel":19,"DollysMirror":12,"Philosopher\u0027s Stone":10,"Tiny Chest":20,"Red Mask":13,"Toxic Egg 2":3,"StrikeDummy":19,"Ring of the Snake":0,"Meat on the Bone":8},{"Girya":141,"Oddly Smooth Stone":17,"Enchiridion":75,"Eternal Feather":37,"Pen Nib":37,"Boot":85,"MawBank":93,"Sozu":122,"OrangePellets":128,"CaptainsWheel":104,"DollysMirror":75,"Philosopher\u0027s Stone":67,"Tiny Chest":109,"Red Mask":78,"Toxic Egg 2":8,"StrikeDummy":104,"Ring of the Snake":0,"Meat on the Bone":50}],"Ring of the Snake":[62],"Meat on the Bone":132},"card_choices":[{"not_picked":["Deadly Poison","Dodge and Roll"],"picked":"Dash","floor":1.0},{"not_picked":["Backstab","Sucker Punch"],"picked":"Backflip","floor":2.0},{"not_picked":["Dagger Spray","Concentrate"],"picked":"Backflip","floor":3.0},{"not_picked":["Dodge and Roll+1","PiercingWail+1"],"picked":"Leg Sweep+1","floor":6.0},{"not_picked":["Deadly Poison+1","Bane"],"picked":"Skewer","floor":8.0},{"not_picked":["Deadly Poison+1","Cloak And Dagger+1"],"picked":"After Image","floor":10.0},{"not_picked":["Sucker Punch","Dash","Escape Plan+1"],"picked":"SKIP","floor":11.0},{"not_picked":["Heel Hook","Flying Knee","Dagger Spray"],"picked":"SKIP","floor":13.0},{"not_picked":["Sucker Punch","Flechettes"],"picked":"Deadly Poison+1","floor":14.0},{"not_picked":["A Thousand Cuts","Venomology+1"],"picked":"Corpse Explosion+1","floor":16.0},{"not_picked":["Deflect+1","Poisoned Stab"],"picked":"Deadly Poison+1","floor":18.0},{"not_picked":["Poisoned Stab","Flechettes"],"picked":"Acrobatics+1","floor":19.0},{"not_picked":["Accuracy+1","Sucker Punch"],"picked":"Dodge and Roll+1","floor":22.0},{"not_picked":["Riddle With Holes","Dagger Throw"],"picked":"Slice","floor":23.0},{"not_picked":["Acrobatics+1","Dagger Throw+1","Terror+1"],"picked":"SKIP","floor":24},{"not_picked":["Heel Hook","Prepared+1"],"picked":"Adrenaline+1","floor":25},{"not_picked":["Dagger Throw","Deflect+1"],"picked":"Cloak And Dagger+1","floor":28},{"not_picked":["Sucker Punch","Prepared+1"],"picked":"Blur+1","floor":29},{"not_picked":["Infinite Blades+1","Bane"],"picked":"Cloak And Dagger+1","floor":30},{"not_picked":["Accuracy","Dagger Spray"],"picked":"Slice","floor":31},{"not_picked":["Die Die Die","Adrenaline+1"],"picked":"Burst+1","floor":33},{"not_picked":["Masterful Stab","Prepared+1"],"picked":"Calculated Gamble+1","floor":35},{"not_picked":["Skewer+1","Acrobatics+1"],"picked":"Footwork","floor":37},{"not_picked":["Sucker Punch","Slice","Dagger Throw"],"picked":"SKIP","floor":39},{"not_picked":["Bouncing Flask+1","Prepared+1"],"picked":"Cloak And Dagger+1","floor":40},{"not_picked":["Finisher","Backflip+1"],"picked":"Caltrops","floor":42},{"not_picked":["Slice","Noxious Fumes"],"picked":"PiercingWail+1","floor":45},{"not_picked":["Well Laid Plans","Dagger Spray"],"picked":"Calculated Gamble+1","floor":46},{"not_picked":["Swift Strike","PanicButton+1"],"picked":"Panache","floor":48},{"not_picked":["Swift Strike","Mayhem"],"picked":"Chrysalis+1","floor":48},{"not_picked":["Flash of Steel","Bandage Up+1"],"picked":"Transmutation+1","floor":48}],"player_experience":995757,"relics_obtained":[{"floor":6.0,"key":"Oddly Smooth Stone"},{"floor":8.0,"key":"Pen Nib"},{"floor":9.0,"key":"Eternal Feather"},{"floor":13.0,"key":"Meat on the Bone"},{"floor":21.0,"key":"Enchiridion"},{"floor":22.0,"key":"Red Mask"},{"floor":23.0,"key":"Boot"},{"floor":26,"key":"MawBank"},{"floor":29,"key":"CaptainsWheel"},{"floor":29,"key":"StrikeDummy"},{"floor":30,"key":"Tiny Chest"},{"floor":40,"key":"Girya"}],"event_choices":[{"damage_healed":0.0,"max_hp_gain":0.0,"max_hp_loss":0.0,"gold_gain":0.0,"event_name":"Scrap Ooze","player_choice":"Success","floor":4.0,"gold_loss":0.0,"damage_taken":5.0,"relics_obtained":["Toxic Egg 2"]},{"cards_removed":["Strike_G"],"damage_healed":0.0,"max_hp_gain":0.0,"max_hp_loss":0.0,"gold_gain":0.0,"event_name":"The Cleric","player_choice":"Card Removal","floor":5.0,"gold_loss":75.0,"damage_taken":0.0},{"damage_healed":0.0,"max_hp_gain":0.0,"max_hp_loss":0.0,"gold_gain":0.0,"event_name":"Cursed Tome","player_choice":"Obtained Book","floor":21.0,"gold_loss":0.0,"damage_taken":21.0},{"damage_healed":0.0,"max_hp_gain":0.0,"max_hp_loss":0.0,"gold_gain":0.0,"event_name":"Masked Bandits","player_choice":"Fought Bandits","floor":22.0,"gold_loss":0.0,"damage_taken":0.0},{"damage_healed":0,"gold_gain":0,"player_choice":"Fight","damage_taken":0,"max_hp_gain":0,"max_hp_loss":0,"event_name":"Colosseum","floor":29,"gold_loss":0},{"damage_healed":0,"gold_gain":0,"player_choice":"Fought Nobs","damage_taken":0,"max_hp_gain":0,"max_hp_loss":0,"event_name":"Colosseum","floor":29,"gold_loss":0},{"damage_healed":0,"gold_gain":0,"player_choice":"Memory 3","damage_taken":10,"max_hp_gain":0,"max_hp_loss":0,"event_name":"SensoryStone","floor":48,"gold_loss":0}],"is_beta":false,"boss_relics":[{"not_picked":["Runic Pyramid","Empty Cage"],"picked":"Philosopher\u0027s Stone"},{"not_picked":["WristBlade","Black Star"],"picked":"Sozu"}],"items_purged_floors":[20,38],"is_endless":false,"potions_floor_spawned":[2,3,8,11,14,16,18,19,24,29,30,33,39,40,42],"killed_by":"Time Eater","ascension_level":20}}