{"host":"2smcgt1ki1qcud40","time":1612352818,"event":{"mods":["BaseMod","Minty Spire (QoL Compilation)"],"gold_per_floor":[109,127,146,164,184,219,234,234,234,234,234],"floor_reached":10,"language":"ENG","playtime":299,"items_purged":[],"score":112,"play_id":"e7343cf7-4b3c-43db-a04a-d398510d4111","local_time":"20210203124658","is_ascension_mode":true,"campfire_choices":[{"data":"Lockon","floor":8,"key":"SMITH"}],"circlet_count":0,"master_deck":["AscendersBane","Strike_B","Strike_B","Strike_B","Strike_B","Defend_B","Defend_B","Defend_B","Defend_B","Zap","Dualcast","Compile Driver","Go for the Eyes","Defragment","Lockon+1","Seek","Self Repair"],"relics":["Cracked Core","NeowsBlessing","Bottled Flame","Smiling Mask"],"acts_visited":["Exordium"],"potions_floor_usage":[10],"damage_taken":[{"damage":0,"enemies":"Jaw Worm","floor":1,"turns":1},{"damage":0,"enemies":"Cultist","floor":2,"turns":1},{"damage":0,"enemies":"2 Louse","floor":3,"turns":1},{"damage":9,"enemies":"Looter","floor":4,"turns":3},{"damage":11,"enemies":"2 Fungi Beasts","floor":5,"turns":3},{"damage":30,"enemies":"Lagavulin","floor":6,"turns":6},{"damage":1,"enemies":"Large Slime","floor":7,"turns":5},{"damage":5,"enemies":"3 Sentries","floor":10,"turns":2}],"seed_played":"851746457912788259","potions_obtained":[{"floor":4,"key":"LiquidBronze"},{"floor":7,"key":"FocusPotion"}],"is_trial":false,"path_per_floor":["M","M","M","M","M","E","M","R","T","E"],"character_chosen":"DEFECT","items_purchased":[],"campfire_rested":0,"item_purchase_floors":[],"current_hp_per_floor":[68,68,68,59,48,18,17,17,17,12,12],"gold":234,"neow_bonus":"THREE_ENEMY_KILL","is_daily":false,"chose_seed":false,"campfire_upgraded":1,"win_rate":0.0,"timestamp":1612352818,"path_taken":["M","M","M","M","M","E","M","R","T","E"],"items_purchased_type":[],"build_version":"2020-12-22","purchased_purges":0,"victory":false,"max_hp_per_floor":[75,75,75,75,75,75,75,75,75,75,75],"card_choices":[{"not_picked":["Coolheaded","Leap"],"picked":"Compile Driver","floor":1},{"not_picked":["Barrage","Gash"],"picked":"Go for the Eyes","floor":2},{"not_picked":["Storm","Rebound"],"picked":"Defragment","floor":3},{"not_picked":["Steam Power","Double Energy"],"picked":"Lockon","floor":4},{"not_picked":["Blizzard","Redo","Hologram"],"picked":"SKIP","floor":5},{"not_picked":["Heatsinks","Sweeping Beam"],"picked":"Seek","floor":6},{"not_picked":["Storm","Reinforced Body"],"picked":"Self Repair","floor":7}],"player_experience":720739,"relics_obtained":[{"floor":6,"key":"Bottled Flame"},{"floor":9,"key":"Smiling Mask"}],"event_choices":[],"is_beta":false,"boss_relics":[],"items_purged_floors":[],"is_endless":false,"potions_floor_spawned":[4,7],"killed_by":"3 Sentries","ascension_level":11}}