{"host":"zlryddw6xv0ljf8b","time":1612391423,"event":{"mods":["AchievementEnabler","BaseMod","Colored Map","Colored Powertips","Highlight Path","Minty Spire (QoL Compilation)","Permanent Neow","Quick Restart","StSLib"],"gold_per_floor":[115,132,57,37,55,84,84,100,177,177,177,197,254,265,265,339,339,350,350,350,350,34,65,65,60,60,70,84,9,19,19,19],"floor_reached":31,"language":"ENG","playtime":2184,"items_purged":[],"score":514,"play_id":"14eacb2a-cda6-4b11-8004-ed814a5d820c","local_time":"20210203163023","is_ascension_mode":true,"campfire_choices":[{"floor":7,"key":"REST"},{"data":"Noxious Fumes","floor":10,"key":"SMITH"},{"floor":15,"key":"REST"},{"floor":24,"key":"REST"}],"circlet_count":0,"master_deck":["AscendersBane","Defend_G+1","Defend_G+1","Defend_G+1","Defend_G+1","Defend_G+1","Survivor","Neutralize","Bullet Time+1","Distraction+1","Cloak And Dagger+1","Noxious Fumes+1","Quick Slash","Setup","All Out Attack","Crippling Poison+1","Acrobatics","PiercingWail","Deflect","Poisoned Stab","Deadly Poison","Footwork","Night Terror","Footwork","PiercingWail","Noxious Fumes","Well Laid Plans","Dodge and Roll","Bouncing Flask","Prepared+1"],"relics":["Astrolabe","Prayer Wheel","Mercury Hourglass","Tiny Chest","Sozu","Turnip","Pantograph","Sundial"],"acts_visited":["Exordium","TheCity"],"potions_floor_usage":[13,16],"damage_taken":[{"damage":0.0,"enemies":"Jaw Worm","floor":1.0,"turns":10.0},{"damage":3.0,"enemies":"Cultist","floor":2.0,"turns":4.0},{"damage":1.0,"enemies":"2 Louse","floor":5.0,"turns":3.0},{"damage":27,"enemies":"Lagavulin","floor":6,"turns":12},{"damage":7,"enemies":"Exordium Wildlife","floor":8,"turns":4},{"damage":0,"enemies":"Looter","floor":12,"turns":4},{"damage":26,"enemies":"Gremlin Nob","floor":13,"turns":4},{"damage":0,"enemies":"2 Fungi Beasts","floor":14,"turns":3},{"damage":20,"enemies":"The Guardian","floor":16,"turns":8},{"damage":0,"enemies":"Chosen","floor":18,"turns":5},{"damage":24,"enemies":"Slavers","floor":23,"turns":5},{"damage":19,"enemies":"2 Thieves","floor":25,"turns":5},{"damage":2,"enemies":"Centurion and Healer","floor":27,"turns":7},{"damage":0,"enemies":"Snecko","floor":28,"turns":4},{"damage":11,"enemies":"Sentry and Sphere","floor":30,"turns":5},{"damage":28,"enemies":"Centurion and Healer","floor":31,"turns":5}],"seed_played":"-8544523652469996240","potions_obtained":[{"floor":1.0,"key":"Explosive Potion"},{"floor":4.0,"key":"CultistPotion"},{"floor":6,"key":"EssenceOfSteel"},{"floor":8,"key":"Poison Potion"}],"is_trial":false,"path_per_floor":["M","M","?","?","M","E","R","M","T","R","?","M","?","M","R","B",null,"M","$","?","?","$","E","R","M","T","M","M","?","M","M"],"character_chosen":"THE_SILENT","items_purchased":["Turnip"],"campfire_rested":3,"item_purchase_floors":[22],"current_hp_per_floor":[59,56,56,56,55,28,47,40,40,40,40,40,14,14,33,13,53,53,53,53,53,53,29,48,29,29,27,27,27,16,0,0],"gold":19,"neow_bonus":"BOSS_RELIC","is_daily":false,"chose_seed":false,"campfire_upgraded":1,"win_rate":0.0,"timestamp":1612391423,"path_taken":["M","M","?","?","M","E","R","?","T","R","?","?","?","M","R","BOSS","M","$","?","?","$","E","R","M","T","M","M","?","M","M"],"items_purchased_type":["Relic"],"build_version":"2020-12-22","purchased_purges":0,"victory":false,"max_hp_per_floor":[66,66,66,66,66,66,66,66,66,66,66,66,66,66,66,66,66,66,66,66,66,66,66,66,66,66,66,66,66,66,66,66],"card_choices":[{"not_picked":["Flechettes","Flying Knee"],"picked":"Noxious Fumes","floor":1.0},{"not_picked":["Predator","Eviscerate"],"picked":"Quick Slash","floor":2.0},{"not_picked":["Slice","Bane"],"picked":"Setup","floor":5.0},{"not_picked":["Dash","Phantasmal Killer"],"picked":"All Out Attack","floor":6},{"not_picked":["Dash","Dagger Spray"],"picked":"Crippling Poison","floor":8},{"not_picked":["Dagger Spray","Flechettes"],"picked":"Acrobatics","floor":8},{"not_picked":["Slice","All Out Attack"],"picked":"PiercingWail","floor":12},{"not_picked":["Underhanded Strike","Skewer"],"picked":"Deflect","floor":12},{"not_picked":["Dodge and Roll","Slice"],"picked":"Poisoned Stab","floor":13},{"not_picked":["Slice","Deflect"],"picked":"Deadly Poison","floor":14},{"not_picked":["Underhanded Strike","Flechettes"],"picked":"Footwork","floor":14},{"not_picked":["Doppelganger","Burst"],"picked":"Night Terror","floor":16},{"not_picked":["Dodge and Roll","Backflip"],"picked":"Footwork","floor":18},{"not_picked":["Dagger Spray","Prepared"],"picked":"PiercingWail","floor":18},{"not_picked":["Underhanded Strike+1","Choke","Masterful Stab"],"picked":"SKIP","floor":23},{"not_picked":["Acrobatics","Quick Slash"],"picked":"Well Laid Plans","floor":25},{"not_picked":["Infinite Blades","Dagger Spray"],"picked":"Dodge and Roll","floor":25},{"not_picked":["Concentrate","Deadly Poison"],"picked":"Bouncing Flask","floor":27},{"not_picked":["Distraction","Dash","Bane"],"picked":"SKIP","floor":27},{"not_picked":["Glass Knife","Underhanded Strike","Prepared"],"picked":"SKIP","floor":28},{"not_picked":["Dash","Infinite Blades","Flying Knee"],"picked":"SKIP","floor":28},{"not_picked":["PiercingWail","Slice"],"picked":"Prepared+1","floor":30},{"not_picked":["Deflect","Bane","Dagger Spray"],"picked":"SKIP","floor":30}],"player_experience":67816,"relics_obtained":[{"floor":6,"key":"Prayer Wheel"},{"floor":9,"key":"Mercury Hourglass"},{"floor":13,"key":"Tiny Chest"},{"floor":23,"key":"Pantograph"},{"floor":26,"key":"Sundial"}],"event_choices":[{"cards_removed":["Strike_G"],"damage_healed":0.0,"max_hp_gain":0.0,"max_hp_loss":0.0,"gold_gain":0.0,"event_name":"The Cleric","player_choice":"Card Removal","floor":3.0,"gold_loss":75.0,"damage_taken":0.0},{"damage_healed":0.0,"max_hp_gain":0.0,"max_hp_loss":0.0,"gold_gain":0.0,"event_name":"The Woman in Blue","player_choice":"Bought 1 Potion","floor":4.0,"gold_loss":0.0,"damage_taken":0.0},{"damage_healed":0,"gold_gain":0,"player_choice":"Forge","damage_taken":0,"max_hp_gain":0,"max_hp_loss":0,"event_name":"Accursed Blacksmith","floor":11,"gold_loss":0,"cards_upgraded":["Crippling Poison"]},{"damage_healed":0,"gold_gain":0,"player_choice":"Searched \u00272\u0027 times","damage_taken":0,"max_hp_gain":0,"max_hp_loss":0,"event_name":"Dead Adventurer","floor":13,"gold_loss":0},{"damage_healed":0,"gold_gain":0,"player_choice":"Read","damage_taken":0,"max_hp_gain":0,"max_hp_loss":0,"event_name":"The Library","floor":20,"gold_loss":0,"cards_obtained":["Noxious Fumes"]},{"damage_healed":0,"gold_gain":0,"player_choice":"Simplicity","damage_taken":0,"max_hp_gain":0,"max_hp_loss":0,"event_name":"Back to Basics","floor":21,"gold_loss":0,"cards_upgraded":["Strike_G","Defend_G","Defend_G","Defend_G","Defend_G","Defend_G"]},{"cards_removed":["Strike_G"],"damage_healed":0,"gold_gain":0,"player_choice":"Gave Gold","damage_taken":0,"max_hp_gain":0,"max_hp_loss":0,"event_name":"Beggar","floor":29,"gold_loss":75}],"is_beta":false,"boss_relics":[{"not_picked":["Calling Bell","Pandora\u0027s Box"],"picked":"Sozu"}],"items_purged_floors":[],"is_endless":false,"potions_floor_spawned":[1,6,8,23,27,30],"killed_by":"Centurion and Healer","ascension_level":20}}