{"host":"la4578xgyusbaxfx","time":1612327474,"event":{"mods":["Act Like it!","BaseMod","Custom Start","Downfall","Hallownest","Infinite Spire","Minty Spire (QoL Compilation)","Replay The Spire","StSLib","[GremlinLeader]The Maniac"],"gold_per_floor":[118,135,135,145,145,145,176,196,219,293,293,312,341,351,351,450,450,462,481,481,45,57,91,122,122,122,37,60,90,107,117,149,149,149,250,250,285,285,285,115,132,132,155,155,182,27,45,45,75,98,98,98],"floor_reached":53,"language":"ZHS","playtime":10021,"items_purged":["champ:Defend","champ:Strike"],"score":1325,"play_id":"12c805b7-391e-4ef7-b775-1cc7a83b03d6","local_time":"20210203124434","daily_mods":["DeadlyEvents"],"is_ascension_mode":true,"campfire_choices":[{"floor":6.0,"key":"REST"},{"floor":11.0,"key":"REST"},{"floor":15.0,"key":"REST"},{"floor":34.0,"key":"REST"},{"data":"champ:StrikeOfGenius","floor":42.0,"key":"SMITH"},{"data":"champ:HoldFirm","floor":44.0,"key":"SMITH"},{"data":"champ:ShieldWall","floor":48.0,"key":"SMITH"},{"floor":51,"key":"REST"}],"circlet_count":0,"master_deck":["champ:Strike","champ:Strike","champ:Defend","champ:Defend","champ:Defend","champ:Execute","champ:Taunt","champ:EnGarde","champ:EndlessRage","champ:RapidStrikes","champ:ViciousMockery","champ:HoldFirm","champ:ViciousMockery","champ:Encircle","champ:StrikeOfGenius+1","champ:Endure+1","champ:BerserkerStyle","champ:ShieldWall+1","champ:MurderStrike","champ:PreemptiveStrike","champ:DefensiveStyle+1","champ:HoldFirm+1","champ:Improvising+1","champ:Improvising+1"],"relics":["champ:ChampionCrown","maniac:BrokenHorn","Dead Branch","Self Forming Clay","Ring of Searing","Blue Doll","Happy Flower","HornCleat","Pen Nib","Philosopher\u0027s Stone","champ:DeflectingBracers","Strawberry","Omamori","Replay:Rubber Ducky","Frozen Egg 2","infinitespire:Lucky Rock","Meat on the Bone","Snecko Eye","infinitespire:EvilPickle","Replay:Bronze Core","Bag of Marbles","Oddly Smooth Stone","PrismaticShard","champ:DefensiveTrainingManual"],"acts_visited":["Exordium","TheCity","TheBeyond"],"potions_floor_usage":[],"damage_taken":[{"damage":19.0,"enemies":"Small Slimes","floor":1.0,"turns":4.0},{"damage":20.0,"enemies":"Cultist","floor":2.0,"turns":5.0},{"damage":30.0,"enemies":"Jaw Worm","floor":4.0,"turns":5.0},{"damage":40.0,"enemies":"Gremlin Nob","floor":7.0,"turns":5.0},{"damage":35.0,"enemies":"2 Fungi Beasts","floor":8.0,"turns":6.0},{"damage":13.0,"enemies":"Blue Slaver","floor":12.0,"turns":3.0},{"damage":10.0,"enemies":"3 Sentries","floor":13.0,"turns":8.0},{"damage":10.0,"enemies":"Large Slime","floor":14.0,"turns":3.0},{"damage":73.0,"enemies":"Slime Boss","floor":16.0,"turns":10.0},{"damage":38.0,"enemies":"2 Thieves","floor":18.0,"turns":4.0},{"damage":31.0,"enemies":"Shell Parasite","floor":19.0,"turns":4.0},{"damage":42.0,"enemies":"Cultist and Chosen","floor":22.0,"turns":5.0},{"damage":34.0,"enemies":"Book of Stabbing","floor":23.0,"turns":4.0},{"damage":34.0,"enemies":"Slavers","floor":24.0,"turns":6.0},{"damage":14.0,"enemies":"Replay:Snechameleon","floor":29.0,"turns":5.0},{"damage":24.0,"enemies":"Sentry and Sphere","floor":30.0,"turns":4.0},{"damage":29.0,"enemies":"Centurion and Healer","floor":31.0,"turns":5.0},{"damage":33.0,"enemies":"Slavers","floor":32.0,"turns":5.0},{"damage":61.0,"enemies":"Pondfish","floor":35.0,"turns":5.0},{"damage":30.0,"enemies":"Orb Walker","floor":37.0,"turns":3.0},{"damage":27.0,"enemies":"3 Shapes","floor":41.0,"turns":3.0},{"damage":32.0,"enemies":"Maw","floor":47.0,"turns":4.0},{"damage":61,"enemies":"Giant Head","floor":49,"turns":5},{"damage":53,"enemies":"Writhing Mass","floor":50,"turns":4},{"damage":40,"enemies":"Donu and Deca","floor":52,"turns":4}],"seed_played":"-1756262542468013329","potions_obtained":[{"floor":1.0,"key":"SneckoOil"},{"floor":8.0,"key":"Elixir"},{"floor":14.0,"key":"ColorlessPotion"}],"is_trial":true,"path_per_floor":["M","M","?","M","?","R","E","M","T","T","R","M","E","M","R","B",null,"M","M","?","$","M","E","E","PTL","PTL","?","T","E","M","M","E","T","R","B",null,"M","AVR","?","$","M","R","T","R","T","$","M","R","E","M","R","B",null],"character_chosen":"THE_CHAMP","items_purchased":["champ:DeflectingBracers","champ:BerserkerStyle","champ:Improvising+1","PrismaticShard"],"campfire_rested":5,"item_purchase_floors":[21,21,40,46],"current_hp_per_floor":[81,76,76,56,56,189,159,139,139,139,272,259,259,259,392,339,418,390,369,369,369,344,345,321,321,321,321,321,317,317,312,303,303,438,408,440,430,430,430,430,420,420,420,420,420,420,405,405,385,370,451,435],"gold":98,"neow_bonus":"","is_daily":false,"chose_seed":false,"campfire_upgraded":3,"win_rate":0.0,"timestamp":1612327474,"path_taken":["M","M","?","?","?","R","E","M","T","?","R","M","?","M","R","BOSS","M","M","?","?","M","E","?","PTL","PTL","?","T","?","M","?","E","?","R","BOSS","M","AVR","?","?","M","R","?","R","T","$","M","R","?","M","R","BOSS"],"items_purchased_type":["Relic","Card","Card","Relic"],"build_version":"2020-12-22","purchased_purges":2,"victory":true,"max_hp_per_floor":[444,444,444,444,444,444,444,444,444,444,444,444,444,444,444,444,444,444,444,444,444,444,451,451,451,451,451,451,451,451,451,451,451,451,451,451,451,451,451,451,451,451,451,451,451,451,451,451,451,451,451,451],"card_choices":[{"not_picked":["champ:Haymaker","champ:GutPunch"],"picked":"champ:EnGarde","floor":1.0},{"not_picked":["champ:Parry","champ:PreciseThrust"],"picked":"champ:EndlessRage","floor":2.0},{"not_picked":["champ:Circumvent","champ:DefensiveShout"],"picked":"champ:RapidStrikes","floor":4.0},{"not_picked":["champ:EnGarde","champ:FlashCut"],"picked":"champ:ViciousMockery","floor":7.0},{"not_picked":["champ:Parry","champ:DefensiveShout"],"picked":"champ:HoldFirm","floor":8.0},{"not_picked":["champ:HeartStrike","champ:CrownThrow"],"picked":"champ:ViciousMockery","floor":12.0},{"not_picked":["champ:Parry","champ:EnGarde"],"picked":"champ:Encircle","floor":13.0},{"not_picked":["champ:BringItOn","champ:FanOfKnives","champ:AdrenalArmor"],"picked":"SKIP","floor":14.0},{"not_picked":["champ:GladiatorForm","champ:HeavySlash"],"picked":"champ:StrikeOfGenius","floor":16.0},{"not_picked":["champ:Haymaker+1","champ:Parry","champ:StanceDance"],"picked":"SKIP","floor":18.0},{"not_picked":["champ:PreemptiveStrike+1","champ:BringItOn"],"picked":"champ:Endure+1","floor":19.0},{"not_picked":["champ:TornadoPunch+1","champ:CrookedStrike+1"],"picked":"champ:ShieldWall","floor":22.0},{"not_picked":["champ:EnGarde","champ:FlashCut+1","champ:PreciseThrust"],"picked":"SKIP","floor":23.0},{"not_picked":["champ:FancyFootwork","champ:FlashCut"],"picked":"champ:MurderStrike","floor":24.0},{"not_picked":["champ:Encircle","champ:EnGarde","champ:Shatter+1"],"picked":"SKIP","floor":29.0},{"not_picked":["champ:Haymaker","champ:RisingSlash"],"picked":"champ:PreemptiveStrike","floor":30.0},{"not_picked":["champ:BladeFlurry","champ:ArenaPreparation"],"picked":"champ:DefensiveStyle+1","floor":31.0},{"not_picked":["champ:MurderStrike","champ:EnragedBash"],"picked":"champ:HoldFirm","floor":32.0},{"not_picked":["champ:MurderStrike","champ:CheapShot"],"picked":"champ:Improvising+1","floor":35.0},{"not_picked":["champ:PreemptiveStrike","champ:GutPunch+1","champ:TornadoPunch"],"picked":"SKIP","floor":37.0},{"not_picked":["champ:EnGarde+1","champ:PerfectedStrike+1","champ:Haymaker+1"],"picked":"SKIP","floor":41.0},{"not_picked":["Guardian:ChargeCore+1","maniac:Infuriate+1","Crescendo"],"picked":"SKIP","floor":47.0},{"not_picked":["Purity+1","expansioncontent:Hexaburn+1","Reprogram"],"picked":"SKIP","floor":49},{"not_picked":["Clothesline+1","Auto Shields","Deadly Poison+1"],"picked":"SKIP","floor":50}],"player_experience":244683,"relics_obtained":[{"floor":5.0,"key":"Ring of Searing"},{"floor":7.0,"key":"Blue Doll"},{"floor":9.0,"key":"Happy Flower"},{"floor":10.0,"key":"HornCleat"},{"floor":13.0,"key":"Pen Nib"},{"floor":23.0,"key":"Strawberry"},{"floor":28.0,"key":"Replay:Rubber Ducky"},{"floor":29.0,"key":"Frozen Egg 2"},{"floor":32.0,"key":"infinitespire:Lucky Rock"},{"floor":33.0,"key":"Meat on the Bone"},{"floor":43.0,"key":"Bag of Marbles"},{"floor":45.0,"key":"Oddly Smooth Stone"},{"floor":49,"key":"champ:DefensiveTrainingManual"}],"event_choices":[{"cards_removed":["champ:Strike"],"damage_healed":0.0,"max_hp_gain":0.0,"max_hp_loss":0.0,"gold_gain":0.0,"event_name":"Bonfire Elementals","player_choice":"Offered Basic","floor":3.0,"gold_loss":0.0,"damage_taken":0.0},{"damage_healed":0.0,"max_hp_gain":0.0,"max_hp_loss":0.0,"gold_gain":0.0,"event_name":"Addict","player_choice":"Obtained Relic","floor":27.0,"gold_loss":85.0,"damage_taken":0.0,"relics_obtained":["Omamori"]},{"damage_healed":0.0,"max_hp_gain":0.0,"max_hp_loss":0.0,"gold_gain":0.0,"event_name":"Tomb of Lord Red Mask","player_choice":"Ignored","floor":39.0,"gold_loss":0.0,"damage_taken":0.0}],"is_beta":false,"boss_relics":[{"not_picked":["ReplayTheSpireMod:SealedPack","SlaversCollar"],"picked":"Philosopher\u0027s Stone"},{"not_picked":["ChewingGum","ReplayTheSpireMod:DimensionalGlitch"],"picked":"Snecko Eye"}],"items_purged_floors":[21,40],"is_endless":false,"potions_floor_spawned":[1,8,14,16,22,30,32,37,47,50],"ascension_level":5}}