{"host":"owfagvjreo3l000m","time":1612376376,"event":{"mods":["BaseMod","Downfall","Hermit","Hubris","Minty Spire (QoL Compilation)","Replay The Spire","StSLib","The Cursed","The Disciple","The Necromancer","The Runesmith","The Witch"],"gold_per_floor":[99,119,131,145,145,156,156,183,196,196,196,196,196,196,210,308,308,308,327,337,437,219,319,319,345,345,365,365,365,365,381,394,394,394,394],"floor_reached":33,"language":"ENG","playtime":1829,"items_purged":[],"score":267,"play_id":"5684ae26-e0a5-4547-b4df-6959bc222ac5","local_time":"20210203131936","is_ascension_mode":false,"campfire_choices":[{"data":"sneckomod:Unknown","floor":1,"key":"SMITH"},{"data":"sneckomod:MasterEye","floor":12,"key":"SMITH"},{"data":"sneckomod:UnknownRareSkill","floor":18,"key":"SMITH"},{"floor":26,"key":"REST"},{"floor":28,"key":"REST"},{"data":"sneckomod:UnknownBlock","floor":30,"key":"SMITH"}],"circlet_count":0,"master_deck":["sneckomod:Defend","sneckomod:TailWhip","sneckomod:SnekBite","sneckomod:Unknown+1","sneckomod:Unknown","sneckomod:WideSting","sneckomod:UnknownStrike","sneckomod:UnknownBoss+1","sneckomod:MasterEye+1","sneckomod:SoulExchange","sneckomod:QuickBite","sneckomod:UnknownX","sneckomod:UnknownRareSkill+1","sneckomod:SoulDraw+1","sneckomod:Mudshield+1","sneckomod:UnknownRareSkill+1","sneckomod:SlitherStrike+1","sneckomod:Unknown2Cost+1","sneckomod:SlitherStrike+1","J.A.X.","sneckomod:ImprovisedGuard","sneckomod:UnlimitedRolls","sneckomod:IronFang+1","sneckomod:QuickMove","sneckomod:UnknownBlock+1","sneckomod:UnknownBlock","sneckomod:QuickBite+1","sneckomod:MorePower"],"relics":["sneckomod:SneckoSoul","Replay:WaspNest","Runesmith:AutoHammer","hubris:Icosahedron","Darkstone Periapt","Ring of Searing","Astrolabe","MutagenicStrength","Blue Doll","Simple Rune","MealTicket"],"acts_visited":["Exordium","TheCity"],"potions_floor_usage":[16,21,25],"damage_taken":[{"damage":9,"enemies":"Jaw Worm","floor":2,"turns":5},{"damage":7,"enemies":"2 Louse","floor":3,"turns":3},{"damage":0,"enemies":"Small Slimes","floor":4,"turns":3},{"damage":5,"enemies":"3 Louse","floor":6,"turns":2},{"damage":13,"enemies":"3 Sentries","floor":8,"turns":5},{"damage":17,"enemies":"Large Slime","floor":9,"turns":5},{"damage":34,"enemies":"Exordium Thugs","floor":15,"turns":3},{"damage":13,"enemies":"IC_STATUS_ARCHETYPE","floor":16,"turns":4},{"damage":20,"enemies":"3 Byrds","floor":19,"turns":2},{"damage":12,"enemies":"3 Cultists","floor":20,"turns":4},{"damage":38,"enemies":"downfall:Augmenter","floor":21,"turns":4},{"damage":10,"enemies":"downfall:FleeingMerchant","floor":22,"turns":4},{"damage":14,"enemies":"Gremlin Leader","floor":25,"turns":6},{"damage":0,"enemies":"Snecko","floor":27,"turns":3},{"damage":23,"enemies":"Centurion and Healer","floor":31,"turns":5},{"damage":4,"enemies":"Snake Plant","floor":32,"turns":3},{"damage":42,"enemies":"WA_ARCHETYPE_CALM","floor":33,"turns":5}],"seed_played":"-7568669249530632469","potions_obtained":[{"floor":2,"key":"Weak Potion"},{"floor":8,"key":"Toxic Potion"},{"floor":15,"key":"Venom Potion"},{"floor":16,"key":"hexamod:SoulburnPotion"},{"floor":21,"key":"Strength Potion"},{"floor":27,"key":"SkillPotion"}],"is_trial":false,"path_per_floor":["R","M","M","M","?","M","T","E","M","?","?","R","?","?","M","B",null,"R","M","M","?","$","?","T","E","R","M","R","?","R","M","M","B"],"character_chosen":"THE_SNECKO","items_purchased":["sneckomod:QuickMove","Blue Doll"],"campfire_rested":2,"item_purchase_floors":[22,22],"current_hp_per_floor":[99,90,83,83,83,78,78,65,48,48,48,48,41,41,17,4,99,99,79,67,29,19,19,19,5,34,34,63,63,63,40,36,0,0,0],"gold":394,"neow_bonus":"TEN_PERCENT_HP_BONUS","is_daily":false,"chose_seed":false,"campfire_upgraded":4,"win_rate":0.0,"timestamp":1612376376,"path_taken":["R","M","M","M","?","M","T","E","M","?","?","R","?","?","M","BOSS","R","M","M","?","$","?","T","E","R","M","R","?","R","M","M","BOSS"],"items_purchased_type":["Card","Relic"],"build_version":"2020-12-22","purchased_purges":0,"victory":false,"max_hp_per_floor":[99,99,99,99,99,99,99,99,99,99,99,99,99,99,99,99,99,99,99,99,99,99,99,99,99,99,99,99,99,99,99,99,99,99,99],"card_choices":[{"not_picked":["sneckomod:UnknownCommonSkill","sneckomod:Nope"],"picked":"sneckomod:WideSting","floor":2},{"not_picked":["sneckomod:TrashToTreasure","sneckomod:DiceBoulder"],"picked":"sneckomod:UnknownStrike","floor":3},{"not_picked":["sneckomod:UnknownStrike","sneckomod:Unknown2Cost"],"picked":"sneckomod:UnknownBoss","floor":4},{"not_picked":["sneckomod:RainOfDice","sneckomod:Unknown0Cost"],"picked":"sneckomod:MasterEye","floor":6},{"not_picked":["sneckomod:UnknownStrike","sneckomod:DiceBlock"],"picked":"sneckomod:SoulExchange","floor":8},{"not_picked":["sneckomod:SoulRoll","sneckomod:UnknownUncommonSkill"],"picked":"sneckomod:QuickBite","floor":9},{"not_picked":["sneckomod:UnknownCommonSkill","sneckomod:DiceCrush"],"picked":"sneckomod:UnknownX","floor":15},{"not_picked":["sneckomod:UnknownBoss","sneckomod:UnlimitedRolls"],"picked":"sneckomod:UnknownRareSkill","floor":16},{"not_picked":["sneckomod:ImprovisedGuard","sneckomod:UnknownClassTHE_CURSED_PURPLE"],"picked":"sneckomod:SlitherStrike+1","floor":19},{"not_picked":["sneckomod:TrashToTreasure","sneckomod:UnknownCommonSkill"],"picked":"sneckomod:Unknown2Cost+1","floor":20},{"not_picked":["sneckomod:WideSting","sneckomod:Unknown2Cost"],"picked":"sneckomod:SlitherStrike+1","floor":21},{"not_picked":[],"picked":"J.A.X.","floor":21},{"not_picked":["sneckomod:SnakeSap","sneckomod:ImprovisedAttack"],"picked":"sneckomod:IronFang+1","floor":22},{"not_picked":["sneckomod:RainOfDice","sneckomod:UnknownCommonAttack"],"picked":"sneckomod:UnknownBlock","floor":25},{"not_picked":["sneckomod:UnknownDraw+1","sneckomod:Unknown2Cost"],"picked":"sneckomod:UnknownBlock","floor":27},{"not_picked":["sneckomod:QuickMove","sneckomod:IronFang"],"picked":"sneckomod:QuickBite+1","floor":31},{"not_picked":["sneckomod:MasterEye","sneckomod:UnknownStrike+1"],"picked":"sneckomod:MorePower","floor":32}],"player_experience":630896,"relics_obtained":[{"floor":7,"key":"Replay:WaspNest"},{"floor":8,"key":"Runesmith:AutoHammer"},{"floor":14,"key":"Ring of Searing"},{"floor":21,"key":"MutagenicStrength"},{"floor":24,"key":"Simple Rune"},{"floor":25,"key":"MealTicket"}],"event_choices":[{"damage_healed":0,"gold_gain":0,"player_choice":"Grow","damage_taken":0,"max_hp_gain":0,"max_hp_loss":0,"event_name":"Living Wall","floor":5,"gold_loss":0,"cards_upgraded":["sneckomod:UnknownBoss"]},{"damage_healed":0,"gold_gain":0,"player_choice":"Success","damage_taken":7,"relics_obtained":["Darkstone Periapt"],"max_hp_gain":0,"max_hp_loss":0,"event_name":"Scrap Ooze","floor":13,"gold_loss":0}],"is_beta":false,"boss_relics":[{"not_picked":["hubris:Backtick","ReplayTheSpireMod:DimensionalGlitch"],"picked":"Astrolabe"}],"items_purged_floors":[],"is_endless":false,"potions_floor_spawned":[2,8,15,16,19,20,21,27],"killed_by":"WA_ARCHETYPE_CALM","ascension_level":0}}