{"host":"DrTrollPool","time":1612368293,"event":{"mods":["2.2 Compatiblity","BaseMod","BetterRewards","Colored Map","DeckTracker","Downfall","Googly Eyes","Hermit","HexUI Lib","Highlight Path","Hubris","Infinite Spire","Minty Spire (QoL Compilation)","Potionbrewer","Replay The Spire","StSLib","SuperFastMode","The Construct","The Cursed","The Disciple","The Hierophant","The Jungle","The Necromancer","The Runesmith","The Servant 0.9.4"],"gold_per_floor":[119,219,239,239,239,274,274,292,316,336,361,380,380,400,400,497,497,510,600,474,474,474],"floor_reached":21,"language":"ENG","playtime":892,"items_purged":[],"score":214,"play_id":"146dc0d7-c83a-422b-a417-70742eb2479c","local_time":"20210203170453","is_ascension_mode":false,"campfire_choices":[{"data":"Exchange","floor":7,"key":"SMITH"},{"floor":13,"key":"REST"},{"floor":15,"key":"REST"}],"circlet_count":0,"master_deck":["Strike_S","Strike_S","Strike_S","Strike_S","Defend_S","Defend_S","Defend_S","Defend_S","KidneyShot","Exchange+1","Ricochet+1","Foresight+1","Rewind","Reset+1","Ricochet","SilverBlades","Replace","MurderousAura","MoonPhase","BestPractice","DoubleEdge","Defy"],"relics":["Uniform","NeowsBlessing","Art of War","Gremlin Food","Durian"],"acts_visited":["Exordium","TheCity"],"potions_floor_usage":[11,11,16,21],"damage_taken":[{"damage":0,"enemies":"2 Louse","floor":1,"turns":1},{"damage":0,"enemies":"Cultist","floor":3,"turns":1},{"damage":0,"enemies":"Gremlin Nob","floor":6,"turns":1},{"damage":0,"enemies":"Small Slimes","floor":8,"turns":3},{"damage":27,"enemies":"Exordium Thugs","floor":10,"turns":5},{"damage":24,"enemies":"Lagavulin","floor":11,"turns":7},{"damage":6,"enemies":"Exordium Wildlife","floor":12,"turns":3},{"damage":2,"enemies":"Blue Slaver","floor":14,"turns":6},{"damage":29,"enemies":"Fading Forest","floor":16,"turns":11},{"damage":42,"enemies":"Spheric Guardian","floor":18,"turns":8},{"damage":21,"enemies":"Shell Parasite","floor":21,"turns":4}],"seed_played":"1571873902571733544","potions_obtained":[{"floor":3,"key":"potionbrewer:BarricadePotion"},{"floor":6,"key":"Strength Potion"},{"floor":8,"key":"CultistPotion"}],"is_trial":false,"path_per_floor":["M","?","M","?","?","E","R","M","T","M","E","M","R","M","R_BF","B",null,"M","?","$","M"],"character_chosen":"THE_SERVANT","items_purchased":["BestPractice","DoubleEdge","Defy"],"campfire_rested":2,"item_purchase_floors":[20,20,20],"current_hp_per_floor":[65,65,65,65,65,65,65,65,65,38,19,13,34,32,53,24,70,28,10,10,0,0],"gold":474,"neow_bonus":"THREE_ENEMY_KILL","is_daily":false,"chose_seed":false,"campfire_upgraded":1,"win_rate":0.0,"timestamp":1612368293,"path_taken":["M","?","?","?","?","E","R","M","T","?","E","M","R","M","R_BF","BOSS","M","?","?","M"],"items_purchased_type":["Card","Card","Card"],"build_version":"2020-12-18","purchased_purges":0,"victory":false,"max_hp_per_floor":[65,65,65,65,65,65,65,65,65,65,70,70,70,70,70,70,70,70,70,70,70,70],"card_choices":[{"not_picked":["Unruled","Spin"],"picked":"Ricochet","floor":1},{"not_picked":["Moonlight","Potential"],"picked":"Foresight","floor":3},{"not_picked":["Spin","FanOfKnives"],"picked":"Rewind","floor":6},{"not_picked":["Rewind","Potential"],"picked":"Reset","floor":8},{"not_picked":["Potential","BottledTime"],"picked":"Ricochet","floor":10},{"not_picked":["RealityMarble","Starlight"],"picked":"SilverBlades","floor":11},{"not_picked":["PendulumOfEternity","Advance"],"picked":"Replace","floor":12},{"not_picked":["Spin","ShatteredReality","DoubleEdge"],"picked":"SKIP","floor":14},{"not_picked":["Deny","KillingDoll"],"picked":"MurderousAura","floor":16},{"not_picked":["Defy+1","Misdirection+1"],"picked":"MoonPhase","floor":18}],"player_experience":134470,"relics_obtained":[{"floor":6,"key":"Art of War"},{"floor":9,"key":"Gremlin Food"},{"floor":11,"key":"Durian"}],"event_choices":[{"damage_healed":0,"gold_gain":100,"player_choice":"Pray","damage_taken":0,"max_hp_gain":0,"max_hp_loss":0,"event_name":"Golden Shrine","floor":2,"gold_loss":0},{"damage_healed":0,"gold_gain":0,"player_choice":"Upgraded","damage_taken":0,"max_hp_gain":0,"max_hp_loss":0,"event_name":"Upgrade Shrine","floor":5,"gold_loss":0,"cards_upgraded":["Foresight"]},{"damage_healed":0,"gold_gain":90,"player_choice":"POTION GOLD ","damage_taken":18,"max_hp_gain":0,"max_hp_loss":0,"event_name":"Knowing Skull","floor":19,"potions_obtained":["sneckomod:MuddlingPotion"],"gold_loss":0,"cards_obtained":[]}],"is_beta":true,"boss_relics":[{"not_picked":["Runic Dome","hubris:GrandSneckoEye","Kintsugi"]}],"items_purged_floors":[],"is_endless":false,"potions_floor_spawned":[3,6,8,10],"killed_by":"Shell Parasite","ascension_level":0}}