{"host":"fj5i6t4nkss7815d","time":1612330974,"event":{"mods":["AchievementEnabler","BaseMod","Minty Spire (QoL Compilation)","Quick Restart","Relic Stats"],"gold_per_floor":[16,36,53,72,82,82,113,124,124,124,159,171,171,185,185,185,185],"floor_reached":16,"language":"ENG","playtime":975,"items_purged":[],"score":226,"play_id":"06f34b5e-a0f9-41e6-963a-47c585289473","local_time":"20210202214254","is_ascension_mode":true,"campfire_choices":[{"data":"Zap","floor":6,"key":"SMITH"},{"floor":10,"key":"REST"},{"floor":15,"key":"REST"}],"circlet_count":0,"master_deck":["AscendersBane","Strike_B","Strike_B","Strike_B","Strike_B","Defend_B+1","Defend_B","Defend_B","Defend_B","Zap+1","Dualcast+1","Electrodynamics","Leap","Sunder","Streamline","Rainbow+1","Reinforced Body","Leap","Barrage"],"relics":["Cracked Core","Tiny Chest","Bottled Tornado","War Paint"],"acts_visited":["Exordium"],"potions_floor_usage":[3,7,11,16],"damage_taken":[{"damage":14,"enemies":"Small Slimes","floor":1,"turns":3},{"damage":2,"enemies":"Jaw Worm","floor":2,"turns":3},{"damage":1,"enemies":"Cultist","floor":3,"turns":3},{"damage":2,"enemies":"Exordium Wildlife","floor":4,"turns":4},{"damage":7,"enemies":"Looter","floor":5,"turns":4},{"damage":27,"enemies":"Lagavulin","floor":7,"turns":6},{"damage":8,"enemies":"Blue Slaver","floor":8,"turns":2},{"damage":5,"enemies":"3 Sentries","floor":11,"turns":3},{"damage":6,"enemies":"Exordium Thugs","floor":12,"turns":3},{"damage":3,"enemies":"Lots of Slimes","floor":14,"turns":2},{"damage":46,"enemies":"Hexaghost","floor":16,"turns":12}],"seed_played":"-6191405243922698971","potions_obtained":[{"floor":2,"key":"Fruit Juice"},{"floor":3,"key":"Swift Potion"},{"floor":8,"key":"Energy Potion"},{"floor":12,"key":"Regen Potion"}],"is_trial":false,"path_per_floor":["M","M","M","M","M","R","E","M","T","R","E","M","?","M","R","B"],"character_chosen":"DEFECT","items_purchased":[],"campfire_rested":2,"item_purchase_floors":[],"current_hp_per_floor":[50,48,52,50,43,43,16,8,8,30,25,19,19,16,38,7,7],"gold":185,"neow_bonus":"THREE_RARE_CARDS","is_daily":false,"chose_seed":false,"campfire_upgraded":1,"win_rate":0.0,"timestamp":1612330974,"path_taken":["M","M","M","M","M","R","E","M","T","R","E","M","?","M","R","BOSS"],"items_purchased_type":[],"build_version":"2020-12-22","purchased_purges":0,"victory":false,"max_hp_per_floor":[71,71,76,76,76,76,76,76,76,76,76,76,76,76,76,76,76],"relic_stats":{"counters":[11,45],"Tiny Chest":0,"War Paint":["Defend_B","Rainbow"],"obtain_stats":[{"Tiny Chest":7,"Bottled Tornado":9,"War Paint":11,"Cracked Core":0},{"Tiny Chest":6,"Bottled Tornado":7,"War Paint":8,"Cracked Core":0},{"Tiny Chest":23,"Bottled Tornado":25,"War Paint":28,"Cracked Core":0}]},"card_choices":[{"not_picked":["Amplify","Biased Cognition"],"picked":"Electrodynamics","floor":0},{"not_picked":["Compile Driver","Turbo"],"picked":"Leap","floor":1},{"not_picked":["Rebound","Go for the Eyes","Steam"],"picked":"SKIP","floor":2},{"not_picked":["Go for the Eyes","Gash"],"picked":"Sunder","floor":3},{"not_picked":["Chaos","Recycle"],"picked":"Streamline","floor":4},{"not_picked":["Aggregate","Hologram","Streamline"],"picked":"SKIP","floor":5},{"not_picked":["Go for the Eyes","FTL"],"picked":"Rainbow","floor":7},{"not_picked":["Rebound","Coolheaded","Streamline"],"picked":"SKIP","floor":8},{"not_picked":["Coolheaded","Rebound"],"picked":"Reinforced Body","floor":11},{"not_picked":["Cold Snap","Go for the Eyes"],"picked":"Leap","floor":12},{"not_picked":["Rebound","Self Repair"],"picked":"Barrage","floor":14}],"player_experience":995646,"relics_obtained":[{"floor":7,"key":"Tiny Chest"},{"floor":9,"key":"Bottled Tornado"},{"floor":11,"key":"War Paint"}],"event_choices":[{"damage_healed":0,"gold_gain":0,"player_choice":"Grow","damage_taken":0,"max_hp_gain":0,"max_hp_loss":0,"event_name":"Living Wall","floor":13,"gold_loss":0,"cards_upgraded":["Dualcast"]}],"is_beta":false,"boss_relics":[],"items_purged_floors":[],"is_endless":false,"potions_floor_spawned":[2,3,8,12],"killed_by":"Hexaghost","ascension_level":19}}