{"host":"rtw1tnr74gozsrw1","time":1612381433,"event":{"mods":["BaseMod","Colored Map","Colored Powertips","Highlight Path","Minty Spire (QoL Compilation)","StSLib"],"gold_per_floor":[109,109,72,72,92,126,126,154,154,154,154],"floor_reached":10,"language":"ENG","playtime":202,"items_purged":[],"score":109,"play_id":"5f28263f-4432-4b99-aa5d-2130eede1e41","local_time":"20210203204353","is_ascension_mode":true,"campfire_choices":[{"data":"Metallicize","floor":7,"key":"SMITH"}],"circlet_count":0,"master_deck":["Strike_R","Strike_R","Strike_R","Strike_R","Strike_R","Defend_R","Defend_R","Defend_R","Defend_R","Bash","Rupture","Metallicize+1","Battle Trance"],"relics":["Burning Blood","NeowsBlessing","Mercury Hourglass","Singing Bowl","Bottled Tornado"],"acts_visited":["Exordium"],"potions_floor_usage":[],"damage_taken":[{"damage":0,"enemies":"Jaw Worm","floor":1,"turns":1},{"damage":0,"enemies":"Small Slimes","floor":5,"turns":1},{"damage":0,"enemies":"Lagavulin","floor":6,"turns":1},{"damage":22,"enemies":"Gremlin Nob","floor":8,"turns":5},{"damage":0,"enemies":"3 Sentries","floor":10,"turns":1}],"seed_played":"-4948401544682438861","potions_obtained":[{"floor":1,"key":"PowerPotion"},{"floor":6,"key":"ElixirPotion"}],"is_trial":false,"path_per_floor":["M","?","$","?","M","E","R","E","T","E"],"character_chosen":"IRONCLAD","items_purchased":["Metallicize"],"campfire_rested":0,"item_purchase_floors":[3],"current_hp_per_floor":[80,80,80,80,80,80,80,66,66,66,66],"gold":154,"neow_bonus":"THREE_ENEMY_KILL","is_daily":false,"chose_seed":false,"campfire_upgraded":1,"win_rate":0.0,"timestamp":1612381433,"path_taken":["M","?","$","?","M","E","R","E","T","E"],"items_purchased_type":["Card"],"build_version":"2020-12-22","purchased_purges":0,"victory":false,"max_hp_per_floor":[80,80,80,80,80,80,80,82,82,82,82],"card_choices":[{"not_picked":["Armaments","True Grit"],"picked":"Rupture","floor":1},{"not_picked":["Pommel Strike","Cleave"],"picked":"Battle Trance","floor":5},{"not_picked":["Clothesline","Uppercut","Seeing Red"],"picked":"SKIP","floor":6},{"not_picked":["Clothesline","Body Slam","Uppercut"],"picked":"Singing Bowl","floor":8}],"player_experience":80132,"relics_obtained":[{"floor":6,"key":"Mercury Hourglass"},{"floor":8,"key":"Singing Bowl"},{"floor":9,"key":"Bottled Tornado"}],"event_choices":[{"damage_healed":0,"gold_gain":0,"player_choice":"Ignored","damage_taken":0,"max_hp_gain":0,"max_hp_loss":0,"event_name":"Golden Idol","floor":2,"gold_loss":0},{"damage_healed":0,"gold_gain":0,"player_choice":"Full Heal","damage_taken":0,"max_hp_gain":0,"max_hp_loss":0,"event_name":"Wheel of Change","floor":4,"gold_loss":0}],"is_beta":false,"boss_relics":[],"items_purged_floors":[],"is_endless":false,"potions_floor_spawned":[1,6],"killed_by":"3 Sentries","ascension_level":2}}