{"host":"q6r63elxu27obe7v","time":1612314379,"event":{"mods":["2.2 Compatiblity","AchievementEnabler","BaseMod","CapriCore","Colored Map","DeckTracker","KOR Keyword Fix","Keyboard Shortcuts","Minty Spire (QoL Compilation)","Permanent Neow","Quick Restart","Replay The Spire","StSLib","SuperFastMode","everything is the same but u backflip on backflip","¡¼?Úª?ø«¡½REMEMod"],"gold_per_floor":[118,118,133,149,149,149,182,182,207,227,254,279,328,344,344,356,356],"floor_reached":16,"language":"KOR","playtime":454,"items_purged":[],"score":131,"play_id":"53e7129c-facb-4442-a2d6-fe34c87c3039","local_time":"20210203100619","is_ascension_mode":true,"campfire_choices":[{"data":"Bash","floor":6,"key":"SMITH"},{"data":"Immolate","floor":8,"key":"SMITH"},{"floor":15,"key":"REST"}],"circlet_count":0,"master_deck":["Strike_R","Strike_R","Strike_R","Strike_R","Strike_R","Defend_R","Defend_R","Defend_R","Defend_R","Bash+1","Clash","Dropkick","Immolate+1","Barricade","True Grit","Rampage"],"relics":["Burning Blood","REME_ComplimentaryCards","Another Sword","NlothsMask","Replay:Bandana","Anchor"],"acts_visited":["Exordium"],"potions_floor_usage":[16,16,16],"damage_taken":[{"damage":12,"enemies":"Jaw Worm","floor":1,"turns":2},{"damage":12,"enemies":"2 Louse","floor":3,"turns":3},{"damage":0,"enemies":"Cultist","floor":4,"turns":2},{"damage":40,"enemies":"3 Sentries","floor":7,"turns":10},{"damage":0,"enemies":"Lots of Slimes","floor":10,"turns":1},{"damage":12,"enemies":"Exordium Thugs","floor":11,"turns":3},{"damage":11,"enemies":"Looter","floor":12,"turns":2},{"damage":16,"enemies":"Gremlin Nob","floor":13,"turns":4},{"damage":0,"enemies":"Blue Slaver","floor":14,"turns":2},{"damage":54,"enemies":"The Guardian","floor":16,"turns":9}],"seed_played":"1675328510565156227","potions_obtained":[{"floor":7,"key":"FearPotion"},{"floor":10,"key":"Toxic Potion"},{"floor":11,"key":"SkillPotion"}],"is_trial":false,"path_per_floor":["M","?","M","M","?","R","E","R","T","M","M","M","E","M","R","B"],"character_chosen":"IRONCLAD","items_purchased":[],"campfire_rested":1,"item_purchase_floors":[],"current_hp_per_floor":[66,71,65,71,71,71,37,37,37,43,37,32,22,28,51,0,0],"gold":356,"neow_bonus":"ONE_RARE_RELIC","is_daily":false,"chose_seed":false,"campfire_upgraded":2,"win_rate":0.0,"timestamp":1612314379,"path_taken":["M","?","M","M","?","R","E","R","T","M","?","M","E","M","R","BOSS"],"items_purchased_type":[],"build_version":"2020-12-22","purchased_purges":0,"victory":false,"max_hp_per_floor":[72,77,77,77,77,77,77,77,77,77,77,77,77,77,77,77,77],"card_choices":[{"not_picked":["Pommel Strike","Twin Strike"],"picked":"Clash","floor":1},{"not_picked":["Second Wind","Disarm"],"picked":"Dropkick","floor":3},{"not_picked":["Heavy Blade","Run Through","ReplayTheSpireMod:Limb From Limb"],"picked":"SKIP","floor":4},{"not_picked":["Wild Strike","Hemokinesis"],"picked":"Immolate","floor":7},{"not_picked":["Replay:Undeath\u0027s Touch","Cleave","Seeing Red"],"picked":"SKIP","floor":10},{"not_picked":["Iron Wave","Warcry","True Grit"],"picked":"SKIP","floor":11},{"not_picked":["Headbutt","Bloodletting"],"picked":"Barricade","floor":12},{"not_picked":["Massacre","Spot Weakness"],"picked":"True Grit","floor":13},{"not_picked":["Disarm","Clash"],"picked":"Rampage","floor":14}],"player_experience":110176,"relics_obtained":[{"floor":7,"key":"Replay:Bandana"},{"floor":13,"key":"Anchor"}],"event_choices":[{"damage_healed":0,"gold_gain":0,"player_choice":"Donut","damage_taken":0,"max_hp_gain":5,"max_hp_loss":0,"event_name":"Big Fish","floor":2,"gold_loss":0},{"damage_healed":0,"gold_gain":0,"player_choice":"Trade","damage_taken":0,"relics_obtained":["NlothsMask"],"max_hp_gain":0,"max_hp_loss":0,"event_name":"FaceTrader","floor":5,"gold_loss":0}],"is_beta":false,"boss_relics":[],"items_purged_floors":[],"is_endless":false,"potions_floor_spawned":[7,10,11,14],"killed_by":"The Guardian","ascension_level":3}}