{"host":"Alvar","time":1612345998,"event":{"mods":["AchievementEnabler","BaseMod","Minty Spire (QoL Compilation)","StSLib"],"gold_per_floor":[113,113,113,32,78,78,104,131,131,131,160,160,184,219,219,300,300,323,323,350,71,71,71],"floor_reached":22,"language":"ENG","playtime":505,"items_purged":[],"score":423,"play_id":"0d3a148a-98ef-4777-a8ba-10fb916ccb78","local_time":"20210203165318","is_ascension_mode":true,"campfire_choices":[{"data":"Doom and Gloom","floor":6.0,"key":"SMITH"},{"data":"Compile Driver","floor":10.0,"key":"SMITH"},{"data":"Sweeping Beam","floor":12.0,"key":"SMITH"},{"floor":15.0,"key":"REST"}],"circlet_count":0,"master_deck":["AscendersBane","Strike_B","Strike_B","Strike_B","Defend_B","Defend_B","Defend_B","Defend_B","Zap","Dualcast","Doom and Gloom+1","Compile Driver+1","Sweeping Beam+1","Capacitor","Seek","Biased Cognition","Ball Lightning","Sunder"],"relics":["Cracked Core","NeowsBlessing","Pen Nib","CeramicFish","Mercury Hourglass","Regal Pillow","Nuclear Battery","Mummified Hand"],"acts_visited":["Exordium","TheCity"],"potions_floor_usage":[22],"damage_taken":[{"damage":0.0,"enemies":"2 Louse","floor":1.0,"turns":1.0},{"damage":0.0,"enemies":"Gremlin Nob","floor":7.0,"turns":1.0},{"damage":0.0,"enemies":"Jaw Worm","floor":8.0,"turns":1.0},{"damage":1.0,"enemies":"Cultist","floor":11.0,"turns":3.0},{"damage":13.0,"enemies":"Large Slime","floor":13.0,"turns":3.0},{"damage":30.0,"enemies":"Lagavulin","floor":14.0,"turns":7.0},{"damage":12.0,"enemies":"Slime Boss","floor":16.0,"turns":8.0},{"damage":29.0,"enemies":"Shell Parasite","floor":18.0,"turns":6.0},{"damage":18.0,"enemies":"2 Thieves","floor":20.0,"turns":3.0},{"damage":26,"enemies":"Snake Plant","floor":22,"turns":3}],"seed_played":"-5183716417055268167","potions_obtained":[{"floor":11.0,"key":"SkillPotion"},{"floor":13.0,"key":"FocusPotion"},{"floor":14.0,"key":"SkillPotion"},{"floor":20.0,"key":"FocusPotion"}],"is_trial":false,"path_per_floor":["M","$","?","$","T","R","E","M","T","R","M","R","M","E","R","B",null,"M","?","M","$","M"],"character_chosen":"DEFECT","items_purchased":["Doom and Gloom","Mummified Hand"],"campfire_rested":1,"item_purchase_floors":[4,21],"current_hp_per_floor":[64,64,69,69,69,69,69,69,69,69,68,68,55,25,62,50,70,41,41,23,23,0,0],"gold":71,"neow_bonus":"THREE_ENEMY_KILL","is_daily":false,"chose_seed":false,"campfire_upgraded":3,"win_rate":0.0,"timestamp":1612345998,"path_taken":["M","$","?","?","?","R","E","M","T","R","M","R","?","E","R","BOSS","M","?","M","$","M"],"items_purchased_type":["Card","Relic"],"build_version":"2020-12-18","purchased_purges":0,"victory":false,"max_hp_per_floor":[71,71,76,76,76,76,76,76,76,76,76,76,76,76,76,76,76,76,76,76,76,76,76],"card_choices":[{"not_picked":["Beam Cell","Hello World","Consume"],"picked":"SKIP","floor":1.0},{"not_picked":["Tempest","Chill","Go for the Eyes"],"picked":"SKIP","floor":7.0},{"not_picked":["Scrape","Conserve Battery"],"picked":"Compile Driver","floor":8.0},{"not_picked":["Barrage","Reprogram"],"picked":"Sweeping Beam","floor":11.0},{"not_picked":["Beam Cell","Hologram"],"picked":"Capacitor","floor":13.0},{"not_picked":["Turbo","Coolheaded"],"picked":"Seek","floor":14.0},{"not_picked":["Meteor Strike","Thunder Strike"],"picked":"Biased Cognition","floor":16.0},{"not_picked":["Sweeping Beam","Compile Driver"],"picked":"Ball Lightning","floor":18.0},{"not_picked":["Compile Driver","Scrape"],"picked":"Sunder","floor":20.0}],"player_experience":797539,"relics_obtained":[{"floor":5.0,"key":"Pen Nib"},{"floor":7.0,"key":"CeramicFish"},{"floor":9.0,"key":"Mercury Hourglass"},{"floor":14.0,"key":"Regal Pillow"}],"event_choices":[{"damage_healed":0.0,"max_hp_gain":5.0,"max_hp_loss":0.0,"gold_gain":0.0,"event_name":"Big Fish","player_choice":"Donut","floor":3.0,"gold_loss":0.0,"damage_taken":0.0},{"cards_removed":["Strike_B"],"damage_healed":0.0,"max_hp_gain":0.0,"max_hp_loss":0.0,"gold_gain":0.0,"event_name":"Purifier","player_choice":"Purged","floor":19.0,"gold_loss":0.0,"damage_taken":0.0}],"is_beta":true,"boss_relics":[{"not_picked":["Philosopher\u0027s Stone","Runic Dome"],"picked":"Nuclear Battery"}],"items_purged_floors":[],"is_endless":false,"potions_floor_spawned":[11,13,14,20],"killed_by":"Snake Plant","ascension_level":19}}