{"host":"qbjtml023iza03hb","time":1612366137,"event":{"mods":["AchievementEnabler","BaseMod","Better Sensory Stone","Hermit","Minty Spire (QoL Compilation)","StSLib","The Animator","The Cursed"],"gold_per_floor":[124,124,142,142,160,160,11,55,55,55,55,69,69,98,98,203,203,216,16,46,63,79,105,32,44,56,124,136,164,203,241,253,265,265],"floor_reached":33,"language":"FRA","playtime":3496,"items_purged":["animator:Defend","animator:Defend"],"score":412,"play_id":"c33021f3-3aef-4643-a132-d8121ed5a86e","local_time":"20210203162857","is_ascension_mode":true,"campfire_choices":[{"data":"animator:KyokoSakura","floor":6.0,"key":"SMITH"},{"data":"animator:YachiyoNanami","floor":11.0,"key":"SMITH"},{"data":"animator:Witch","floor":13.0,"key":"SMITH"},{"data":"animator:IrohaTamaki","floor":15.0,"key":"SMITH"},{"data":"animator:Aqua","floor":25.0,"key":"SMITH"},{"data":"animator:OrikoMikuni","floor":28.0,"key":"SMITH"},{"data":"animator:SuzuneAmano","floor":32,"key":"SMITH"}],"circlet_count":0,"master_deck":["animator:Strike_MadokaMagica","animator:Defend_MadokaMagica","animator:Strike","animator:Strike+1","animator:Strike","animator:Defend+1","animator:IrohaTamaki+1","animator:YuiTsuruno","animator:SayakaMiki+1","animator:KyokoSakura+1","animator:KyokoSakura","animator:RoyMustang","animator:YachiyoNanami+1","animator:Witch+1","animator:Aqua+1","animator:Kyubey+1","animator:Sebas+1","animator:MaesHughes","animator:Spearman+1","animator:Benimaru+1","animator:MaesHughes","animator:OrikoMikuni+1","animator:SuzuneAmano+1","animator:Ainz"],"relics":["animator:VividPicture","animator:TheMissingPiece","NeowsBlessing","NlothsMask","The Courier","Du-Vu Doll","War Paint","MawBank","Strawberry","WingedGreaves","Pantograph","Boot","Juzu Bracelet"],"acts_visited":["Exordium","TheCity"],"potions_floor_usage":[31,31,33,33],"damage_taken":[{"damage":0.0,"enemies":"2 Louse","floor":1.0,"turns":1.0},{"damage":0.0,"enemies":"Jaw Worm","floor":3.0,"turns":1.0},{"damage":0.0,"enemies":"Cultist","floor":5.0,"turns":1.0},{"damage":9.0,"enemies":"3 Sentries","floor":8.0,"turns":5.0},{"damage":1.0,"enemies":"Lots of Slimes","floor":12.0,"turns":2.0},{"damage":9.0,"enemies":"Lagavulin","floor":14.0,"turns":6.0},{"damage":3.0,"enemies":"The Guardian","floor":16.0,"turns":10.0},{"damage":0.0,"enemies":"Chosen","floor":18.0,"turns":5.0},{"damage":0.0,"enemies":"Spheric Guardian","floor":20.0,"turns":1.0},{"damage":5.0,"enemies":"Centurion and Healer","floor":21.0,"turns":6.0},{"damage":0.0,"enemies":"Snake Plant","floor":22.0,"turns":4.0},{"damage":0.0,"enemies":"Gremlin Leader","floor":23.0,"turns":4.0},{"damage":8.0,"enemies":"animator:HornedBat","floor":27.0,"turns":5.0},{"damage":0.0,"enemies":"3 Cultists","floor":29.0,"turns":4.0},{"damage":27.0,"enemies":"Book of Stabbing","floor":30.0,"turns":5.0},{"damage":33,"enemies":"Gremlin Leader","floor":31,"turns":6},{"damage":60,"enemies":"Automaton","floor":33,"turns":8}],"seed_played":"8831939068740392200","potions_obtained":[{"floor":1.0,"key":"SpeedPotion"},{"floor":5.0,"key":"EntropicBrew"},{"floor":14.0,"key":"Weak Potion"},{"floor":16.0,"key":"Block Potion"},{"floor":21.0,"key":"BlessingOfTheForge"},{"floor":22.0,"key":"Explosive Potion"},{"floor":27.0,"key":"SpeedPotion"},{"floor":30.0,"key":"SkillPotion"}],"is_trial":false,"path_per_floor":["M","?","M","?","M","R","$","E","T","?","R","M","R","E","R","B",null,"M","$","M","M","M","E","?","R","T","E","R","M","E","E","R","B"],"character_chosen":"THE_ANIMATOR","items_purchased":["animator:RoyMustang","War Paint"],"campfire_rested":0,"item_purchase_floors":[7,19],"current_hp_per_floor":[66,53,54,54,54,54,54,45,45,67,67,66,66,57,57,57,68,68,68,68,63,65,67,74,74,74,69,69,72,50,20,20,0,0],"gold":265,"neow_bonus":"THREE_ENEMY_KILL","is_daily":false,"chose_seed":false,"campfire_upgraded":7,"win_rate":0.0,"timestamp":1612366137,"path_taken":["M","?","M","?","?","R","?","E","T","?","R","M","R","E","R","BOSS","M","$","M","M","M","E","?","R","T","E","R","M","E","E","R","BOSS"],"items_purchased_type":["Card","Relic"],"build_version":"2020-12-22","purchased_purges":2,"victory":false,"max_hp_per_floor":[66,66,67,67,67,67,67,67,67,67,67,67,67,67,67,68,68,68,68,68,68,68,68,75,75,75,75,75,75,77,77,77,77,77],"card_choices":[{"not_picked":["animator:Lancer","animator:Archer"],"picked":"animator:SayakaMiki","floor":1.0},{"not_picked":["animator:Assassin","animator:Millim"],"picked":"animator:KyokoSakura","floor":3.0},{"not_picked":["animator:Verdia","animator:ShinjiMatou"],"picked":"animator:KyokoSakura","floor":5.0},{"not_picked":["animator:NagisaMomoe","animator:MamiTomoe"],"picked":"animator:YachiyoNanami","floor":8.0},{"not_picked":["animator:IrohaTamaki","animator:KyokoSakura"],"picked":"animator:Witch","floor":12.0},{"not_picked":["animator:RoyMustang","animator:Kaijin"],"picked":"animator:Aqua","floor":14.0},{"not_picked":["animator:Father","animator:Saber"],"picked":"animator:Kyubey","floor":16.0},{"not_picked":["animator:Mitsurugi","animator:Shuna"],"picked":"animator:Sebas+1","floor":18.0},{"not_picked":["animator:Pride","animator:ElricEdward"],"picked":"animator:MaesHughes","floor":20.0},{"not_picked":["animator:Verdia+1","animator:MaesHughes+1"],"picked":"animator:Spearman+1","floor":21.0},{"not_picked":["animator:YunYun","animator:Spearman"],"picked":"animator:Benimaru+1","floor":22.0},{"not_picked":["animator:KyokoSakura","animator:Mitsurugi+1"],"picked":"animator:MaesHughes","floor":23.0},{"not_picked":["animator:SayakaMiki","animator:KyokoSakura"],"picked":"animator:OrikoMikuni","floor":27.0},{"not_picked":["animator:ShinjiMatou","animator:Entoma+1","animator:LizardPriest"],"picked":"SKIP","floor":29.0},{"not_picked":["animator:Shion","animator:Entoma"],"picked":"animator:SuzuneAmano","floor":30.0},{"not_picked":["animator:Hakurou","animator:KyokoSakura"],"picked":"animator:Ainz","floor":31}],"player_experience":547475,"relics_obtained":[{"floor":8.0,"key":"The Courier"},{"floor":14.0,"key":"Du-Vu Doll"},{"floor":23.0,"key":"MawBank"},{"floor":26.0,"key":"WingedGreaves"},{"floor":27.0,"key":"Pantograph"},{"floor":30.0,"key":"Boot"},{"floor":31,"key":"Juzu Bracelet"}],"event_choices":[{"damage_healed":0.0,"max_hp_gain":0.0,"max_hp_loss":0.0,"gold_gain":0.0,"event_name":"Shining Light","player_choice":"Entered Light","floor":2.0,"gold_loss":0.0,"damage_taken":13.0,"cards_upgraded":["animator:Strike","animator:Defend"]},{"damage_healed":0.0,"max_hp_gain":0.0,"max_hp_loss":0.0,"gold_gain":0.0,"event_name":"FaceTrader","player_choice":"Trade","floor":4.0,"gold_loss":0.0,"damage_taken":0.0,"relics_obtained":["NlothsMask"]},{"damage_healed":22.0,"max_hp_gain":0.0,"max_hp_loss":0.0,"gold_gain":0.0,"event_name":"Big Fish","player_choice":"Banana","floor":10.0,"gold_loss":0.0,"damage_taken":0.0},{"damage_healed":0.0,"max_hp_gain":0.0,"max_hp_loss":0.0,"gold_gain":0.0,"event_name":"Addict","player_choice":"Obtained Relic","floor":24.0,"gold_loss":85.0,"damage_taken":0.0,"relics_obtained":["Strawberry"]}],"is_beta":false,"boss_relics":[{"not_picked":["Fusion Hammer","Tiny House"],"picked":"animator:VividPicture"}],"items_purged_floors":[7,19],"is_endless":false,"potions_floor_spawned":[1,5,14,16,21,22,27,30],"killed_by":"Automaton","ascension_level":3}}