{"host":"kn32u0f2pym5bozc","time":1612339202,"event":{"mods":["2.2 Compatiblity","BaseMod","Better Third Choice","Minty Spire (QoL Compilation)","Permanent Neow","Relic Stats","StSLib","The Animator"],"gold_per_floor":[112,140,160,160,26,26,59,59,107,117,117,145,145,156,156,230,230,241,241,241,241,123,123,150,150,200,32,32,32,82,98,98,181,181,198,215,2,2,13,13,13],"floor_reached":40,"language":"ENG","playtime":2415,"items_purged":["animator:Tyuule"],"score":874,"play_id":"e5fe1a23-20a0-48ef-a216-47ecc0c06171","local_time":"20210203030002","is_ascension_mode":true,"campfire_choices":[{"data":"animator:Ara","floor":6.0,"key":"SMITH"},{"floor":11.0,"key":"REST"},{"data":"animator:KrulTepes","floor":15.0,"key":"SMITH"},{"data":"animator:DwarfShaman","floor":23.0,"key":"SMITH"},{"data":"animator:Vesta","floor":25.0,"key":"SMITH"},{"data":"animator:Kaijin","floor":29,"key":"SMITH"},{"floor":32,"key":"REST"}],"circlet_count":0,"master_deck":["AscendersBane","animator:Strike_TenSura","animator:Defend_TenSura","animator:Strike+1","animator:Strike","animator:Defend","animator:Defend","animator:Defend","animator:Benimaru+1","animator:Shuna","animator:TukaLunaMarceau","animator:KrulTepes+1","animator:LeleiLaLalena+1","animator:Kaijin+1","animator:Arpeggio","animator:DwarfShaman+1","animator:Tatsumaki+1","animator:Saber","animator:Evileye","animator:Witch","animator:Vesta+1","animator:KyokoSakura+1","animator:Sonic","animator:Chung","animator:Elesis","animator:LizardPriest","animator:Ain","animator:IrohaTamaki"],"relics":["animator:LivingPicture","animator:TheMissingPiece","animator:PurgingStone","Red Skull","animator:AlchemistGlove","Tiny Chest","Blood Vial","Juzu Bracelet","Blood Vial","Philosopher\u0027s Stone","Peace Pipe","Blood Vial","Paper Frog","Whetstone","animator:CerealBox","Akabeko","Blood Vial","SlaversCollar","DataDisk"],"acts_visited":["Exordium","TheCity","TheBeyond"],"potions_floor_usage":[31,33,40],"damage_taken":[{"damage":1.0,"enemies":"Small Slimes","floor":1.0,"turns":4.0},{"damage":0.0,"enemies":"Jaw Worm","floor":2.0,"turns":4.0},{"damage":0.0,"enemies":"Cultist","floor":3.0,"turns":3.0},{"damage":24.0,"enemies":"Lagavulin","floor":7.0,"turns":6.0},{"damage":10.0,"enemies":"Gremlin Gang","floor":10.0,"turns":4.0},{"damage":11.0,"enemies":"3 Sentries","floor":12.0,"turns":6.0},{"damage":7.0,"enemies":"Looter","floor":14.0,"turns":3.0},{"damage":0.0,"enemies":"Hexaghost","floor":16.0,"turns":7.0},{"damage":8.0,"enemies":"Spheric Guardian","floor":18.0,"turns":3.0},{"damage":28.0,"enemies":"Gremlin Leader","floor":24.0,"turns":7.0},{"damage":4,"enemies":"2 Thieves","floor":31,"turns":2},{"damage":43,"enemies":"Champ","floor":33,"turns":9},{"damage":0,"enemies":"Orb Walker","floor":35,"turns":4},{"damage":25,"enemies":"3 Shapes","floor":36,"turns":4},{"damage":32,"enemies":"3 Darklings","floor":39,"turns":5},{"damage":68,"enemies":"Reptomancer","floor":40,"turns":4}],"seed_played":"7032656019924286039","potions_obtained":[{"floor":1.0,"key":"GamblersBrew"},{"floor":7.0,"key":"BlessingOfTheForge"},{"floor":14.0,"key":"Ancient Potion"},{"floor":16.0,"key":"Weak Potion"},{"floor":39,"key":"EssenceOfSteel"}],"is_trial":false,"path_per_floor":["M","M","M","?","$","R","E","?","T","M","R","E","?","M","R","B",null,"M","?","?","T","$","R","E","R","T","$","?","R","?","M","R","B",null,"M","M","$","?","M","E"],"character_chosen":"THE_ANIMATOR","items_purchased":["animator:Tyuule","animator:Kaijin","animator:Vesta","animator:Sonic","animator:CerealBox","DataDisk","animator:IrohaTamaki"],"campfire_rested":2,"item_purchase_floors":[5,5,22,27,27,37,37],"current_hp_per_floor":[53,53,53,48,48,48,24,24,24,14,32,21,21,16,16,18,50,46,46,46,46,46,46,22,22,22,22,22,22,22,25,43,18,50,58,37,37,37,21,0,0],"gold":13,"neow_bonus":"TRANSFORM_CARD","is_daily":false,"chose_seed":false,"campfire_upgraded":5,"win_rate":0.0,"timestamp":1612339202,"path_taken":["M","M","M","?","$","R","E","?","T","M","R","E","?","M","R","BOSS","M","?","?","?","$","R","E","R","T","$","?","R","?","M","R","BOSS","M","M","$","?","M","E"],"items_purchased_type":["Card","Card","Card","Card","Relic","Relic","Card"],"build_version":"2020-12-22","purchased_purges":1,"victory":false,"max_hp_per_floor":[60,60,60,60,60,60,60,60,60,60,60,60,60,60,60,60,60,60,60,60,60,60,60,60,60,60,60,60,60,60,61,61,61,61,61,62,62,62,62,62,62],"relic_stats":{"Blood Vial":51,"Peace Pipe":0,"counters":[16,73],"Tiny Chest":1,"Juzu Bracelet":3,"Whetstone":["animator:KyokoSakura","animator:Benimaru"],"obtain_stats":[{"animator:TheMissingPiece":0,"Juzu Bracelet":12,"Whetstone":26,"Akabeko":28,"animator:CerealBox":27,"Blood Vial":12,"Peace Pipe":21,"SlaversCollar":34,"DataDisk":37,"animator:PurgingStone":0,"Tiny Chest":9,"Philosopher\u0027s Stone":17,"animator:LivingPicture":0,"animator:AlchemistGlove":7,"Red Skull":4,"Paper Frog":24},{"animator:TheMissingPiece":0,"Juzu Bracelet":6,"Whetstone":10,"Akabeko":10,"animator:CerealBox":10,"Blood Vial":6,"Peace Pipe":9,"SlaversCollar":12,"DataDisk":14,"animator:PurgingStone":0,"Tiny Chest":4,"Philosopher\u0027s Stone":8,"animator:LivingPicture":0,"animator:AlchemistGlove":4,"Red Skull":3,"Paper Frog":10},{"animator:TheMissingPiece":0,"Juzu Bracelet":26,"Whetstone":46,"Akabeko":46,"animator:CerealBox":46,"Blood Vial":26,"Peace Pipe":39,"SlaversCollar":57,"DataDisk":64,"animator:PurgingStone":0,"Tiny Chest":17,"Philosopher\u0027s Stone":36,"animator:LivingPicture":0,"animator:AlchemistGlove":17,"Red Skull":11,"Paper Frog":46}]},"card_choices":[{"not_picked":["animator:Laby","animator:OrikoMikuni"],"picked":"animator:KrulTepes","floor":1.0},{"not_picked":["animator:Yoichi","animator:Rena"],"picked":"animator:Ara","floor":2.0},{"not_picked":["animator:ElricEdward","animator:Spearman"],"picked":"animator:LeleiLaLalena","floor":3.0},{"not_picked":["animator:Kuribayashi","animator:Bozes"],"picked":"animator:Arpeggio","floor":7.0},{"not_picked":["animator:Mitsurugi","animator:Hitei"],"picked":"animator:DwarfShaman","floor":10.0},{"not_picked":["animator:Raven","animator:YaoHaDucy"],"picked":"animator:Tatsumaki","floor":12.0},{"not_picked":["animator:Mitsurugi","animator:DolaSchwi","animator:AcuraTooru"],"picked":"SKIP","floor":14.0},{"not_picked":["animator:SwordMaiden","animator:Gilgamesh"],"picked":"animator:Saber","floor":16.0},{"not_picked":["animator:Shalltear","animator:Sebas"],"picked":"animator:Evileye","floor":18.0},{"not_picked":["animator:Mikaela+1","animator:Hitei"],"picked":"animator:KyokoSakura","floor":24.0},{"not_picked":["animator:OrikoMikuni","animator:Mikaela"],"picked":"animator:Chung","floor":31},{"not_picked":["animator:Saitama","animator:Shiro"],"picked":"animator:Elesis","floor":33},{"not_picked":["animator:Chung","animator:TukaLunaMarceau"],"picked":"animator:LizardPriest","floor":35},{"not_picked":["animator:Rena","animator:Elsword"],"picked":"animator:Ain","floor":36},{"not_picked":["animator:Genos","animator:Priestess","animator:Chris"],"picked":"SKIP","floor":39}],"player_experience":895690,"relics_obtained":[{"floor":7.0,"key":"animator:AlchemistGlove"},{"floor":9.0,"key":"Tiny Chest"},{"floor":12.0,"key":"Blood Vial"},{"floor":12.0,"key":"Juzu Bracelet"},{"floor":16.0,"key":"Blood Vial"},{"floor":21.0,"key":"Peace Pipe"},{"floor":24.0,"key":"Blood Vial"},{"floor":24.0,"key":"Paper Frog"},{"floor":26.0,"key":"Whetstone"},{"floor":28,"key":"Akabeko"},{"floor":33,"key":"Blood Vial"}],"event_choices":[{"damage_healed":0.0,"max_hp_gain":0.0,"max_hp_loss":0.0,"gold_gain":0.0,"event_name":"betterThird:BetterScrap","player_choice":"Relic ","floor":4.0,"gold_loss":0.0,"damage_taken":5.0,"cards_obtained":["Wireheading"]},{"damage_healed":0.0,"max_hp_gain":0.0,"max_hp_loss":0.0,"gold_gain":0.0,"event_name":"Accursed Blacksmith","player_choice":"Forge","floor":8.0,"gold_loss":0.0,"damage_taken":0.0,"cards_upgraded":["animator:LeleiLaLalena"]},{"damage_healed":0.0,"max_hp_gain":0.0,"max_hp_loss":0.0,"gold_gain":0.0,"event_name":"Upgrade Shrine","player_choice":"Upgraded","floor":13.0,"gold_loss":0.0,"damage_taken":0.0,"cards_upgraded":["animator:Tatsumaki"]},{"damage_healed":0.0,"max_hp_gain":0.0,"max_hp_loss":0.0,"gold_gain":0.0,"event_name":"The Library","player_choice":"Read","floor":19.0,"gold_loss":0.0,"damage_taken":0.0,"cards_obtained":["animator:Witch"]},{"damage_healed":0.0,"max_hp_gain":0.0,"max_hp_loss":0.0,"gold_gain":0.0,"event_name":"Cursed Tome","player_choice":"Ignored","floor":20.0,"gold_loss":0.0,"damage_taken":0.0},{"damage_healed":0,"gold_gain":0,"player_choice":"Relic","damage_taken":0,"max_hp_gain":0,"max_hp_loss":0,"event_name":"Wheel of Change","floor":28,"gold_loss":0},{"damage_healed":0,"gold_gain":50,"player_choice":"Steal","damage_taken":0,"max_hp_gain":0,"max_hp_loss":0,"event_name":"betterThird:BetterNest","floor":30,"gold_loss":0},{"cards_removed":["animator:Ara"],"damage_healed":0,"gold_gain":0,"player_choice":"Removed Attack","damage_taken":0,"max_hp_gain":0,"max_hp_loss":0,"event_name":"Falling","floor":38,"gold_loss":0}],"is_beta":false,"boss_relics":[{"not_picked":["Coffee Dripper","Empty Cage"],"picked":"Philosopher\u0027s Stone"},{"not_picked":["Tiny House","Black Star"],"picked":"SlaversCollar"}],"items_purged_floors":[22],"is_endless":false,"potions_floor_spawned":[1,7,14,16,39],"killed_by":"Reptomancer","ascension_level":18}}