{"host":"pqz3xdxicu6yby95","time":1612387023,"event":{"mods":["Aspiration","BaseMod","Beaked The Cultist","Better Altar","Better Match","Better Note","Better Sensory Stone","Better Skull","Better Third Choice","Better Vampires","Block Reminder","Colored Map","Conspire","Displayed Cursed Tome","Downfall","Hermit","Highlight Path","Hubris","Jorbs\u0027s Wanderer Trilogy","Marked Mod","Minty Spire (QoL Compilation)","Potionbrewer","Relic Stats","Replay The Spire","StSLib","The Bug Knight","The Death Knight","The Jungle","The Marked","Unceasing Turn Reminder"],"gold_per_floor":[199,216,127,141,126,226,226,257,270,170,198,198,198,216,229,334,334,423,440,72,85,85,102,102,102,2,15,15,15,15],"floor_reached":28,"language":"ENG","playtime":2484,"items_purged":[],"score":228,"play_id":"48ec35c7-8e23-4be3-8729-394c207b4640","local_time":"20210203161703","is_ascension_mode":false,"campfire_choices":[{"floor":1,"key":"RECALL"},{"floor":10,"key":"REST"},{"floor":13,"key":"REST"},{"floor":26,"key":"REST"}],"circlet_count":0,"master_deck":["hexamod:Strike","hexamod:Strike","hexamod:Strike","hexamod:Strike","hexamod:Defend","hexamod:Defend","hexamod:Defend","hexamod:Defend","hexamod:Sear","hexamod:Float","hexamod:RadiantFlame","hexamod:GhostflameBarrier","hexamod:PhantomFireball","hexamod:ShieldOfDarkness","hexamod:RecurringNightmare","hexamod:WildfireWeapon","hexamod:SkipABeat","hexamod:Firestarter+1","hexamod:SwordOfDarkness+1","hexamod:InspiringFlames","hexamod:VolcanoVisage","hexamod:FlamesFromBeyond","hexamod:EmpoweredFlame","hexamod:DynamicBlow+1","hexamod:DynamicBlow+1","hexamod:ThermalTransfer+1","hexamod:InspiringFlames","hexamod:NightmareStrike+1","hexamod:ShieldOfDarkness"],"relics":["hexamod:SpiritBrand","Molten Egg 2","Blue Doll","downfall:HeartBlessingRed","Ice Cream","Sozu","Replay:Accelerometer","potionbrewer:RamsHorn","downfall:HeartBlessingBlue"],"acts_visited":["Exordium","TheCity"],"potions_floor_usage":[5,11,16,19,27],"damage_taken":[{"damage":0,"enemies":"Small Slimes","floor":2,"turns":3},{"damage":0,"enemies":"downfall:FleeingMerchant","floor":3,"turns":4},{"damage":0,"enemies":"conspire:RoseBush","floor":4,"turns":3},{"damage":0,"enemies":"downfall:FleeingMerchant","floor":5,"turns":4},{"damage":60,"enemies":"Gremlin Nob","floor":8,"turns":6},{"damage":0,"enemies":"Cultist","floor":9,"turns":3},{"damage":1,"enemies":"Lagavulin","floor":11,"turns":7},{"damage":0,"enemies":"Large Slime","floor":14,"turns":6},{"damage":0,"enemies":"Red Slaver","floor":15,"turns":2},{"damage":31,"enemies":"IC_STATUS_ARCHETYPE","floor":16,"turns":9},{"damage":22,"enemies":"conspire:FuzzyDice","floor":19,"turns":7},{"damage":20,"enemies":"downfall:FleeingMerchant","floor":20,"turns":4},{"damage":0,"enemies":"Chosen","floor":21,"turns":5},{"damage":14,"enemies":"Centurion and Healer","floor":23,"turns":5},{"damage":27,"enemies":"Snake Plant","floor":27,"turns":4},{"damage":23,"enemies":"Cultist and Chosen","floor":28,"turns":4}],"seed_played":"7457573936937174610","potions_obtained":[{"floor":4,"key":"Venom Potion"},{"floor":8,"key":"Languid Potion"},{"floor":9,"key":"potionbrewer:AcidPotion"},{"floor":12,"key":"Venom Potion"},{"floor":12,"key":"SteroidPotion"},{"floor":12,"key":"SpeedPotion"}],"is_trial":false,"path_per_floor":["R","M","$","M","$","?","T","E","M","R","E","?","R","M","M","B",null,"R_BF","M","$","M","?","M","T","T","R","M","M"],"character_chosen":"THE_SPIRIT","items_purchased":["hexamod:PhantomFireball","hexamod:DynamicBlow+1","Replay:Accelerometer","hexamod:ThermalTransfer+1","hexamod:InspiringFlames"],"campfire_rested":3,"item_purchase_floors":[3,20,20,20,20],"current_hp_per_floor":[70,70,70,70,70,70,70,10,10,31,30,30,51,51,51,20,70,70,48,28,28,28,14,14,14,48,21,0,0,0],"gold":15,"neow_bonus":"HUNDRED_GOLD","is_daily":false,"chose_seed":false,"campfire_upgraded":0,"win_rate":0.0,"timestamp":1612387023,"path_taken":["R","M","$","M","$","?","T","E","M","R","E","?","R","M","M","BOSS","R_BF","M","$","?","?","M","T","?","R","M","M"],"items_purchased_type":["Card","Card","Relic","Card","Card"],"build_version":"2020-12-22","purchased_purges":0,"victory":false,"max_hp_per_floor":[70,70,70,70,70,70,70,70,70,70,70,70,70,70,70,70,70,70,70,70,70,70,70,70,70,80,80,80,80,80],"relic_stats":{"Sozu":1,"counters":[16,76],"obtain_stats":[{"Ice Cream":11,"Sozu":17,"Replay:Accelerometer":20,"potionbrewer:RamsHorn":25,"downfall:HeartBlessingRed":10,"downfall:HeartBlessingBlue":26,"Molten Egg 2":7,"Blue Doll":8,"hexamod:SpiritBrand":0},{"Ice Cream":7,"Sozu":10,"Replay:Accelerometer":12,"potionbrewer:RamsHorn":14,"downfall:HeartBlessingRed":6,"downfall:HeartBlessingBlue":14,"Molten Egg 2":4,"Blue Doll":5,"hexamod:SpiritBrand":0},{"Ice Cream":30,"Sozu":47,"Replay:Accelerometer":58,"potionbrewer:RamsHorn":68,"downfall:HeartBlessingRed":23,"downfall:HeartBlessingBlue":68,"Molten Egg 2":14,"Blue Doll":20,"hexamod:SpiritBrand":0}]},"card_choices":[{"not_picked":["hexamod:NightmareGuise","hexamod:BurningTouch"],"picked":"hexamod:RadiantFlame","floor":2},{"not_picked":["hexamod:HeatMetal","hexamod:FastForward"],"picked":"hexamod:GhostflameBarrier","floor":3},{"not_picked":["hexamod:ThermalTransfer","hexamod:HauntingEcho"],"picked":"hexamod:ShieldOfDarkness","floor":4},{"not_picked":["hexamod:Hexaguard","hexamod:NightmareGuise"],"picked":"hexamod:RecurringNightmare","floor":5},{"not_picked":["hexamod:SearingWound","hexamod:HeatCrush+1"],"picked":"hexamod:WildfireWeapon","floor":8},{"not_picked":["hexamod:RainOfEmbers+1","hexamod:GhostLash+1"],"picked":"hexamod:SkipABeat","floor":9},{"not_picked":["hexamod:BacktrackSmack+1","hexamod:Hexaguard"],"picked":"hexamod:Firestarter+1","floor":11},{"not_picked":["hexamod:BacktrackSmack+1","hexamod:RecurringNightmare"],"picked":"hexamod:SwordOfDarkness+1","floor":14},{"not_picked":["hexamod:BurningTouch","hexamod:GhostLash+1"],"picked":"hexamod:InspiringFlames","floor":15},{"not_picked":["hexamod:HexaLevel","hexamod:TimeOfNeed"],"picked":"hexamod:VolcanoVisage","floor":16},{"not_picked":["hexamod:GhostflameBarrier","hexamod:AdvancingGuard"],"picked":"hexamod:FlamesFromBeyond","floor":19},{"not_picked":["hexamod:GhostLash+1","hexamod:FlamesFromBeyond"],"picked":"hexamod:EmpoweredFlame","floor":20},{"not_picked":["hexamod:BacktrackSmack+1","hexamod:HauntingEcho+1"],"picked":"hexamod:NightmareStrike+1","floor":21},{"not_picked":["hexamod:SpectralAdrenaline","hexamod:UnleashSpirits+1","hexamod:FastForward"],"picked":"SKIP","floor":23},{"not_picked":["hexamod:Again","hexamod:InspiringFlames"],"picked":"hexamod:ShieldOfDarkness","floor":27}],"player_experience":572601,"relics_obtained":[{"floor":7,"key":"Molten Egg 2"},{"floor":8,"key":"Blue Doll"},{"floor":11,"key":"Ice Cream"},{"floor":25,"key":"potionbrewer:RamsHorn"}],"event_choices":[{"damage_healed":0,"gold_gain":0,"player_choice":"Got Potions","damage_taken":0,"max_hp_gain":0,"max_hp_loss":0,"event_name":"Lab","floor":12,"gold_loss":0},{"damage_healed":0,"gold_gain":0,"player_choice":"Ignored","damage_taken":0,"max_hp_gain":0,"max_hp_loss":0,"event_name":"betterNote:BetterNote","floor":22,"gold_loss":0,"cards_obtained":["Rip and Tear"]}],"is_beta":false,"boss_relics":[{"not_picked":["hubris:TerracottaHorce","Painkiller Herb"],"picked":"Sozu"}],"items_purged_floors":[],"is_endless":false,"potions_floor_spawned":[4,8,9,14,21],"killed_by":"Cultist and Chosen","ascension_level":0}}