{"host":"soyfmymeou4emntr","time":1612396382,"event":{"mods":["BaseMod","BetterRewards","Minty Spire (QoL Compilation)","Relic Sorter","Relic Stats","StSLib"],"gold_per_floor":[113,38,38,38,55,82,82,114,114,139,139,61,61,88,88,162,162,139,159,177,17,17,17,43,60,60,72,84,96,125,137,149,161,161],"floor_reached":33,"language":"ENG","playtime":2449,"items_purged":[],"score":628,"play_id":"3ae7a3f8-a37b-4a3e-b0c6-c623741c8886","local_time":"20210203165302","is_ascension_mode":true,"campfire_choices":[{"data":"Clothesline","floor":7.0,"key":"SMITH"},{"data":"Headbutt","floor":11.0,"key":"SMITH"},{"floor":15.0,"key":"REST"},{"floor":23.0,"key":"REST"},{"data":"1","floor":27.0,"key":"LIFT"},{"floor":29.0,"key":"REST"},{"data":"2","floor":32.0,"key":"LIFT"}],"circlet_count":0,"master_deck":["AscendersBane","Strike_R+1","Strike_R","Strike_R","Strike_R+1","Defend_R","Defend_R","Defend_R","Defend_R","Bash+1","Headbutt+1","Clothesline+1","Dropkick","Reaper","Armaments","Exhume","CurseOfTheBell","Warcry+1","Shrug It Off","Havoc+1","Spot Weakness","Immolate","Battle Trance","Bloodletting+1"],"relics":["Burning Blood","NeowsBlessing","Matryoshka","Unceasing Top","Vajra","Akabeko","Tiny Chest","Mercury Hourglass","Calling Bell","Toy Ornithopter","Singing Bowl","Shovel","Orrery","Girya","MawBank","Smiling Mask","HornCleat"],"acts_visited":["Exordium","TheCity"],"potions_floor_usage":[33],"damage_taken":[{"damage":0.0,"enemies":"2 Louse","floor":1.0,"turns":1.0},{"damage":0.0,"enemies":"Small Slimes","floor":5.0,"turns":2.0},{"damage":0.0,"enemies":"3 Sentries","floor":6.0,"turns":2.0},{"damage":24.0,"enemies":"Gremlin Nob","floor":8.0,"turns":4.0},{"damage":20.0,"enemies":"Lagavulin","floor":10.0,"turns":5.0},{"damage":8.0,"enemies":"Gremlin Nob","floor":14.0,"turns":3.0},{"damage":7.0,"enemies":"Slime Boss","floor":16.0,"turns":7.0},{"damage":17.0,"enemies":"2 Thieves","floor":18.0,"turns":4.0},{"damage":19.0,"enemies":"Spheric Guardian","floor":19.0,"turns":4.0},{"damage":35.0,"enemies":"Centurion and Healer","floor":20.0,"turns":7.0},{"damage":66.0,"enemies":"Slavers","floor":24.0,"turns":6.0},{"damage":32.0,"enemies":"Cultist and Chosen","floor":25.0,"turns":7.0},{"damage":12.0,"enemies":"Snake Plant","floor":30.0,"turns":3.0},{"damage":142,"enemies":"Collector","floor":33,"turns":8}],"seed_played":"-1876141922035893545","potions_obtained":[{"floor":6.0,"key":"Energy Potion"},{"floor":10.0,"key":"ElixirPotion"},{"floor":14.0,"key":"FearPotion"},{"floor":19.0,"key":"CultistPotion"},{"floor":20.0,"key":"GamblersBrew"},{"floor":25.0,"key":"DistilledChaos"},{"floor":30.0,"key":"BlessingOfTheForge"}],"is_trial":false,"path_per_floor":["M","?","?","$","M","E","R","E","T","E","R","$","?","E","R","B",null,"M","M","M","$","?","R","E","M","T","R","?","R","M","T","R","B"],"character_chosen":"IRONCLAD","items_purchased":["Reaper","Orrery"],"campfire_rested":3,"item_purchase_floors":[12,21],"current_hp_per_floor":[74,74,74,74,75,75,75,57,57,43,43,43,20,18,40,58,71,65,52,39,43,43,67,31,21,21,21,21,46,55,55,55,0,0],"gold":161,"neow_bonus":"THREE_ENEMY_KILL","is_daily":false,"chose_seed":false,"campfire_upgraded":2,"win_rate":0.0,"timestamp":1612396382,"path_taken":["M","?","?","$","?","E","R","E","T","E","R","$","?","E","R","BOSS","M","M","M","$","?","R","E","M","T","R","?","R","M","?","R","BOSS"],"items_purchased_type":["Card","Relic"],"build_version":"2020-12-22","purchased_purges":0,"victory":false,"max_hp_per_floor":[75,75,75,75,75,75,75,75,75,75,75,75,75,75,75,75,75,75,75,77,81,81,81,83,85,85,85,85,85,85,85,85,85,85],"relic_stats":{"Shovel":0,"Singing Bowl":10,"counters":[14,63],"Tiny Chest":1,"MawBank":84,"Smiling Mask":0,"obtain_stats":[{"Girya":24,"NeowsBlessing":0,"Singing Bowl":17,"Vajra":9,"MawBank":26,"Smiling Mask":26,"Burning Blood":0,"Akabeko":9,"Mercury Hourglass":14,"Calling Bell":17,"Matryoshka":6,"Shovel":17,"HornCleat":31,"Orrery":21,"Tiny Chest":10,"Unceasing Top":8,"Toy Ornithopter":17},{"Girya":11,"NeowsBlessing":0,"Singing Bowl":7,"Vajra":4,"MawBank":12,"Smiling Mask":12,"Burning Blood":0,"Akabeko":4,"Mercury Hourglass":6,"Calling Bell":7,"Matryoshka":3,"Shovel":7,"HornCleat":13,"Orrery":10,"Tiny Chest":5,"Unceasing Top":4,"Toy Ornithopter":7},{"Girya":45,"NeowsBlessing":0,"Singing Bowl":24,"Vajra":9,"MawBank":52,"Smiling Mask":52,"Burning Blood":0,"Akabeko":9,"Mercury Hourglass":17,"Calling Bell":24,"Matryoshka":5,"Shovel":24,"HornCleat":55,"Orrery":39,"Tiny Chest":14,"Unceasing Top":9,"Toy Ornithopter":24}],"Burning Blood":67,"Unceasing Top":[2],"Toy Ornithopter":15,"Mercury Hourglass":[211]},"card_choices":[{"not_picked":["Body Slam","Searing Blow"],"picked":"Headbutt","floor":1.0},{"not_picked":["Thunderclap","Dropkick"],"picked":"Clothesline","floor":6.0},{"not_picked":["Headbutt","Entrench","Flex"],"picked":"SKIP","floor":8.0},{"not_picked":["Twin Strike","Perfected Strike"],"picked":"Dropkick","floor":10.0},{"not_picked":["Searing Blow","Warcry"],"picked":"Armaments","floor":14.0},{"not_picked":["Brutality","Demon Form"],"picked":"Exhume","floor":16.0},{"not_picked":["Ghostly Armor","Dual Wield+1"],"picked":"Warcry+1","floor":18.0},{"not_picked":["Iron Wave","Thunderclap"],"picked":"Shrug It Off","floor":19.0},{"not_picked":["Ghostly Armor","Combust","Pommel Strike"],"picked":"Singing Bowl","floor":20.0},{"not_picked":["Battle Trance","Infernal Blade"],"picked":"Havoc+1","floor":21.0},{"not_picked":["Cleave","Warcry"],"picked":"Spot Weakness","floor":21.0},{"not_picked":["Clash","Dual Wield","Combust+1"],"picked":"Singing Bowl","floor":21.0},{"not_picked":["Body Slam","Heavy Blade","Headbutt"],"picked":"Singing Bowl","floor":21.0},{"not_picked":["Body Slam","Anger"],"picked":"Immolate","floor":21.0},{"not_picked":["Carnage","Sentinel","Bludgeon"],"picked":"Singing Bowl","floor":24.0},{"not_picked":["Shockwave","Havoc","Body Slam"],"picked":"Singing Bowl","floor":25.0},{"not_picked":["Cleave","Flex"],"picked":"Bloodletting+1","floor":30.0}],"player_experience":3021659,"relics_obtained":[{"floor":6.0,"key":"Matryoshka"},{"floor":8.0,"key":"Unceasing Top"},{"floor":9.0,"key":"Vajra"},{"floor":9.0,"key":"Akabeko"},{"floor":10.0,"key":"Tiny Chest"},{"floor":14.0,"key":"Mercury Hourglass"},{"floor":17.0,"key":"Toy Ornithopter"},{"floor":17.0,"key":"Singing Bowl"},{"floor":17.0,"key":"Shovel"},{"floor":24.0,"key":"Girya"},{"floor":26.0,"key":"MawBank"},{"floor":26.0,"key":"Smiling Mask"},{"floor":31.0,"key":"HornCleat"}],"event_choices":[{"cards_removed":["Strike_R"],"damage_healed":0.0,"max_hp_gain":0.0,"max_hp_loss":0.0,"gold_gain":0.0,"event_name":"The Cleric","player_choice":"Card Removal","floor":2.0,"gold_loss":75.0,"damage_taken":0.0},{"damage_healed":0.0,"max_hp_gain":0.0,"max_hp_loss":0.0,"gold_gain":0.0,"event_name":"Living Wall","player_choice":"Grow","floor":3.0,"gold_loss":0.0,"damage_taken":0.0,"cards_upgraded":["Bash"]},{"damage_healed":0.0,"max_hp_gain":0.0,"max_hp_loss":0.0,"gold_gain":0.0,"event_name":"Shining Light","player_choice":"Entered Light","floor":13.0,"gold_loss":0.0,"damage_taken":23.0,"cards_upgraded":["Strike_R","Strike_R"]},{"damage_healed":0.0,"max_hp_gain":0.0,"max_hp_loss":0.0,"gold_gain":0.0,"event_name":"The Library","player_choice":"Read","floor":28.0,"gold_loss":0.0,"damage_taken":0.0,"cards_obtained":["Battle Trance"]}],"is_beta":false,"boss_relics":[{"not_picked":["SacredBark","Fusion Hammer"],"picked":"Calling Bell"}],"items_purged_floors":[],"is_endless":false,"potions_floor_spawned":[6,10,14,19,20,25,30],"killed_by":"Collector","ascension_level":20}}