{"host":"DrTrollPool","time":1612392129,"event":{"mods":["2.2 Compatiblity","BaseMod","BetterRewards","Colored Map","DeckTracker","Downfall","Googly Eyes","Hermit","HexUI Lib","Highlight Path","Hubris","Infinite Spire","Minty Spire (QoL Compilation)","Potionbrewer","Replay The Spire","StSLib","SuperFastMode","The Construct","The Cursed","The Disciple","The Hierophant","The Jungle","The Necromancer","The Runesmith","The Servant 0.9.4"],"gold_per_floor":[109,109,109,119,136,169,169,202,251,103,103,103],"floor_reached":11,"language":"ENG","playtime":368,"items_purged":[],"score":106,"play_id":"75f13c9a-7fd9-458a-bdc7-5d4a4f83235c","local_time":"20210203234209","is_ascension_mode":false,"campfire_choices":[{"data":"Runesmith:Grindstone","floor":7,"key":"SMITH"}],"circlet_count":0,"master_deck":["Runesmith:Strike_RS","Runesmith:Strike_RS","Runesmith:Strike_RS","Runesmith:Strike_RS","Runesmith:Defend_RS","Runesmith:Defend_RS","Runesmith:Defend_RS","Runesmith:Defend_RS","Runesmith:CraftFirestone+1","Runesmith:Fortify","Runesmith:ChiselStab","Runesmith:Grindstone+1","Runesmith:HammerThrow","Runesmith:CraftProtectio","Runesmith:Firestorm","Runesmith:CraftReservo"],"relics":["Runesmith:BrokenRuby","Oddly Smooth Stone","Smiling Mask","Turnip","Toy Ornithopter"],"acts_visited":["Exordium"],"potions_floor_usage":[],"damage_taken":[{"damage":0,"enemies":"Small Slimes","floor":1,"turns":3},{"damage":0,"enemies":"Jaw Worm","floor":4,"turns":3},{"damage":0,"enemies":"Cultist","floor":5,"turns":4},{"damage":30,"enemies":"Gremlin Nob","floor":6,"turns":5},{"damage":0,"enemies":"3 Sentries","floor":8,"turns":8},{"damage":46,"enemies":"Gremlin Nob","floor":11,"turns":4}],"seed_played":"3983662507329988854","potions_obtained":[{"floor":5,"key":"potionbrewer:CleansingPotion"},{"floor":6,"key":"champ:CounterPotion"}],"is_trial":false,"path_per_floor":["M","?","?","M","M","E","R","E","T","$","E"],"character_chosen":"RUNESMITH_CLASS","items_purchased":["Runesmith:Firestorm","Runesmith:CraftReservo"],"campfire_rested":0,"item_purchase_floors":[10,10],"current_hp_per_floor":[70,70,70,70,70,40,40,40,40,40,0,0],"gold":103,"neow_bonus":"RANDOM_COMMON_RELIC","is_daily":false,"chose_seed":false,"campfire_upgraded":1,"win_rate":0.0,"timestamp":1612392129,"path_taken":["M","?","?","M","?","E","R","E","T","$","E"],"items_purchased_type":["Card","Card"],"build_version":"2020-12-18","purchased_purges":0,"victory":false,"max_hp_per_floor":[70,70,70,70,70,70,70,70,70,70,70,70],"card_choices":[{"not_picked":["Runesmith:EarthShield","Runesmith:ElementalConversion"],"picked":"Runesmith:ChiselStab","floor":1},{"not_picked":["Runesmith:UnstableHammer","Runesmith:BackupBattery"],"picked":"Runesmith:Grindstone","floor":4},{"not_picked":["Runesmith:MakeshiftArmor","Runesmith:Discharge","Runesmith:FieryHammer"],"picked":"SKIP","floor":5},{"not_picked":["Runesmith:RuneHurl","Runesmith:HammerTime"],"picked":"Runesmith:HammerThrow","floor":6},{"not_picked":["Runesmith:StaticCage","Runesmith:OneForEveryone"],"picked":"Runesmith:CraftProtectio","floor":8}],"player_experience":138642,"relics_obtained":[{"floor":6,"key":"Smiling Mask"},{"floor":8,"key":"Turnip"},{"floor":9,"key":"Toy Ornithopter"}],"event_choices":[{"damage_healed":0,"gold_gain":0,"player_choice":"0 cards matched","damage_taken":0,"max_hp_gain":0,"max_hp_loss":0,"event_name":"Match and Keep!","floor":3,"gold_loss":0,"cards_obtained":[]}],"is_beta":true,"boss_relics":[],"items_purged_floors":[],"is_endless":false,"potions_floor_spawned":[5,6],"killed_by":"Gremlin Nob","ascension_level":0}}