{"host":"ty2cix8xj6r3ad26","time":1612383662,"event":{"mods":["AchievementEnabler","BaseMod","BetterRewards","Minty Spire (QoL Compilation)","Quick Restart","StSLib","SuperFastMode"],"gold_per_floor":[111,186,204,61,61,61,74,85,109,121,131,146,22,40,40,112,112,122,122],"floor_reached":18,"language":"ENG","playtime":1269,"items_purged":["Strike_R","Strike_R","Defend_R"],"score":426,"play_id":"27f484f7-ef87-45f7-81c1-1fd1e493bb95","local_time":"20210203222102","is_ascension_mode":true,"campfire_choices":[{"data":"Bash","floor":6,"key":"SMITH"},{"data":"Rage","floor":15,"key":"SMITH"}],"circlet_count":0,"master_deck":["AscendersBane","Strike_R","Strike_R","Defend_R","Defend_R","Bash+1","Dark Embrace+1","Sentinel","Purity","Intimidate","Rage+1","Pommel Strike","Disarm","Ghostly Armor","Battle Trance","Feel No Pain","Spot Weakness","Immolate"],"relics":["Burning Blood","Torii","Calipers","Orichalcum","HandDrill","Smiling Mask","Empty Cage"],"acts_visited":["Exordium","TheCity"],"potions_floor_usage":[8,10,11,12,16],"damage_taken":[{"damage":2,"enemies":"2 Louse","floor":1,"turns":3},{"damage":0,"enemies":"Cultist","floor":3,"turns":4},{"damage":6,"enemies":"Jaw Worm","floor":7,"turns":3},{"damage":7,"enemies":"Looter","floor":8,"turns":4},{"damage":2,"enemies":"Blue Slaver","floor":10,"turns":4},{"damage":18,"enemies":"Exordium Wildlife","floor":11,"turns":7},{"damage":2,"enemies":"Looter","floor":12,"turns":4},{"damage":1,"enemies":"Red Slaver","floor":14,"turns":3},{"damage":30,"enemies":"Slime Boss","floor":16,"turns":19},{"damage":1,"enemies":"Chosen","floor":18,"turns":6}],"seed_played":"5187171907009528230","potions_obtained":[{"floor":7,"key":"Regen Potion"},{"floor":8,"key":"SpeedPotion"},{"floor":11,"key":"FearPotion"},{"floor":14,"key":"Dexterity Potion"},{"floor":16,"key":"SteroidPotion"}],"is_trial":false,"path_per_floor":["M","?","M","$","?","R","M","M","T","M","M","M","$","M","R","B",null,"M"],"character_chosen":"IRONCLAD","items_purchased":["Torii","Dark Embrace","Sentinel","Purity","Intimidate","Dexterity Potion","HandDrill","Feel No Pain"],"campfire_rested":0,"item_purchase_floors":[0,0,0,0,0,0,4,13],"current_hp_per_floor":[32,24,30,30,30,30,30,41,41,45,33,37,37,42,42,18,65,70,70],"gold":122,"neow_bonus":"","is_daily":false,"chose_seed":false,"campfire_upgraded":2,"win_rate":0.0,"timestamp":1612383662,"path_taken":["M","?","M","?","?","R","?","M","T","M","M","?","?","M","R","BOSS","M"],"items_purchased_type":["Relic","Card","Card","Card","Card","Potion","Relic","Card"],"build_version":"2020-12-22","purchased_purges":3,"victory":false,"max_hp_per_floor":[80,80,80,80,80,80,80,80,80,80,80,80,80,80,80,80,80,80,80],"card_choices":[{"not_picked":["Body Slam","Warcry"],"picked":"Rage","floor":1},{"not_picked":["Carnage","Hemokinesis"],"picked":"Pommel Strike","floor":3},{"not_picked":["Iron Wave","Hemokinesis"],"picked":"Disarm","floor":7},{"not_picked":["Pummel","Intimidate","Dropkick"],"picked":"SKIP","floor":8},{"not_picked":["Combust","True Grit"],"picked":"Ghostly Armor","floor":10},{"not_picked":["Dual Wield","Sword Boomerang"],"picked":"Battle Trance","floor":11},{"not_picked":["Body Slam","Anger","Armaments"],"picked":"SKIP","floor":12},{"not_picked":["Intimidate","Iron Wave"],"picked":"Spot Weakness","floor":14},{"not_picked":["Berserk","Feed"],"picked":"Immolate","floor":16}],"player_experience":541498,"relics_obtained":[{"floor":9,"key":"Smiling Mask"}],"event_choices":[{"damage_healed":0,"gold_gain":75,"player_choice":"Touch","damage_taken":8,"max_hp_gain":0,"max_hp_loss":0,"event_name":"FaceTrader","floor":2,"gold_loss":0},{"damage_healed":0,"gold_gain":0,"player_choice":"Upgraded","damage_taken":0,"max_hp_gain":0,"max_hp_loss":0,"event_name":"Upgrade Shrine","floor":5,"gold_loss":0,"cards_upgraded":["Dark Embrace"]}],"is_beta":false,"boss_relics":[{"not_picked":["Snecko Eye","Calling Bell"],"picked":"Empty Cage"}],"items_purged_floors":[0,0,13],"is_endless":false,"potions_floor_spawned":[7,8,11,14,16],"killed_by":"Chosen","ascension_level":13}}