{"host":"ztbcjri4lmj3mep7","time":1612313507,"event":{"mods":["BaseMod","Become a monster ???","Better Altar","Better Match","Better Sensory Stone","Better Skull","Better Third Choice","Challenge The Spire","Colored Map","DeckTracker","Friendly Minions","Marisa????????","Minty Spire (QoL Compilation)","Quick Restart","Random Character Button","Reliquary","Robot Space Explorer","StSLib","SuperFastMode","Synergy Search","The Marked","The Runesmith","slay the spire mod where everything is the same but ironclad has a cowboy hat"],"gold_per_floor":[112,67,83,93,93,93,113,113,113,133,143,156,156,176,176,272,272,290,290,290,142,142,174,191,211,211,211,223,234,246,161,161,161,161],"floor_reached":33,"language":"ENG","playtime":1510,"items_purged":["theMarked:Strike"],"score":263,"play_id":"478af0d0-04e0-4219-854f-223931bf9604","local_time":"20210202185147","is_ascension_mode":false,"campfire_choices":[{"data":"theMarked:SoldierOfQuellstein","floor":6,"key":"SMITH"},{"data":"theMarked:Defend","floor":13,"key":"SMITH"},{"data":"theMarked:EmpowerWeapon","floor":15,"key":"SMITH"},{"data":"Discovery","floor":32,"key":"SMITH"}],"circlet_count":0,"master_deck":["theMarked:Strike","theMarked:Strike","theMarked:Strike","theMarked:Strike","theMarked:Defend","theMarked:Defend","theMarked:Defend+1","theMarked:Defend","theMarked:SoldierOfQuellstein+1","theMarked:Aftermath","theMarked:EmpowerWeapon+1","theMarked:EnhanceMovement","theMarked:SwordAndMagic","Discovery+1","theMarked:ChannelForce","theMarked:RepellingDischarge","theMarked:BindingBlade","theMarked:EternalStudent","theMarked:ComboAttacks","theMarked:TwofoldDefense","theMarked:OneWithTheBlade"],"relics":["theMarked:ArtifactOfAir","Lantern","reliquary:TridentHead","reliquary:RedCape","Bloody Idol","reliquary:TatteredRug","reliquary:NewFriend","reliquary:PrincelyHelmet"],"acts_visited":["Exordium","TheCity"],"potions_floor_usage":[23,23,30,33,33],"damage_taken":[{"damage":4,"enemies":"Cultist","floor":1,"turns":4},{"damage":1,"enemies":"Jaw Worm","floor":3,"turns":3},{"damage":0,"enemies":"2 Louse","floor":4,"turns":2},{"damage":0,"enemies":"Lots of Slimes","floor":7,"turns":4},{"damage":0,"enemies":"Blue Slaver","floor":10,"turns":2},{"damage":11,"enemies":"Exordium Wildlife","floor":11,"turns":2},{"damage":0,"enemies":"2 Fungi Beasts","floor":12,"turns":3},{"damage":0,"enemies":"Blue Slaver","floor":14,"turns":4},{"damage":30,"enemies":"Hexaghost","floor":16,"turns":7},{"damage":0,"enemies":"Shell Parasite","floor":18,"turns":3},{"damage":29,"enemies":"Gremlin Leader","floor":23,"turns":6},{"damage":5,"enemies":"2 Thieves","floor":24,"turns":2},{"damage":13,"enemies":"Snecko","floor":25,"turns":5},{"damage":2,"enemies":"Centurion and Healer","floor":28,"turns":4},{"damage":10,"enemies":"Shelled Parasite and Fungi","floor":29,"turns":6},{"damage":0,"enemies":"3 Cultists","floor":30,"turns":3},{"damage":46,"enemies":"Collector","floor":33,"turns":5}],"seed_played":"5359460780842701153","potions_obtained":[{"floor":3,"key":"SpeedPotion"},{"floor":7,"key":"SteroidPotion"},{"floor":16,"key":"AttackPotion"},{"floor":24,"key":"Explosive Potion"},{"floor":25,"key":"Energy Potion"}],"is_trial":false,"path_per_floor":["M","$","M","M","?","R","M","?","T","M","M","M","R","M","R","B",null,"M","?","?","$","?","E","M","M","T","?","M","M","M","?","R","B"],"character_chosen":"THE_DEFAULT","items_purchased":["theMarked:EmpowerWeapon","theMarked:ComboAttacks"],"campfire_rested":0,"item_purchase_floors":[2,21],"current_hp_per_floor":[66,66,65,65,65,65,65,65,65,65,54,54,54,54,54,24,70,70,70,35,35,58,34,39,31,31,31,34,29,34,34,34,0,0],"gold":161,"neow_bonus":"RANDOM_COMMON_RELIC","is_daily":false,"chose_seed":false,"campfire_upgraded":4,"win_rate":0.0,"timestamp":1612313507,"path_taken":["M","$","?","M","?","R","?","?","T","M","?","M","R","M","R","BOSS","M","?","?","$","?","E","M","M","T","?","M","?","M","?","R","BOSS"],"items_purchased_type":["Card","Card"],"build_version":"2020-12-22","purchased_purges":1,"victory":false,"max_hp_per_floor":[70,70,70,70,70,70,70,70,70,70,70,70,70,70,70,70,70,70,70,70,70,70,70,70,70,70,70,70,70,70,70,70,70,70],"card_choices":[{"not_picked":["theMarked:BanishingStrike","theMarked:Parkour"],"picked":"theMarked:Aftermath","floor":1},{"not_picked":["theMarked:RepellingDischarge","theMarked:ResourceFulStrike"],"picked":"theMarked:EnhanceMovement","floor":3},{"not_picked":["theMarked:Determination","theMarked:Pokerface"],"picked":"theMarked:SwordAndMagic","floor":4},{"not_picked":["Finesse","Mayhem"],"picked":"Discovery","floor":5},{"not_picked":["theMarked:HeightenedSenses","theMarked:TwofoldDefense"],"picked":"theMarked:ChannelForce","floor":7},{"not_picked":["theMarked:Standoff","theMarked:ResourceFulStrike","theMarked:TwofoldDefense"],"picked":"SKIP","floor":10},{"not_picked":["theMarked:Memento","theMarked:BanishingStrike"],"picked":"theMarked:RepellingDischarge","floor":11},{"not_picked":["theMarked:WastefulAttack","theMarked:TakeCover","theMarked:Memento"],"picked":"SKIP","floor":12},{"not_picked":["theMarked:Pokerface","theMarked:BanishingStrike"],"picked":"theMarked:BindingBlade","floor":14},{"not_picked":["theMarked:UnarmedFury","theMarked:Challenge"],"picked":"theMarked:EternalStudent","floor":16},{"not_picked":["theMarked:WardOff","theMarked:HeightenedSenses","theMarked:ElectricStrings"],"picked":"SKIP","floor":18},{"not_picked":["theMarked:Memento","theMarked:DispelDoubt","theMarked:ElectricStrings+1"],"picked":"SKIP","floor":23},{"not_picked":["theMarked:WardOff","theMarked:Parkour","theMarked:EmpowerWeapon"],"picked":"SKIP","floor":24},{"not_picked":["theMarked:BanishingStrike","theMarked:Memento","theMarked:ResourceFulStrike"],"picked":"SKIP","floor":25},{"not_picked":["theMarked:RogueSparks","theMarked:KeepCalmAndFight"],"picked":"theMarked:TwofoldDefense","floor":28},{"not_picked":["theMarked:ChannelForce","theMarked:TheMission","theMarked:ElectricStrings+1"],"picked":"SKIP","floor":29},{"not_picked":["theMarked:EternalStudent","theMarked:Improvise"],"picked":"theMarked:OneWithTheBlade","floor":30}],"player_experience":755372,"relics_obtained":[{"floor":9,"key":"reliquary:TridentHead"},{"floor":23,"key":"reliquary:TatteredRug"},{"floor":26,"key":"reliquary:NewFriend"}],"event_choices":[{"damage_healed":0,"gold_gain":1,"player_choice":"1","damage_taken":0,"max_hp_gain":0,"max_hp_loss":0,"event_name":"betterStone:BetterStone","floor":5,"gold_loss":0},{"damage_healed":0,"gold_gain":0,"player_choice":"Bought 0 Potions","damage_taken":0,"max_hp_gain":0,"max_hp_loss":0,"event_name":"The Woman in Blue","floor":8,"gold_loss":0},{"damage_healed":0,"gold_gain":0,"player_choice":"Ignored","damage_taken":0,"max_hp_gain":0,"max_hp_loss":0,"event_name":"Ghosts","floor":19,"gold_loss":0},{"damage_healed":0,"gold_gain":0,"player_choice":" Idol ","damage_taken":35,"relics_obtained":["Bloody Idol"],"max_hp_gain":70,"max_hp_loss":35,"event_name":"betterAltar:BetterAltar","floor":20,"potions_obtained":[],"relics_lost":[],"gold_loss":0},{"damage_healed":23,"gold_gain":0,"player_choice":"Heal","damage_taken":0,"max_hp_gain":0,"max_hp_loss":0,"event_name":"The Library","floor":22,"gold_loss":0},{"damage_healed":0,"gold_gain":0,"player_choice":"Ignored","damage_taken":0,"max_hp_gain":0,"max_hp_loss":0,"event_name":"Cursed Tome","floor":27,"gold_loss":0},{"damage_healed":0,"gold_gain":0,"player_choice":"Obtained Relic","damage_taken":0,"relics_obtained":["reliquary:PrincelyHelmet"],"max_hp_gain":0,"max_hp_loss":0,"event_name":"Addict","floor":31,"gold_loss":85}],"is_beta":false,"boss_relics":[{"not_picked":["Busted Crown","reliquary:Ember"],"picked":"reliquary:RedCape"}],"items_purged_floors":[21],"is_endless":false,"potions_floor_spawned":[3,7,16,24,25,29],"killed_by":"Collector","ascension_level":0}}