{"host":"fwes8e3a36usabj9","time":1612343174,"event":{"mods":["BaseMod","Colored Map","Colored Powertips","Minty Spire (QoL Compilation)"],"gold_per_floor":[115,126,126,136,67,67,99,99,99,111,121,139,166,180,180,281,281,297,297,297,297],"floor_reached":20,"language":"ENG","playtime":1373,"items_purged":[],"score":274,"play_id":"8f87a474-20ef-47fd-b3a9-ed61e6cefdbe","local_time":"20210203010614","is_ascension_mode":true,"campfire_choices":[{"data":"Scrawl","floor":6.0,"key":"SMITH"},{"floor":8.0,"key":"REST"},{"data":"WindmillStrike","floor":15.0,"key":"SMITH"}],"circlet_count":0,"master_deck":["Strike_P","Strike_P","Strike_P","Strike_P","Defend_P","Defend_P","Defend_P","Defend_P","Eruption","Vigilance","SashWhip","Evaluate","Collect","Scrawl+1","WaveOfTheHand","ClearTheMind","WindmillStrike+1","Prostrate","MentalFortress+1","ConjureBlade","DeusExMachina","EmptyFist+1"],"relics":["PureWater","Singing Bowl","Mercury Hourglass","Frozen Egg 2","VioletLotus","NlothsMask"],"acts_visited":["Exordium","TheCity"],"potions_floor_usage":[],"damage_taken":[{"damage":0.0,"enemies":"2 Louse","floor":1.0,"turns":1.0},{"damage":2.0,"enemies":"Cultist","floor":2.0,"turns":5.0},{"damage":4.0,"enemies":"Small Slimes","floor":4.0,"turns":3.0},{"damage":32.0,"enemies":"Lagavulin","floor":7.0,"turns":7.0},{"damage":0.0,"enemies":"3 Louse","floor":10.0,"turns":3.0},{"damage":11.0,"enemies":"Exordium Wildlife","floor":11.0,"turns":5.0},{"damage":9.0,"enemies":"Large Slime","floor":12.0,"turns":5.0},{"damage":0.0,"enemies":"Gremlin Nob","floor":13.0,"turns":2.0},{"damage":2.0,"enemies":"Blue Slaver","floor":14.0,"turns":4.0},{"damage":28.0,"enemies":"Slime Boss","floor":16.0,"turns":12.0},{"damage":10.0,"enemies":"Shell Parasite","floor":18.0,"turns":4.0},{"damage":0,"enemies":"2 Thieves","floor":20,"turns":1}],"seed_played":"-4111087996499484317","potions_obtained":[{"floor":2.0,"key":"FairyPotion"},{"floor":7.0,"key":"LiquidMemories"},{"floor":11.0,"key":"SteroidPotion"},{"floor":12.0,"key":"Regen Potion"},{"floor":16.0,"key":"SneckoOil"},{"floor":18.0,"key":"Weak Potion"}],"is_trial":false,"path_per_floor":["M","M","?","M","$","R","E","R","T","M","M","M","E","M","R","B",null,"M","?","M"],"character_chosen":"WATCHER","items_purchased":["Scrawl"],"campfire_rested":1,"item_purchase_floors":[5],"current_hp_per_floor":[72,70,70,66,66,66,34,57,57,57,46,37,42,40,40,12,62,52,52,52,52],"gold":297,"neow_bonus":"TEN_PERCENT_HP_BONUS","is_daily":false,"chose_seed":false,"campfire_upgraded":2,"win_rate":0.0,"timestamp":1612343174,"path_taken":["M","M","?","M","$","R","E","R","T","M","M","M","E","M","R","BOSS","M","?","?"],"items_purchased_type":["Card"],"build_version":"2020-12-22","purchased_purges":0,"victory":false,"max_hp_per_floor":[79,79,79,79,79,79,79,79,79,79,79,79,79,79,79,79,79,79,79,79,79],"card_choices":[{"not_picked":["Halt","CutThroughFate"],"picked":"SashWhip","floor":1.0},{"not_picked":["FollowUp","FlyingSleeves"],"picked":"Evaluate","floor":2.0},{"not_picked":["ForeignInfluence","Tantrum"],"picked":"Collect","floor":4.0},{"not_picked":["Fasting2","Protect"],"picked":"WaveOfTheHand","floor":7.0},{"not_picked":["SignatureMove","PathToVictory"],"picked":"ClearTheMind","floor":10.0},{"not_picked":["CrushJoints","Evaluate"],"picked":"WindmillStrike","floor":11.0},{"not_picked":["Indignation","ThirdEye"],"picked":"Prostrate","floor":12.0},{"not_picked":["Consecrate","Nirvana+1"],"picked":"MentalFortress+1","floor":13.0},{"not_picked":["WindmillStrike","ThirdEye"],"picked":"ConjureBlade","floor":14.0},{"not_picked":["Scrawl","MasterReality+1"],"picked":"DeusExMachina","floor":16.0},{"not_picked":["Weave+1","BattleHymn+1"],"picked":"EmptyFist+1","floor":18.0}],"player_experience":731733,"relics_obtained":[{"floor":7.0,"key":"Singing Bowl"},{"floor":9.0,"key":"Mercury Hourglass"},{"floor":13.0,"key":"Frozen Egg 2"}],"event_choices":[{"damage_healed":0.0,"max_hp_gain":0.0,"max_hp_loss":0.0,"gold_gain":0.0,"event_name":"The Cleric","player_choice":"Leave","floor":3.0,"gold_loss":0.0,"damage_taken":0.0},{"damage_healed":0.0,"max_hp_gain":0.0,"max_hp_loss":0.0,"gold_gain":0.0,"event_name":"FaceTrader","player_choice":"Trade","floor":19.0,"gold_loss":0.0,"damage_taken":0.0,"relics_obtained":["NlothsMask"]}],"is_beta":false,"boss_relics":[{"not_picked":["Empty Cage","Busted Crown"],"picked":"VioletLotus"}],"items_purged_floors":[],"is_endless":false,"potions_floor_spawned":[2,7,11,12,16,18],"killed_by":"2 Thieves","ascension_level":6}}