{"host":"tetq3wi5anb97imq","time":1612325256,"event":{"mods":["BaseMod","Block Reminder","Minty Spire (QoL Compilation)","Quick Restart","StSLib","SuperFastMode"],"gold_per_floor":[117,88,88,88,103,103,138,155,204,204,279,244,244,244,244,244,244],"floor_reached":16,"language":"ENG","playtime":331,"items_purged":[],"score":242,"play_id":"e5226a8d-d629-438b-90f8-5c786a1e6d55","local_time":"20210203020736","is_ascension_mode":true,"campfire_choices":[{"data":"All Out Attack","floor":6,"key":"SMITH"},{"data":"Flying Knee","floor":10,"key":"SMITH"},{"data":"Dagger Throw","floor":13,"key":"SMITH"},{"data":"Blur","floor":15,"key":"SMITH"}],"circlet_count":0,"master_deck":["AscendersBane","Strike_G","Strike_G+1","Strike_G+1","Strike_G","Defend_G","Defend_G","Defend_G","Defend_G","Defend_G","Survivor","Neutralize","Flying Knee+1","Dagger Throw+1","All Out Attack+1","Blur+1"],"relics":["Ring of the Snake","NeowsBlessing","Pen Nib","Happy Flower","Golden Idol"],"acts_visited":["Exordium"],"potions_floor_usage":[16],"damage_taken":[{"damage":0,"enemies":"Small Slimes","floor":1,"turns":1},{"damage":0,"enemies":"2 Louse","floor":5,"turns":1},{"damage":0,"enemies":"3 Sentries","floor":7,"turns":1},{"damage":1,"enemies":"Cultist","floor":8,"turns":3},{"damage":25,"enemies":"Hexaghost","floor":16,"turns":9}],"seed_played":"1138410826876203468","potions_obtained":[{"floor":5,"key":"CultistPotion"},{"floor":8,"key":"Ancient Potion"}],"is_trial":false,"path_per_floor":["M","$","?","?","M","R","E","M","T","R","?","?","R","?","R","B"],"character_chosen":"THE_SILENT","items_purchased":["Dagger Throw"],"campfire_rested":0,"item_purchase_floors":[2],"current_hp_per_floor":[59,59,39,39,39,39,39,38,38,38,27,43,43,20,20,0,0],"gold":244,"neow_bonus":"THREE_ENEMY_KILL","is_daily":false,"chose_seed":false,"campfire_upgraded":4,"win_rate":0.0,"timestamp":1612325256,"path_taken":["M","$","?","?","?","R","E","M","T","R","?","?","R","?","R","BOSS"],"items_purchased_type":["Card"],"build_version":"2020-12-22","purchased_purges":0,"victory":false,"max_hp_per_floor":[66,66,66,66,66,66,66,66,66,66,66,66,66,66,66,66,66],"card_choices":[{"not_picked":["Outmaneuver","Slice"],"picked":"Flying Knee","floor":1},{"not_picked":["Cloak And Dagger","Bane"],"picked":"All Out Attack","floor":5},{"not_picked":["Underhanded Strike","Dodge and Roll"],"picked":"Blur","floor":7},{"not_picked":["Catalyst","Choke","Prepared"],"picked":"SKIP","floor":8}],"player_experience":1641362,"relics_obtained":[{"floor":7,"key":"Pen Nib"},{"floor":9,"key":"Happy Flower"}],"event_choices":[{"damage_healed":0,"gold_gain":0,"player_choice":"Entered Light","damage_taken":20,"max_hp_gain":0,"max_hp_loss":0,"event_name":"Shining Light","floor":3,"gold_loss":0,"cards_upgraded":["Strike_G","Strike_G"]},{"cards_removed":["Strike_G"],"damage_healed":0,"gold_gain":0,"player_choice":"Card Removal","damage_taken":0,"max_hp_gain":0,"max_hp_loss":0,"event_name":"Wheel of Change","floor":4,"gold_loss":0},{"damage_healed":0,"gold_gain":75,"player_choice":"Gather Gold","damage_taken":11,"max_hp_gain":0,"max_hp_loss":0,"event_name":"World of Goop","floor":11,"gold_loss":0},{"damage_healed":16,"gold_gain":0,"player_choice":"Healed","damage_taken":0,"max_hp_gain":0,"max_hp_loss":0,"event_name":"The Cleric","floor":12,"gold_loss":35},{"damage_healed":0,"gold_gain":0,"player_choice":"Take Damage","damage_taken":23,"relics_obtained":["Golden Idol"],"max_hp_gain":0,"max_hp_loss":0,"event_name":"Golden Idol","floor":14,"gold_loss":0}],"is_beta":false,"boss_relics":[],"items_purged_floors":[],"is_endless":false,"potions_floor_spawned":[5,8],"killed_by":"Hexaghost","ascension_level":20}}