{"host":"qmnyg5dk1o6rw6mz","time":1612368119,"event":{"mods":["2.2 Compatiblity","AchievementEnabler","Act Like it!","Aspiration","Astrologer","BaseMod","Beaked The Cultist","Better Altar","Better Match","Better Note","Better Sensory Stone","Better Skull","Better Third Choice","Better Vampires","Block Reminder","CapriCore","Challenge The Spire","ChefMod","Colored Map","Colored Powertips","Conspire","Defuse TimeMaze Blight","Disable Question Mark Monsters","Displayed Cursed Tome","Downfall","Energized Spire","Gensokyo","GifTheSpireLib","GungeonMod","Hallownest","Hermit","Highlight Path","Hubris","Infinite Spire","Jedi Mod","Marisa¡]Ãú«B¡@Å]²z¨F¡^","Minty Spire (QoL Compilation)","Monster B Gone","Pale of the Ancients","Permanent Neow","Quick Restart","Reimu¡]³Õ???¡^","Relic Filter","Reliquary","Replay The Spire","StSLib","Synergy Search","The Blue Laboratory","The Construct","The Cursed","The Dragon Tamer","The Gatherer","The Poker Player","The Runesmith","The Showman","Unceasing Turn Reminder","Wide Potions","thorton"],"gold_per_floor":[99,99,109,109,121,134,134,134,67,80,94,94,119,131,143,239,239,139,139,183,143,190,239,239,302,302,302,302,353,53,3,79,241,241,241,259,259,259,320,377,377,393,501,578,174,174,238,273,346,440],"floor_reached":51,"language":"ENG","playtime":3484,"items_purged":["Slimebound:Defend_Slimebound","Slimebound:Defend_Slimebound","Slimebound:Defend_Slimebound"],"score":806,"play_id":"450c2fbb-5e50-49b4-a080-aec8b5d8f109","local_time":"20210204000159","is_ascension_mode":false,"campfire_choices":[{"floor":1.0,"key":"DIG"},{"data":"Endless Agony","floor":12.0,"key":"SMITH"},{"data":"Slimebound:OneTwoCombo","floor":26.0,"key":"SMITH"},{"data":"Slimebound:OneTwoCombo","floor":35.0,"key":"SMITH"},{"data":"Slimebound:TagTeam","floor":46,"key":"SMITH"}],"circlet_count":0,"master_deck":["Slimebound:Defend_Slimebound","Slimebound:Split+1","Slimebound:CorrosiveSpit","Neutralize","Backstab","Endless Agony+1","Slimebound:OneTwoCombo+1","Slimebound:SplitAcid","Slimebound:SlimeBrawl","Slimebound:SlimeTap","Slimebound:LeadByExample","Slimebound:SplitSpecialist","Slimebound:OneTwoCombo+1","thethorton:CreditCard+4","Slimebound:SplitSpecialist","Slimebound:ForwardTackle","Slimebound:SplitBruiser","Slimebound:Repurpose+1","Slimebound:Split+1","thethorton:CreditCard+4","Slimebound:SplitAcid","Slimebound:Repurpose","Slimebound:SplitSpecialist","Slimebound:TagTeam+1","Slimebound:RallyTheTroops","Slimebound:SlimeTap","Slimebound:SplitLeeching+1","Slimebound:SlimeTap+1","Slimebound:DivideAndConquer","Slimebound:ProtectTheBoss+1","Slimebound:ProtectTheBoss","Slimebound:Darklings"],"relics":["Slimebound:AbsorbEndCombat","Pet Ghost","reliquary:PurpleTingedLeaf","aspiration:BabyByrd","Girya","reliquary:Ember","downfall:HeartBlessingGreen","DemoMod:ClearGuonStone","ZunR:ReiMu","hubris:Metronome","jedi:shrinkray","Mango","hubris:Backtick","Boot","hubris:Towel","Lantern","Orichalcum","reliquary:FeatherDuster","ReplayFunnel","Lee\u0027s Waffle","Oddly Smooth Stone"],"acts_visited":["Exordium","TheCity","TheBeyond"],"potions_floor_usage":[42,48,50,50],"damage_taken":[{"damage":3.0,"enemies":"Jaw Worm","floor":3.0,"turns":4.0},{"damage":0.0,"enemies":"Small Slimes","floor":5.0,"turns":3.0},{"damage":0.0,"enemies":"Cultist","floor":6.0,"turns":4.0},{"damage":0.0,"enemies":"downfall:FleeingMerchant","floor":9.0,"turns":4.0},{"damage":1.0,"enemies":"Blue Slaver","floor":10.0,"turns":3.0},{"damage":2.0,"enemies":"Gremlin Gang","floor":11.0,"turns":3.0},{"damage":3.0,"enemies":"3 Sentries","floor":13.0,"turns":5.0},{"damage":3.0,"enemies":"Blue Slaver","floor":14.0,"turns":2.0},{"damage":8.0,"enemies":"Exordium Wildlife","floor":15.0,"turns":3.0},{"damage":13.0,"enemies":"SI_SHIV_ARCHETYPE","floor":16.0,"turns":5.0},{"damage":11.0,"enemies":"Chosen","floor":20.0,"turns":4.0},{"damage":3.0,"enemies":"3 Byrds","floor":22.0,"turns":5.0},{"damage":10.0,"enemies":"Shelled Parasite and Fungi","floor":23.0,"turns":4.0},{"damage":20.0,"enemies":"Nightmare","floor":25.0,"turns":7.0},{"damage":11.0,"enemies":"3 Cultists","floor":29.0,"turns":3.0},{"damage":6.0,"enemies":"downfall:FleeingMerchant","floor":30.0,"turns":4.0},{"damage":0.0,"enemies":"conspire:HollyBat","floor":32.0,"turns":5.0},{"damage":22.0,"enemies":"DF_ARCHETYPE_CLAW","floor":33.0,"turns":5.0},{"damage":0.0,"enemies":"3 Darklings","floor":36.0,"turns":3.0},{"damage":0.0,"enemies":"downfall:FleeingMerchant","floor":38.0,"turns":2.0},{"damage":11.0,"enemies":"3 Shapes","floor":39.0,"turns":2.0},{"damage":13.0,"enemies":"Giant Head","floor":40.0,"turns":3.0},{"damage":18,"enemies":"Jaw Worm Horde","floor":42,"turns":3},{"damage":10,"enemies":"conspire:MimicChest","floor":43,"turns":3},{"damage":6,"enemies":"Sphere and 2 Shapes","floor":44,"turns":3},{"damage":2,"enemies":"4 Shapes","floor":47,"turns":2},{"damage":6,"enemies":"R_Hoarder","floor":48,"turns":4},{"damage":0,"enemies":"Jaw Worm Horde","floor":49,"turns":3},{"damage":16,"enemies":"WA_ARCHETYPE_DIVINITY","floor":50,"turns":5}],"seed_played":"6026000069088525358","potions_obtained":[{"floor":6.0,"key":"blueLaboratory:BubblePotion"},{"floor":11.0,"key":"EssenceOfSteel"},{"floor":13.0,"key":"blueLaboratory:PolymorphPotion"},{"floor":15.0,"key":"blueLaboratory:HorrorPotion"},{"floor":16.0,"key":"DuplicationPotion"},{"floor":22.0,"key":"Explosive Potion"},{"floor":23.0,"key":"jedi:StrikingPotion"},{"floor":33.0,"key":"blueLaboratory:HorrorPotion"},{"floor":39.0,"key":"BlessingOfTheForge"},{"floor":40.0,"key":"jedi:tentaclejuice"},{"floor":44,"key":"SkillPotion"}],"is_trial":false,"path_per_floor":["R_BF","?","M","?","M","M","T","?","$","M","M","R","E","M","M","B",null,"R_BF","?","M","?","M","M","T","NM","R","?","?","M","$","?","M","B",null,"R","M","?","$","M","E","T","M","?","M","$","R","M","E","M","B",null],"character_chosen":"SLIMEBOUND","items_purchased":["Slimebound:SplitAcid","Mango","blueLaboratory:BottleOfVodka","Slimebound:SlimeTap","Lantern","Lee\u0027s Waffle","Slimebound:DivideAndConquer","Slimebound:ProtectTheBoss+1"],"campfire_rested":0,"item_purchase_floors":[9,30,30,38,38,45,45,45],"current_hp_per_floor":[65,65,65,65,65,65,65,65,65,65,65,65,65,65,62,59,65,65,65,55,55,53,49,49,38,38,38,38,31,49,79,79,61,79,79,79,79,79,68,59,59,50,44,40,86,86,84,81,83,70],"gold":440,"neow_bonus":"UPGRADE_CARD","is_daily":false,"chose_seed":false,"campfire_upgraded":4,"win_rate":0.0,"timestamp":1612368119,"path_taken":["R_BF","?","M","?","M","?","T","?","?","M","?","R","E","M","M","BOSS","R_BF","?","M","?","?","M","T","NM","R","?","?","?","$","?","M","BOSS","R","M","?","$","M","E","T","M","?","M","$","R","?","E","M","BOSS"],"items_purchased_type":["Card","Relic","Potion","Card","Relic","Relic","Card","Card"],"build_version":"2020-12-22","purchased_purges":3,"victory":true,"max_hp_per_floor":[65,65,65,65,65,65,65,65,65,65,65,65,65,65,65,65,65,65,65,65,65,65,65,65,65,65,65,65,65,79,79,79,79,79,79,79,79,79,79,79,79,79,79,79,86,86,86,86,86,86],"card_choices":[{"not_picked":["Slimebound:BestDefense","Slimebound:LeechingTouch","Slimebound:Nibble"],"picked":"SKIP","floor":3.0},{"not_picked":["Slimebound:GoopSpray","Slimebound:ForwardTackle","Slimebound:TongueLash"],"picked":"SKIP","floor":5.0},{"not_picked":["Slimebound:HungryTackle","Slimebound:GoopTackle","Slimebound:ItLooksTasty"],"picked":"SKIP","floor":6.0},{"not_picked":["Slimebound:GrowthPunch","Slimebound:ProtectTheBoss"],"picked":"Slimebound:OneTwoCombo","floor":9.0},{"not_picked":["Slimebound:HauntingLick","Slimebound:Schlurp"],"picked":"Slimebound:SlimeBrawl","floor":10.0},{"not_picked":["Slimebound:ComboTackle","Slimebound:LeechingTouch","Slimebound:BestDefense"],"picked":"SKIP","floor":11.0},{"not_picked":["Slimebound:SamplingLick","Slimebound:Chomp"],"picked":"Slimebound:SlimeTap","floor":13.0},{"not_picked":["Slimebound:FormOfPuddle","Slimebound:GoopSpray"],"picked":"Slimebound:LeadByExample","floor":14.0},{"not_picked":["Slimebound:PressTheAttack","Slimebound:Nibble"],"picked":"Slimebound:SplitSpecialist","floor":15.0},{"not_picked":["Slimebound:OozeBath","Slimebound:SelfFormingGoo"],"picked":"Slimebound:OneTwoCombo","floor":16.0},{"not_picked":["Slimebound:ItLooksTasty+1","Slimebound:SplitBruiser"],"picked":"Slimebound:SplitSpecialist","floor":20.0},{"not_picked":["Slimebound:ComboTackle","Slimebound:SpikyOuterGoop"],"picked":"Slimebound:ForwardTackle","floor":22.0},{"not_picked":["Slimebound:Schlurp","Slimebound:Recollect"],"picked":"Slimebound:SplitBruiser","floor":23.0},{"not_picked":["Slimebound:LeechEnergy","Slimebound:FinishingTackle"],"picked":"Slimebound:Repurpose+1","floor":25.0},{"not_picked":["Slimebound:Nibble","Slimebound:LivingWall+1"],"picked":"Slimebound:SplitAcid","floor":29.0},{"not_picked":["Slimebound:SamplingLick+1","Slimebound:DuplicatedForm"],"picked":"Slimebound:Repurpose","floor":30.0},{"not_picked":["Slimebound:SamplingLick","Slimebound:Nibble"],"picked":"Slimebound:SplitSpecialist","floor":32.0},{"not_picked":["Slimebound:PrepareCrush","Slimebound:Darklings"],"picked":"Slimebound:TagTeam","floor":33.0},{"not_picked":["Slimebound:Schlurp+1","Slimebound:SlimeSpikes+1","Slimebound:SpikyOuterGoop+1"],"picked":"SKIP","floor":36.0},{"not_picked":["Slimebound:SlimeTap","Slimebound:LeechingTouch+1"],"picked":"Slimebound:RallyTheTroops","floor":38.0},{"not_picked":["Slimebound:SlimeTap+1","Slimebound:DisruptingSlam"],"picked":"Slimebound:SplitLeeching+1","floor":39.0},{"not_picked":["Slimebound:GoopTackle","Slimebound:SamplingLick"],"picked":"Slimebound:SlimeTap+1","floor":40.0},{"not_picked":["Slimebound:Chomp","Slimebound:TongueLash","Slimebound:ComboTackle+1"],"picked":"SKIP","floor":42},{"not_picked":["Slimebound:GoopSpray","Slimebound:HauntingLick","Slimebound:DisruptingSlam"],"picked":"SKIP","floor":44},{"not_picked":["Slimebound:ItLooksTasty","Slimebound:SamplingLick+1"],"picked":"Slimebound:ProtectTheBoss","floor":47},{"not_picked":["Slimebound:Recollect+1","Slimebound:ComboTackle+1"],"picked":"Slimebound:Darklings","floor":48},{"not_picked":["Slimebound:Schlurp+1","Slimebound:GoopTackle+1","Slimebound:FlameTackle"],"picked":"SKIP","floor":49}],"player_experience":233799,"relics_obtained":[{"floor":1.0,"key":"Pet Ghost"},{"floor":7.0,"key":"reliquary:PurpleTingedLeaf"},{"floor":13.0,"key":"Girya"},{"floor":18.0,"key":"DemoMod:ClearGuonStone"},{"floor":24.0,"key":"hubris:Metronome"},{"floor":25.0,"key":"jedi:shrinkray"},{"floor":40.0,"key":"Orichalcum"},{"floor":41.0,"key":"reliquary:FeatherDuster"},{"floor":43,"key":"ReplayFunnel"},{"floor":48,"key":"Oddly Smooth Stone"}],"event_choices":[{"cards_removed":["Slimebound:Split"],"damage_healed":0.0,"max_hp_gain":0.0,"max_hp_loss":0.0,"gold_gain":0.0,"event_name":"betterNote:BetterNote","player_choice":"Take \u0026 Give","floor":19.0,"gold_loss":0.0,"damage_taken":0.0,"cards_obtained":["thethorton:CreditCard"]},{"damage_healed":0.0,"max_hp_gain":0.0,"max_hp_loss":0.0,"gold_gain":0.0,"event_name":"ZunEvent","player_choice":"Keep O-miki","floor":21.0,"gold_loss":40.0,"damage_taken":0.0,"relics_obtained":["ZunR:ReiMu"]},{"damage_healed":0.0,"max_hp_gain":0.0,"max_hp_loss":0.0,"gold_gain":2.0,"event_name":"betterStone:BetterStone","player_choice":"4","floor":27.0,"gold_loss":0.0,"damage_taken":0.0,"cards_obtained":["Slimebound:Split"]}],"is_beta":false,"boss_relics":[{"not_picked":["infinitespire:Cupcake","Honey Jar"],"picked":"reliquary:Ember"},{"not_picked":["hubris:CrackedHourglass","aspiration:MarisaSkillbook"],"picked":"hubris:Backtick"}],"items_purged_floors":[30,38,45],"is_endless":false,"potions_floor_spawned":[6,11,13,15,16,22,23,33,39,40,44,47],"ascension_level":0}}