{"host":"ml2ro5l6hu6y0pll","time":1612310590,"event":{"mods":["AchievementEnabler","BaseMod","Colored Map","Colored Powertips","Custom Start","Googly Eyes","Minty Spire (QoL Compilation)","Quick Restart","Rare Cards Sparkle","Relic Stats","Reliquary","StSLib","everything is the same but u backflip on backflip"],"gold_per_floor":[113,113,131,176,35,35,78,78,78,129,179,222,255,285,285,375,375,396,396,118,134,134,134],"floor_reached":22,"language":"ENG","playtime":1222,"items_purged":["Strike_P","Strike_P"],"score":376,"play_id":"3bfa9b02-5de1-416d-93ae-e3232200d51a","local_time":"20210203000310","is_ascension_mode":true,"campfire_choices":[{"floor":6.0,"key":"REST"},{"data":"Wish","floor":8.0,"key":"SMITH"},{"data":"Blasphemy","floor":15,"key":"SMITH"}],"circlet_count":0,"master_deck":["Defend_P","Defend_P","Defend_P","Defend_P","Vigilance","Eruption","Wallop","TalkToTheHand","Strike_P+1","Strike_P","Wish+1","FearNoEvil+1","EmptyFist","Tantrum","FlurryOfBlows","Blasphemy+1","Halt","Sanctity","Scrawl","Wireheading","FlurryOfBlows"],"relics":["PureWater","Membership Card","The Courier","Ice Cream","Bag of Marbles","Golden Idol","Happy Flower","Omamori","Question Card","reliquary:RosewoodLute","SlaversCollar","Sling","Whetstone","Bag of Preparation"],"acts_visited":["Exordium","TheCity"],"potions_floor_usage":[21],"damage_taken":[{"damage":0.0,"enemies":"Cultist","floor":1.0,"turns":2.0},{"damage":0.0,"enemies":"Small Slimes","floor":3.0,"turns":2.0},{"damage":2.0,"enemies":"Jaw Worm","floor":4.0,"turns":5.0},{"damage":0.0,"enemies":"Gremlin Gang","floor":7.0,"turns":6.0},{"damage":4,"enemies":"3 Louse","floor":10,"turns":5},{"damage":0,"enemies":"Lots of Slimes","floor":11,"turns":5},{"damage":0,"enemies":"Large Slime","floor":12,"turns":6},{"damage":21,"enemies":"3 Sentries","floor":13,"turns":20},{"damage":16,"enemies":"The Guardian","floor":16,"turns":14},{"damage":8,"enemies":"Chosen","floor":18,"turns":4},{"damage":0,"enemies":"2 Thieves","floor":21,"turns":1},{"damage":38,"enemies":"Snecko","floor":22,"turns":4}],"seed_played":"5968571914829782865","potions_obtained":[{"floor":1.0,"key":"CultistPotion"},{"floor":12,"key":"SteroidPotion"}],"is_trial":true,"path_per_floor":["M","?","M","M","$","R","M","R","T","M","M","M","E","?","R","B",null,"M","?","$","M","M"],"character_chosen":"WATCHER","items_purchased":["Happy Flower","Tantrum","Sling","Wireheading","Whetstone","Bag of Preparation"],"campfire_rested":1,"item_purchase_floors":[5,5,20,20,20,20],"current_hp_per_floor":[61,38,38,36,36,56,56,56,56,52,52,52,31,31,31,15,55,47,37,37,37,0,0],"gold":134,"neow_bonus":"","is_daily":false,"chose_seed":false,"campfire_upgraded":2,"win_rate":0.0,"timestamp":1612310590,"path_taken":["M","?","M","M","$","R","M","R","T","M","M","M","E","?","R","BOSS","M","?","$","?","M"],"items_purchased_type":["Relic","Card","Relic","Card","Relic","Relic"],"build_version":"2020-12-22","purchased_purges":2,"victory":false,"max_hp_per_floor":[68,68,68,68,68,68,68,68,68,68,68,68,68,68,68,68,68,68,68,68,68,68,68],"relic_stats":{"Happy Flower":[21],"counters":[12,74],"Golden Idol":55,"Bag of Preparation":[4],"Whetstone":["FearNoEvil","Strike_P"],"Question Card":3,"obtain_stats":[{"Ice Cream":0,"Happy Flower":5,"Golden Idol":2,"The Courier":0,"Omamori":9,"Bag of Preparation":20,"Whetstone":20,"reliquary:RosewoodLute":14,"Question Card":13,"Sling":20,"SlaversCollar":17,"Bag of Marbles":0,"Membership Card":0,"PureWater":0},{"Ice Cream":0,"Happy Flower":3,"Golden Idol":1,"The Courier":0,"Omamori":4,"Bag of Preparation":10,"Whetstone":10,"reliquary:RosewoodLute":8,"Question Card":8,"Sling":10,"SlaversCollar":9,"Bag of Marbles":0,"Membership Card":0,"PureWater":0},{"Ice Cream":0,"Happy Flower":9,"Golden Idol":2,"The Courier":0,"Omamori":15,"Bag of Preparation":69,"Whetstone":69,"reliquary:RosewoodLute":51,"Question Card":51,"Sling":69,"SlaversCollar":65,"Bag of Marbles":0,"Membership Card":0,"PureWater":0}]},"card_choices":[{"not_picked":["Pray","ForeignInfluence"],"picked":"FearNoEvil","floor":1.0},{"not_picked":["Crescendo","Vengeance"],"picked":"EmptyFist","floor":3.0},{"not_picked":["JustLucky","ClearTheMind","Indignation"],"picked":"SKIP","floor":4.0},{"not_picked":["Swivel","WheelKick"],"picked":"FlurryOfBlows","floor":7.0},{"not_picked":["CrushJoints","BowlingBash","BattleHymn"],"picked":"SKIP","floor":10},{"not_picked":["FollowUp","SignatureMove"],"picked":"Blasphemy","floor":11},{"not_picked":["JustLucky","BowlingBash"],"picked":"Halt","floor":12},{"not_picked":["Sanctity","EmptyFist","CrushJoints"],"picked":"SKIP","floor":13},{"not_picked":["EmptyFist","CrushJoints"],"picked":"Sanctity","floor":13},{"not_picked":["DeusExMachina","Ragnarok","Alpha"],"picked":"Scrawl","floor":16},{"not_picked":["Evaluate","JustLucky","Halt","Protect"],"picked":"SKIP","floor":18},{"not_picked":["FollowUp","Prostrate","Halt"],"picked":"FlurryOfBlows","floor":21}],"player_experience":905788,"relics_obtained":[{"floor":9.0,"key":"Omamori"},{"floor":13,"key":"Question Card"}],"event_choices":[{"damage_healed":0.0,"max_hp_gain":0.0,"max_hp_loss":0.0,"gold_gain":0.0,"event_name":"Golden Idol","player_choice":"Take Damage","floor":2.0,"gold_loss":0.0,"damage_taken":23.0,"relics_obtained":["Golden Idol"]},{"damage_healed":0,"gold_gain":30,"player_choice":"Searched \u00273\u0027 times","damage_taken":0,"relics_obtained":["reliquary:RosewoodLute"],"max_hp_gain":0,"max_hp_loss":0,"event_name":"Dead Adventurer","floor":14,"gold_loss":0},{"damage_healed":0,"gold_gain":0,"player_choice":"Damaged","damage_taken":10,"max_hp_gain":0,"max_hp_loss":0,"event_name":"Wheel of Change","floor":19,"gold_loss":0}],"is_beta":false,"boss_relics":[{"not_picked":["Velvet Choker","reliquary:KinkedSpring"],"picked":"SlaversCollar"}],"items_purged_floors":[5,20],"is_endless":false,"potions_floor_spawned":[1,12,13,18],"killed_by":"Snecko","ascension_level":20}}