{"host":"54jr43vd79817238","time":1612368992,"event":{"mods":["100% Spire Juice","ATMod(°¢èªMod)","Act Like it!","Arknights","Aspiration","BaseMod","CapriCore","Dota2Spire","Friendly Minions","Gensokyo","Hallownest","Hermit","Jedi Mod","KomeijiMod","Lobotomy","LobotomyExtend","Marisa£¨ìFÓê¡¡Ä§ÀíÉ³£©","Minty Spire (QoL Compilation)","MostiFishMod","Quarter Circle Forward PUNCH!","Reliquary","Replay The Spire","Robot Space Explorer","RumiaBox-Â¶Ã×æ«µÄÉñÃØºÐ×Ó","Slay the StarCraft II Mod","Spicy Shops","StSLib","TestMod","The Blackbeard","The Dragon Tamer","WarShipGirlsR/Õ½½¢ÉÙÅ®R mod","Yakumo Yukari mod","Youmu£¨»êÆÇÑýÃÎ£©","Yuyuko","[IsaacMod]ÒÔÈö¼âËþ","¡¾ÒÅÎï¿¨ÅÆ¡¿REMEMod"],"gold_per_floor":[118,118,134,134,155,155,198,49,49,49,67,67,67,83,83,193,193,221,221,246,246,266,299,299,336,336,336,361,383,383,383,383,508,558,580,580,607,67,67,67,109,132,159,159,216,216,243,279,279,299,299,299,299,70,120,262],"floor_reached":57,"language":"ZHS","playtime":2840,"items_purged":["Pride"],"score":1150,"play_id":"c67c93bc-eb57-475d-90f5-f79e6793f711","local_time":"20210204001632","is_ascension_mode":false,"campfire_choices":[{"data":"SlaytheStarCraft2Mod:XelNagaProphecy","floor":6.0,"key":"SMITH"},{"floor":13.0,"key":"RECALL"},{"data":"SlaytheStarCraft2Mod:BladeofSpace","floor":15.0,"key":"SMITH"},{"data":"SlaytheStarCraft2Mod:WayofDarkTemplar","floor":24,"key":"SMITH"},{"data":"SlaytheStarCraft2Mod:IntotheShadow","floor":27,"key":"SMITH"},{"data":"SlaytheStarCraft2Mod:RageofHighKing","floor":30,"key":"SMITH"},{"data":"AT_ShrugMaster","floor":32,"key":"SMITH"},{"data":"testmod-Recap","floor":40,"key":"SMITH"},{"data":"SlaytheStarCraft2Mod:MasterGradeWarppingBlade","floor":44,"key":"SMITH"},{"data":"SlaytheStarCraft2Mod:ShadowRush","floor":46,"key":"SMITH"},{"data":"SlaytheStarCraft2Mod:TearSlash","floor":49,"key":"SMITH"},{"data":"SlaytheStarCraft2Mod:SingularityStub","floor":53,"key":"SMITH"}],"circlet_count":0,"master_deck":["SlaytheStarCraft2Mod:Basic_Defend_Protoss","SlaytheStarCraft2Mod:Basic_Defend_Protoss","SlaytheStarCraft2Mod:Basic_Defend_Protoss","AT_ShrugMaster+1","SlaytheStarCraft2Mod:CounterAttack","SlaytheStarCraft2Mod:XelNagaProphecy+1","SlaytheStarCraft2Mod:TearSlash+1","SlaytheStarCraft2Mod:DarknessApproach","SlaytheStarCraft2Mod:BladeofSpace+1","SlaytheStarCraft2Mod:SingularityStub+1","Choke+1","Predator","MostiFishMod:FrostNova","SlaytheStarCraft2Mod:BladeofSpace","SlaytheStarCraft2Mod:WayofDarkTemplar+1","SlaytheStarCraft2Mod:BladeofSpace","SlaytheStarCraft2Mod:DarknessApproach","SlaytheStarCraft2Mod:IntotheShadow+1","SlaytheStarCraft2Mod:ShadowRush+1","SlaytheStarCraft2Mod:RageofHighKing+1","SlaytheStarCraft2Mod:MasterGradeWarppingBlade+1","testmod-Recap+1","SlaytheStarCraft2Mod:DarknessApproach+1","SlaytheStarCraft2Mod:VoidStrike+1"],"relics":["SlaytheStarCraft2Mod:HeartofProtoss","DaveBox","AT_ATBox","testmod-TestBox","REME_ComplimentaryCards","HushsDoor","D6","testmod-DeterminationOfClimber","RhineSuit","TheBean","SynthV:TestCard","Bronze Scales","testmod-TurbochargingSystem","Snecko Heart","GnawedLeaf","PreservedInsect","jedi:archwizardhat","Tiny House","MoreBug","SynthV","Toxic Egg 2","Regal Pillow","Pen Nib","Medical Kit","Mummified Hand"],"acts_visited":["Hallownest:Greenpath","TheCity","TheBeyond","TheEnding"],"potions_floor_usage":[25,25,33,56],"damage_taken":[{"damage":0.0,"enemies":"Hallownest:monsterHuskGuard","floor":1.0,"turns":3.0},{"damage":3.0,"enemies":"2_ Uuma","floor":3.0,"turns":3.0},{"damage":0.0,"enemies":"Hallownest:2_MossCreeps","floor":5.0,"turns":4.0},{"damage":0.0,"enemies":"Hallownest:eliteCrystalGuardian","floor":7.0,"turns":3.0},{"damage":0.0,"enemies":"Hallownest:MossCreep_and_Mosskin","floor":11.0,"turns":4.0},{"damage":0.0,"enemies":"Hallownest:monsterAspidMother","floor":14.0,"turns":2.0},{"damage":7.0,"enemies":"Hallownest:BossHornet","floor":16.0,"turns":4.0},{"damage":0,"enemies":"Spheric Guardian","floor":18,"turns":2},{"damage":0,"enemies":"3 Byrds","floor":20,"turns":2},{"damage":0,"enemies":"3 Cultists","floor":22,"turns":2},{"damage":0,"enemies":"REME_1_Revenger","floor":23,"turns":2},{"damage":10,"enemies":"Slavers","floor":25,"turns":2},{"damage":0,"enemies":"Snecko","floor":28,"turns":2},{"damage":0,"enemies":"Cultist and Chosen","floor":29,"turns":2},{"damage":0,"enemies":"Pondfish","floor":33,"turns":2},{"damage":0,"enemies":"3 Shapes","floor":35,"turns":2},{"damage":0,"enemies":"3 Darklings","floor":37,"turns":1},{"damage":0,"enemies":"R_Hoarder","floor":41,"turns":2},{"damage":0,"enemies":"Jaw Worm Horde","floor":42,"turns":1},{"damage":1,"enemies":"Transient","floor":45,"turns":3},{"damage":0,"enemies":"Writhing Mass","floor":47,"turns":2},{"damage":0,"enemies":"Nemesis","floor":48,"turns":1},{"damage":0,"enemies":"Replay:Hell Engine","floor":50,"turns":3},{"damage":0,"enemies":"Shield and Spear","floor":55,"turns":1},{"damage":45,"enemies":"Delirium","floor":56,"turns":6}],"seed_played":"-4243870671857624975","potions_obtained":[{"floor":3.0,"key":"SpeedPotion"},{"floor":7.0,"key":"BlessingOfTheForge"},{"floor":18,"key":"Weak Potion"},{"floor":25,"key":"PowerPotion"},{"floor":34,"key":"CalmPotion"},{"floor":35,"key":"SkillPotion"}],"is_trial":false,"path_per_floor":["M","?","M","?","M","R","E","$","T","?","M","?","R","M","R","B",null,"M","?","M","?","M","E","R","E","T","R","M","M","R","?","R","B",null,"M","?","M","$","?","R","E","M","T","R","M","R","M","E","R","B",null,null,"R","$","E","B",null],"character_chosen":"PROTOSS","items_purchased":["testmod-TurbochargingSystem","MoreBug","SynthV","Toxic Egg 2","Medical Kit"],"campfire_rested":0,"item_purchase_floors":[8,38,38,38,54],"current_hp_per_floor":[75,75,72,72,74,74,75,75,75,75,75,75,75,75,75,75,75,75,75,75,75,75,75,75,69,69,69,75,75,75,61,61,80,85,85,85,85,85,85,85,85,85,85,85,85,85,85,85,85,85,85,85,85,85,85,85],"gold":262,"neow_bonus":"RANDOM_COMMON_RELIC","is_daily":false,"chose_seed":false,"campfire_upgraded":11,"win_rate":0.0,"timestamp":1612368992,"path_taken":["M","?","?","?","M","R","E","$","T","?","M","?","R","M","R","BOSS","BOSS","M","?","M","?","M","E","R","E","T","R","?","M","R","?","R","BOSS","M","?","?","$","?","R","E","M","T","R","M","R","M","E","R","BOSS","R","$","E","BOSS"],"items_purchased_type":["Relic","Relic","Relic","Relic","Relic"],"build_version":"2020-12-22","purchased_purges":1,"victory":true,"max_hp_per_floor":[75,75,75,75,75,75,75,75,75,75,75,75,75,75,75,75,75,75,75,75,75,75,75,75,75,75,75,75,75,75,80,80,80,85,85,85,85,85,85,85,85,85,85,85,85,85,85,85,85,85,85,85,85,85,85,85],"card_choices":[{"not_picked":[],"picked":"ChaosCard","floor":0.0},{"not_picked":["SlaytheStarCraft2Mod:VoidSneakAttack","SlaytheStarCraft2Mod:TaughtStrike"],"picked":"SlaytheStarCraft2Mod:CounterAttack","floor":1.0},{"not_picked":["SlaytheStarCraft2Mod:LightningTurbulence","SlaytheStarCraft2Mod:VoidStrike","SlaytheStarCraft2Mod:ChaosDominion","SlaytheStarCraft2Mod:LightningFlush"],"picked":"SlaytheStarCraft2Mod:TearSlash","floor":3.0},{"not_picked":["SlaytheStarCraft2Mod:CounterAttack","SlaytheStarCraft2Mod:LightningFlush","SlaytheStarCraft2Mod:XelNagaProphecy","SlaytheStarCraft2Mod:Blink"],"picked":"SlaytheStarCraft2Mod:DarknessApproach","floor":5.0},{"not_picked":["SlaytheStarCraft2Mod:SoulDraw","SlaytheStarCraft2Mod:VoidPowerCannon","SlaytheStarCraft2Mod:ShadowBarrier","SlaytheStarCraft2Mod:DefiniteHatred"],"picked":"SlaytheStarCraft2Mod:BladeofSpace","floor":7.0},{"not_picked":["SlaytheStarCraft2Mod:TearSlash","SlaytheStarCraft2Mod:ShadowRush","SlaytheStarCraft2Mod:OblivionDescends","SlaytheStarCraft2Mod:ChaosDominion"],"picked":"SlaytheStarCraft2Mod:SingularityStub","floor":11.0},{"not_picked":["SlaytheStarCraft2Mod:TwilightDescends","SlaytheStarCraft2Mod:LightningFlush","SlaytheStarCraft2Mod:Meditation","SlaytheStarCraft2Mod:VoidPowerCannon"],"picked":"SlaytheStarCraft2Mod:BladeofSpace","floor":14.0},{"not_picked":["SlaytheStarCraft2Mod:HighKingBlade","SlaytheStarCraft2Mod:Wormhole","SlaytheStarCraft2Mod:XelNagaProphecy","SlaytheStarCraft2Mod:AgilityContract"],"picked":"SlaytheStarCraft2Mod:WayofDarkTemplar","floor":16},{"not_picked":["SlaytheStarCraft2Mod:CounterAttack","SlaytheStarCraft2Mod:ChaosDominion+1","SlaytheStarCraft2Mod:TwilightDescends","SlaytheStarCraft2Mod:ShadowBarrier","SlaytheStarCraft2Mod:ChaosStrike+1"],"picked":"SKIP","floor":18},{"not_picked":["SlaytheStarCraft2Mod:PowerShow","SlaytheStarCraft2Mod:ChaosDominion+1","SlaytheStarCraft2Mod:Meditation+1","SlaytheStarCraft2Mod:CounterAttack","SlaytheStarCraft2Mod:LightningFlush+1"],"picked":"SKIP","floor":20},{"not_picked":["SlaytheStarCraft2Mod:OblivionDescends+1","SlaytheStarCraft2Mod:LightningFlush+1","SlaytheStarCraft2Mod:PowerShow","SlaytheStarCraft2Mod:TaughtStrike"],"picked":"SlaytheStarCraft2Mod:BladeofSpace","floor":22},{"not_picked":["SlaytheStarCraft2Mod:ShadowRush","SlaytheStarCraft2Mod:PowerShow","SlaytheStarCraft2Mod:SpiritThreat","SlaytheStarCraft2Mod:VoidPowerCannon+1"],"picked":"SlaytheStarCraft2Mod:DarknessApproach","floor":23},{"not_picked":["SlaytheStarCraft2Mod:OblivionDescends+1","SlaytheStarCraft2Mod:PowerShow","SlaytheStarCraft2Mod:VoidSpiralBall","SlaytheStarCraft2Mod:BladeofSpace"],"picked":"SlaytheStarCraft2Mod:IntotheShadow","floor":25},{"not_picked":["SlaytheStarCraft2Mod:Meditation","SlaytheStarCraft2Mod:SingularityStub+1","SlaytheStarCraft2Mod:LightningTurbulence","SlaytheStarCraft2Mod:DefiniteHatred"],"picked":"SlaytheStarCraft2Mod:ShadowRush","floor":28},{"not_picked":["SlaytheStarCraft2Mod:LightningFlush+1","SlaytheStarCraft2Mod:ChaosStrike","SlaytheStarCraft2Mod:TaughtStrike","SlaytheStarCraft2Mod:OblivionDescends"],"picked":"SlaytheStarCraft2Mod:RageofHighKing","floor":29},{"not_picked":["SlaytheStarCraft2Mod:VoidImprison","SlaytheStarCraft2Mod:PowerofNerazim","SlaytheStarCraft2Mod:Wormhole","SlaytheStarCraft2Mod:SpiritThreat"],"picked":"SlaytheStarCraft2Mod:MasterGradeWarppingBlade","floor":33},{"not_picked":["SlaytheStarCraft2Mod:VoidSneakAttack+1","SlaytheStarCraft2Mod:CounterAttack+1","SlaytheStarCraft2Mod:TaughtStrike+1","SlaytheStarCraft2Mod:TwilightDescends+1","SlaytheStarCraft2Mod:PsionicLightBlade+1"],"picked":"SKIP","floor":35},{"not_picked":["ReplayTheSpireMod:Private Reserves","REME_PuzzleBox","testmod-LimitFlipper","Jack Of All Trades"],"picked":"testmod-Recap","floor":36},{"not_picked":["SlaytheStarCraft2Mod:ShadowBarrier","SlaytheStarCraft2Mod:SingularityStub","SlaytheStarCraft2Mod:LightningFlush+1","SlaytheStarCraft2Mod:Meditation+1","SlaytheStarCraft2Mod:Blink+1"],"picked":"SKIP","floor":37},{"not_picked":["SlaytheStarCraft2Mod:BatterSlash+1","SlaytheStarCraft2Mod:StretchLightning+1","SlaytheStarCraft2Mod:VoidStrike","SlaytheStarCraft2Mod:VoidSneakAttack+1","SlaytheStarCraft2Mod:ChaosDominion+1"],"picked":"SKIP","floor":41},{"not_picked":["SlaytheStarCraft2Mod:PowerShow","SlaytheStarCraft2Mod:BladeofSpace","SlaytheStarCraft2Mod:CounterAttack","SlaytheStarCraft2Mod:Blink+1"],"picked":"SlaytheStarCraft2Mod:DarknessApproach+1","floor":42},{"not_picked":["SlaytheStarCraft2Mod:Wormhole+1","SlaytheStarCraft2Mod:LightningTurbulence+1","SlaytheStarCraft2Mod:DefiniteHatred","SlaytheStarCraft2Mod:VoidPowerCannon+1"],"picked":"SlaytheStarCraft2Mod:VoidStrike+1","floor":45},{"not_picked":["SlaytheStarCraft2Mod:VoidPowerCannon","SlaytheStarCraft2Mod:BladeofSpace+1","SlaytheStarCraft2Mod:TearSlash+1","SlaytheStarCraft2Mod:PsionicLightBlade+1","SlaytheStarCraft2Mod:LightningTurbulence+1"],"picked":"SKIP","floor":47},{"not_picked":["SlaytheStarCraft2Mod:SingularityStub","SlaytheStarCraft2Mod:ChaosStrike","SlaytheStarCraft2Mod:SpiritThreat","SlaytheStarCraft2Mod:TearSlash","SlaytheStarCraft2Mod:BladeofSpace+1"],"picked":"SKIP","floor":48},{"not_picked":["SlaytheStarCraft2Mod:OblivionDescends","SlaytheStarCraft2Mod:VoidSpiralBall+1","SlaytheStarCraft2Mod:TearSlash","SlaytheStarCraft2Mod:PsionicLightBlade","SlaytheStarCraft2Mod:DarknessApproach+1"],"picked":"SKIP","floor":55}],"player_experience":281065,"relics_obtained":[{"floor":1.0,"key":"SynthV:TestCard"},{"floor":7.0,"key":"Bronze Scales"},{"floor":23,"key":"GnawedLeaf"},{"floor":25,"key":"PreservedInsect"},{"floor":26,"key":"jedi:archwizardhat"},{"floor":43,"key":"Regal Pillow"},{"floor":48,"key":"Pen Nib"},{"floor":55,"key":"Mummified Hand"}],"event_choices":[{"damage_healed":0,"gold_gain":0,"player_choice":"Shed Blood","damage_taken":19,"max_hp_gain":5,"max_hp_loss":0,"event_name":"Forgotten Altar","floor":31,"gold_loss":0},{"damage_healed":0,"gold_gain":0,"player_choice":"Memory 1","damage_taken":0,"max_hp_gain":0,"max_hp_loss":0,"event_name":"SensoryStone","floor":36,"gold_loss":0}],"is_beta":false,"boss_relics":[{"not_picked":["testmod-GoldenSoul","Astrolabe"],"picked":"Snecko Heart"},{"not_picked":[]},{"not_picked":["Runic Dome","Painkiller Herb"],"picked":"Tiny House"},{"not_picked":[]}],"items_purged_floors":[54],"is_endless":false,"potions_floor_spawned":[3,7,11,14,18,23,25,35,47],"ascension_level":0}}