{"host":"3jpwrwmmgyabjceh","time":1612359161,"event":{"mods":["AchievementEnabler","BaseMod","Colored Map","Colored Powertips","Highlight Path","Minty Spire (QoL Compilation)","Quick Restart","Relic Stats","StSLib","SuperFastMode"],"gold_per_floor":[14,14,25,35,0,33,33,49,49,80,95,114,114,114],"floor_reached":13,"language":"ENG","playtime":319,"items_purged":[],"score":136,"play_id":"e8b7d362-4420-4fc2-aefd-0bcbbc9d5ca6","local_time":"20210203163241","is_ascension_mode":true,"campfire_choices":[{"data":"Skewer","floor":7,"key":"SMITH"}],"circlet_count":0,"master_deck":["Strike_G","Strike_G","Strike_G","Strike_G","Defend_G","Defend_G","Defend_G","Defend_G","Survivor","Neutralize","Prepared","Skewer+1","Poisoned Stab","Neutralize","Pain","Finesse","Poisoned Stab","Blade Dance","Footwork","Dagger Throw"],"relics":["Ring of the Snake","Regal Pillow","Ninja Scroll","StrikeDummy"],"acts_visited":["Exordium"],"potions_floor_usage":[6,6],"damage_taken":[{"damage":5.0,"enemies":"2 Louse","floor":1.0,"turns":3.0},{"damage":1.0,"enemies":"Cultist","floor":3.0,"turns":4.0},{"damage":9.0,"enemies":"Jaw Worm","floor":4.0,"turns":4.0},{"damage":17,"enemies":"Gremlin Nob","floor":6,"turns":3},{"damage":1,"enemies":"Looter","floor":8,"turns":2},{"damage":31,"enemies":"Lagavulin","floor":10,"turns":4},{"damage":1,"enemies":"Large Slime","floor":11,"turns":4},{"damage":8,"enemies":"Lots of Slimes","floor":12,"turns":3},{"damage":7,"enemies":"Gremlin Nob","floor":13,"turns":2}],"seed_played":"-8837532885800256397","potions_obtained":[{"floor":1.0,"key":"Poison Potion"},{"floor":3.0,"key":"EssenceOfSteel"},{"floor":4.0,"key":"Strength Potion"},{"floor":12,"key":"LiquidBronze"}],"is_trial":false,"path_per_floor":["M","?","M","M","?","E","R","M","T","E","M","M","E"],"character_chosen":"THE_SILENT","items_purchased":[],"campfire_rested":0,"item_purchase_floors":[],"current_hp_per_floor":[58,58,57,48,65,48,48,47,47,16,15,7,0,0],"gold":114,"neow_bonus":"TRANSFORM_TWO_CARDS","is_daily":false,"chose_seed":false,"campfire_upgraded":1,"win_rate":0.0,"timestamp":1612359161,"path_taken":["M","?","?","M","?","E","R","M","T","E","M","M","E"],"items_purchased_type":[],"build_version":"2020-12-22","purchased_purges":0,"victory":false,"max_hp_per_floor":[70,70,70,70,70,70,70,70,70,70,70,70,70,70],"relic_stats":{"Regal Pillow":0,"counters":[9,29],"obtain_stats":[{"Regal Pillow":6,"Ninja Scroll":9,"StrikeDummy":10,"Ring of the Snake":0},{"Regal Pillow":4,"Ninja Scroll":5,"StrikeDummy":6,"Ring of the Snake":0},{"Regal Pillow":14,"Ninja Scroll":16,"StrikeDummy":20,"Ring of the Snake":0}],"Ring of the Snake":[18]},"card_choices":[{"not_picked":["Leg Sweep","Deadly Poison"],"picked":"Poisoned Stab","floor":1.0},{"not_picked":["Cloak And Dagger","Accuracy"],"picked":"Poisoned Stab","floor":3.0},{"not_picked":["Tactician","Prepared"],"picked":"Blade Dance","floor":4.0},{"not_picked":["Accuracy","Outmaneuver","Underhanded Strike"],"picked":"SKIP","floor":6},{"not_picked":["Accuracy","Skewer","Prepared"],"picked":"SKIP","floor":8},{"not_picked":["Flechettes","Accuracy"],"picked":"Footwork","floor":10},{"not_picked":["Unload","Poisoned Stab","Flying Knee"],"picked":"SKIP","floor":11},{"not_picked":["Quick Slash","Sucker Punch"],"picked":"Dagger Throw","floor":12}],"player_experience":323891,"relics_obtained":[{"floor":6,"key":"Regal Pillow"},{"floor":9,"key":"Ninja Scroll"},{"floor":10,"key":"StrikeDummy"}],"event_choices":[{"damage_healed":0.0,"max_hp_gain":0.0,"max_hp_loss":0.0,"gold_gain":0.0,"event_name":"Match and Keep!","player_choice":"3 cards matched","floor":2.0,"gold_loss":0.0,"damage_taken":0.0,"cards_obtained":["Neutralize","Pain","Finesse"]},{"damage_healed":17.0,"max_hp_gain":0.0,"max_hp_loss":0.0,"gold_gain":0.0,"event_name":"The Cleric","player_choice":"Healed","floor":5.0,"gold_loss":35.0,"damage_taken":0.0}],"is_beta":false,"boss_relics":[],"items_purged_floors":[],"is_endless":false,"potions_floor_spawned":[1,3,4,12],"killed_by":"Gremlin Nob","ascension_level":8}}