{"host":"kvq1t47bkvtg8ho9","time":1612385264,"event":{"mods":["Aspiration","Bard","BaseMod","Beaked The Cultist","Better Sensory Stone","Better Third Choice","BetterRewards","Bossed Relics","Clockwork Mod","Colored Map","Conspire","Downfall","Energized Spire","Friendly Minions","Hermit","HexUI Lib","Highlight Path","Hubris","Infinite Spire","JesterMod","Minty Spire (QoL Compilation)","READ ME - Guardian Mod","Relic Stats","Reliquary","Shade Mod","Somnambulant","Spire Arcade","StSLib","The Bladedancer","The Bug Knight","The Cursed","The Death Knight","The Disciple","The Forsaken","The Jungle","The Necromancer","The Runesmith","TheSurvivalist"],"gold_per_floor":[111,126,146,146,163,163,15,15,15,15,31,63,142,142,142,142,142],"floor_reached":16,"language":"ENG","playtime":1602,"items_purged":[],"score":100,"play_id":"f906c974-53f3-4a07-a8c9-c36a1df5c944","local_time":"20210203154744","is_ascension_mode":false,"campfire_choices":[{"data":"survmod:Defend","floor":6,"key":"SMITH"},{"data":"survmod:FlareQuiver","floor":8,"key":"SMITH"},{"data":"survmod:MarkedFromAfar","floor":10,"key":"SMITH"},{"floor":15,"key":"REST"}],"circlet_count":0,"master_deck":["survmod:Strike","survmod:Strike","survmod:Strike","survmod:Strike","survmod:Defend+1","survmod:Defend","survmod:Defend","survmod:Defend","survmod:VersatileOffense","survmod:Sprint","survmod:LongShot","survmod:SwiftKick","survmod:MarkedFromAfar+1","survmod:SurpriseTrap","survmod:FlareQuiver+1","survmod:SurpriseTrap","survmod:BatteringStrike","survmod:MarkTrap","survmod:UnfortunateEscape"],"relics":["bronze:BronzeCore","conspire:TreasureMap","Du-Vu Doll","infinitespire:Cubic Diamond","White Beast Statue","Runesmith:AutoHammer"],"acts_visited":["Exordium"],"potions_floor_usage":[],"damage_taken":[{"damage":0,"enemies":"conspire:RoseBush","floor":1,"turns":3},{"damage":0,"enemies":"2 Louse","floor":2,"turns":3},{"damage":1,"enemies":"Small Slimes","floor":3,"turns":5},{"damage":16,"enemies":"conspire:2 RoseBushes","floor":5,"turns":10},{"damage":3,"enemies":"Red Slaver","floor":11,"turns":5},{"damage":15,"enemies":"Gremlin Nob","floor":12,"turns":6},{"damage":34,"enemies":"Slime Boss","floor":16,"turns":13}],"seed_played":"-4318965733769937756","potions_obtained":[{"floor":11,"key":"Strength Potion"},{"floor":12,"key":"SteroidPotion"}],"is_trial":false,"path_per_floor":["M","M","M","?","M","R","$","R","T","R","M","E","?","?","R","B"],"character_chosen":"THE_SURVIVOR","items_purchased":["conspire:TreasureMap","survmod:LongShot","survmod:SurpriseTrap","survmod:BatteringStrike"],"campfire_rested":1,"item_purchase_floors":[0,0,7,7],"current_hp_per_floor":[50,50,49,49,33,33,33,33,33,33,30,15,15,15,30,0,0],"gold":142,"neow_bonus":"","is_daily":false,"chose_seed":false,"campfire_upgraded":3,"win_rate":0.0,"timestamp":1612385264,"path_taken":["M","M","M","?","M","R","$","R","T","R","M","E","?","?","R","BOSS"],"items_purchased_type":["Relic","Card","Card","Card"],"build_version":"2020-12-22","purchased_purges":0,"victory":false,"max_hp_per_floor":[50,50,50,50,50,50,50,50,50,50,50,50,50,50,50,50,50],"relic_stats":{"counters":[174,690],"obtain_stats":[{"infinitespire:Cubic Diamond":4,"hubris:MysteriousPyramids":118,"aspiration:RitualStick":126,"infinitespire:ShieldingShard":27,"hubris:DeckOfHolding":53,"Fusion Hammer":17,"Kunai":7,"HollowMod:PaleOreRelic":112,"aspiration:DSix":0,"conspire:TreasureMap":0,"Pear":10,"Blue Candle":3,"hubris:SphereOfDissonance":89,"Shade:YorickPolishedSkull":51,"Pen Nib":44,"Guardian:PocketSentry":156,"energizedSpire:StickyHand":34,"aspiration:FrozenJewel":43,"MutagenicStrength":19,"infinitespire:PuzzleCube":104,"hubris:Reverence":14,"Regal Pillow":94,"Lantern":0,"Torii":74,"Bag of Preparation":91,"Burning Blood":4,"hubris:BlackHole":102,"hubris:ScarierMask":17,"hubris:CuriousFeather":6,"WingedGreaves":6,"aspiration:FutureDiary":68,"downfall:ExtraCursedBell":3,"aspiration:ChemicalBlood":36,"aspiration:VileToxins":146,"hubris:64BitClover":48,"Golden Idol":61,"Guardian:GemstoneGun":6,"conspire:RunicOctahedron":85,"The Courier":99,"Omamori":80,"infinitespire:Lucky Rock":59,"infinitespire:CheckeredPen":86,"Frozen Egg 2":36,"hubris:Towel":73,"MawBank":148,"energizedSpire:DeadBattery":34,"Ectoplasm":17,"Art of War":46,"Runesmith:AutoHammer":14,"conspire:DeflatedDodgeball":12,"Toy Ornithopter":23,"hubris:BottledRain":60,"Gremlin Horn":44,"hubris:VirtuousBlindfold":17,"Vajra":115,"HollowMod:StagPassRelic":57,"hubris:TerracottaHorce":51,"Lizard Tail":128,"aspiration:MobileForge":119,"aspiration:ArtOfWarUpgrade":83,"Toxic Egg 2":4,"hubris:Teleporter":123,"Astrolabe":136,"Oddly Smooth Stone":76,"energizedSpire:OgreHead":53,"Letter Opener":129,"Du-Vu Doll":0,"conspire:GiftBox":43,"aspiration:EmptySkull":0,"Shuriken":64,"Molten Egg 2":131,"infinitespire:EmpoweringShard":43,"Pocketwatch":9,"Darkstone Periapt":9,"bronze:BronzeCore":0,"SacredBark":34,"theForsaken:Lifeblossom":25,"Mango":77,"conspire:SpecialSausage":153,"Incense Burner":99,"Juzu Bracelet":142,"hubris:SlimyHat":6,"theForsaken:Gavel":26,"conspire:TopHat":9,"aspiration:StickyExplosives_weak":95,"Frozen Eye":70,"Nunchaku":29,"Tough Bandages":3,"hubris:Icosahedron":24,"theForsaken:Kindling":139,"Pantograph":106,"Tiny Chest":26,"Red Mask":37,"aspiration:FetidBarrel":26,"Orichalcum":69,"White Beast Statue":9,"Mercury Hourglass":40,"Calling Bell":99,"infinitespire:WardingShard":23,"infinitespire:Satchel":9,"aspiration:WatcherSkillbook":36,"Bag of Marbles":111,"Membership Card":0},{"infinitespire:Cubic Diamond":128,"hubris:MysteriousPyramids":93,"aspiration:RitualStick":96,"infinitespire:ShieldingShard":48,"hubris:DeckOfHolding":61,"Fusion Hammer":119,"Kunai":3,"HollowMod:PaleOreRelic":88,"aspiration:DSix":35,"conspire:TreasureMap":167,"Pear":5,"Blue Candle":128,"hubris:SphereOfDissonance":79,"Shade:YorickPolishedSkull":60,"Pen Nib":31,"Guardian:PocketSentry":109,"energizedSpire:StickyHand":52,"aspiration:FrozenJewel":163,"MutagenicStrength":19,"infinitespire:PuzzleCube":85,"hubris:Reverence":42,"Regal Pillow":80,"Lantern":131,"Torii":72,"Bag of Preparation":79,"Burning Blood":128,"hubris:BlackHole":83,"hubris:ScarierMask":43,"hubris:CuriousFeather":39,"WingedGreaves":130,"aspiration:FutureDiary":68,"downfall:ExtraCursedBell":128,"aspiration:ChemicalBlood":159,"aspiration:VileToxins":105,"hubris:64BitClover":59,"Golden Idol":66,"Guardian:GemstoneGun":14,"conspire:RunicOctahedron":77,"The Courier":82,"Omamori":74,"infinitespire:Lucky Rock":66,"infinitespire:CheckeredPen":78,"Frozen Egg 2":28,"hubris:Towel":71,"MawBank":106,"energizedSpire:DeadBattery":158,"Ectoplasm":149,"Art of War":59,"Runesmith:AutoHammer":17,"conspire:DeflatedDodgeball":15,"Toy Ornithopter":47,"hubris:BottledRain":66,"Gremlin Horn":58,"hubris:VirtuousBlindfold":18,"Vajra":91,"HollowMod:StagPassRelic":64,"hubris:TerracottaHorce":166,"Lizard Tail":96,"aspiration:MobileForge":93,"aspiration:ArtOfWarUpgrade":76,"Toxic Egg 2":37,"hubris:Teleporter":95,"Astrolabe":100,"Oddly Smooth Stone":73,"energizedSpire:OgreHead":61,"Letter Opener":97,"Du-Vu Doll":167,"conspire:GiftBox":31,"aspiration:EmptySkull":9,"Shuriken":67,"Molten Egg 2":98,"infinitespire:EmpoweringShard":57,"Pocketwatch":134,"Darkstone Periapt":39,"bronze:BronzeCore":0,"SacredBark":27,"theForsaken:Lifeblossom":23,"Mango":73,"conspire:SpecialSausage":108,"Incense Burner":82,"Juzu Bracelet":104,"hubris:SlimyHat":114,"theForsaken:Gavel":47,"conspire:TopHat":115,"aspiration:StickyExplosives_weak":80,"Frozen Eye":69,"Nunchaku":24,"Tough Bandages":128,"hubris:Icosahedron":47,"theForsaken:Kindling":102,"Pantograph":85,"Tiny Chest":23,"Red Mask":28,"aspiration:FetidBarrel":124,"Orichalcum":69,"White Beast Statue":171,"Mercury Hourglass":56,"Calling Bell":82,"infinitespire:WardingShard":22,"infinitespire:Satchel":14,"aspiration:WatcherSkillbook":159,"Bag of Marbles":88,"Membership Card":9},{"infinitespire:Cubic Diamond":473,"hubris:MysteriousPyramids":337,"aspiration:RitualStick":340,"infinitespire:ShieldingShard":207,"hubris:DeckOfHolding":261,"Fusion Hammer":428,"Kunai":10,"HollowMod:PaleOreRelic":331,"aspiration:DSix":159,"conspire:TreasureMap":645,"Pear":18,"Blue Candle":473,"hubris:SphereOfDissonance":310,"Shade:YorickPolishedSkull":259,"Pen Nib":138,"Guardian:PocketSentry":371,"energizedSpire:StickyHand":224,"aspiration:FrozenJewel":627,"MutagenicStrength":92,"infinitespire:PuzzleCube":326,"hubris:Reverence":183,"Regal Pillow":311,"Lantern":487,"Torii":294,"Bag of Preparation":310,"Burning Blood":473,"hubris:BlackHole":323,"hubris:ScarierMask":190,"hubris:CuriousFeather":174,"WingedGreaves":484,"aspiration:FutureDiary":282,"downfall:ExtraCursedBell":473,"aspiration:ChemicalBlood":613,"aspiration:VileToxins":352,"hubris:64BitClover":249,"Golden Idol":274,"Guardian:GemstoneGun":65,"conspire:RunicOctahedron":308,"The Courier":317,"Omamori":300,"infinitespire:Lucky Rock":274,"infinitespire:CheckeredPen":309,"Frozen Egg 2":126,"hubris:Towel":290,"MawBank":355,"energizedSpire:DeadBattery":610,"Ectoplasm":565,"Art of War":249,"Runesmith:AutoHammer":79,"conspire:DeflatedDodgeball":69,"Toy Ornithopter":204,"hubris:BottledRain":274,"Gremlin Horn":247,"hubris:VirtuousBlindfold":88,"Vajra":334,"HollowMod:StagPassRelic":267,"hubris:TerracottaHorce":644,"Lizard Tail":340,"aspiration:MobileForge":337,"aspiration:ArtOfWarUpgrade":304,"Toxic Egg 2":164,"hubris:Teleporter":339,"Astrolabe":345,"Oddly Smooth Stone":297,"energizedSpire:OgreHead":261,"Letter Opener":341,"Du-Vu Doll":645,"conspire:GiftBox":138,"aspiration:EmptySkull":39,"Shuriken":277,"Molten Egg 2":342,"infinitespire:EmpoweringShard":242,"Pocketwatch":497,"Darkstone Periapt":174,"bronze:BronzeCore":0,"SacredBark":122,"theForsaken:Lifeblossom":105,"Mango":297,"conspire:SpecialSausage":370,"Incense Burner":317,"Juzu Bracelet":351,"hubris:SlimyHat":396,"theForsaken:Gavel":204,"conspire:TopHat":400,"aspiration:StickyExplosives_weak":311,"Frozen Eye":285,"Nunchaku":108,"Tough Bandages":473,"hubris:Icosahedron":204,"theForsaken:Kindling":347,"Pantograph":326,"Tiny Chest":105,"Red Mask":126,"aspiration:FetidBarrel":457,"Orichalcum":285,"White Beast Statue":666,"Mercury Hourglass":239,"Calling Bell":317,"infinitespire:WardingShard":102,"infinitespire:Satchel":65,"aspiration:WatcherSkillbook":613,"Bag of Marbles":331,"Membership Card":39}]},"card_choices":[{"not_picked":["survmod:ShrapnelTraps","survmod:AcidArrow"],"picked":"survmod:SwiftKick","floor":1},{"not_picked":["survmod:MarkedShot","survmod:SwiftKick"],"picked":"survmod:MarkedFromAfar","floor":2},{"not_picked":["survmod:Exploit","survmod:PenetratingShot"],"picked":"survmod:SurpriseTrap","floor":3},{"not_picked":["survmod:TwinShot","survmod:AimForTheLiver"],"picked":"survmod:FlareQuiver","floor":5},{"not_picked":["survmod:PiercingShot","survmod:SwiftKick"],"picked":"survmod:MarkTrap","floor":11},{"not_picked":["survmod:MarkedFromAfar","survmod:UnleashTheTraps"],"picked":"survmod:UnfortunateEscape","floor":12}],"player_experience":806566,"relics_obtained":[{"floor":9,"key":"White Beast Statue"},{"floor":12,"key":"Runesmith:AutoHammer"}],"event_choices":[{"damage_healed":0,"gold_gain":79,"player_choice":"Gained Gold","damage_taken":0,"max_hp_gain":0,"max_hp_loss":0,"event_name":"Golden Wing","floor":13,"gold_loss":0}],"is_beta":false,"boss_relics":[],"items_purged_floors":[],"is_endless":false,"potions_floor_spawned":[11,12],"killed_by":"Slime Boss","ascension_level":0}}