{"host":"9n6i2vl93jt4o42q","time":1612378032,"event":{"mods":["BaseMod","Minty Spire (QoL Compilation)","Relic Stats"],"gold_per_floor":[119,119,131,131,147,147,3,33,59,59,70,145,145,170,170,170,170],"floor_reached":16,"language":"ENG","playtime":762,"items_purged":[],"score":216,"play_id":"a4293627-91f7-4982-8b95-c831d127d7b1","local_time":"20210203194712","is_ascension_mode":true,"campfire_choices":[{"data":"Terror","floor":6,"key":"SMITH"},{"data":"Distraction","floor":10,"key":"SMITH"},{"data":"Blade Dance","floor":13,"key":"SMITH"},{"floor":15,"key":"REST"}],"circlet_count":0,"master_deck":["AscendersBane","Strike_G","Strike_G+1","Strike_G","Strike_G","Strike_G+1","Defend_G","Defend_G","Defend_G","Defend_G","Defend_G","Survivor","Neutralize","Terror+1","Cloak And Dagger","Distraction+1","Footwork","Blade Dance+1","Deflect","Tools of the Trade"],"relics":["Ring of the Snake","Tiny Chest","Omamori","Gremlin Horn"],"acts_visited":["Exordium"],"potions_floor_usage":[8,14,16],"damage_taken":[{"damage":7,"enemies":"Small Slimes","floor":1,"turns":5},{"damage":0,"enemies":"Cultist","floor":3,"turns":4},{"damage":17,"enemies":"Jaw Worm","floor":5,"turns":4},{"damage":13,"enemies":"Lagavulin","floor":8,"turns":7},{"damage":0,"enemies":"2 Fungi Beasts","floor":11,"turns":4},{"damage":30,"enemies":"Gremlin Nob","floor":14,"turns":4},{"damage":26,"enemies":"Slime Boss","floor":16,"turns":8}],"seed_played":"9049761524232744194","potions_obtained":[{"floor":8,"key":"EssenceOfSteel"},{"floor":14,"key":"DuplicationPotion"}],"is_trial":false,"path_per_floor":["M","?","M","?","M","R","$","E","T","R","M","?","R","E","R","B"],"character_chosen":"THE_SILENT","items_purchased":["Footwork","Block Potion"],"campfire_rested":1,"item_purchase_floors":[7,7],"current_hp_per_floor":[58,36,36,72,55,55,55,42,42,42,42,31,31,1,22,0,0],"gold":170,"neow_bonus":"TEN_PERCENT_HP_BONUS","is_daily":false,"chose_seed":false,"campfire_upgraded":3,"win_rate":0.0,"timestamp":1612378032,"path_taken":["M","?","M","?","?","R","$","E","T","R","M","?","R","E","R","BOSS"],"items_purchased_type":["Card","Potion"],"build_version":"2020-12-22","purchased_purges":0,"victory":false,"max_hp_per_floor":[72,72,72,72,72,72,72,72,72,72,72,72,72,72,72,72,72],"relic_stats":{"Gremlin Horn":[0,0],"counters":[7,36],"Tiny Chest":0,"obtain_stats":[{"Gremlin Horn":14,"Tiny Chest":8,"Omamori":9,"Ring of the Snake":0},{"Gremlin Horn":6,"Tiny Chest":4,"Omamori":4,"Ring of the Snake":0},{"Gremlin Horn":28,"Tiny Chest":20,"Omamori":20,"Ring of the Snake":0}],"Ring of the Snake":[14]},"card_choices":[{"not_picked":["PiercingWail","Bane"],"picked":"Terror","floor":1},{"not_picked":["Poisoned Stab","Accuracy"],"picked":"Cloak And Dagger","floor":3},{"not_picked":["Poisoned Stab","Riddle With Holes"],"picked":"Distraction","floor":5},{"not_picked":["Night Terror","Dodge and Roll"],"picked":"Blade Dance","floor":8},{"not_picked":["Backflip","Eviscerate"],"picked":"Deflect","floor":11},{"not_picked":["Dagger Throw","Blade Dance"],"picked":"Tools of the Trade","floor":14}],"player_experience":2418497,"relics_obtained":[{"floor":8,"key":"Tiny Chest"},{"floor":9,"key":"Omamori"},{"floor":14,"key":"Gremlin Horn"}],"event_choices":[{"damage_healed":0,"gold_gain":0,"player_choice":"Entered Light","damage_taken":22,"max_hp_gain":0,"max_hp_loss":0,"event_name":"Shining Light","floor":2,"gold_loss":0,"cards_upgraded":["Strike_G","Strike_G"]},{"damage_healed":36,"gold_gain":0,"player_choice":"Full Heal","damage_taken":0,"max_hp_gain":0,"max_hp_loss":0,"event_name":"Wheel of Change","floor":4,"gold_loss":0},{"damage_healed":0,"gold_gain":75,"player_choice":"Gather Gold","damage_taken":11,"max_hp_gain":0,"max_hp_loss":0,"event_name":"World of Goop","floor":12,"gold_loss":0}],"is_beta":false,"boss_relics":[],"items_purged_floors":[],"is_endless":false,"potions_floor_spawned":[8,14],"killed_by":"Slime Boss","ascension_level":20}}