{"host":"u7lm8z2rvb4dg2oo","time":1612322246,"event":{"mods":["AchievementEnabler","BaseMod","Bestiary","Block Reminder","Colored Map","Colored Powertips","Curses Come First","DeckTracker","Googly Eyes","Highlight Path","Minty Spire (QoL Compilation)","Quick Restart","StSLib"],"gold_per_floor":[110,122,132,132,31,31,45,45,45,45,45,10,10,31,31,151,151,170,190,205,205,50,50,93,93,117,117,130,130,160,176,176,281,281,295,307,272,322,339,339,339,339],"floor_reached":41,"language":"ENG","playtime":2290,"items_purged":["Strike_G"],"score":699,"play_id":"2824cfa8-3292-4566-b5d7-4914def1996d","local_time":"20210202221726","is_ascension_mode":true,"campfire_choices":[{"data":"Blade Dance","floor":6.0,"key":"SMITH"},{"data":"Blade Dance","floor":8.0,"key":"SMITH"},{"data":"Cloak And Dagger","floor":10.0,"key":"SMITH"},{"data":"Endless Agony","floor":13.0,"key":"SMITH"},{"data":"Terror","floor":15.0,"key":"SMITH"},{"data":"Well Laid Plans","floor":23.0,"key":"SMITH"},{"data":"Footwork","floor":27.0,"key":"SMITH"},{"data":"Phantasmal Killer","floor":32.0,"key":"SMITH"},{"data":"Flechettes","floor":40.0,"key":"SMITH"}],"circlet_count":0,"master_deck":["AscendersBane","Defend_G","Defend_G","Defend_G","Defend_G","Defend_G","Survivor","Neutralize","Well Laid Plans+1","Endless Agony+1","Blade Dance+1","Cloak And Dagger+1","Blade Dance+1","Terror+1","After Image","Backflip","Bite","Bite","Bite","Bite","Bite","Footwork+1","Poisoned Stab","Phantasmal Killer+1","Malaise","Poisoned Stab+1","Flechettes+1","Burst"],"relics":["Ring of the Snake","Smiling Mask","Bloody Idol","SacredBark","Lee\u0027s Waffle","Meat on the Bone","Happy Flower","Snake Skull","WristBlade","Turnip"],"acts_visited":["Exordium","TheCity","TheBeyond"],"potions_floor_usage":[41],"damage_taken":[{"damage":1.0,"enemies":"Cultist","floor":1.0,"turns":5.0},{"damage":0.0,"enemies":"Small Slimes","floor":2.0,"turns":4.0},{"damage":0.0,"enemies":"Jaw Worm","floor":3.0,"turns":6.0},{"damage":2.0,"enemies":"3 Louse","floor":7.0,"turns":3.0},{"damage":0.0,"enemies":"Large Slime","floor":14.0,"turns":4.0},{"damage":10.0,"enemies":"The Guardian","floor":16.0,"turns":8.0},{"damage":0.0,"enemies":"3 Byrds","floor":18.0,"turns":5.0},{"damage":8.0,"enemies":"Spheric Guardian","floor":19.0,"turns":5.0},{"damage":37.0,"enemies":"Snake Plant","floor":20.0,"turns":9.0},{"damage":45.0,"enemies":"Gremlin Leader","floor":24.0,"turns":9.0},{"damage":14.0,"enemies":"Centurion and Healer","floor":28.0,"turns":5.0},{"damage":22.0,"enemies":"Book of Stabbing","floor":30.0,"turns":3.0},{"damage":3.0,"enemies":"3 Cultists","floor":31.0,"turns":5.0},{"damage":55.0,"enemies":"Champ","floor":33.0,"turns":12.0},{"damage":14.0,"enemies":"3 Darklings","floor":35.0,"turns":5.0},{"damage":10.0,"enemies":"Orb Walker","floor":36.0,"turns":3.0},{"damage":11.0,"enemies":"Mind Bloom Boss Battle","floor":38.0,"turns":9.0},{"damage":25.0,"enemies":"Spire Growth","floor":39.0,"turns":4.0},{"damage":42,"enemies":"Reptomancer","floor":41,"turns":3}],"seed_played":"4571915921473910489","potions_obtained":[{"floor":2.0,"key":"ColorlessPotion"},{"floor":7.0,"key":"SkillPotion"},{"floor":14.0,"key":"SteroidPotion"},{"floor":24.0,"key":"AttackPotion"},{"floor":28.0,"key":"SteroidPotion"},{"floor":30.0,"key":"CunningPotion"},{"floor":35.0,"key":"DuplicationPotion"},{"floor":38.0,"key":"Energy Potion"},{"floor":39.0,"key":"CunningPotion"}],"is_trial":false,"path_per_floor":["M","M","M","?","$","R","M","R","T","R","?","?","R","M","R","B",null,"M","M","M","?","$","R","E","$","T","R","M","?","E","M","R","B",null,"M","M","$","?","M","R","E"],"character_chosen":"THE_SILENT","items_purchased":["Cloak And Dagger","Lee\u0027s Waffle","Flechettes"],"campfire_rested":0,"item_purchase_floors":[5,22,37],"current_hp_per_floor":[62,62,62,55,55,55,53,53,53,53,36,53,53,53,53,43,63,63,55,18,18,56,56,19,19,19,19,29,29,32,42,42,34,51,52,49,49,56,36,36,0,0],"gold":339,"neow_bonus":"REMOVE_CARD","is_daily":false,"chose_seed":false,"campfire_upgraded":9,"win_rate":0.0,"timestamp":1612322246,"path_taken":["M","M","?","?","$","R","M","R","T","R","?","?","R","M","R","BOSS","M","M","M","?","$","R","E","$","T","R","M","?","E","M","R","BOSS","M","M","$","?","M","R","E"],"items_purchased_type":["Card","Relic","Card"],"build_version":"2020-12-22","purchased_purges":1,"victory":false,"max_hp_per_floor":[70,70,70,70,70,70,70,70,70,70,70,70,70,70,70,70,70,70,70,70,49,56,56,56,56,56,56,56,56,56,56,56,56,56,56,56,56,56,56,56,56,56],"card_choices":[{"not_picked":["Sucker Punch","Quick Slash"],"picked":"Well Laid Plans","floor":1.0},{"not_picked":["Deflect","Quick Slash"],"picked":"Endless Agony","floor":2.0},{"not_picked":["Infinite Blades","Bane"],"picked":"Blade Dance","floor":3.0},{"not_picked":["Flying Knee","Outmaneuver"],"picked":"Blade Dance","floor":7.0},{"not_picked":["Grand Finale","Concentrate"],"picked":"Terror","floor":14.0},{"not_picked":["Grand Finale","Malaise"],"picked":"After Image","floor":16.0},{"not_picked":["Prepared","Bane"],"picked":"Backflip","floor":18.0},{"not_picked":["Terror","Underhanded Strike","Deadly Poison"],"picked":"SKIP","floor":19.0},{"not_picked":["Well Laid Plans","Dagger Throw","Infinite Blades"],"picked":"SKIP","floor":20.0},{"not_picked":["Finisher","Deadly Poison"],"picked":"Footwork","floor":24.0},{"not_picked":["Acrobatics","Dodge and Roll+1"],"picked":"Poisoned Stab","floor":28.0},{"not_picked":["Leg Sweep","Cloak And Dagger"],"picked":"Phantasmal Killer","floor":30.0},{"not_picked":["Skewer","Quick Slash+1","Well Laid Plans"],"picked":"SKIP","floor":31.0},{"not_picked":["Storm of Steel","Glass Knife"],"picked":"Malaise","floor":33.0},{"not_picked":["Choke","Deflect","Bane"],"picked":"SKIP","floor":35.0},{"not_picked":["Deflect","Prepared+1"],"picked":"Poisoned Stab+1","floor":36.0},{"not_picked":["Bane+1","Slice+1"],"picked":"Burst","floor":39.0}],"player_experience":1063852,"relics_obtained":[{"floor":9.0,"key":"Smiling Mask"},{"floor":24.0,"key":"Meat on the Bone"},{"floor":26.0,"key":"Happy Flower"},{"floor":30.0,"key":"Snake Skull"},{"floor":38.0,"key":"Turnip"}],"event_choices":[{"cards_removed":["Strike_G"],"damage_healed":0.0,"max_hp_gain":0.0,"max_hp_loss":0.0,"gold_gain":0.0,"event_name":"Golden Wing","player_choice":"Card Removal","floor":4.0,"gold_loss":0.0,"damage_taken":7.0},{"damage_healed":0.0,"max_hp_gain":0.0,"max_hp_loss":0.0,"gold_gain":0.0,"event_name":"Golden Idol","player_choice":"Take Damage","floor":11.0,"gold_loss":0.0,"damage_taken":17.0,"relics_obtained":["Golden Idol"]},{"damage_healed":17.0,"max_hp_gain":0.0,"max_hp_loss":0.0,"gold_gain":0.0,"event_name":"The Cleric","player_choice":"Healed","floor":12.0,"gold_loss":35.0,"damage_taken":0.0},{"damage_healed":0.0,"max_hp_gain":0.0,"max_hp_loss":21.0,"gold_gain":0.0,"event_name":"Vampires","player_choice":"Became a vampire","floor":21.0,"gold_loss":0.0,"damage_taken":0.0,"cards_obtained":["Bite","Bite","Bite","Bite","Bite"]},{"damage_healed":0.0,"max_hp_gain":0.0,"max_hp_loss":0.0,"gold_gain":0.0,"event_name":"Forgotten Altar","player_choice":"Gave Idol","floor":29.0,"relics_lost":["Golden Idol"],"gold_loss":0.0,"damage_taken":0.0,"relics_obtained":["Bloody Idol"]},{"damage_healed":0.0,"max_hp_gain":0.0,"max_hp_loss":0.0,"gold_gain":0.0,"event_name":"MindBloom","player_choice":"Fight","floor":38.0,"gold_loss":0.0,"damage_taken":0.0}],"is_beta":false,"boss_relics":[{"not_picked":["Astrolabe","HoveringKite"],"picked":"SacredBark"},{"not_picked":["Coffee Dripper","Fusion Hammer"],"picked":"WristBlade"}],"items_purged_floors":[5],"is_endless":false,"potions_floor_spawned":[2,7,14,24,28,30,35,38,39],"killed_by":"Reptomancer","ascension_level":12}}