{"host":"lly094a91h6n5nv5","time":1612335581,"event":{"mods":["AchievementEnabler","BaseMod","Block Reminder","Colored Map","Minty Spire (QoL Compilation)"],"gold_per_floor":[116,133,153,163,163,163,181,208,208,208,233,17,17,31,31,132,132,147,164,89,89,104,133,133,163,217,217,139,139,150,167,167,264,264,283,293,293,293,305,333,433,458,458,472,78,78,97,107,107,107],"floor_reached":51,"language":"ENG","playtime":3817,"items_purged":["Strike_G","Pain"],"score":974,"play_id":"5e38aa32-5b13-472b-90e5-23a17c4a5732","local_time":"20210203005941","is_ascension_mode":true,"campfire_choices":[{"data":"Neutralize","floor":6.0,"key":"SMITH"},{"data":"Envenom","floor":13.0,"key":"SMITH"},{"data":"Sadistic Nature","floor":15.0,"key":"SMITH"},{"data":"Adrenaline","floor":24.0,"key":"SMITH"},{"data":"Bouncing Flask","floor":27.0,"key":"SMITH"},{"data":"Footwork","floor":29.0,"key":"SMITH"},{"data":"Noxious Fumes","floor":32.0,"key":"SMITH"},{"data":"Secret Technique","floor":49,"key":"SMITH"}],"circlet_count":0,"master_deck":["Strike_G+1","Defend_G+1","Defend_G+1","Defend_G+1","Defend_G+1","Defend_G+1","Survivor+1","Neutralize+1","Sadistic Nature+1","Backflip+1","Dagger Throw+1","Blur+1","Poisoned Stab+1","Dagger Spray+1","Envenom+1","Crippling Poison+1","Bouncing Flask+1","Adrenaline+1","Backflip+1","Noxious Fumes+1","Sucker Punch+1","Footwork+1","Deadly Poison+1","Doppelganger+1","Endless Agony+1","Leg Sweep+1","Catalyst+1","Crippling Poison+1","Bane+1","Secret Technique+1"],"relics":["Ring of the Snake","TungstenRod","Letter Opener","Centennial Puzzle","Bird Faced Urn","Lee\u0027s Waffle","Coffee Dripper","WarpedTongs","Bottled Lightning","Potion Belt","Tiny Chest","Astrolabe","Mark of the Bloom","Paper Crane","Du-Vu Doll","HornCleat","The Courier"],"acts_visited":["Exordium","TheCity","TheBeyond"],"potions_floor_usage":[40,42,50,50,50,50,50],"damage_taken":[{"damage":0.0,"enemies":"Jaw Worm","floor":1.0,"turns":5.0},{"damage":0.0,"enemies":"Small Slimes","floor":2.0,"turns":4.0},{"damage":1.0,"enemies":"Cultist","floor":3.0,"turns":4.0},{"damage":0.0,"enemies":"2 Fungi Beasts","floor":4.0,"turns":5.0},{"damage":0.0,"enemies":"Red Slaver","floor":7.0,"turns":4.0},{"damage":14.0,"enemies":"3 Sentries","floor":8.0,"turns":8.0},{"damage":5.0,"enemies":"Lagavulin","floor":11.0,"turns":6.0},{"damage":5.0,"enemies":"Lots of Slimes","floor":14.0,"turns":3.0},{"damage":3.0,"enemies":"The Guardian","floor":16.0,"turns":10.0},{"damage":0.0,"enemies":"3 Byrds","floor":18.0,"turns":2.0},{"damage":3.0,"enemies":"2 Thieves","floor":19.0,"turns":2.0},{"damage":7.0,"enemies":"Shelled Parasite and Fungi","floor":22.0,"turns":4.0},{"damage":0.0,"enemies":"Gremlin Leader","floor":23.0,"turns":3.0},{"damage":7.0,"enemies":"Slavers","floor":25.0,"turns":3.0},{"damage":0.0,"enemies":"Snake Plant","floor":30.0,"turns":4.0},{"damage":2.0,"enemies":"Chosen and Byrds","floor":31.0,"turns":3.0},{"damage":21.0,"enemies":"Collector","floor":33.0,"turns":5.0},{"damage":0.0,"enemies":"3 Darklings","floor":35.0,"turns":3.0},{"damage":0.0,"enemies":"3 Shapes","floor":36.0,"turns":2.0},{"damage":3,"enemies":"Sphere and 2 Shapes","floor":39,"turns":4},{"damage":7,"enemies":"Giant Head","floor":40,"turns":8},{"damage":0,"enemies":"Reptomancer","floor":42,"turns":4},{"damage":0,"enemies":"3 Darklings","floor":44,"turns":3},{"damage":0,"enemies":"Spire Growth","floor":47,"turns":4},{"damage":0,"enemies":"4 Shapes","floor":48,"turns":3},{"damage":16,"enemies":"Donu and Deca","floor":50,"turns":5}],"seed_played":"-6196550918978324114","potions_obtained":[{"floor":4.0,"key":"SneckoOil"},{"floor":7.0,"key":"SteroidPotion"},{"floor":14.0,"key":"SkillPotion"},{"floor":16.0,"key":"Poison Potion"},{"floor":22.0,"key":"Fruit Juice"},{"floor":23.0,"key":"Strength Potion"},{"floor":30.0,"key":"SkillPotion"},{"floor":33.0,"key":"AttackPotion"},{"floor":40,"key":"Fruit Juice"},{"floor":42,"key":"SkillPotion"},{"floor":44,"key":"Energy Potion"}],"is_trial":false,"path_per_floor":["M","M","M","M","?","R","M","E","T","?","E","$","R","M","R","B",null,"M","M","$","?","M","E","R","E","T","R","$","R","M","M","R","B",null,"M","M","?","$","M","E","?","E","T","M","$","T","M","M","R","B",null],"character_chosen":"THE_SILENT","items_purchased":["Bouncing Flask","Lee\u0027s Waffle","Footwork","GamblersBrew","ColorlessPotion","Secret Technique"],"campfire_rested":0,"item_purchase_floors":[12,12,28,45,45,45],"current_hp_per_floor":[49,49,48,48,48,48,48,34,34,34,29,77,77,72,72,73,76,77,74,74,74,70,76,76,70,70,70,70,70,76,77,77,56,72,77,77,82,82,79,72,72,72,72,72,72,72,72,72,72,56],"gold":107,"neow_bonus":"RANDOM_COLORLESS_2","is_daily":false,"chose_seed":false,"campfire_upgraded":8,"win_rate":0.0,"timestamp":1612335581,"path_taken":["M","M","M","M","?","R","M","E","T","?","E","$","R","?","R","BOSS","M","M","$","?","?","E","R","E","T","R","?","R","M","M","R","BOSS","M","M","?","$","M","E","?","E","T","M","$","?","M","M","R","BOSS"],"items_purchased_type":["Card","Relic","Card","Potion","Potion","Card"],"build_version":"2020-12-22","purchased_purges":2,"victory":true,"max_hp_per_floor":[70,70,70,70,70,70,70,70,70,70,70,77,77,77,77,77,77,77,77,77,77,77,77,77,77,77,77,77,77,77,77,77,77,77,77,77,82,82,82,87,87,87,87,87,87,87,87,87,87,87],"card_choices":[{"not_picked":["Metamorphosis","Violence"],"picked":"Sadistic Nature","floor":0.0},{"not_picked":["Bane","Quick Slash"],"picked":"Backflip","floor":1.0},{"not_picked":["Choke","Cloak And Dagger"],"picked":"Dagger Throw","floor":2.0},{"not_picked":["Dagger Throw","Deflect"],"picked":"Blur","floor":3.0},{"not_picked":["Quick Slash","Outmaneuver"],"picked":"Poisoned Stab","floor":4.0},{"not_picked":["Poisoned Stab","Cloak And Dagger"],"picked":"Dagger Spray","floor":7.0},{"not_picked":["Poisoned Stab","Reflex"],"picked":"Envenom","floor":8.0},{"not_picked":["Sucker Punch","Dagger Throw"],"picked":"Crippling Poison","floor":11.0},{"not_picked":["Masterful Stab","Concentrate","Setup"],"picked":"SKIP","floor":14.0},{"not_picked":["Phantasmal Killer","Burst"],"picked":"Adrenaline","floor":16.0},{"not_picked":["Underhanded Strike","PiercingWail"],"picked":"Backflip+1","floor":18.0},{"not_picked":["Heel Hook+1","Leg Sweep"],"picked":"Noxious Fumes","floor":19.0},{"not_picked":["Backstab+1","Heel Hook"],"picked":"Sucker Punch+1","floor":22.0},{"not_picked":["Cloak And Dagger","Distraction","Reflex+1"],"picked":"SKIP","floor":23.0},{"not_picked":["Bane","Reflex","Wraith Form v2"],"picked":"SKIP","floor":25.0},{"not_picked":["Backflip+1","Choke","Endless Agony"],"picked":"SKIP","floor":30.0},{"not_picked":["Endless Agony","Infinite Blades","Masterful Stab"],"picked":"SKIP","floor":31.0},{"not_picked":["Endless Agony+1","Underhanded Strike"],"picked":"Leg Sweep+1","floor":35.0},{"not_picked":["Dagger Spray","Infinite Blades","Underhanded Strike+1"],"picked":"SKIP","floor":36.0},{"not_picked":["Blade Dance","Footwork"],"picked":"Catalyst+1","floor":39},{"not_picked":["Concentrate","A Thousand Cuts","Underhanded Strike+1"],"picked":"SKIP","floor":40},{"not_picked":["Concentrate","A Thousand Cuts","Underhanded Strike+1"],"picked":"SKIP","floor":40},{"not_picked":["Noxious Fumes","Deadly Poison"],"picked":"Crippling Poison+1","floor":42},{"not_picked":["Dagger Throw+1","Quick Slash"],"picked":"Bane+1","floor":44},{"not_picked":["Dodge and Roll+1","Poisoned Stab","Flying Knee"],"picked":"SKIP","floor":47},{"not_picked":["Outmaneuver","Tactician","Endless Agony+1"],"picked":"SKIP","floor":48}],"player_experience":132943,"relics_obtained":[{"floor":8.0,"key":"TungstenRod"},{"floor":9.0,"key":"Letter Opener"},{"floor":11.0,"key":"Bird Faced Urn"},{"floor":23.0,"key":"Bottled Lightning"},{"floor":25.0,"key":"Potion Belt"},{"floor":26.0,"key":"Tiny Chest"},{"floor":40,"key":"Paper Crane"},{"floor":42,"key":"Du-Vu Doll"},{"floor":43,"key":"HornCleat"},{"floor":46,"key":"The Courier"}],"event_choices":[{"damage_healed":0.0,"max_hp_gain":0.0,"max_hp_loss":0.0,"gold_gain":0.0,"event_name":"Liars Game","player_choice":"Ignored","floor":5.0,"gold_loss":0.0,"damage_taken":0.0},{"damage_healed":0.0,"max_hp_gain":0.0,"max_hp_loss":0.0,"gold_gain":0.0,"event_name":"WeMeetAgain","player_choice":"Gave Potion","floor":10.0,"gold_loss":0.0,"damage_taken":0.0,"relics_obtained":["Centennial Puzzle"]},{"damage_healed":0.0,"max_hp_gain":0.0,"max_hp_loss":0.0,"gold_gain":0.0,"event_name":"Accursed Blacksmith","player_choice":"Rummage","floor":21.0,"gold_loss":0.0,"damage_taken":0.0,"relics_obtained":["WarpedTongs"],"cards_obtained":["Pain"]},{"damage_healed":0.0,"max_hp_gain":0.0,"max_hp_loss":0.0,"gold_gain":0.0,"event_name":"MindBloom","player_choice":"Upgrade","floor":37.0,"gold_loss":0.0,"damage_taken":0.0,"cards_upgraded":["Strike_G","Defend_G","Defend_G","Defend_G","Defend_G","Defend_G","Survivor","Backflip","Dagger Throw","Blur","Poisoned Stab","Dagger Spray","Crippling Poison"],"relics_obtained":["Mark of the Bloom"]},{"damage_healed":0,"gold_gain":100,"player_choice":"Pray","damage_taken":0,"max_hp_gain":0,"max_hp_loss":0,"event_name":"Golden Shrine","floor":41,"gold_loss":0}],"is_beta":false,"boss_relics":[{"not_picked":["Busted Crown","Runic Pyramid"],"picked":"Coffee Dripper"},{"not_picked":["Velvet Choker","Pandora\u0027s Box"],"picked":"Astrolabe"}],"items_purged_floors":[20,45],"is_endless":false,"potions_floor_spawned":[4,7,14,16,22,23,30,33,40,42,44],"ascension_level":5}}