{"host":"2eswhqk6sgfpt1j1","time":1612353701,"event":{"mods":["Act Like it!","BaseMod","Colored Powertips","Downfall","Duelist Mod","Lobotomy","Minty Spire (QoL Compilation)","StSLib","The Bug Knight","The Cursed","The Hierophant","[IsaacMod]ÒÔÈö¼âËþ"],"gold_per_floor":[99,99,274,274,375,275,275,197,218,93,160,160,215,233,254,289,289,289],"floor_reached":16,"language":"ZHS","playtime":2098,"items_purged":[],"score":106,"play_id":"43a041b3-f0ed-414b-a94a-cb223fe2902e","local_time":"20210203200141","is_ascension_mode":false,"campfire_choices":[{"floor":1,"key":"RECALL"},{"floor":6,"key":"REST"},{"floor":12,"key":"REST"}],"circlet_count":0,"master_deck":["Slimebound:Strike_Slimebound","Slimebound:Strike_Slimebound","Slimebound:Strike_Slimebound","Slimebound:Tackle","Slimebound:Defend_Slimebound+1","Slimebound:Defend_Slimebound","Slimebound:Defend_Slimebound","Slimebound:Defend_Slimebound","Slimebound:Split","Slimebound:CorrosiveSpit","Slimebound:HauntingLick+1","Doubt","Slimebound:DuplicatedForm","Slimebound:PressTheAttack","Slimebound:AcidTongue","Slimebound:LevelUp","Slimebound:SlimeSlap","Slimebound:LevelUp"],"relics":["Slimebound:AbsorbEndCombat","HushsDoor","downfall:HeartsMalice","SalivaCoin","downfall:HeartBlessingRed","War Paint","BookofShadows","Juzu Bracelet"],"acts_visited":["Exordium"],"potions_floor_usage":[13,14,15,16],"damage_taken":[{"damage":0,"enemies":"Small Slimes","floor":2,"turns":1},{"damage":0,"enemies":"Jaw Worm","floor":4,"turns":1},{"damage":0,"enemies":"downfall:FleeingMerchant","floor":8,"turns":1},{"damage":3,"enemies":"2 Louse","floor":9,"turns":2},{"damage":11,"enemies":"downfall:FleeingMerchant","floor":10,"turns":4},{"damage":35,"enemies":"3 Sentries","floor":11,"turns":5},{"damage":23,"enemies":"Lagavulin","floor":13,"turns":6},{"damage":0,"enemies":"Lots of Slimes","floor":14,"turns":3},{"damage":0,"enemies":"Large Slime","floor":15,"turns":8},{"damage":36,"enemies":"DF_ARCHETYPE_STREAMLINE","floor":16,"turns":6}],"seed_played":"-4273826691008372399","potions_obtained":[{"floor":11,"key":"Slimebound:SpawnSlimePotion"},{"floor":13,"key":"AttackPotion"},{"floor":14,"key":"Fire Potion"},{"floor":15,"key":"Weak Potion"}],"is_trial":false,"path_per_floor":["R","M","?","M","?","R","T","$","M","$","E","R","E","M","M","B"],"character_chosen":"SLIMEBOUND","items_purchased":["Slimebound:AcidTongue","Slimebound:SlimeSlap"],"campfire_rested":2,"item_purchase_floors":[8,10],"current_hp_per_floor":[65,65,65,65,50,65,65,65,64,56,27,46,27,29,33,0,0,0],"gold":289,"neow_bonus":"THREE_ENEMY_KILL","is_daily":false,"chose_seed":false,"campfire_upgraded":0,"win_rate":0.0,"timestamp":1612353701,"path_taken":["R","M","?","M","?","R","T","?","M","$","E","R","E","M","M","BOSS"],"items_purchased_type":["Card","Card"],"build_version":"2020-12-22","purchased_purges":0,"victory":false,"max_hp_per_floor":[65,65,65,65,65,65,65,65,65,65,65,65,65,65,65,65,65,65],"card_choices":[{"not_picked":[],"picked":"Bomb","floor":0},{"not_picked":["Slimebound:Nibble","Slimebound:Recollect"],"picked":"Slimebound:HauntingLick","floor":2},{"not_picked":["Slimebound:SplitBruiser","Slimebound:ProtectTheBoss"],"picked":"Slimebound:DuplicatedForm","floor":4},{"not_picked":["Slimebound:FormOfPuddle","Slimebound:LeechingTouch"],"picked":"Slimebound:PressTheAttack","floor":8},{"not_picked":["Slimebound:GoopSpray","Slimebound:LeechingTouch"],"picked":"Slimebound:LevelUp","floor":9},{"not_picked":["Slimebound:FinishingTackle","Slimebound:HauntingLick"],"picked":"Bomb","floor":10},{"not_picked":["Slimebound:LeechEnergy","Slimebound:PressTheAttack","Slimebound:GrowthPunch"],"picked":"SKIP","floor":11},{"not_picked":["Slimebound:DuplicatedForm","Slimebound:ForwardTackle"],"picked":"Bomb","floor":13},{"not_picked":["Slimebound:LivingWall","Slimebound:RollThrough"],"picked":"Slimebound:LevelUp","floor":14},{"not_picked":["Slimebound:Grow","Slimebound:ServeAndProtect","Slimebound:SlimeSpikes"],"picked":"SKIP","floor":15}],"player_experience":464795,"relics_obtained":[{"floor":7,"key":"War Paint"},{"floor":11,"key":"BookofShadows"},{"floor":13,"key":"Juzu Bracelet"}],"event_choices":[],"is_beta":false,"boss_relics":[],"items_purged_floors":[],"is_endless":false,"potions_floor_spawned":[11,13,14,15],"killed_by":"DF_ARCHETYPE_STREAMLINE","ascension_level":0}}