{"host":"p0hktren06injwdf","time":1612384664,"event":{"mods":["AchievementEnabler","BaseMod","Colored Map","DeckTracker","Minty Spire (QoL Compilation)","Permanent Neow","StSLib","SuperFastMode"],"gold_per_floor":[116,116,129,141,160,193,203,203,277,293,293,293,322,30,30,103,103,119,119,39,49,49,82,82,82,82,94,105,105,105],"floor_reached":29,"language":"KOR","playtime":436,"items_purged":["Defend_P"],"score":610,"play_id":"41f619f2-2174-4fae-bb7a-c401b54fe8d5","local_time":"20210204053744","is_ascension_mode":true,"campfire_choices":[{"data":"Adaptation","floor":8.0,"key":"SMITH"},{"data":"BowlingBash","floor":11.0,"key":"SMITH"},{"data":"EmptyFist","floor":15,"key":"SMITH"},{"data":"TalkToTheHand","floor":24,"key":"SMITH"}],"circlet_count":0,"master_deck":["AscendersBane","Strike_P","Strike_P","Strike_P","Defend_P","Eruption+1","Vigilance","EmptyFist+1","Halt","BowlingBash+1","Adaptation+1","FlurryOfBlows","TalkToTheHand+1","TalkToTheHand"],"relics":["PureWater","Singing Bowl","Bottled Tornado","Unceasing Top","TheAbacus","Black Star","Oddly Smooth Stone","Pocketwatch","TeardropLocket"],"acts_visited":["Exordium","TheCity"],"potions_floor_usage":[13,16,21,23,28],"damage_taken":[{"damage":7.0,"enemies":"Jaw Worm","floor":1.0,"turns":3.0},{"damage":0.0,"enemies":"Cultist","floor":3.0,"turns":2.0},{"damage":1.0,"enemies":"Small Slimes","floor":4.0,"turns":2.0},{"damage":1.0,"enemies":"2 Fungi Beasts","floor":5.0,"turns":4.0},{"damage":4.0,"enemies":"3 Sentries","floor":6.0,"turns":5.0},{"damage":10.0,"enemies":"Blue Slaver","floor":7.0,"turns":4.0},{"damage":0.0,"enemies":"Lots of Slimes","floor":10.0,"turns":2.0},{"damage":0,"enemies":"Gremlin Nob","floor":13,"turns":2},{"damage":41,"enemies":"Slime Boss","floor":16,"turns":6},{"damage":22,"enemies":"2 Thieves","floor":18,"turns":4},{"damage":4,"enemies":"Shell Parasite","floor":21,"turns":4},{"damage":0,"enemies":"Gremlin Leader","floor":23,"turns":3},{"damage":34,"enemies":"Snake Plant","floor":27,"turns":3},{"damage":0,"enemies":"3 Cultists","floor":28,"turns":2},{"damage":14,"enemies":"Centurion and Healer","floor":29,"turns":1}],"seed_played":"-6046670584092283044","potions_obtained":[{"floor":3.0,"key":"GamblersBrew"},{"floor":4.0,"key":"AttackPotion"},{"floor":5.0,"key":"StancePotion"},{"floor":13,"key":"Strength Potion"},{"floor":18,"key":"Block Potion"},{"floor":21,"key":"SteroidPotion"},{"floor":27,"key":"AttackPotion"}],"is_trial":false,"path_per_floor":["M","?","M","M","M","E","M","R","T","M","R","?","E","$","R","B",null,"M","?","$","M","?","E","R","?","T","M","M","M"],"character_chosen":"WATCHER","items_purchased":["TheAbacus","FlurryOfBlows","TalkToTheHand"],"campfire_rested":0,"item_purchase_floors":[14,14,20],"current_hp_per_floor":[54,54,54,53,52,48,40,40,40,42,42,47,49,49,49,10,59,39,39,39,37,37,39,39,39,39,7,9,0,0],"gold":105,"neow_bonus":"REMOVE_TWO","is_daily":false,"chose_seed":false,"campfire_upgraded":4,"win_rate":0.0,"timestamp":1612384664,"path_taken":["M","?","?","M","M","E","M","R","T","?","R","?","E","?","R","BOSS","M","?","$","M","?","E","R","?","T","M","M","M"],"items_purchased_type":["Relic","Card","Card"],"build_version":"2020-12-22","purchased_purges":1,"victory":false,"max_hp_per_floor":[62,62,62,62,62,62,64,64,64,66,66,71,73,73,73,75,75,77,77,77,79,79,81,81,81,81,83,85,85,85],"card_choices":[{"not_picked":["EmptyBody","DeceiveReality"],"picked":"EmptyFist","floor":1.0},{"not_picked":["SashWhip","Indignation"],"picked":"Halt","floor":3.0},{"not_picked":["FollowUp","Crescendo","Wireheading"],"picked":"SKIP","floor":4.0},{"not_picked":["Study","EmptyFist"],"picked":"BowlingBash","floor":5.0},{"not_picked":["CarveReality","FollowUp"],"picked":"Adaptation","floor":6.0},{"not_picked":["JustLucky","Conclude","Crescendo"],"picked":"Singing Bowl","floor":7.0},{"not_picked":["Meditate","EmptyMind","ClearTheMind"],"picked":"Singing Bowl","floor":10.0},{"not_picked":["EmptyMind","Brilliance","Establishment"],"picked":"Singing Bowl","floor":13},{"not_picked":["Omniscience","Devotion","Ragnarok"],"picked":"Singing Bowl","floor":16},{"not_picked":["PathToVictory","Evaluate+1","FlurryOfBlows"],"picked":"Singing Bowl","floor":18},{"not_picked":["CarveReality","Nirvana","Pray"],"picked":"Singing Bowl","floor":21},{"not_picked":["SashWhip","EmptyFist+1","FlurryOfBlows"],"picked":"Singing Bowl","floor":23},{"not_picked":["ClearTheMind","Protect","Prostrate"],"picked":"Singing Bowl","floor":27},{"not_picked":["Omniscience","Prostrate","EmptyFist"],"picked":"Singing Bowl","floor":28}],"player_experience":995360,"relics_obtained":[{"floor":6.0,"key":"Singing Bowl"},{"floor":9.0,"key":"Bottled Tornado"},{"floor":13,"key":"Unceasing Top"},{"floor":23,"key":"Oddly Smooth Stone"},{"floor":23,"key":"Pocketwatch"},{"floor":26,"key":"TeardropLocket"}],"event_choices":[{"damage_healed":0.0,"max_hp_gain":0.0,"max_hp_loss":0.0,"gold_gain":0.0,"event_name":"Upgrade Shrine","player_choice":"Upgraded","floor":2.0,"gold_loss":0.0,"damage_taken":0.0,"cards_upgraded":["Eruption"]},{"damage_healed":0.0,"max_hp_gain":5.0,"max_hp_loss":0.0,"gold_gain":0.0,"event_name":"Big Fish","player_choice":"Donut","floor":12.0,"gold_loss":0.0,"damage_taken":0.0},{"damage_healed":0,"gold_gain":0,"player_choice":"Read","damage_taken":0,"max_hp_gain":0,"max_hp_loss":0,"event_name":"The Library","floor":19,"gold_loss":0,"cards_obtained":["TalkToTheHand"]},{"cards_removed":["Strike_P"],"damage_healed":0,"gold_gain":0,"player_choice":"Elegance","damage_taken":0,"max_hp_gain":0,"max_hp_loss":0,"event_name":"Back to Basics","floor":22,"gold_loss":0},{"damage_healed":0,"gold_gain":0,"player_choice":"Ignored","damage_taken":0,"max_hp_gain":0,"max_hp_loss":0,"event_name":"Ghosts","floor":25,"gold_loss":0}],"is_beta":false,"boss_relics":[{"not_picked":["Velvet Choker","SacredBark"],"picked":"Black Star"}],"items_purged_floors":[14],"is_endless":false,"potions_floor_spawned":[3,4,5,13,18,21,27],"killed_by":"Centurion and Healer","ascension_level":20}}