{"host":"p0hktren06injwdf","time":1612395678,"event":{"mods":["AchievementEnabler","BaseMod","Colored Map","DeckTracker","Minty Spire (QoL Compilation)","Permanent Neow","StSLib","SuperFastMode"],"gold_per_floor":[368,385,396,396,416,449,469,483,537,537,537,295,295,295,295,374,374,390,407,407,220,236,236,248,259,259,259,285,298,298,298,298],"floor_reached":31,"language":"KOR","playtime":777,"items_purged":["Defend_P","Strike_P"],"score":518,"play_id":"df4b9c3b-f209-4b92-9168-34a5cfda1d40","local_time":"20210204084118","is_ascension_mode":true,"campfire_choices":[{"floor":10,"key":"REST"},{"data":"Eruption","floor":13,"key":"SMITH"},{"data":"SignatureMove","floor":15,"key":"SMITH"},{"data":"MentalFortress","floor":23,"key":"SMITH"},{"floor":27,"key":"REST"}],"circlet_count":0,"master_deck":["AscendersBane","Strike_P","Strike_P","Strike_P","Defend_P+1","Defend_P","Defend_P+1","Eruption+1","Vigilance","FlurryOfBlows","EmptyBody","SignatureMove+1","Halt","Study","MentalFortress+1","EmptyFist"],"relics":["PureWater","PreservedInsect","War Paint","Vajra","SlaversCollar","MutagenicStrength","The Courier"],"acts_visited":["Exordium","TheCity"],"potions_floor_usage":[24,28,29],"damage_taken":[{"damage":0.0,"enemies":"Jaw Worm","floor":1.0,"turns":5.0},{"damage":0.0,"enemies":"2 Louse","floor":2.0,"turns":2.0},{"damage":10.0,"enemies":"Small Slimes","floor":3.0,"turns":4.0},{"damage":13,"enemies":"Blue Slaver","floor":5,"turns":6},{"damage":10,"enemies":"3 Sentries","floor":6,"turns":6},{"damage":25,"enemies":"Exordium Thugs","floor":7,"turns":4},{"damage":0,"enemies":"Looter","floor":8,"turns":3},{"damage":13,"enemies":"Slime Boss","floor":16,"turns":5},{"damage":0,"enemies":"Spheric Guardian","floor":18,"turns":2},{"damage":12,"enemies":"2 Thieves","floor":19,"turns":4},{"damage":0,"enemies":"Centurion and Healer","floor":22,"turns":2},{"damage":11,"enemies":"Snake Plant","floor":24,"turns":3},{"damage":21,"enemies":"3 Cultists","floor":25,"turns":6},{"damage":3,"enemies":"Slavers","floor":28,"turns":3},{"damage":17,"enemies":"Snecko","floor":29,"turns":6},{"damage":25,"enemies":"Cultist and Chosen","floor":31,"turns":3}],"seed_played":"3262261610826543231","potions_obtained":[{"floor":1.0,"key":"Weak Potion"},{"floor":7,"key":"Explosive Potion"},{"floor":25,"key":"Weak Potion"}],"is_trial":false,"path_per_floor":["M","M","M","?","M","E","M","M","T","R","?","$","R","?","R","B",null,"M","M","?","$","M","R","M","M","T","R","E","M","T","M"],"character_chosen":"WATCHER","items_purchased":["Vajra","MentalFortress"],"campfire_rested":2,"item_purchase_floors":[12,21],"current_hp_per_floor":[61,61,51,51,38,28,3,3,3,21,41,41,41,41,41,28,54,54,42,42,42,42,42,31,10,10,28,25,8,8,0,0],"gold":298,"neow_bonus":"TWO_FIFTY_GOLD","is_daily":false,"chose_seed":false,"campfire_upgraded":3,"win_rate":0.0,"timestamp":1612395678,"path_taken":["M","M","M","?","M","E","M","M","T","R","?","$","R","?","R","BOSS","M","M","?","$","M","R","M","M","T","R","E","M","?","M"],"items_purchased_type":["Relic","Card"],"build_version":"2020-12-22","purchased_purges":2,"victory":false,"max_hp_per_floor":[62,62,62,62,62,62,62,62,62,62,62,62,62,62,62,62,62,62,62,62,62,62,62,62,62,62,62,62,62,62,62,62],"card_choices":[{"not_picked":["Swivel","PathToVictory"],"picked":"FlurryOfBlows","floor":1.0},{"not_picked":["WindmillStrike","FlurryOfBlows"],"picked":"EmptyBody","floor":2.0},{"not_picked":["PathToVictory","BowlingBash"],"picked":"SignatureMove","floor":3},{"not_picked":["Perseverance","Evaluate","EmptyBody"],"picked":"SKIP","floor":5},{"not_picked":["BattleHymn","ReachHeaven","Conclude"],"picked":"SKIP","floor":6},{"not_picked":["Vengeance","Blasphemy"],"picked":"Halt","floor":7},{"not_picked":["PathToVictory","SignatureMove","WaveOfTheHand"],"picked":"SKIP","floor":8},{"not_picked":["FlyingSleeves","DeceiveReality+1","SignatureMove"],"picked":"SKIP","floor":18},{"not_picked":["Sanctity","PathToVictory"],"picked":"Study","floor":19},{"not_picked":["CrushJoints","PathToVictory","CutThroughFate"],"picked":"SKIP","floor":22},{"not_picked":["Swivel","FollowUp"],"picked":"EmptyFist","floor":24},{"not_picked":["Protect","Halt","WheelKick"],"picked":"SKIP","floor":25},{"not_picked":["PathToVictory","Conclude","Prostrate"],"picked":"SKIP","floor":28},{"not_picked":["MasterReality","JustLucky","FlyingSleeves"],"picked":"SKIP","floor":29}],"player_experience":1005032,"relics_obtained":[{"floor":6,"key":"PreservedInsect"},{"floor":9,"key":"War Paint"},{"floor":26,"key":"The Courier"}],"event_choices":[{"damage_healed":0,"gold_gain":0,"player_choice":"Ignored","damage_taken":0,"max_hp_gain":0,"max_hp_loss":0,"event_name":"Liars Game","floor":4,"gold_loss":0},{"damage_healed":20,"gold_gain":0,"player_choice":"Banana","damage_taken":0,"max_hp_gain":0,"max_hp_loss":0,"event_name":"Big Fish","floor":11,"gold_loss":0},{"damage_healed":0,"gold_gain":0,"player_choice":"Fled","damage_taken":0,"max_hp_gain":0,"max_hp_loss":0,"event_name":"Scrap Ooze","floor":14,"gold_loss":0},{"damage_healed":0,"gold_gain":0,"player_choice":"Inject Mutagens","damage_taken":0,"relics_obtained":["MutagenicStrength"],"max_hp_gain":0,"max_hp_loss":0,"event_name":"Drug Dealer","floor":20,"gold_loss":0}],"is_beta":false,"boss_relics":[{"not_picked":["Pandora\u0027s Box","Snecko Eye"],"picked":"SlaversCollar"}],"items_purged_floors":[12,21],"is_endless":false,"potions_floor_spawned":[1,7,16,18,25],"killed_by":"Cultist and Chosen","ascension_level":20}}