{"host":"4rvakrj1idbgia3f","time":1612337919,"event":{"mods":["BaseMod","Colored Map","Colored Powertips","DeckTracker","Highlight Path","Minty Spire (QoL Compilation)","Random Character Button","StSLib"],"gold_per_floor":[365,379,33,48,48,48,67,67,67],"floor_reached":8,"language":"JPN","playtime":1406,"items_purged":[],"score":96,"play_id":"f177ec50-43fd-4a60-b3cc-acbd183a51e4","local_time":"20210203163839","is_ascension_mode":true,"campfire_choices":[{"data":"Bash","floor":6,"key":"SMITH"}],"circlet_count":0,"master_deck":["AscendersBane","Strike_R","Strike_R","Strike_R","Strike_R","Strike_R+1","Defend_R","Defend_R+1","Defend_R","Defend_R","Bash+1","Battle Trance","Pommel Strike","Feed","Iron Wave","Spot Weakness"],"relics":["Burning Blood","Bag of Preparation"],"acts_visited":["Exordium"],"potions_floor_usage":[8,8],"damage_taken":[{"damage":12,"enemies":"Small Slimes","floor":1,"turns":5},{"damage":7,"enemies":"2 Louse","floor":2,"turns":3},{"damage":7,"enemies":"Jaw Worm","floor":4,"turns":7},{"damage":9,"enemies":"2 Fungi Beasts","floor":7,"turns":3},{"damage":0,"enemies":"3 Sentries","floor":8,"turns":2}],"seed_played":"1070676063748010995","potions_obtained":[{"floor":2,"key":"ColorlessPotion"},{"floor":7,"key":"SneckoOil"}],"is_trial":false,"path_per_floor":["M","M","$","M","?","R","M","E"],"character_chosen":"IRONCLAD","items_purchased":["Feed","Bag of Preparation"],"campfire_rested":0,"item_purchase_floors":[3,3],"current_hp_per_floor":[44,43,43,45,22,22,22,22,22],"gold":67,"neow_bonus":"TWO_FIFTY_GOLD","is_daily":false,"chose_seed":false,"campfire_upgraded":1,"win_rate":0.0,"timestamp":1612337919,"path_taken":["M","M","$","M","?","R","M","E"],"items_purchased_type":["Card","Relic"],"build_version":"2020-12-22","purchased_purges":0,"victory":false,"max_hp_per_floor":[75,75,75,78,78,78,81,81,81],"card_choices":[{"not_picked":["Clash","Disarm"],"picked":"Battle Trance","floor":1},{"not_picked":["Havoc","Flex"],"picked":"Pommel Strike","floor":2},{"not_picked":["Entrench","Anger"],"picked":"Iron Wave","floor":4},{"not_picked":["Sword Boomerang","Sever Soul"],"picked":"Spot Weakness","floor":7}],"player_experience":2199658,"relics_obtained":[],"event_choices":[{"damage_healed":0,"gold_gain":0,"player_choice":"Entered Light","damage_taken":23,"max_hp_gain":0,"max_hp_loss":0,"event_name":"Shining Light","floor":5,"gold_loss":0,"cards_upgraded":["Strike_R","Defend_R"]}],"is_beta":false,"boss_relics":[],"items_purged_floors":[],"is_endless":false,"potions_floor_spawned":[2,7],"killed_by":"3 Sentries","ascension_level":20}}