{"host":"4qkvkh7pd9qr2mca","time":1612363755,"event":{"mods":["AchievementEnabler","Act Like it!","BaseMod","Colored Map","Colored Powertips","Highlight Path","Minty Spire (QoL Compilation)","Pale of the Ancients","Permanent Neow","Quick Restart","Relic Stats","StSLib","SuperFastMode"],"gold_per_floor":[19,34,34,34,54,88,88,88,111,111,125,143,181,12,12,92,92,118,146,191,213,213,213,213,213],"floor_reached":24,"language":"ENG","playtime":881,"items_purged":[],"score":437,"play_id":"3221340e-fcee-4b82-be69-5d9df7816883","local_time":"20210203154914","is_ascension_mode":true,"campfire_choices":[{"floor":8,"key":"REST"},{"data":"Flame Barrier","floor":10,"key":"SMITH"},{"data":"Disarm","floor":15,"key":"SMITH"},{"data":"Burning Pact","floor":23,"key":"SMITH"}],"circlet_count":0,"master_deck":["AscendersBane","Defend_R","Defend_R","Defend_R","Defend_R","Bash","Thinking Ahead+1","Battle Trance","Anger+1","Flame Barrier+1","Disarm+1","Metallicize","Shrug It Off","Exhume","Reaper","Burning Pact+1","Spot Weakness","Bite","Bite","Bite","Bite","Bite","Sword Boomerang+1"],"relics":["Burning Blood","Akabeko","Bronze Scales","Centennial Puzzle","CeramicFish","Cursed Key"],"acts_visited":["Exordium","TheCity"],"potions_floor_usage":[12,13,24],"damage_taken":[{"damage":7,"enemies":"Small Slimes","floor":1,"turns":4},{"damage":6,"enemies":"Jaw Worm","floor":2,"turns":5},{"damage":6,"enemies":"Cultist","floor":5,"turns":3},{"damage":41,"enemies":"Gremlin Nob","floor":6,"turns":4},{"damage":6,"enemies":"Exordium Thugs","floor":11,"turns":3},{"damage":3,"enemies":"Blue Slaver","floor":12,"turns":3},{"damage":18,"enemies":"Lagavulin","floor":13,"turns":8},{"damage":3,"enemies":"Hexaghost","floor":16,"turns":10},{"damage":10,"enemies":"Shell Parasite","floor":18,"turns":7},{"damage":26,"enemies":"Spheric Guardian","floor":19,"turns":9},{"damage":33,"enemies":"Cultist and Chosen","floor":21,"turns":8},{"damage":79,"enemies":"Slavers","floor":24,"turns":5}],"seed_played":"1689260018570055369","potions_obtained":[{"floor":2,"key":"Swift Potion"},{"floor":5,"key":"Dexterity Potion"},{"floor":16,"key":"Dexterity Potion"},{"floor":21,"key":"Strength Potion"}],"is_trial":false,"path_per_floor":["M","M","?","?","M","E","?","R","T","R","M","M","E","$","R","B",null,"M","M","?","M","?","R","E"],"character_chosen":"IRONCLAD","items_purchased":["Exhume"],"campfire_rested":1,"item_purchase_floors":[14],"current_hp_per_floor":[67,67,67,72,72,37,26,50,50,50,50,53,41,41,41,44,71,67,47,47,47,47,47,0,0],"gold":213,"neow_bonus":"RANDOM_COLORLESS_2","is_daily":false,"chose_seed":false,"campfire_upgraded":3,"win_rate":0.0,"timestamp":1612363754,"path_taken":["M","M","?","?","?","E","?","R","T","R","M","M","E","$","R","BOSS","M","M","?","M","?","R","E"],"items_purchased_type":["Card"],"build_version":"2020-12-22","purchased_purges":0,"victory":false,"max_hp_per_floor":[75,75,75,80,80,80,80,80,80,80,80,80,80,80,80,80,80,80,80,56,56,56,56,56,56],"relic_stats":{"Centennial Puzzle":[24],"counters":[12,69],"Bronze Scales":[168],"CeramicFish":99,"Cursed Key":0,"obtain_stats":[{"Centennial Puzzle":9,"Bronze Scales":7,"CeramicFish":13,"Cursed Key":17,"Burning Blood":0,"Akabeko":6},{"Centennial Puzzle":4,"Bronze Scales":4,"CeramicFish":7,"Cursed Key":8,"Burning Blood":0,"Akabeko":4},{"Centennial Puzzle":16,"Bronze Scales":16,"CeramicFish":30,"Cursed Key":40,"Burning Blood":0,"Akabeko":16}],"Burning Blood":66},"card_choices":[{"not_picked":["Sadistic Nature","Chrysalis"],"picked":"Thinking Ahead","floor":0},{"not_picked":["Seeing Red","Flex"],"picked":"Battle Trance","floor":1},{"not_picked":["Flex","Thunderclap","Bloodletting"],"picked":"SKIP","floor":2},{"not_picked":["Twin Strike","Pommel Strike"],"picked":"Anger","floor":5},{"not_picked":["Uppercut","Reckless Charge"],"picked":"Flame Barrier","floor":6},{"not_picked":["Shockwave","Headbutt"],"picked":"Disarm","floor":11},{"not_picked":["Anger","Wild Strike"],"picked":"Metallicize","floor":12},{"not_picked":["Reckless Charge","Pummel"],"picked":"Shrug It Off","floor":13},{"not_picked":["Berserk","Brutality"],"picked":"Reaper","floor":16},{"not_picked":["Rage","True Grit"],"picked":"Burning Pact","floor":18},{"not_picked":["Sword Boomerang","Entrench"],"picked":"Spot Weakness","floor":19},{"not_picked":["Thunderclap","Twin Strike"],"picked":"Sword Boomerang+1","floor":21}],"player_experience":616184,"relics_obtained":[{"floor":6,"key":"Akabeko"},{"floor":9,"key":"Centennial Puzzle"},{"floor":13,"key":"CeramicFish"}],"event_choices":[{"damage_healed":0,"gold_gain":0,"player_choice":"Grow","damage_taken":0,"max_hp_gain":0,"max_hp_loss":0,"event_name":"Living Wall","floor":3,"gold_loss":0,"cards_upgraded":["Thinking Ahead"]},{"damage_healed":0,"gold_gain":0,"player_choice":"Donut","damage_taken":0,"max_hp_gain":5,"max_hp_loss":0,"event_name":"Big Fish","floor":4,"gold_loss":0},{"damage_healed":0,"gold_gain":0,"player_choice":"Success","damage_taken":11,"relics_obtained":["Bronze Scales"],"max_hp_gain":0,"max_hp_loss":0,"event_name":"Scrap Ooze","floor":7,"gold_loss":0},{"damage_healed":0,"gold_gain":0,"player_choice":"Became a vampire","damage_taken":0,"max_hp_gain":0,"max_hp_loss":24,"event_name":"Vampires","floor":20,"gold_loss":0,"cards_obtained":["Bite","Bite","Bite","Bite","Bite"]},{"damage_healed":0,"gold_gain":0,"player_choice":"Upgraded","damage_taken":0,"max_hp_gain":0,"max_hp_loss":0,"event_name":"Upgrade Shrine","floor":22,"gold_loss":0,"cards_upgraded":["Anger"]}],"is_beta":false,"boss_relics":[{"not_picked":["Astrolabe","Coffee Dripper"],"picked":"Cursed Key"}],"items_purged_floors":[],"is_endless":false,"potions_floor_spawned":[2,5,16,21],"killed_by":"Slavers","ascension_level":20}}