{"host":"3498uni0c31c9bdm","time":1612376573,"event":{"mods":["BaseMod","Better Third Choice","Minty Spire (QoL Compilation)","Replay The Spire","StSLib"],"gold_per_floor":[118,118,134,198,211,211,177,177,177,177,210,223,253,267,267,340,340,265,112,112,112,112,112,112,112],"floor_reached":24,"language":"ENG","playtime":864,"items_purged":[],"score":340,"play_id":"bedfae72-67ed-475c-b79e-811b2539660e","local_time":"20210204052253","is_ascension_mode":true,"campfire_choices":[{"floor":6,"key":"RECALL"},{"data":"Devotion","floor":8,"key":"SMITH"},{"data":"SashWhip","floor":10,"key":"SMITH"},{"floor":15,"key":"REST"},{"floor":23,"key":"REST"}],"circlet_count":0,"master_deck":["AscendersBane","Strike_P","Strike_P","Strike_P","Strike_P","Defend_P","Defend_P","Defend_P","Defend_P","Eruption","Vigilance","Perseverance","SashWhip+1","ReplayTheSpireMod:Splinters","Devotion+1","FlurryOfBlows","LikeWater","MentalFortress","Wireheading","DeceiveReality","ClearTheMind","Establishment","Prostrate+1","Hallucinations","Shame"],"relics":["PureWater","NeowsBlessing","CultistMask","ReplayFunnel","Unceasing Top","GoldenEye","CloakClasp","Sozu","Blood Vial","Ring of Panic","Simple Rune"],"acts_visited":["Exordium","TheCity"],"potions_floor_usage":[11,12,13,14],"damage_taken":[{"damage":0,"enemies":"Small Slimes","floor":1,"turns":2},{"damage":0,"enemies":"Cultist","floor":3,"turns":1},{"damage":0,"enemies":"2 Louse","floor":5,"turns":1},{"damage":37,"enemies":"3 Sentries","floor":11,"turns":11},{"damage":26,"enemies":"Large Slime","floor":12,"turns":5},{"damage":7,"enemies":"Lagavulin","floor":13,"turns":6},{"damage":9,"enemies":"Gremlin Gang","floor":14,"turns":6},{"damage":15,"enemies":"Slime Boss","floor":16,"turns":15},{"damage":23,"enemies":"2 Thieves","floor":18,"turns":5},{"damage":56,"enemies":"Slavers","floor":24,"turns":4}],"seed_played":"-5148083262615981738","potions_obtained":[{"floor":1,"key":"Milkshake"},{"floor":4,"key":"Regen Potion"},{"floor":11,"key":"Regen Potion"},{"floor":13,"key":"Explosive Potion"}],"is_trial":false,"path_per_floor":["M","?","M","?","M","R","$","R","T","R","E","M","E","M","R","B",null,"M","$","?","?","?","R","E"],"character_chosen":"WATCHER","items_purchased":["LikeWater","Blood Vial"],"campfire_rested":2,"item_purchase_floors":[7,19],"current_hp_per_floor":[61,61,61,61,61,61,61,61,61,61,39,27,20,11,31,16,55,32,32,32,32,32,52,0,0],"gold":112,"neow_bonus":"THREE_ENEMY_KILL","is_daily":false,"chose_seed":false,"campfire_upgraded":2,"win_rate":0.0,"timestamp":1612376573,"path_taken":["M","?","?","?","?","R","?","R","T","R","E","M","E","M","R","BOSS","M","$","?","?","?","R","E"],"items_purchased_type":["Card","Relic"],"build_version":"2020-12-22","purchased_purges":0,"victory":false,"max_hp_per_floor":[68,68,68,68,68,68,68,68,68,68,68,68,68,68,68,68,68,68,68,68,68,68,68,68,68],"card_choices":[{"not_picked":["CutThroughFate","Replay:ManipulateFuture"],"picked":"Perseverance","floor":1},{"not_picked":["Replay:ManipulateFuture","Replay:DivineShield"],"picked":"SashWhip","floor":3},{"not_picked":["CutThroughFate","Weave"],"picked":"Devotion","floor":4},{"not_picked":["Indignation","Crescendo"],"picked":"FlurryOfBlows","floor":5},{"not_picked":["Consecrate","CrushJoints"],"picked":"MentalFortress","floor":11},{"not_picked":["Worship","ThirdEye"],"picked":"Wireheading","floor":12},{"not_picked":["Halt","Fasting2"],"picked":"DeceiveReality","floor":13},{"not_picked":["Blasphemy","Vengeance"],"picked":"ClearTheMind","floor":14},{"not_picked":["Replay:AllIn","Scrawl"],"picked":"Establishment","floor":16},{"not_picked":["CrushJoints","FlyingSleeves+1"],"picked":"Prostrate+1","floor":18}],"player_experience":826188,"relics_obtained":[{"floor":4,"key":"ReplayFunnel"},{"floor":9,"key":"Unceasing Top"},{"floor":11,"key":"GoldenEye"},{"floor":13,"key":"CloakClasp"},{"floor":20,"key":"Ring of Panic"}],"event_choices":[{"damage_healed":0,"gold_gain":0,"player_choice":"Trade","damage_taken":0,"relics_obtained":["CultistMask"],"max_hp_gain":0,"max_hp_loss":0,"event_name":"FaceTrader","floor":2,"gold_loss":0},{"damage_healed":0,"gold_gain":0,"player_choice":"Ignored","damage_taken":0,"max_hp_gain":0,"max_hp_loss":0,"event_name":"Ghosts","floor":21,"gold_loss":0},{"damage_healed":0,"gold_gain":0,"player_choice":"Stole Relic","damage_taken":0,"relics_obtained":["Simple Rune"],"max_hp_gain":0,"max_hp_loss":0,"event_name":"Addict","floor":22,"gold_loss":0,"cards_obtained":["Shame"]}],"is_beta":false,"boss_relics":[{"not_picked":["Velvet Choker","Replay:Wanted Poster"],"picked":"Sozu"}],"items_purged_floors":[],"is_endless":false,"potions_floor_spawned":[1,11,13],"killed_by":"Slavers","ascension_level":14}}