{"host":"m6aaltr68g9tvoay","time":1612318446,"event":{"mods":["AchievementEnabler","BaseMod","Colored Map","Downfall","Minty Spire (QoL Compilation)","StSLib"],"gold_per_floor":[99,114,114,133,23,23,23,8,38,188,7,7,20,5,18,18,18,18],"floor_reached":16,"language":"ENG","playtime":1266,"items_purged":[],"score":137,"play_id":"dfc2c7b1-9da6-4796-b888-3a33f41929d1","local_time":"20210202181406","is_ascension_mode":true,"campfire_choices":[{"floor":1,"key":"RECALL"},{"data":"bronze:Separator","floor":6,"key":"SMITH"},{"floor":12,"key":"REST"}],"circlet_count":0,"master_deck":["bronze:Strike","bronze:Strike","bronze:Strike","bronze:Defend","bronze:Defend","bronze:Defend","bronze:Defend","bronze:Replicate","bronze:Goto","bronze:ShipIt","bronze:Separator+1","bronze:BuggyMess","bronze:Mutator","bronze:FineTuning","bronze:ChildClass","bronze:BugBarrage","bronze:Constructor","downfall:Icky","bronze:Shield","Panache+1","bronze:Break","bronze:BugBarrage","bronze:BugBarrage"],"relics":["bronze:BronzeCore","Frozen Egg 2","bronze:BronzeIdol"],"acts_visited":["Exordium"],"potions_floor_usage":[14,16],"damage_taken":[{"damage":7,"enemies":"Jaw Worm","floor":2,"turns":3},{"damage":1,"enemies":"Cultist","floor":4,"turns":4},{"damage":0,"enemies":"downfall:FleeingMerchant","floor":5,"turns":4},{"damage":0,"enemies":"downfall:FleeingMerchant","floor":8,"turns":4},{"damage":39,"enemies":"3 Sentries","floor":9,"turns":5},{"damage":4,"enemies":"downfall:FleeingMerchant","floor":11,"turns":4},{"damage":0,"enemies":"Small Slimes","floor":13,"turns":3},{"damage":0,"enemies":"downfall:FleeingMerchant","floor":14,"turns":4},{"damage":3,"enemies":"Blue Slaver","floor":15,"turns":4},{"damage":32,"enemies":"DF_ARCHETYPE_STREAMLINE","floor":16,"turns":5}],"seed_played":"-7139414679550978929","potions_obtained":[{"floor":4,"key":"bronze:CleanCodePotion"},{"floor":9,"key":"Slimebound:ThreeZeroPotion"},{"floor":15,"key":"EssenceOfSteel"}],"is_trial":false,"path_per_floor":["R","M","?","M","$","R","T","$","E","?","$","R","M","$","M","B"],"character_chosen":"THE_AUTOMATON","items_purchased":["bronze:FineTuning","bronze:ChildClass","Panache+1"],"campfire_rested":1,"item_purchase_floors":[5,5,11],"current_hp_per_floor":[63,56,56,55,55,55,55,55,16,16,12,33,33,33,30,0,0,0],"gold":18,"neow_bonus":"TRANSFORM_CARD","is_daily":false,"chose_seed":false,"campfire_upgraded":1,"win_rate":0.0,"timestamp":1612318446,"path_taken":["R","M","?","M","$","R","T","?","E","?","?","R","?","?","M","BOSS"],"items_purchased_type":["Card","Card","Card"],"build_version":"2020-12-22","purchased_purges":0,"victory":false,"max_hp_per_floor":[70,70,70,70,70,70,70,70,70,70,70,70,70,70,70,70,70,70],"card_choices":[{"not_picked":["bronze:Shield","bronze:Overload"],"picked":"bronze:Separator","floor":2},{"not_picked":["bronze:Shield","bronze:DelayedGuard"],"picked":"bronze:BuggyMess","floor":4},{"not_picked":["bronze:Overheat","bronze:Constructor"],"picked":"bronze:Mutator","floor":5},{"not_picked":["bronze:Frontload","bronze:Overload"],"picked":"bronze:BugBarrage","floor":8},{"not_picked":["bronze:Invalidate","bronze:ChildClass"],"picked":"bronze:Constructor","floor":9},{"not_picked":["bronze:Deprecate","bronze:BitShift"],"picked":"bronze:Shield","floor":11},{"not_picked":["bronze:DigitalCarnage","bronze:Separator"],"picked":"bronze:Break","floor":13},{"not_picked":["bronze:Deprecate","bronze:FollowUp"],"picked":"bronze:BugBarrage","floor":14},{"not_picked":["bronze:Frontload","bronze:WhirlingStrike"],"picked":"bronze:BugBarrage","floor":15}],"player_experience":1848126,"relics_obtained":[{"floor":7,"key":"Frozen Egg 2"},{"floor":9,"key":"bronze:BronzeIdol"}],"event_choices":[],"is_beta":false,"boss_relics":[],"items_purged_floors":[],"is_endless":false,"potions_floor_spawned":[4,9,15],"killed_by":"DF_ARCHETYPE_STREAMLINE","ascension_level":8}}