{"host":"19r1ww88x2tc73i0","time":1612353105,"event":{"mods":["BaseMod","BetterRewards","Colored Map","Minty Spire (QoL Compilation)","Relic Stats","StSLib","SuperFastMode","slay the spire mod where everything is the same but ironclad has a cowboy hat"],"gold_per_floor":[112,131,141,93,168,168,198,198,198,210,243,14,25,44,44,140,140,157,157,177,102,115,115,115],"floor_reached":23,"language":"ENG","playtime":906,"items_purged":[],"score":439,"play_id":"4a5028fc-0de1-47dd-99ff-670472d2a391","local_time":"25640203185145","is_ascension_mode":true,"campfire_choices":[{"data":"SandsOfTime","floor":6.0,"key":"SMITH"},{"data":"FlyingSleeves","floor":8.0,"key":"SMITH"},{"data":"Eruption","floor":15.0,"key":"SMITH"}],"circlet_count":0,"master_deck":["Strike_P","Strike_P","Strike_P","Defend_P","Defend_P","Defend_P","Defend_P","Eruption+1","Vigilance","Evaluate+1","SandsOfTime+1","FollowUp+1","FlyingSleeves+1","BowlingBash","Study","TalkToTheHand","LessonLearned","EmptyFist+1","Protect"],"relics":["PureWater","Omamori","Unceasing Top","Singing Bowl","Darkstone Periapt","Pen Nib","Black Star"],"acts_visited":["Exordium","TheCity"],"potions_floor_usage":[23],"damage_taken":[{"damage":1.0,"enemies":"Jaw Worm","floor":1.0,"turns":6.0},{"damage":0.0,"enemies":"Cultist","floor":2.0,"turns":4.0},{"damage":0.0,"enemies":"2 Louse","floor":3.0,"turns":4.0},{"damage":1.0,"enemies":"Gremlin Nob","floor":7.0,"turns":3.0},{"damage":0.0,"enemies":"2 Fungi Beasts","floor":10.0,"turns":2.0},{"damage":7.0,"enemies":"3 Sentries","floor":11.0,"turns":4.0},{"damage":6.0,"enemies":"Looter","floor":13.0,"turns":2.0},{"damage":0.0,"enemies":"3 Louse","floor":14.0,"turns":3.0},{"damage":44.0,"enemies":"Hexaghost","floor":16.0,"turns":8.0},{"damage":31.0,"enemies":"2 Thieves","floor":18.0,"turns":3.0},{"damage":1.0,"enemies":"Spheric Guardian","floor":20.0,"turns":3.0},{"damage":0.0,"enemies":"Cultist and Chosen","floor":22.0,"turns":4.0},{"damage":23,"enemies":"Gremlin Leader","floor":23,"turns":4}],"seed_played":"1702899101790979826","potions_obtained":[{"floor":7.0,"key":"Block Potion"},{"floor":11.0,"key":"CultistPotion"},{"floor":13.0,"key":"BottledMiracle"},{"floor":14.0,"key":"Weak Potion"},{"floor":18.0,"key":"LiquidMemories"},{"floor":22.0,"key":"FearPotion"}],"is_trial":false,"path_per_floor":["M","M","M","$","?","R","E","R","T","M","E","$","M","M","R","B",null,"M","?","M","?","M","E"],"character_chosen":"WATCHER","items_purchased":["FollowUp","Pen Nib","Study"],"campfire_rested":0,"item_purchase_floors":[4,12,12],"current_hp_per_floor":[64,64,64,64,57,57,56,56,56,56,51,51,45,47,47,3,58,27,27,26,26,28,5,5],"gold":115,"neow_bonus":"RANDOM_COMMON_RELIC","is_daily":false,"chose_seed":false,"campfire_upgraded":3,"win_rate":0.0,"timestamp":1612353105,"path_taken":["M","M","M","$","?","R","E","R","T","M","E","?","M","?","R","BOSS","M","?","M","?","M","E"],"items_purchased_type":["Card","Relic","Card"],"build_version":"2020-12-22","purchased_purges":0,"victory":false,"max_hp_per_floor":[72,72,72,72,72,72,72,72,72,72,74,74,74,76,76,76,76,76,76,76,76,78,78,78],"relic_stats":{"Darkstone Periapt":0,"Singing Bowl":6,"counters":[13,50],"Pen Nib":[5],"Black Star":0,"obtain_stats":[{"Darkstone Periapt":11,"Singing Bowl":9,"Pen Nib":12,"Omamori":0,"Black Star":17,"PureWater":0,"Unceasing Top":7},{"Darkstone Periapt":6,"Singing Bowl":4,"Pen Nib":6,"Omamori":0,"Black Star":9,"PureWater":0,"Unceasing Top":4},{"Darkstone Periapt":23,"Singing Bowl":17,"Pen Nib":23,"Omamori":0,"Black Star":36,"PureWater":0,"Unceasing Top":17}],"Unceasing Top":[0]},"card_choices":[{"not_picked":["Protect","Perseverance"],"picked":"Evaluate","floor":1.0},{"not_picked":["Halt","SignatureMove","Evaluate"],"picked":"SKIP","floor":2.0},{"not_picked":["Perseverance","EmptyFist"],"picked":"SandsOfTime","floor":3.0},{"not_picked":["Protect","MasterReality"],"picked":"FlyingSleeves","floor":7.0},{"not_picked":["LikeWater","Consecrate"],"picked":"BowlingBash","floor":10.0},{"not_picked":["PathToVictory","Perseverance","FollowUp"],"picked":"Singing Bowl","floor":11.0},{"not_picked":["Worship","ReachHeaven"],"picked":"TalkToTheHand","floor":13.0},{"not_picked":["TalkToTheHand","Evaluate","Meditate"],"picked":"Singing Bowl","floor":14.0},{"not_picked":["ConjureBlade","Omniscience"],"picked":"LessonLearned","floor":16.0},{"not_picked":["Crescendo","PathToVictory"],"picked":"EmptyFist+1","floor":18.0},{"not_picked":["WaveOfTheHand+1","ReachHeaven"],"picked":"Protect","floor":20.0},{"not_picked":["SignatureMove","SashWhip+1","Protect+1"],"picked":"Singing Bowl","floor":22.0}],"player_experience":995327,"relics_obtained":[{"floor":7.0,"key":"Unceasing Top"},{"floor":9.0,"key":"Singing Bowl"},{"floor":11.0,"key":"Darkstone Periapt"}],"event_choices":[{"damage_healed":0.0,"max_hp_gain":0.0,"max_hp_loss":0.0,"gold_gain":75.0,"event_name":"FaceTrader","player_choice":"Touch","floor":5.0,"gold_loss":0.0,"damage_taken":7.0},{"damage_healed":0.0,"max_hp_gain":0.0,"max_hp_loss":0.0,"gold_gain":0.0,"event_name":"Ghosts","player_choice":"Ignored","floor":19.0,"gold_loss":0.0,"damage_taken":0.0},{"cards_removed":["Strike_P"],"damage_healed":0.0,"max_hp_gain":0.0,"max_hp_loss":0.0,"gold_gain":0.0,"event_name":"Beggar","player_choice":"Gave Gold","floor":21.0,"gold_loss":75.0,"damage_taken":0.0}],"is_beta":false,"boss_relics":[{"not_picked":["Ectoplasm","Snecko Eye"],"picked":"Black Star"}],"items_purged_floors":[],"is_endless":false,"potions_floor_spawned":[7,11,13,14,18,22],"killed_by":"Gremlin Leader","ascension_level":9}}