{"host":"q6r63elxu27obe7v","time":1612321978,"event":{"mods":["2.2 Compatiblity","AchievementEnabler","BaseMod","CapriCore","Colored Map","DeckTracker","KOR Keyword Fix","Keyboard Shortcuts","Minty Spire (QoL Compilation)","Permanent Neow","Quick Restart","Replay The Spire","StSLib","SuperFastMode","everything is the same but u backflip on backflip","¡¼?Úª?ø«¡½REMEMod"],"gold_per_floor":[118,118,137,137,87,117,129,129,129,129,204,204,217,227,227,328,328,314,332,257,130,147,178,128,128,128,156,156,194,40,40,40,145,145,161,71,71,91,0,0,30,30,76,88,88,58,58,83,83,83,83,92,92,132,132],"floor_reached":56,"language":"KOR","playtime":3083,"items_purged":["Strike_G"],"score":1700,"play_id":"598322f1-48eb-41a3-b0f2-837a7270282f","local_time":"20210203121258","is_ascension_mode":true,"campfire_choices":[{"data":"Riddle With Holes","floor":8.0,"key":"SMITH"},{"data":"Backstab","floor":10.0,"key":"SMITH"},{"data":"Neutralize","floor":12.0,"key":"SMITH"},{"floor":15.0,"key":"RECALL"},{"data":"After Image","floor":25.0,"key":"SMITH"},{"data":"Masterful Stab","floor":32.0,"key":"SMITH"},{"data":"Backflip","floor":40.0,"key":"SMITH"},{"floor":42.0,"key":"REST"},{"floor":45.0,"key":"REST"},{"floor":49.0,"key":"REST"},{"floor":52.0,"key":"REST"}],"circlet_count":0,"master_deck":["Strike_G","Strike_G","Defend_G","Defend_G","Survivor","Neutralize+1","Cloak And Dagger+1","Riddle With Holes+1","Backstab+1","Backflip+1","PiercingWail+1","Catalyst+1","Night Terror+1","After Image+1","Dagger Spray+1","Deadly Poison+1","Poisoned Stab+1","Masterful Stab+1","Adrenaline+1","Backflip+1","Burst+1","Expertise+1","Infinite Blades","Deadly Poison+1"],"relics":["Ring of the Snake","REME_ComplimentaryCards","NeowsBlessing","Pet Ghost","Toxic Egg 2","Empty Cage","Juzu Bracelet","Replay:Towering Pillar of Hats","CeramicFish","Ancient Tea Set","Sozu","Red Mask","Dream Catcher","Pen Nib","Bag of Preparation","Anchor"],"acts_visited":["Exordium","TheCity","TheBeyond","TheEnding"],"potions_floor_usage":[],"damage_taken":[{"damage":0.0,"enemies":"Small Slimes","floor":1.0,"turns":1.0},{"damage":0.0,"enemies":"Jaw Worm","floor":3.0,"turns":1.0},{"damage":0.0,"enemies":"Lagavulin","floor":6.0,"turns":1.0},{"damage":0.0,"enemies":"2 Louse","floor":7.0,"turns":2.0},{"damage":0.0,"enemies":"Exordium Thugs","floor":13.0,"turns":3.0},{"damage":3.0,"enemies":"Red Slaver","floor":14.0,"turns":2.0},{"damage":34.0,"enemies":"Hexaghost","floor":16.0,"turns":13.0},{"damage":2.0,"enemies":"2 Thieves","floor":18.0,"turns":4.0},{"damage":2.0,"enemies":"Shell Parasite","floor":19.0,"turns":6.0},{"damage":7.0,"enemies":"Centurion and Healer","floor":22.0,"turns":8.0},{"damage":32.0,"enemies":"Slavers","floor":23.0,"turns":8.0},{"damage":0.0,"enemies":"Gremlin Leader","floor":27.0,"turns":6.0},{"damage":10.0,"enemies":"Slavers","floor":29.0,"turns":5.0},{"damage":0.0,"enemies":"Pondfish","floor":33.0,"turns":7.0},{"damage":0.0,"enemies":"3 Darklings","floor":35.0,"turns":5.0},{"damage":0.0,"enemies":"Orb Walker","floor":38.0,"turns":2.0},{"damage":32.0,"enemies":"Nemesis","floor":41.0,"turns":7.0},{"damage":0.0,"enemies":"Maw","floor":44.0,"turns":4.0},{"damage":18.0,"enemies":"R_Hoarder","floor":48.0,"turns":8.0},{"damage":52.0,"enemies":"Awakened One","floor":50.0,"turns":11.0},{"damage":11.0,"enemies":"Shield and Spear","floor":54.0,"turns":5.0},{"damage":43,"enemies":"The Heart","floor":55,"turns":11}],"seed_played":"4733616339974660124","potions_obtained":[{"floor":1.0,"key":"Toxic Potion"},{"floor":7.0,"key":"Swift Potion"},{"floor":16.0,"key":"Toxic Potion"},{"floor":18.0,"key":"Fruit Juice"},{"floor":23.0,"key":"Adrenaline Potion"},{"floor":27.0,"key":"SteroidPotion"},{"floor":29.0,"key":"Dexterity Potion"},{"floor":33.0,"key":"SteroidPotion"}],"is_trial":false,"path_per_floor":["M","?","M","?","?","E","M","R","T","R","?","R","M","M","R","B",null,"M","M","?","$","M","E","?","R","T","E","?","E","$","?","R","B",null,"M","?","$","M","?","R","E","R","T","M","R","$","?","E","R","B",null,"R","$","E","B",null],"character_chosen":"THE_SILENT","items_purchased":["Poisoned Stab","Ancient Tea Set","Expertise+1"],"campfire_rested":4,"item_purchase_floors":[21,30,46],"current_hp_per_floor":[70,70,70,70,70,70,70,70,70,70,63,63,63,60,60,26,70,73,71,71,71,64,32,32,32,32,32,32,22,22,47,47,47,75,75,75,75,75,75,75,43,65,65,65,75,75,75,57,75,23,75,75,75,64,21],"gold":132,"neow_bonus":"THREE_ENEMY_KILL","is_daily":false,"chose_seed":false,"campfire_upgraded":6,"win_rate":0.0,"timestamp":1612321978,"path_taken":["M","?","M","?","?","E","M","R","T","R","?","R","M","?","R","BOSS","M","M","?","$","M","E","?","R","T","E","?","E","?","?","R","BOSS","M","?","?","M","?","R","E","R","T","M","R","$","?","E","R","BOSS","R","$","E","BOSS"],"items_purchased_type":["Card","Relic","Card"],"build_version":"2020-12-22","purchased_purges":1,"victory":true,"max_hp_per_floor":[70,70,70,70,70,70,70,70,70,70,70,70,70,70,70,70,70,75,75,75,75,75,75,75,75,75,75,75,75,75,75,75,75,75,75,75,75,75,75,75,75,75,75,75,75,75,75,75,75,75,75,75,75,75,75],"card_choices":[{"not_picked":["Fluid Movement","Flying Knee"],"picked":"Cloak And Dagger","floor":1.0},{"not_picked":["ReplayTheSpireMod:Shiv Toss","Quick Slash"],"picked":"Riddle With Holes","floor":3.0},{"not_picked":["ReplayTheSpireMod:From All Sides","ReplayTheSpireMod:The Works"],"picked":"Backstab","floor":6.0},{"not_picked":["Dodge and Roll","Endless Agony"],"picked":"Backflip","floor":7.0},{"not_picked":["Riddle With Holes","All Out Attack"],"picked":"PiercingWail+1","floor":13.0},{"not_picked":["Hidden Blade+1","ReplayTheSpireMod:Tripwire+1"],"picked":"Catalyst+1","floor":14.0},{"not_picked":["ReplayTheSpireMod:From All Sides","Poison Darts+1"],"picked":"Night Terror+1","floor":16.0},{"not_picked":["Slice","Bane"],"picked":"Dagger Spray","floor":18.0},{"not_picked":["Blur+1","Tactician+1"],"picked":"Deadly Poison+1","floor":19.0},{"not_picked":["ReplayTheSpireMod:The Works+1","Prepared+1","Calculated Gamble+1"],"picked":"SKIP","floor":22.0},{"not_picked":["Outmaneuver+1","Cloak And Dagger+1"],"picked":"Masterful Stab","floor":23.0},{"not_picked":["Deadly Poison+1","Blade Dance+1"],"picked":"Adrenaline+1","floor":27.0},{"not_picked":["Sucker Punch+1","Acrobatics+1"],"picked":"Backflip+1","floor":29.0},{"not_picked":["REME_GrazeFinale","Bullet Time+1"],"picked":"Burst+1","floor":33.0},{"not_picked":["Predator+1","Bane","Hidden Blade+1"],"picked":"SKIP","floor":35.0},{"not_picked":["ReplayTheSpireMod:Tripwire+1","REME_GreenPollution","Quick Slash+1"],"picked":"SKIP","floor":38.0},{"not_picked":["Endless Agony+1","Slice+1","Underhanded Strike"],"picked":"SKIP","floor":41.0},{"not_picked":["Bane","Slice+1","Hidden Blade+1"],"picked":"SKIP","floor":44.0},{"not_picked":["Envenom","Tactician+1","Bouncing Flask+1"],"picked":"SKIP","floor":48.0},{"not_picked":["Blade Dance+1","Draining Mist+1"],"picked":"Infinite Blades","floor":52.0},{"not_picked":["Slice+1","Backflip+1"],"picked":"Deadly Poison+1","floor":54.0}],"player_experience":113518,"relics_obtained":[{"floor":6.0,"key":"Pet Ghost"},{"floor":9.0,"key":"Toxic Egg 2"},{"floor":23.0,"key":"Juzu Bracelet"},{"floor":27.0,"key":"Replay:Towering Pillar of Hats"},{"floor":29.0,"key":"CeramicFish"},{"floor":41.0,"key":"Dream Catcher"},{"floor":43.0,"key":"Pen Nib"},{"floor":48.0,"key":"Bag of Preparation"},{"floor":54.0,"key":"Anchor"}],"event_choices":[{"damage_healed":0.0,"max_hp_gain":0.0,"max_hp_loss":0.0,"gold_gain":0.0,"event_name":"Liars Game","player_choice":"Ignored","floor":2.0,"gold_loss":0.0,"damage_taken":0.0},{"cards_removed":["Strike_G"],"damage_healed":0.0,"max_hp_gain":0.0,"max_hp_loss":0.0,"gold_gain":0.0,"event_name":"The Cleric","player_choice":"Card Removal","floor":5.0,"gold_loss":50.0,"damage_taken":0.0},{"damage_healed":0.0,"max_hp_gain":0.0,"max_hp_loss":0.0,"gold_gain":75.0,"event_name":"FaceTrader","player_choice":"Touch","floor":11.0,"gold_loss":0.0,"damage_taken":7.0},{"cards_removed":["Defend_G"],"damage_healed":0.0,"max_hp_gain":0.0,"max_hp_loss":0.0,"gold_gain":0.0,"event_name":"Beggar","player_choice":"Gave Gold","floor":20.0,"gold_loss":75.0,"damage_taken":0.0},{"damage_healed":0.0,"max_hp_gain":0.0,"max_hp_loss":0.0,"gold_gain":0.0,"event_name":"The Joust","player_choice":"Bet on Murderer","floor":24.0,"gold_loss":50.0,"damage_taken":0.0},{"damage_healed":0.0,"max_hp_gain":0.0,"max_hp_loss":0.0,"gold_gain":0.0,"event_name":"Accursed Blacksmith","player_choice":"Forge","floor":28.0,"gold_loss":0.0,"damage_taken":0.0,"cards_upgraded":["Dagger Spray"]},{"damage_healed":25.0,"max_hp_gain":0.0,"max_hp_loss":0.0,"gold_gain":0.0,"event_name":"The Library","player_choice":"Heal","floor":31.0,"gold_loss":0.0,"damage_taken":0.0},{"cards_removed":["Defend_G"],"damage_healed":0.0,"max_hp_gain":0.0,"max_hp_loss":0.0,"gold_gain":0.0,"event_name":"Designer","player_choice":"Upgrade and Remove","floor":36.0,"gold_loss":90.0,"damage_taken":0.0,"cards_upgraded":["Poisoned Stab"]},{"damage_healed":0.0,"max_hp_gain":0.0,"max_hp_loss":0.0,"gold_gain":0.0,"event_name":"Tomb of Lord Red Mask","player_choice":"Paid","floor":39.0,"gold_loss":91.0,"damage_taken":0.0,"relics_obtained":["Red Mask"]},{"damage_healed":0.0,"max_hp_gain":0.0,"max_hp_loss":0.0,"gold_gain":0.0,"event_name":"Mysterious Sphere","player_choice":"Ignored","floor":47.0,"gold_loss":0.0,"damage_taken":0.0}],"is_beta":false,"boss_relics":[{"not_picked":["Cursed Key","Replay:Ancient Bell"],"picked":"Empty Cage"},{"not_picked":["ReplayTheSpireMod:DimensionalGlitch","Coffee Dripper"],"picked":"Sozu"}],"items_purged_floors":[21],"is_endless":false,"potions_floor_spawned":[1,7,16,18,23,27,29,33,35,48,54],"ascension_level":1}}