{"host":"qrbkigq52dd42dk0","time":1612388567,"event":{"mods":["AchievementEnabler","BaseMod","Colored Map","Colored Powertips","Minty Spire (QoL Compilation)","Morshu Shopkeeper - ENHANCED","Quick Restart","StSLib","SuperFastMode","The IronCluck"],"gold_per_floor":[117,117,192,192,212,237,237,257,329,329,345,46,46,80,80,151,151,171,184,184,184,184,184,184,184,184],"floor_reached":25,"language":"ENG","playtime":534,"items_purged":[],"score":416,"play_id":"c6adf021-31d5-49d1-8779-0c5f455ed44f","local_time":"20210203224247","is_ascension_mode":true,"campfire_choices":[{"data":"Battle Trance","floor":7,"key":"SMITH"},{"floor":10,"key":"RECALL"},{"data":"Shrug It Off","floor":13,"key":"SMITH"},{"floor":15,"key":"REST"},{"data":"Barricade","floor":24,"key":"SMITH"}],"circlet_count":0,"master_deck":["AscendersBane","Strike_R","Strike_R","Strike_R","Strike_R","Strike_R","Defend_R","Defend_R","Defend_R","Defend_R","Bash","Battle Trance+1","Regret","Shrug It Off+1","Flame Barrier+1","Barricade+1","Shrug It Off+1","Body Slam","Decay"],"relics":["Burning Blood","NeowsBlessing","Regal Pillow","Bottled Lightning","Mercury Hourglass","Toxic Egg 2","Red Skull","Coffee Dripper","Enchiridion"],"acts_visited":["Exordium","TheCity"],"potions_floor_usage":[14,16,18,23],"damage_taken":[{"damage":0,"enemies":"Cultist","floor":1,"turns":1},{"damage":0,"enemies":"Small Slimes","floor":5,"turns":1},{"damage":0,"enemies":"Gremlin Nob","floor":6,"turns":1},{"damage":8,"enemies":"2 Louse","floor":8,"turns":3},{"damage":18,"enemies":"Blue Slaver","floor":11,"turns":3},{"damage":24,"enemies":"3 Sentries","floor":14,"turns":7},{"damage":76,"enemies":"Slime Boss","floor":16,"turns":13},{"damage":32,"enemies":"2 Thieves","floor":18,"turns":3},{"damage":19,"enemies":"Shell Parasite","floor":19,"turns":10},{"damage":0,"enemies":"Book of Stabbing","floor":23,"turns":1},{"damage":0,"enemies":"Slavers","floor":25,"turns":1}],"seed_played":"5919172479813683721","potions_obtained":[{"floor":1,"key":"LiquidBronze"},{"floor":8,"key":"BlessingOfTheForge"},{"floor":16,"key":"FearPotion"},{"floor":19,"key":"SmokeBomb"}],"is_trial":false,"path_per_floor":["M","$","?","?","M","E","R","M","T","R","M","$","R","E","R","B",null,"M","M","?","?","?","E","R","E"],"character_chosen":"IRONCLAD","items_purchased":["Toxic Egg 2","Flame Barrier+1"],"campfire_rested":1,"item_purchase_floors":[12,12],"current_hp_per_floor":[78,78,67,67,73,79,79,77,77,77,65,65,65,47,80,10,63,37,24,24,8,8,14,14,14,14],"gold":184,"neow_bonus":"THREE_ENEMY_KILL","is_daily":false,"chose_seed":false,"campfire_upgraded":3,"win_rate":0.0,"timestamp":1612388567,"path_taken":["M","?","?","?","M","E","R","M","T","R","M","$","R","E","R","BOSS","M","M","?","?","?","E","R","E"],"items_purchased_type":["Relic","Card"],"build_version":"2020-12-22","purchased_purges":0,"victory":false,"max_hp_per_floor":[80,80,80,80,80,80,80,80,80,80,80,80,80,80,80,80,80,80,80,80,80,80,80,80,80,80],"card_choices":[{"not_picked":["Clothesline","Headbutt"],"picked":"Battle Trance","floor":1},{"not_picked":["Rage","Cleave","Warcry"],"picked":"SKIP","floor":5},{"not_picked":["Headbutt","Thunderclap","Iron Wave"],"picked":"SKIP","floor":6},{"not_picked":["Fire Breathing","Infernal Blade","Body Slam"],"picked":"SKIP","floor":8},{"not_picked":["Carnage","Wild Strike"],"picked":"Shrug It Off","floor":11},{"not_picked":["Iron Wave","Dual Wield+1","Dropkick"],"picked":"SKIP","floor":14},{"not_picked":["Feed","Brutality"],"picked":"Barricade","floor":16},{"not_picked":["Inflame","Warcry+1"],"picked":"Shrug It Off+1","floor":18},{"not_picked":["Twin Strike","Anger"],"picked":"Body Slam","floor":19}],"player_experience":199491,"relics_obtained":[{"floor":6,"key":"Bottled Lightning"},{"floor":9,"key":"Mercury Hourglass"},{"floor":14,"key":"Red Skull"},{"floor":21,"key":"Enchiridion"}],"event_choices":[{"damage_healed":0,"gold_gain":75,"player_choice":"Gather Gold","damage_taken":11,"max_hp_gain":0,"max_hp_loss":0,"event_name":"World of Goop","floor":3,"gold_loss":0},{"damage_healed":0,"gold_gain":0,"player_choice":"Box","damage_taken":0,"relics_obtained":["Regal Pillow"],"max_hp_gain":0,"max_hp_loss":0,"event_name":"Big Fish","floor":4,"gold_loss":0,"cards_obtained":["Regret"]},{"damage_healed":0,"gold_gain":0,"player_choice":"Ignored","damage_taken":0,"max_hp_gain":0,"max_hp_loss":0,"event_name":"Vampires","floor":20,"gold_loss":0},{"damage_healed":0,"gold_gain":0,"player_choice":"Obtained Book","damage_taken":16,"max_hp_gain":0,"max_hp_loss":0,"event_name":"Cursed Tome","floor":21,"gold_loss":0},{"damage_healed":0,"gold_gain":0,"player_choice":"Smashed Altar","damage_taken":0,"max_hp_gain":0,"max_hp_loss":0,"event_name":"Forgotten Altar","floor":22,"gold_loss":0,"cards_obtained":["Decay"]}],"is_beta":false,"boss_relics":[{"not_picked":["Sozu","Tiny House"],"picked":"Coffee Dripper"}],"items_purged_floors":[],"is_endless":false,"potions_floor_spawned":[1,8,16,19,23],"killed_by":"Slavers","ascension_level":13}}