{"host":"f9ntswufr8mq3t4y","time":1612383456,"event":{"mods":["AchievementEnabler","BaseMod","Best Route Mod","Block Reminder","Colored Map","Colored Powertips","Curses Come First","DeckTracker","Displayed Cursed Tome","Highlight Path","Minty Spire (QoL Compilation)","Permanent Neow","Quick Restart","Slay-I","StSLib"],"gold_per_floor":[109,109,129,139,139,139,139,139,139,139,168,168,168,178,178,275,275,286,306,150,169,13,13,13],"floor_reached":23,"language":"ENG","playtime":1117,"items_purged":[],"score":255,"play_id":"047c59ab-435b-4446-82e1-e3d2a03d525c","local_time":"20210203231736","is_ascension_mode":true,"campfire_choices":[{"data":"Leg Sweep","floor":6,"key":"SMITH"},{"data":"Envenom","floor":8,"key":"SMITH"},{"data":"Neutralize","floor":10,"key":"SMITH"},{"data":"All Out Attack","floor":12,"key":"SMITH"},{"data":"Terror","floor":15,"key":"SMITH"}],"circlet_count":0,"master_deck":["Strike_G","Strike_G","Strike_G","Defend_G","Defend_G","Defend_G","Defend_G","Survivor","Neutralize+1","All Out Attack+1","Leg Sweep+1","Envenom+1","Dagger Throw","Terror+1","Envenom","Reflex+1","Cloak And Dagger+1"],"relics":["Ring of the Snake","Boot","Bottled Lightning","Question Card","HoveringKite","Membership Card","Turnip"],"acts_visited":["Exordium","TheCity"],"potions_floor_usage":[11],"damage_taken":[{"damage":1,"enemies":"Jaw Worm","floor":1,"turns":4},{"damage":1,"enemies":"Small Slimes","floor":3,"turns":4},{"damage":0,"enemies":"2 Louse","floor":4,"turns":2},{"damage":14,"enemies":"3 Sentries","floor":11,"turns":8},{"damage":0,"enemies":"Looter","floor":14,"turns":3},{"damage":21,"enemies":"Hexaghost","floor":16,"turns":10},{"damage":6,"enemies":"Chosen","floor":18,"turns":6},{"damage":4,"enemies":"Shell Parasite","floor":19,"turns":6},{"damage":18,"enemies":"Snecko","floor":21,"turns":5},{"damage":30,"enemies":"Gremlin Leader","floor":23,"turns":4}],"seed_played":"4564563632139174322","potions_obtained":[{"floor":1,"key":"SmokeBomb"},{"floor":4,"key":"BlessingOfTheForge"},{"floor":16,"key":"BlessingOfTheForge"},{"floor":21,"key":"Regen Potion"}],"is_trial":false,"path_per_floor":["M","?","M","M","?","R","?","R","T","R","E","R","?","M","R","B",null,"M","M","$","M","$","E"],"character_chosen":"THE_SILENT","items_purchased":["Membership Card","Turnip"],"campfire_rested":0,"item_purchase_floors":[20,22],"current_hp_per_floor":[62,59,58,58,58,58,58,58,58,58,44,44,49,49,49,28,58,52,48,48,30,30,0,0],"gold":13,"neow_bonus":"REMOVE_TWO","is_daily":false,"chose_seed":false,"campfire_upgraded":5,"win_rate":0.0,"timestamp":1612383456,"path_taken":["M","?","M","M","?","R","?","R","T","R","E","R","?","M","R","BOSS","M","M","$","M","$","E"],"items_purchased_type":["Relic","Relic"],"build_version":"2020-12-22","purchased_purges":0,"victory":false,"max_hp_per_floor":[63,63,63,63,63,63,63,63,63,63,63,63,68,68,68,68,68,68,68,68,68,68,68,68],"card_choices":[{"not_picked":["Riddle With Holes","Expertise","Underhanded Strike"],"picked":"SKIP","floor":1},{"not_picked":["Deflect","Sucker Punch"],"picked":"All Out Attack","floor":3},{"not_picked":["PiercingWail","Cloak And Dagger"],"picked":"Leg Sweep","floor":4},{"not_picked":["Sucker Punch","Backstab"],"picked":"Dagger Throw","floor":11},{"not_picked":["Storm of Steel","Deflect","Dagger Throw"],"picked":"Terror","floor":14},{"not_picked":["Glass Knife","Phantasmal Killer","A Thousand Cuts"],"picked":"Envenom","floor":16},{"not_picked":["Flying Knee","Skewer","Acrobatics","Underhanded Strike+1"],"picked":"SKIP","floor":18},{"not_picked":["Bouncing Flask","Sucker Punch+1","Tools of the Trade"],"picked":"Reflex+1","floor":19},{"not_picked":["Dodge and Roll","Deadly Poison+1","Slice"],"picked":"Cloak And Dagger+1","floor":21}],"player_experience":398243,"relics_obtained":[{"floor":9,"key":"Bottled Lightning"},{"floor":11,"key":"Question Card"}],"event_choices":[{"damage_healed":0,"gold_gain":0,"player_choice":"Success","damage_taken":3,"relics_obtained":["Boot"],"max_hp_gain":0,"max_hp_loss":0,"event_name":"Scrap Ooze","floor":2,"gold_loss":0},{"damage_healed":0,"gold_gain":0,"player_choice":"Ignored","damage_taken":0,"max_hp_gain":0,"max_hp_loss":0,"event_name":"Liars Game","floor":5,"gold_loss":0},{"damage_healed":0,"gold_gain":0,"cards_transformed":["Strike_G"],"player_choice":"Change","damage_taken":0,"max_hp_gain":0,"max_hp_loss":0,"event_name":"Living Wall","floor":7,"gold_loss":0,"cards_obtained":["Envenom"]},{"damage_healed":0,"gold_gain":0,"player_choice":"Donut","damage_taken":0,"max_hp_gain":5,"max_hp_loss":0,"event_name":"Big Fish","floor":13,"gold_loss":0}],"is_beta":false,"boss_relics":[{"not_picked":["Philosopher\u0027s Stone","Fusion Hammer"],"picked":"HoveringKite"}],"items_purged_floors":[],"is_endless":false,"potions_floor_spawned":[1,4,16,21],"killed_by":"Gremlin Leader","ascension_level":7}}