{"host":"e52c7hvho6xny3hd","time":1612360263,"event":{"mods":["AchievementEnabler","BaseMod","Colored Map","DeckTracker","Minty Spire (QoL Compilation)","Permanent Neow","StSLib"],"gold_per_floor":[113,127,147,163,163,163,232,232,232,4,15,28,28,48,48,152,202,215,205,81,81,96,96,0,0,0,13,24,24,41,41,41],"floor_reached":31,"language":"KOR","playtime":1157,"items_purged":["Strike_G"],"score":370,"play_id":"df045e93-708e-405f-8ad0-7ec0b8c58045","local_time":"20210203225103","is_ascension_mode":true,"campfire_choices":[{"data":"Neutralize","floor":6.0,"key":"SMITH"},{"data":"Burst","floor":8.0,"key":"SMITH"},{"data":"Poisoned Stab","floor":13.0,"key":"SMITH"},{"data":"Dagger Spray","floor":15.0,"key":"SMITH"},{"floor":23.0,"key":"REST"},{"data":"Noxious Fumes","floor":25.0,"key":"SMITH"}],"circlet_count":0,"master_deck":["AscendersBane","Strike_G+1","Strike_G","Strike_G","Strike_G","Defend_G","Defend_G","Defend_G","Defend_G","Defend_G+1","Survivor","Neutralize+1","Poisoned Stab+1","Burst+1","Dagger Spray+1","Backstab+1","Deadly Poison","Bane","Noxious Fumes+1","Backflip","Deadly Poison","Catalyst","Backflip","Poisoned Stab+1"],"relics":["Ring of the Snake","TungstenRod","InkBottle","TwistedFunnel","Tiny House","Happy Flower"],"acts_visited":["Exordium","TheCity"],"potions_floor_usage":[30],"damage_taken":[{"damage":0.0,"enemies":"2 Louse","floor":1.0,"turns":4.0},{"damage":0.0,"enemies":"Jaw Worm","floor":2.0,"turns":5.0},{"damage":0.0,"enemies":"Cultist","floor":3.0,"turns":5.0},{"damage":3.0,"enemies":"Looter","floor":4.0,"turns":5.0},{"damage":0.0,"enemies":"2 Fungi Beasts","floor":11.0,"turns":2.0},{"damage":0.0,"enemies":"Exordium Wildlife","floor":12.0,"turns":2.0},{"damage":0.0,"enemies":"Blue Slaver","floor":14.0,"turns":4.0},{"damage":4.0,"enemies":"The Guardian","floor":16.0,"turns":15.0},{"damage":0.0,"enemies":"Shell Parasite","floor":18.0,"turns":7.0},{"damage":0.0,"enemies":"2 Thieves","floor":19.0,"turns":4.0},{"damage":25.0,"enemies":"Snake Plant","floor":22.0,"turns":4.0},{"damage":40.0,"enemies":"Snecko","floor":27.0,"turns":5.0},{"damage":13.0,"enemies":"3 Cultists","floor":28.0,"turns":6.0},{"damage":0,"enemies":"Shelled Parasite and Fungi","floor":30,"turns":3},{"damage":0,"enemies":"Snake Plant","floor":31,"turns":2}],"seed_played":"5623180915481596265","potions_obtained":[{"floor":1.0,"key":"SpeedPotion"},{"floor":12.0,"key":"EssenceOfSteel"},{"floor":21.0,"key":"Energy Potion"}],"is_trial":false,"path_per_floor":["M","M","M","M","?","R","?","R","T","$","M","M","R","M","R","B",null,"M","M","$","?","M","R","?","R","T","M","M","?","M","M"],"character_chosen":"THE_SILENT","items_purchased":["TwistedFunnel","Noxious Fumes","Backflip"],"campfire_rested":1,"item_purchase_floors":[10,20,20],"current_hp_per_floor":[63,63,63,60,48,48,48,48,48,48,48,48,48,48,48,44,63,63,63,63,63,38,58,58,58,58,18,5,5,5,5,5],"gold":41,"neow_bonus":"ONE_RARE_RELIC","is_daily":false,"chose_seed":false,"campfire_upgraded":5,"win_rate":0.0,"timestamp":1612360263,"path_taken":["M","M","M","M","?","R","?","R","T","$","M","M","R","M","R","BOSS","M","M","$","?","?","R","?","R","T","M","M","?","M","M"],"items_purchased_type":["Relic","Card","Card"],"build_version":"2020-12-22","purchased_purges":1,"victory":false,"max_hp_per_floor":[63,63,63,63,63,63,63,63,63,63,63,63,63,63,63,63,68,68,68,68,68,68,68,68,68,68,68,68,68,68,68,68],"card_choices":[{"not_picked":["Deflect","Backflip"],"picked":"Poisoned Stab","floor":1.0},{"not_picked":["Poisoned Stab","Slice"],"picked":"Burst","floor":2.0},{"not_picked":["Distraction","Quick Slash"],"picked":"Dagger Spray","floor":3.0},{"not_picked":["Dodge and Roll","Quick Slash"],"picked":"Backstab","floor":4.0},{"not_picked":["Slice","Sucker Punch","Expertise"],"picked":"SKIP","floor":11.0},{"not_picked":["Concentrate","Accuracy","Flying Knee"],"picked":"SKIP","floor":12.0},{"not_picked":["Masterful Stab","Skewer","Malaise"],"picked":"SKIP","floor":14.0},{"not_picked":["Heel Hook","PiercingWail"],"picked":"Deadly Poison","floor":18.0},{"not_picked":["Skewer","Poisoned Stab"],"picked":"Bane","floor":19.0},{"not_picked":["Setup","Unload"],"picked":"Deadly Poison","floor":22.0},{"not_picked":["Blade Dance","Leg Sweep+1"],"picked":"Catalyst","floor":27.0},{"not_picked":["Endless Agony","Blade Dance+1"],"picked":"Backflip","floor":28.0},{"not_picked":["Quick Slash","Blade Dance"],"picked":"Poisoned Stab+1","floor":30}],"player_experience":710188,"relics_obtained":[{"floor":9.0,"key":"InkBottle"},{"floor":26.0,"key":"Happy Flower"}],"event_choices":[{"damage_healed":0.0,"max_hp_gain":0.0,"max_hp_loss":0.0,"gold_gain":0.0,"event_name":"Shining Light","player_choice":"Entered Light","floor":5.0,"gold_loss":0.0,"damage_taken":13.0,"cards_upgraded":["Strike_G","Backstab"]},{"damage_healed":0.0,"max_hp_gain":0.0,"max_hp_loss":0.0,"gold_gain":69.0,"event_name":"Golden Wing","player_choice":"Gained Gold","floor":7.0,"gold_loss":0.0,"damage_taken":0.0},{"damage_healed":0.0,"max_hp_gain":0.0,"max_hp_loss":0.0,"gold_gain":0.0,"event_name":"Lab","player_choice":"Got Potions","floor":21.0,"gold_loss":0.0,"damage_taken":0.0},{"damage_healed":0.0,"max_hp_gain":0.0,"max_hp_loss":0.0,"gold_gain":0.0,"event_name":"Masked Bandits","player_choice":"Paid Fearfully","floor":24.0,"gold_loss":96.0,"damage_taken":0.0},{"damage_healed":0.0,"max_hp_gain":0.0,"max_hp_loss":0.0,"gold_gain":0.0,"event_name":"Cursed Tome","player_choice":"Ignored","floor":29.0,"gold_loss":0.0,"damage_taken":0.0}],"is_beta":false,"boss_relics":[{"not_picked":["Coffee Dripper","HoveringKite"],"picked":"Tiny House"}],"items_purged_floors":[10],"is_endless":false,"potions_floor_spawned":[1,12,22,27],"killed_by":"Snake Plant","ascension_level":12}}