{"host":"dscols65uipasqd2","time":1612310442,"event":{"mods":["2.2 Compatiblity","AchievementEnabler","Aspiration","BaseMod","Colored Powertips","Downfall","Energized Spire","GifTheSpireLib","Hermit","Hubris","Infinite Spire","JesterMod","Jorbs\u0027s Wanderer Trilogy","Marisa????????","Minty Spire (QoL Compilation)","Rare Cards Sparkle","Replay The Spire","StSLib","Stuff the Spire","The Cursed","The Disciple","The Hierophant","The Judge","The Jungle","The Runesmith","TheFirefly"],"gold_per_floor":[199,218,46,46,46,110,136,36,48,48,59,59,59,17,32,128,128,128,148,165,165,181,181,181,181],"floor_reached":23,"language":"ENG","playtime":1050,"items_purged":[],"score":179,"play_id":"5f633e12-64fb-4a64-95ca-2d8d89517544","local_time":"20210202190042","is_ascension_mode":false,"campfire_choices":[{"data":"Slimebound:Split","floor":1,"key":"SMITH"},{"floor":8,"key":"REST"},{"floor":13,"key":"REST"},{"floor":18,"key":"RECALL"}],"circlet_count":0,"master_deck":["Slimebound:Strike_Slimebound","Slimebound:Strike_Slimebound","Slimebound:Strike_Slimebound","Slimebound:Tackle","Slimebound:Defend_Slimebound+1","Slimebound:Defend_Slimebound","Slimebound:Defend_Slimebound","Slimebound:Defend_Slimebound","Slimebound:Split+1","Slimebound:CorrosiveSpit+1","Slimebound:LivingWall+1","Slimebound:SplitBruiser","StuffTheSpire:CuriosityCurse","Slimebound:SplitBruiser","Slimebound:HauntingLick","Slimebound:SamplingLick","Slimebound:Prepare","Slimebound:LeechingTouch","Slimebound:ComboTackle","Slimebound:SlimeSlap","Slimebound:LeechEnergy+1","Slimebound:GrowthPunch","Slimebound:Repurpose"],"relics":["Slimebound:AbsorbEndCombat","HandDrill","Runesmith:Nanobots","Turnip","downfall:HeartBlessingBlue","War Paint","hubris:Towel","SacredBark"],"acts_visited":["Exordium","TheCity"],"potions_floor_usage":[3,16,16,22,23,23],"damage_taken":[{"damage":0,"enemies":"Cultist","floor":2,"turns":4},{"damage":3,"enemies":"downfall:FleeingMerchant","floor":3,"turns":4},{"damage":57,"enemies":"Gremlin Nob","floor":6,"turns":5},{"damage":7,"enemies":"Jaw Worm","floor":9,"turns":2},{"damage":3,"enemies":"Small Slimes","floor":11,"turns":2},{"damage":13,"enemies":"downfall:FleeingMerchant","floor":14,"turns":4},{"damage":0,"enemies":"Exordium Wildlife","floor":15,"turns":4},{"damage":37,"enemies":"IC_STATUS_ARCHETYPE","floor":16,"turns":9},{"damage":14,"enemies":"Spheric Guardian","floor":19,"turns":4},{"damage":25,"enemies":"Chosen and Byrds","floor":20,"turns":6},{"damage":1,"enemies":"3 Cultists","floor":22,"turns":4},{"damage":60,"enemies":"Nightmare","floor":23,"turns":6}],"seed_played":"-2929594493670367179","potions_obtained":[{"floor":2,"key":"AttackPotion"},{"floor":6,"key":"GamblersBrew"},{"floor":15,"key":"Adrenaline Potion"},{"floor":16,"key":"FearPotion"},{"floor":20,"key":"SkillPotion"},{"floor":21,"key":"CultistPotion"}],"is_trial":false,"path_per_floor":["R","M","$","?","?","?","T","R","M","T","M","?","R","$","M","B",null,"R","M","M","?","M","NM"],"character_chosen":"SLIMEBOUND","items_purchased":["HandDrill","Slimebound:LeechingTouch"],"campfire_rested":2,"item_purchase_floors":[3,14],"current_hp_per_floor":[65,65,62,62,62,7,7,39,32,32,31,31,53,44,50,21,75,75,63,46,46,49,0,0,0],"gold":181,"neow_bonus":"HUNDRED_GOLD","is_daily":false,"chose_seed":false,"campfire_upgraded":1,"win_rate":0.0,"timestamp":1612310442,"path_taken":["R","?","$","?","?","?","T","R","M","?","?","?","R","$","M","BOSS","R","M","M","?","M","NM"],"items_purchased_type":["Relic","Card"],"build_version":"2020-12-22","purchased_purges":0,"victory":false,"max_hp_per_floor":[65,65,65,65,65,65,65,75,75,75,75,75,75,75,75,75,75,75,75,75,75,75,75,75,75],"card_choices":[{"not_picked":["Slimebound:FinishingTackle","Slimebound:SpikyOuterGoop"],"picked":"Slimebound:LivingWall","floor":2},{"not_picked":["Slimebound:SplitLeeching","Slimebound:ViciousTackle"],"picked":"Slimebound:SplitBruiser","floor":3},{"not_picked":["Slimebound:GoopTackle","Slimebound:ComboTackle"],"picked":"Slimebound:SplitBruiser","floor":6},{"not_picked":["Slimebound:PressTheAttack","Slimebound:LeechingTouch"],"picked":"Slimebound:HauntingLick","floor":9},{"not_picked":["Slimebound:ServeAndProtect","Slimebound:SlimeTap"],"picked":"Slimebound:SamplingLick","floor":11},{"not_picked":["Slimebound:RainOfGoop","Slimebound:Repurpose"],"picked":"Slimebound:Prepare","floor":14},{"not_picked":["Slimebound:ItLooksTasty","Slimebound:GoopSpray"],"picked":"Slimebound:ComboTackle","floor":15},{"not_picked":["Slimebound:Overexert","Slimebound:MassFeed"],"picked":"Slimebound:SlimeSlap","floor":16},{"not_picked":["Slimebound:Schlurp","Slimebound:SplitLeeching"],"picked":"Slimebound:LeechEnergy+1","floor":19},{"not_picked":["Slimebound:Chomp","Slimebound:BestDefense"],"picked":"Slimebound:GrowthPunch","floor":20},{"not_picked":["Slimebound:ItLooksTasty","Slimebound:LivingWall"],"picked":"Slimebound:Repurpose","floor":22}],"player_experience":560576,"relics_obtained":[{"floor":6,"key":"Turnip"},{"floor":10,"key":"War Paint"}],"event_choices":[],"is_beta":false,"boss_relics":[{"not_picked":["Velvet Choker","Philosopher\u0027s Stone"],"picked":"SacredBark"}],"items_purged_floors":[],"is_endless":false,"potions_floor_spawned":[2,6,15,16,20],"killed_by":"Nightmare","ascension_level":0}}