{"host":"04hh9gplt9wkfmr1","time":1612365689,"event":{"mods":["AchievementEnabler","BaseMod","Colored Map","KOR Keyword Fix","Minty Spire (QoL Compilation)","Rare Cards Sparkle","SuperFastMode"],"gold_per_floor":[115,135,145,160,170,170,183,183,183],"floor_reached":8,"language":"KOR","playtime":351,"items_purged":[],"score":88,"play_id":"461bdd4f-913a-4ad3-96c4-976564dd0598","local_time":"20210204002129","is_ascension_mode":true,"campfire_choices":[{"data":"Well Laid Plans","floor":6,"key":"SMITH"}],"circlet_count":0,"master_deck":["AscendersBane","Strike_G","Strike_G","Strike_G","Strike_G","Strike_G","Defend_G","Defend_G","Defend_G","Defend_G","Defend_G","Survivor","Neutralize","PiercingWail","Well Laid Plans+1","PiercingWail","Deadly Poison","Noxious Fumes"],"relics":["Cursed Key"],"acts_visited":["Exordium"],"potions_floor_usage":[5,5],"damage_taken":[{"damage":3,"enemies":"2 Louse","floor":1,"turns":3},{"damage":0,"enemies":"Small Slimes","floor":2,"turns":5},{"damage":0,"enemies":"Jaw Worm","floor":3,"turns":6},{"damage":9,"enemies":"Exordium Wildlife","floor":4,"turns":6},{"damage":8,"enemies":"Large Slime","floor":5,"turns":9},{"damage":6,"enemies":"Exordium Thugs","floor":7,"turns":6},{"damage":35,"enemies":"3 Sentries","floor":8,"turns":8}],"seed_played":"3020132598424930601","potions_obtained":[{"floor":2,"key":"SteroidPotion"},{"floor":3,"key":"DistilledChaos"},{"floor":4,"key":"DistilledChaos"}],"is_trial":false,"path_per_floor":["M","M","M","M","M","R","M","E"],"character_chosen":"THE_SILENT","items_purchased":[],"campfire_rested":0,"item_purchase_floors":[],"current_hp_per_floor":[56,56,56,47,39,39,33,0,0],"gold":183,"neow_bonus":"BOSS_RELIC","is_daily":false,"chose_seed":false,"campfire_upgraded":1,"win_rate":0.0,"timestamp":1612365689,"path_taken":["M","M","M","M","M","R","M","E"],"items_purchased_type":[],"build_version":"2020-12-22","purchased_purges":0,"victory":false,"max_hp_per_floor":[66,66,66,66,66,66,66,66,66],"card_choices":[{"not_picked":["Prepared","Tactician"],"picked":"PiercingWail","floor":1},{"not_picked":["Sucker Punch","Blade Dance"],"picked":"Well Laid Plans","floor":2},{"not_picked":["Acrobatics","Caltrops"],"picked":"PiercingWail","floor":3},{"not_picked":["Slice","Bane","Predator"],"picked":"SKIP","floor":4},{"not_picked":["Accuracy","Flying Knee"],"picked":"Deadly Poison","floor":5},{"not_picked":["Deflect","Sucker Punch"],"picked":"Noxious Fumes","floor":7}],"player_experience":124576,"relics_obtained":[],"event_choices":[],"is_beta":false,"boss_relics":[],"items_purged_floors":[],"is_endless":false,"potions_floor_spawned":[2,3,4],"killed_by":"3 Sentries","ascension_level":14}}