{"host":"flm17o2q7bfjyna6","time":1612385118,"event":{"mods":["2.2 Compatiblity","Act Like it!","BaseMod","Better Altar","Better Match","Better Note","Better Sensory Stone","Better Skull","Better Third Choice","Better Vampires","Colored Map","Colored Powertips","DeckTracker","Evolution","Fox Events","Hermit","Minty Spire (QoL Compilation)","Quick Restart","Reliquary","Replay The Spire","Reworked Bosses","Spicy Shops","StSLib","TheSwordswoman","Wandering Minibosses"],"gold_per_floor":[112,35,35,35,35,35,35],"floor_reached":6,"language":"ENG","playtime":195,"items_purged":[],"score":32,"play_id":"94d9bc23-4771-454a-b300-fa109848849d","local_time":"20210203154518","is_ascension_mode":false,"campfire_choices":[],"circlet_count":0,"master_deck":["blazmod:Strike","blazmod:Strike","blazmod:Strike","blazmod:Strike+1","blazmod:Defend","blazmod:Defend+1","blazmod:Defend","blazmod:Defend","blazmod:ButterflyEffect","blazmod:Kyokasuigetsu","Regret","blazmod:SidewaySolace","Reinforced Body+1"],"relics":["blazmod:Venustas","EVO:Axolotl","Bronze Scales","Frozen Eye","reliquary:Boomerang"],"acts_visited":["Exordium"],"potions_floor_usage":[],"damage_taken":[{"damage":0,"enemies":"Small Slimes","floor":1,"turns":3},{"damage":22,"enemies":"3 Sentries","floor":6,"turns":4}],"seed_played":"-2500233720872334276","potions_obtained":[],"is_trial":false,"path_per_floor":["M","$","?","$","?","E"],"character_chosen":"THE_SWORDSWOMAN","items_purchased":["Frozen Eye"],"campfire_rested":0,"item_purchase_floors":[2],"current_hp_per_floor":[40,40,23,23,15,0,0],"gold":35,"neow_bonus":"RANDOM_EVENT","is_daily":false,"chose_seed":false,"campfire_upgraded":0,"win_rate":0.0,"timestamp":1612385118,"path_taken":["M","$","?","$","?","E"],"items_purchased_type":["Relic"],"build_version":"2020-12-22","purchased_purges":0,"victory":false,"max_hp_per_floor":[40,40,40,40,40,40,40],"card_choices":[{"not_picked":["blazmod:PhysicalEndurance","blazmod:SureOfHand"],"picked":"blazmod:SidewaySolace","floor":1}],"player_experience":1734711,"relics_obtained":[],"event_choices":[{"damage_healed":0,"gold_gain":0,"player_choice":"Box","damage_taken":0,"relics_obtained":["Bronze Scales"],"max_hp_gain":0,"max_hp_loss":0,"event_name":"Big Fish","floor":0,"gold_loss":0,"cards_obtained":["Regret"]},{"damage_healed":23,"gold_gain":0,"player_choice":"Upgrade","damage_taken":8,"max_hp_gain":0,"max_hp_loss":40,"event_name":"betterThird:BetterShining","floor":5,"gold_loss":0,"cards_upgraded":["blazmod:Strike","blazmod:Defend"]}],"is_beta":false,"boss_relics":[],"items_purged_floors":[],"is_endless":false,"potions_floor_spawned":[],"killed_by":"3 Sentries","ascension_level":0}}