{"host":"z6c1sol8rulx2ubz","time":1612389131,"event":{"mods":["AchievementEnabler","Act Like it!","BaseMod","Better Note","Better Third Choice","Downfall","Elementarium","Gold Saver","Hallownest","Infinite Spire","Minty Spire (QoL Compilation)","Quick Restart","Rare Cards Sparkle","StSLib","The Bug Knight","Wandering Minibosses"],"gold_per_floor":[0,16,16,16,1,1,1,17,35,45,45,57,68,168,180,180,180,180],"floor_reached":16,"language":"ENG","playtime":890,"items_purged":[],"score":94,"play_id":"3b18b0fe-0447-48a2-8e2f-a5128e6026f8","local_time":"20210203215211","is_ascension_mode":false,"campfire_choices":[{"floor":1,"key":"RECALL"},{"data":"bronze:Verify","floor":6,"key":"SMITH"}],"circlet_count":0,"master_deck":["bronze:Strike","bronze:Strike","bronze:Strike","bronze:Strike","bronze:Defend","bronze:Defend","bronze:Defend","bronze:Defend","bronze:Replicate","bronze:Goto","bronze:Verify+1","bronze:FineTuning","bronze:AlphaBuild","bronze:Repair"],"relics":["bronze:BronzeCore","HollowMod:PaleOreRelic","Boot"],"acts_visited":["Exordium"],"potions_floor_usage":[15,15,15],"damage_taken":[{"damage":10,"enemies":"Small Slimes","floor":2,"turns":4},{"damage":0,"enemies":"downfall:FleeingMerchant","floor":5,"turns":4},{"damage":11,"enemies":"Jaw Worm","floor":8,"turns":4},{"damage":17,"enemies":"Cultist","floor":9,"turns":6},{"damage":34,"enemies":"Large Slime","floor":10,"turns":11},{"damage":1,"enemies":"2 Fungi Beasts","floor":12,"turns":2},{"damage":4,"enemies":"Blue Slaver","floor":13,"turns":4},{"damage":33,"enemies":"Exordium Thugs","floor":15,"turns":7},{"damage":17,"enemies":"WA_ARCHETYPE_RETAIN","floor":16,"turns":6}],"seed_played":"4335862143049209135","potions_obtained":[{"floor":8,"key":"bronze:FreeFunctionsPotion"},{"floor":10,"key":"sneckomod:MuddlingPotion"},{"floor":12,"key":"Regen Potion"}],"is_trial":false,"path_per_floor":["R","M","?","?","$","R","T","M","M","M","?","M","M","?","M","B"],"character_chosen":"THE_AUTOMATON","items_purchased":[],"campfire_rested":0,"item_purchase_floors":[],"current_hp_per_floor":[70,60,26,80,80,80,80,69,52,18,18,17,13,13,4,0,0,0],"gold":180,"neow_bonus":"THREE_RARE_CARDS","is_daily":false,"chose_seed":false,"campfire_upgraded":1,"win_rate":0.0,"timestamp":1612389131,"path_taken":["R","M","?","?","$","R","T","M","M","M","?","M","?","?","M","BOSS"],"items_purchased_type":[],"build_version":"2020-12-22","purchased_purges":0,"victory":false,"max_hp_per_floor":[70,70,70,80,80,80,80,80,80,80,80,80,80,80,80,80,80,80],"card_choices":[{"not_picked":["bronze:ThunderWave","bronze:Assembly"],"picked":"bronze:Verify","floor":0},{"not_picked":["bronze:DelayedGuard","bronze:Terminator"],"picked":"bronze:NullPointer","floor":2},{"not_picked":["bronze:DelayedGuard","bronze:Constructor"],"picked":"bronze:FineTuning","floor":5},{"not_picked":["bronze:ItsAFeature","bronze:Optimize"],"picked":"bronze:AlphaBuild","floor":8},{"not_picked":["bronze:DelayedGuard","bronze:Shield","bronze:BitShift"],"picked":"SKIP","floor":9},{"not_picked":["bronze:Flail","bronze:Repulsor","bronze:Deprecate"],"picked":"SKIP","floor":10},{"not_picked":["bronze:WildBeam","bronze:BugBarrage","bronze:Deprecate"],"picked":"SKIP","floor":12},{"not_picked":["bronze:Shield","bronze:FollowUp"],"picked":"bronze:Repair","floor":13},{"not_picked":["bronze:CutThrough","bronze:WhirlingStrike","bronze:Invalidate"],"picked":"SKIP","floor":15}],"player_experience":244866,"relics_obtained":[],"event_choices":[{"damage_healed":0,"gold_gain":1,"player_choice":"Relic Relic Card ","damage_taken":34,"max_hp_gain":0,"max_hp_loss":0,"event_name":"betterThird:BetterScrap","floor":3,"gold_loss":0,"cards_obtained":["Wish","Die Die Die"]}],"is_beta":false,"boss_relics":[],"items_purged_floors":[],"is_endless":false,"potions_floor_spawned":[8,10,12],"killed_by":"WA_ARCHETYPE_RETAIN","ascension_level":0}}