{"host":"qxt9611uhnemh1bn","time":1612322026,"event":{"mods":["AchievementEnabler","BaseMod","Minty Spire (QoL Compilation)","StSLib"],"gold_per_floor":[113,65,81,81,106,106,119,119,190,46,46,65,84,84,84,207,207,228,228,228],"floor_reached":19,"language":"ENG","playtime":722,"items_purged":[],"score":159,"play_id":"2146688b-34f8-474e-9159-a0b25dec6b54","local_time":"20210202211346","is_ascension_mode":false,"campfire_choices":[{"data":"Eruption","floor":6,"key":"SMITH"},{"data":"Crescendo","floor":8,"key":"SMITH"},{"floor":15,"key":"REST"}],"circlet_count":0,"master_deck":["Strike_P","Strike_P","Strike_P","Strike_P","Defend_P","Defend_P","Defend_P","Defend_P","Eruption+1","Vigilance","Prostrate","Consecrate","WreathOfFlame","InnerPeace","Crescendo+1","Pain","Fasting2","Wallop","LessonLearned","Study"],"relics":["PureWater","Bronze Scales","Golden Idol","HornCleat","ClockworkSouvenir","GremlinMask","Black Star"],"acts_visited":["Exordium","TheCity"],"potions_floor_usage":[16],"damage_taken":[{"damage":3,"enemies":"Small Slimes","floor":1,"turns":3},{"damage":4,"enemies":"Jaw Worm","floor":3,"turns":4},{"damage":4,"enemies":"Cultist","floor":5,"turns":4},{"damage":3,"enemies":"2 Fungi Beasts","floor":7,"turns":4},{"damage":29,"enemies":"Exordium Thugs","floor":12,"turns":6},{"damage":4,"enemies":"Blue Slaver","floor":13,"turns":5},{"damage":25,"enemies":"Hexaghost","floor":16,"turns":7},{"damage":66,"enemies":"Shell Parasite","floor":18,"turns":11},{"damage":5,"enemies":"Chosen","floor":19,"turns":1}],"seed_played":"7852503011373069820","potions_obtained":[{"floor":3,"key":"Fire Potion"},{"floor":7,"key":"PowerPotion"},{"floor":13,"key":"FearPotion"},{"floor":18,"key":"Strength Potion"}],"is_trial":false,"path_per_floor":["M","$","M","?","M","R","M","R","T","$","?","M","M","?","R","B",null,"M","M"],"character_chosen":"WATCHER","items_purchased":["Consecrate","ClockworkSouvenir"],"campfire_rested":1,"item_purchase_floors":[2,10],"current_hp_per_floor":[69,69,65,65,61,61,58,58,58,58,58,29,25,25,45,20,67,1,0,0],"gold":228,"neow_bonus":"RANDOM_COMMON_RELIC","is_daily":false,"chose_seed":false,"campfire_upgraded":2,"win_rate":0.0,"timestamp":1612322026,"path_taken":["M","$","M","?","M","R","M","R","T","$","?","?","M","?","R","BOSS","M","M"],"items_purchased_type":["Card","Relic"],"build_version":"2020-12-22","purchased_purges":0,"victory":false,"max_hp_per_floor":[72,72,72,67,67,67,67,67,67,67,67,67,67,67,67,67,67,67,67,67],"card_choices":[{"not_picked":["EmptyBody","Halt"],"picked":"Prostrate","floor":1},{"not_picked":["WreathOfFlame","Consecrate","Meditate"],"picked":"SKIP","floor":3},{"not_picked":["Consecrate","Meditate"],"picked":"WreathOfFlame","floor":3},{"not_picked":["EmptyMind","Prostrate"],"picked":"InnerPeace","floor":5},{"not_picked":["ClearTheMind","Perseverance"],"picked":"Crescendo","floor":7},{"not_picked":["Tantrum","SandsOfTime"],"picked":"Fasting2","floor":12},{"not_picked":["PathToVictory","Evaluate"],"picked":"Wallop","floor":13},{"not_picked":["Vault","Blasphemy"],"picked":"LessonLearned","floor":16},{"not_picked":["SignatureMove+1","PathToVictory"],"picked":"Study","floor":18}],"player_experience":231680,"relics_obtained":[{"floor":9,"key":"HornCleat"}],"event_choices":[{"damage_healed":0,"gold_gain":0,"player_choice":"Lose Max HP","damage_taken":0,"relics_obtained":["Golden Idol"],"max_hp_gain":0,"max_hp_loss":5,"event_name":"Golden Idol","floor":4,"gold_loss":0},{"damage_healed":0,"gold_gain":0,"player_choice":"1 cards matched","damage_taken":0,"max_hp_gain":0,"max_hp_loss":0,"event_name":"Match and Keep!","floor":11,"gold_loss":0,"cards_obtained":["Pain"]},{"damage_healed":0,"gold_gain":0,"player_choice":"Trade","damage_taken":0,"relics_obtained":["GremlinMask"],"max_hp_gain":0,"max_hp_loss":0,"event_name":"FaceTrader","floor":14,"gold_loss":0}],"is_beta":false,"boss_relics":[{"not_picked":["SlaversCollar","VioletLotus"],"picked":"Black Star"}],"items_purged_floors":[],"is_endless":false,"potions_floor_spawned":[3,7,13,18],"killed_by":"Chosen","ascension_level":0}}