{"host":"l4p18zw33fr8bdc3","time":1612395352,"event":{"mods":["AchievementEnabler","BaseMod","Bestiary","Block Reminder","Colored Map","Colored Powertips","Curses Come First","Minty Spire (QoL Compilation)","Quick Restart","Rare Cards Sparkle","StSLib"],"gold_per_floor":[419,369,388,22,36,36,55,86,86,116,22,22,49,49,49,49,49],"floor_reached":16,"language":"ENG","playtime":1826,"items_purged":[],"score":130,"play_id":"0a191237-7c03-46fa-b8f6-575bb48668d6","local_time":"20210203183552","is_ascension_mode":true,"campfire_choices":[{"data":"Well Laid Plans","floor":6,"key":"SMITH"},{"floor":12,"key":"REST"},{"floor":15,"key":"REST"}],"circlet_count":0,"master_deck":["Strike_G","Strike_G","Strike_G","Defend_G","Defend_G","Defend_G","Defend_G","Defend_G","Survivor","Neutralize","PiercingWail","Dagger Spray","Dagger Throw","Well Laid Plans+1","Backflip","Dagger Throw","Endless Agony","Blur","Flash of Steel","Footwork"],"relics":["Ring of the Snake","Old Coin","Eternal Feather","Bottled Flame","Lizard Tail","Peace Pipe","Regal Pillow"],"acts_visited":["Exordium"],"potions_floor_usage":[],"damage_taken":[{"damage":0,"enemies":"Cultist","floor":1,"turns":5},{"damage":3,"enemies":"Small Slimes","floor":3,"turns":5},{"damage":6,"enemies":"Jaw Worm","floor":5,"turns":4},{"damage":1,"enemies":"3 Louse","floor":7,"turns":3},{"damage":21,"enemies":"3 Sentries","floor":8,"turns":11},{"damage":25,"enemies":"Lagavulin","floor":10,"turns":8},{"damage":21,"enemies":"3 Sentries","floor":13,"turns":9},{"damage":95,"enemies":"Hexaghost","floor":16,"turns":18}],"seed_played":"-4269413699713223531","potions_obtained":[{"floor":7,"key":"Ancient Potion"},{"floor":8,"key":"Explosive Potion"},{"floor":13,"key":"CunningPotion"}],"is_trial":false,"path_per_floor":["M","?","M","$","M","R","M","E","T","E","$","R","E","?","R","B"],"character_chosen":"THE_SILENT","items_purchased":["Dagger Throw","Well Laid Plans","Eternal Feather","Flash of Steel"],"campfire_rested":2,"item_purchase_floors":[4,4,4,11],"current_hp_per_floor":[49,49,46,46,40,49,48,27,27,2,2,35,14,7,55,0,0],"gold":49,"neow_bonus":"ONE_RARE_RELIC","is_daily":false,"chose_seed":false,"campfire_upgraded":1,"win_rate":0.0,"timestamp":1612395352,"path_taken":["M","?","M","$","M","R","M","E","T","E","$","R","E","?","R","BOSS"],"items_purchased_type":["Card","Card","Relic","Card"],"build_version":"2020-12-22","purchased_purges":0,"victory":false,"max_hp_per_floor":[70,70,70,70,70,70,70,70,70,70,70,70,70,70,70,70,70],"card_choices":[{"not_picked":["Endless Agony","Expertise"],"picked":"PiercingWail","floor":1},{"not_picked":["Terror","Backflip"],"picked":"Dagger Spray","floor":3},{"not_picked":["Poisoned Stab","Reflex"],"picked":"Backflip","floor":5},{"not_picked":["Poisoned Stab","Reflex"],"picked":"Dagger Throw","floor":7},{"not_picked":["Backflip","Slice"],"picked":"Endless Agony","floor":8},{"not_picked":["Endless Agony","Backstab"],"picked":"Blur","floor":10},{"not_picked":["Distraction","Leg Sweep"],"picked":"Footwork","floor":13}],"player_experience":219552,"relics_obtained":[{"floor":8,"key":"Bottled Flame"},{"floor":9,"key":"Lizard Tail"},{"floor":10,"key":"Peace Pipe"},{"floor":13,"key":"Regal Pillow"}],"event_choices":[{"cards_removed":["Strike_G"],"damage_healed":0,"gold_gain":0,"player_choice":"Card Removal","damage_taken":0,"max_hp_gain":0,"max_hp_loss":0,"event_name":"The Cleric","floor":2,"gold_loss":50},{"cards_removed":["Strike_G"],"damage_healed":0,"gold_gain":0,"player_choice":"Card Removal","damage_taken":7,"max_hp_gain":0,"max_hp_loss":0,"event_name":"Golden Wing","floor":14,"gold_loss":0}],"is_beta":false,"boss_relics":[],"items_purged_floors":[],"is_endless":false,"potions_floor_spawned":[7,8,13],"killed_by":"Hexaghost","ascension_level":2}}