{"host":"4kmvpqjeiacgn1pr","time":1612388109,"event":{"mods":["A Penny For Your Troubles","AchievementEnabler","AlwaysNeverKeys","Aspiration","BaseMod","Bestiary","Better Altar","Better Match","Better Note","Better Sensory Stone","Better Skull","Better Third Choice","Better Vampires","BetterRewards","Colored Map","Colored Powertips","Conspire","Curses Come First","Downfall","Halation","Highlight Path","Infinite Spire","Minty Spire (QoL Compilation)","Permanent Neow","Quick Restart","Rare Cards Sparkle","Relic Sorter","Relic Stats","Replay The Spire","Reworked Bosses","Shop Mod","Smile Girya","Spicy Shops","Spikes Relics","StSLib","Waifu the Spire"],"gold_per_floor":[111,127,127,147,159,159,159],"floor_reached":6,"language":"ENG","playtime":273,"items_purged":[],"score":48,"play_id":"3ab07ef7-ebf6-4416-86de-b9d4505ba38a","local_time":"20210203163509","is_ascension_mode":true,"campfire_choices":[],"circlet_count":0,"master_deck":["Strike_B","Strike_B","Strike_B","Strike_B","Defend_B","Defend_B","Defend_B","Defend_B","Zap","Dualcast","Static Discharge","Darkness","ReplayTheSpireMod:System Scan","Sweeping Beam"],"relics":["Cracked Core","infinitespire:CursedDice"],"acts_visited":["Exordium"],"potions_floor_usage":[5,6],"damage_taken":[{"damage":2,"enemies":"2 Louse","floor":1,"turns":2},{"damage":1,"enemies":"Cultist","floor":2,"turns":3},{"damage":10,"enemies":"Small Slimes","floor":4,"turns":3},{"damage":22,"enemies":"Exordium Thugs","floor":5,"turns":3},{"damage":21,"enemies":"3 Sentries","floor":6,"turns":9}],"seed_played":"-6588351477266387397","potions_obtained":[{"floor":3,"key":"Swift Potion"},{"floor":3,"key":"EssenceOfSteel"},{"floor":3,"key":"champ:CounterPotion"}],"is_trial":false,"path_per_floor":["M","M","?","M","M","E"],"character_chosen":"DEFECT","items_purchased":[],"campfire_rested":0,"item_purchase_floors":[],"current_hp_per_floor":[52,51,51,41,19,0,0],"gold":159,"neow_bonus":"ONE_RARE_RELIC","is_daily":false,"chose_seed":false,"campfire_upgraded":0,"win_rate":0.0,"timestamp":1612388109,"path_taken":["M","M","?","M","?","E"],"items_purchased_type":[],"build_version":"2020-12-22","purchased_purges":0,"victory":false,"max_hp_per_floor":[75,75,75,75,75,75,75],"relic_stats":{"counters":[5,20],"obtain_stats":[{"infinitespire:CursedDice":0,"Cracked Core":0},{"infinitespire:CursedDice":0,"Cracked Core":0},{"infinitespire:CursedDice":0,"Cracked Core":0}]},"card_choices":[{"not_picked":["Glacier","Hologram"],"picked":"Static Discharge","floor":1},{"not_picked":["Compile Driver","Panic Button"],"picked":"Darkness","floor":2},{"not_picked":["BasicCrystalCard","Stack"],"picked":"ReplayTheSpireMod:System Scan","floor":4},{"not_picked":["Beam Cell","Reinforced Body"],"picked":"Sweeping Beam","floor":5}],"player_experience":437905,"relics_obtained":[],"event_choices":[{"damage_healed":0,"gold_gain":0,"player_choice":"Got Potions","damage_taken":0,"max_hp_gain":0,"max_hp_loss":0,"event_name":"Lab","floor":3,"gold_loss":0}],"is_beta":false,"boss_relics":[],"items_purged_floors":[],"is_endless":false,"potions_floor_spawned":[4],"killed_by":"3 Sentries","ascension_level":5}}