{"host":"r9v0g0iwbsx9dzwu","time":1612347641,"event":{"mods":["ATMod(阿瑾Mod)","Aspiration","BaseMod","Minty Spire (QoL Compilation)","MostiFishMod","Reliquary","Replay The Spire","RumiaBox-露米娅的神秘盒子","StSLib","TestMod","[IsaacMod]以撒尖塔","【功能Mod】聪明的最终Boss","【遗物卡牌】REMEMod"],"gold_per_floor":[111,126,142,142,158,186,111,145,145,145,164,197,197,211,211,221,221],"floor_reached":16,"language":"ZHS","playtime":464,"items_purged":["Strike_G"],"score":244,"play_id":"0437ca30-ea9f-4516-872b-44cff5b48358","local_time":"20210203182041","is_ascension_mode":true,"campfire_choices":[{"data":"EpicFetus","floor":10.0,"key":"SMITH"},{"data":"Acrobatics","floor":13,"key":"SMITH"},{"data":"MostiFishMod:WinterMarkForm","floor":15,"key":"SMITH"}],"circlet_count":0,"master_deck":["AscendersBane","Strike_G","Strike_G","Strike_G","Strike_G","Defend_G","Defend_G","Defend_G","Defend_G","Defend_G","Survivor","Neutralize","EpicFetus+1","REME_EyeOfCthun","AT_EssenceShift","Terror","MostiFishMod:WinterMarkForm+1","Acrobatics+1"],"relics":["Ring of the Snake","AT_ATBox","DaveBox","testmod-TestBox","HushsDoor","REME_ComplimentaryCards","Chaos","ShadowXiaoBlade","aspiration:Nostalgia","Burning Blood","Baka2","Snecko Scales","FeatherPendant","MomsKnife"],"acts_visited":["Exordium"],"potions_floor_usage":[],"damage_taken":[{"damage":0.0,"enemies":"2 Louse","floor":1.0,"turns":2.0},{"damage":0.0,"enemies":"Cultist","floor":2.0,"turns":1.0},{"damage":0.0,"enemies":"Small Slimes","floor":3.0,"turns":3.0},{"damage":4.0,"enemies":"2 Fungi Beasts","floor":5.0,"turns":2.0},{"damage":34.0,"enemies":"Lagavulin","floor":6.0,"turns":6.0},{"damage":5.0,"enemies":"Gremlin Nob","floor":8.0,"turns":3.0},{"damage":0.0,"enemies":"Large Slime","floor":11.0,"turns":1.0},{"damage":44,"enemies":"Replay:BlueRogue","floor":12,"turns":3},{"damage":8,"enemies":"Looter","floor":14,"turns":2},{"damage":0,"enemies":"Hexaghost","floor":16,"turns":2}],"seed_played":"8830224223785066658","potions_obtained":[{"floor":1.0,"key":"SkillPotion"},{"floor":3.0,"key":"CunningPotion"},{"floor":5.0,"key":"SteroidPotion"}],"is_trial":false,"path_per_floor":["M","M","M","?","M","E","$","E","T","R","M","E","R","M","R","B"],"character_chosen":"THE_SILENT","items_purchased":[],"campfire_rested":0,"item_purchase_floors":[],"current_hp_per_floor":[65,66,66,66,66,38,38,39,39,39,45,34,34,32,32,32,32],"gold":221,"neow_bonus":"NOSTALGIA","is_daily":false,"chose_seed":false,"campfire_upgraded":3,"win_rate":0.0,"timestamp":1612347641,"path_taken":["M","M","M","?","M","E","?","E","T","R","M","E","R","M","R","BOSS"],"items_purchased_type":[],"build_version":"2020-12-22","purchased_purges":1,"victory":false,"max_hp_per_floor":[66,66,66,66,66,66,66,66,66,66,66,69,69,69,69,69,69],"card_choices":[{"not_picked":[],"picked":"EpicFetus","floor":0.0},{"not_picked":["Deflect","Cloak And Dagger"],"picked":"Terror","floor":1.0},{"not_picked":["Underhanded Strike","Slice","Sucker Punch"],"picked":"SKIP","floor":2.0},{"not_picked":["Acrobatics","Deadly Poison"],"picked":"MostiFishMod:WinterMarkForm","floor":3.0},{"not_picked":["Dagger Spray","Footwork","AT_WindFlip"],"picked":"SKIP","floor":5.0},{"not_picked":["Doppelganger","MostiFishMod:VineMother","Heel Hook"],"picked":"SKIP","floor":6.0},{"not_picked":["Skewer","Dagger Throw","PiercingWail"],"picked":"SKIP","floor":8.0},{"not_picked":["AT_WomanClash","Endless Agony"],"picked":"Acrobatics","floor":11.0},{"not_picked":["AT_ThistleTea","Distraction","Footwork"],"picked":"SKIP","floor":12},{"not_picked":["Outmaneuver","Sucker Punch","Slice"],"picked":"SKIP","floor":14}],"player_experience":51879,"relics_obtained":[{"floor":1.0,"key":"Baka"},{"floor":2.0,"key":"Baka2"},{"floor":8.0,"key":"Snecko Scales"},{"floor":9.0,"key":"FeatherPendant"},{"floor":12,"key":"MomsKnife"}],"event_choices":[{"damage_healed":0.0,"max_hp_gain":0.0,"max_hp_loss":0.0,"gold_gain":0.0,"event_name":"Liars Game","player_choice":"Ignored","floor":4.0,"gold_loss":0.0,"damage_taken":0.0}],"is_beta":false,"boss_relics":[],"items_purged_floors":[7],"is_endless":false,"potions_floor_spawned":[1,3,5,8],"killed_by":"Hexaghost","ascension_level":20}}