{"host":"lnlgorucl381deje","time":1612325960,"event":{"mods":["ATMod(°¢èªMod)","AchievementEnabler","Aspiration","BaseMod","Better Altar","Better Match","Better Note","Better Sensory Stone","Better Skull","Better Third Choice","BetterRewards","Block Reminder","Conspire","Dota2Spire","Energized Spire","Googly Eyes","Highlight Path","Hubris","Minty Spire (QoL Compilation)","Permanent Neow","Relic Stats","Reliquary","Replay The Spire","RumiaBox-Â¶Ã×æ«µÄÉñÃØºÐ×Ó","Shop Mod","Spicy Shops","StSLib","Transform Curses","¡¾ÒÅÎï¿¨ÅÆ¡¿REMEMod"],"gold_per_floor":[117,117,117,135,147,147,147],"floor_reached":6,"language":"ZHS","playtime":443,"items_purged":[],"score":41,"play_id":"4238753d-4e15-4c8f-8462-577a52b985cf","local_time":"20210203121920","is_ascension_mode":true,"campfire_choices":[],"circlet_count":0,"master_deck":["Strike_B","Strike_B","Strike_B","Defend_B","Defend_B","Defend_B","Defend_B","Zap","Dualcast","Creative AI","AT_TearsDenial","Force Field","Hologram","ReplayTheSpireMod:Calculation Training","Darkness"],"relics":["Cracked Core","REME_ComplimentaryCards","AT_ATBox","hubris:Towel"],"acts_visited":["Exordium"],"potions_floor_usage":[],"damage_taken":[{"damage":7,"enemies":"Jaw Worm","floor":1,"turns":4},{"damage":11,"enemies":"Small Slimes","floor":4,"turns":3},{"damage":3,"enemies":"Cultist","floor":5,"turns":4},{"damage":71,"enemies":"3 Sentries","floor":6,"turns":6}],"seed_played":"1980602667129355656","potions_obtained":[{"floor":1,"key":"Milkshake"}],"is_trial":false,"path_per_floor":["M","?","?","M","M","E"],"character_chosen":"DEFECT","items_purchased":[],"campfire_rested":0,"item_purchase_floors":[],"current_hp_per_floor":[61,61,61,50,47,0,0],"gold":147,"neow_bonus":"TWENTY_PERCENT_HP_BONUS","is_daily":false,"chose_seed":false,"campfire_upgraded":0,"win_rate":0.0,"timestamp":1612325960,"path_taken":["M","?","?","M","M","E"],"items_purchased_type":[],"build_version":"2020-12-22","purchased_purges":0,"victory":false,"max_hp_per_floor":[89,89,89,89,89,89,89],"relic_stats":{"counters":[4,17],"obtain_stats":[{"AT_ATBox":0,"hubris:Towel":3,"Cracked Core":0,"REME_ComplimentaryCards":0},{"AT_ATBox":0,"hubris:Towel":1,"Cracked Core":0,"REME_ComplimentaryCards":0},{"AT_ATBox":0,"hubris:Towel":4,"Cracked Core":0,"REME_ComplimentaryCards":0}]},"card_choices":[{"not_picked":["Leap","Streamline"],"picked":"Force Field","floor":1},{"not_picked":["Stack","Skim"],"picked":"ReplayTheSpireMod:Calculation Training","floor":4},{"not_picked":["AT_HeatAcrobatics","Heatsinks"],"picked":"Darkness","floor":5}],"player_experience":161655,"relics_obtained":[],"event_choices":[{"damage_healed":0,"gold_gain":0,"cards_transformed":["Strike_B"],"player_choice":"Change","damage_taken":0,"max_hp_gain":0,"max_hp_loss":0,"event_name":"Living Wall","floor":2,"gold_loss":0,"cards_obtained":["Hologram"]}],"is_beta":false,"boss_relics":[],"items_purged_floors":[],"is_endless":false,"potions_floor_spawned":[1],"killed_by":"3 Sentries","ascension_level":3}}