{"host":"wuernuywc9gl215o","time":1612369954,"event":{"mods":["AchievementEnabler","BaseMod","Block Reminder","Highlight Path","Key Reminder","Minty Spire (QoL Compilation)","Permanent Neow","Potion Indicator Mod","Quick Restart","Relic Stats"],"gold_per_floor":[114,128,145,145,86,86,86,104,104,117,150,150,150,176,176,253,253,264,277,277,45,58,90,90,90,116,126,26,126,126,126,126,203,203,213,16,16,33,47,81,81,416,416,416,431,431,459,478,478,478,478],"floor_reached":50,"language":"ENG","playtime":4171,"items_purged":["Pain","Shame"],"score":1291,"play_id":"06e09455-eff0-4e94-9cca-dce2afa2be6c","local_time":"20210203163234","is_ascension_mode":true,"campfire_choices":[{"data":"Perfected Strike","floor":6.0,"key":"SMITH"},{"data":"Whirlwind","floor":12.0,"key":"SMITH"},{"data":"Feed","floor":13.0,"key":"SMITH"},{"floor":15.0,"key":"REST"},{"floor":24.0,"key":"REST"},{"floor":32.0,"key":"REST"},{"floor":41.0,"key":"REST"},{"data":"Barricade","floor":44.0,"key":"SMITH"},{"floor":49,"key":"RECALL"}],"circlet_count":0,"master_deck":["AscendersBane","Strike_R","Strike_R","Defend_R","Defend_R","Defend_R","Defend_R","Bash","Perfected Strike+1","Inflame","Twin Strike","Shrug It Off","Sword Boomerang","Feed+1","Whirlwind+1","Impervious","Warcry","Metallicize+1","Armaments","Barricade+1","Feed","Uppercut+1","True Grit","Doubt","Limit Break","Shrug It Off","Feel No Pain","Bloodletting","Spot Weakness","Shrug It Off","Disarm","Ghostly Armor","Body Slam+1"],"relics":["Runic Pyramid","Dead Branch","WingedGreaves","Oddly Smooth Stone","Cursed Key","WarpedTongs","Happy Flower","Bottled Lightning","FossilizedHelix","Kunai","Darkstone Periapt","SlaversCollar","Anchor","Blood Vial","Old Coin","Potion Belt"],"acts_visited":["TheCity","TheBeyond"],"potions_floor_usage":[45,47,48,50],"damage_taken":[{"damage":4.0,"enemies":"Small Slimes","floor":1.0,"turns":4.0},{"damage":7.0,"enemies":"Jaw Worm","floor":2.0,"turns":2.0},{"damage":1.0,"enemies":"Cultist","floor":3.0,"turns":3.0},{"damage":6.0,"enemies":"Looter","floor":8.0,"turns":2.0},{"damage":5.0,"enemies":"Red Slaver","floor":10.0,"turns":3.0},{"damage":9.0,"enemies":"3 Sentries","floor":11.0,"turns":8.0},{"damage":32.0,"enemies":"Gremlin Nob","floor":14.0,"turns":4.0},{"damage":17.0,"enemies":"Hexaghost","floor":16.0,"turns":9.0},{"damage":16.0,"enemies":"2 Thieves","floor":18.0,"turns":2.0},{"damage":10.0,"enemies":"Spheric Guardian","floor":19.0,"turns":4.0},{"damage":7.0,"enemies":"3 Cultists","floor":22.0,"turns":5.0},{"damage":34.0,"enemies":"Slavers","floor":23.0,"turns":5.0},{"damage":0.0,"enemies":"Snake Plant","floor":27.0,"turns":5.0},{"damage":16.0,"enemies":"Colosseum Slavers","floor":29.0,"turns":6.0},{"damage":8.0,"enemies":"Colosseum Nobs","floor":29.0,"turns":6.0},{"damage":12.0,"enemies":"Champ","floor":33.0,"turns":15.0},{"damage":4.0,"enemies":"3 Shapes","floor":35.0,"turns":7.0},{"damage":0.0,"enemies":"Orb Walker","floor":38.0,"turns":5.0},{"damage":26.0,"enemies":"Spire Growth","floor":39.0,"turns":8.0},{"damage":32.0,"enemies":"Reptomancer","floor":40.0,"turns":9.0},{"damage":22.0,"enemies":"Giant Head","floor":42.0,"turns":9.0},{"damage":69,"enemies":"Writhing Mass","floor":45,"turns":7},{"damage":9,"enemies":"Reptomancer","floor":47,"turns":9},{"damage":67,"enemies":"Transient","floor":48,"turns":6},{"damage":94,"enemies":"Awakened One","floor":50,"turns":9}],"seed_played":"436303126147826326","potions_obtained":[{"floor":2.0,"key":"SpeedPotion"},{"floor":10.0,"key":"ColorlessPotion"},{"floor":16.0,"key":"SteroidPotion"},{"floor":18.0,"key":"Block Potion"},{"floor":19.0,"key":"Weak Potion"},{"floor":22.0,"key":"Strength Potion"},{"floor":27.0,"key":"AttackPotion"},{"floor":29.0,"key":"Dexterity Potion"},{"floor":38.0,"key":"Energy Potion"},{"floor":40.0,"key":"FearPotion"},{"floor":45,"key":"AttackPotion"},{"floor":47,"key":"Block Potion"},{"floor":48,"key":"LiquidMemories"}],"is_trial":false,"path_per_floor":["M","M","M","?","$","R","?","M","T","M","E","R","R","E","R","B",null,"M","M","?","$","M","E","R","?","T","M","$","?","T","?","R","B",null,"M","$","?","M","M","E","R","E","T","R","M","?","E","M","R","B"],"character_chosen":"IRONCLAD","items_purchased":["Shrug It Off","Happy Flower","Feel No Pain","Anchor"],"campfire_rested":4,"item_purchase_floors":[5,21,36,36],"current_hp_per_floor":[64,57,56,61,61,61,54,48,48,43,40,40,40,12,39,26,77,61,55,55,55,48,18,48,48,48,52,52,43,43,43,79,71,112,116,116,116,120,98,66,108,92,92,92,29,149,144,79,79,0,0],"gold":478,"neow_bonus":"BOSS_RELIC","is_daily":false,"chose_seed":false,"campfire_upgraded":4,"win_rate":0.0,"timestamp":1612369954,"path_taken":["M","M","M","?","$","R","?","M","T","M","E","R","R","E","R","BOSS","M","M","?","$","?","E","R","?","T","?","$","?","?","?","R","BOSS","M","$","?","M","M","E","R","E","T","R","M","?","E","?","R","BOSS"],"items_purchased_type":["Card","Relic","Card","Relic"],"build_version":"2020-12-22","purchased_purges":2,"victory":false,"max_hp_per_floor":[75,75,75,80,80,80,80,80,80,80,86,86,86,90,90,94,94,94,98,98,98,98,102,102,102,102,106,106,121,121,121,121,125,125,133,133,133,137,141,141,141,145,145,145,149,149,153,153,153,153,153],"relic_stats":{"Darkstone Periapt":0,"Blood Vial":8,"Happy Flower":[37],"counters":[25,152],"Dead Branch":[175],"Kunai":[17],"Cursed Key":2,"obtain_stats":[{"Darkstone Periapt":30,"Potion Belt":47,"Happy Flower":21,"Dead Branch":9,"Oddly Smooth Stone":14,"Cursed Key":17,"Burning Blood":0,"WarpedTongs":20,"Old Coin":42,"keyreminder:keyreminder":26,"Blood Vial":40,"SlaversCollar":34,"Anchor":36,"WingedGreaves":11,"Bottled Lightning":23,"Kunai":29,"FossilizedHelix":29,"Runic Pyramid":0},{"Darkstone Periapt":15,"Potion Belt":23,"Happy Flower":10,"Dead Branch":4,"Oddly Smooth Stone":7,"Cursed Key":8,"Burning Blood":0,"WarpedTongs":10,"Old Coin":21,"keyreminder:keyreminder":12,"Blood Vial":20,"SlaversCollar":16,"Anchor":17,"WingedGreaves":6,"Bottled Lightning":12,"Kunai":15,"FossilizedHelix":15,"Runic Pyramid":0},{"Darkstone Periapt":68,"Potion Belt":137,"Happy Flower":41,"Dead Branch":11,"Oddly Smooth Stone":26,"Cursed Key":35,"Burning Blood":0,"WarpedTongs":41,"Old Coin":121,"keyreminder:keyreminder":51,"Blood Vial":112,"SlaversCollar":83,"Anchor":90,"WingedGreaves":22,"Bottled Lightning":51,"Kunai":68,"FossilizedHelix":68,"Runic Pyramid":0}],"WarpedTongs":[108]},"card_choices":[{"not_picked":["Flex","True Grit"],"picked":"Perfected Strike","floor":1.0},{"not_picked":["Havoc","Clash"],"picked":"Inflame","floor":2.0},{"not_picked":["Clash","True Grit"],"picked":"Twin Strike","floor":3.0},{"not_picked":["Havoc","Clothesline"],"picked":"Sword Boomerang","floor":8.0},{"not_picked":["Havoc","Thunderclap"],"picked":"Feed","floor":10.0},{"not_picked":["Evolve","Uppercut"],"picked":"Whirlwind","floor":11.0},{"not_picked":["Thunderclap","Body Slam"],"picked":"Carnage","floor":14.0},{"not_picked":["Berserk","Offering"],"picked":"Impervious","floor":16.0},{"not_picked":["Pommel Strike","Clash"],"picked":"Warcry","floor":18.0},{"not_picked":["Perfected Strike","Warcry"],"picked":"Metallicize+1","floor":19.0},{"not_picked":["Flex","Clash"],"picked":"Armaments","floor":22.0},{"not_picked":["Spot Weakness","Shrug It Off","Barricade"],"picked":"SKIP","floor":23.0},{"not_picked":["Spot Weakness","Shrug It Off"],"picked":"Barricade","floor":23.0},{"not_picked":["Perfected Strike","Combust"],"picked":"Uppercut+1","floor":27.0},{"not_picked":["Uppercut","Sever Soul"],"picked":"True Grit","floor":29.0},{"not_picked":["Demon Form","Feed"],"picked":"Limit Break","floor":33.0},{"not_picked":["Pommel Strike","Thunderclap"],"picked":"Shrug It Off","floor":35.0},{"not_picked":["Infernal Blade","Second Wind+1"],"picked":"Bloodletting","floor":38.0},{"not_picked":["Havoc+1","Burning Pact","Wild Strike+1"],"picked":"SKIP","floor":39.0},{"not_picked":["Thunderclap","Flex"],"picked":"Spot Weakness","floor":40.0},{"not_picked":["Iron Wave","Blood for Blood"],"picked":"Shrug It Off","floor":42.0},{"not_picked":["Heavy Blade","Sentinel"],"picked":"Disarm","floor":45},{"not_picked":["Dropkick","True Grit"],"picked":"Ghostly Armor","floor":47},{"not_picked":["Dual Wield","Immolate"],"picked":"Body Slam+1","floor":48}],"player_experience":800090,"relics_obtained":[{"floor":9.0,"key":"Dead Branch"},{"floor":11.0,"key":"WingedGreaves"},{"floor":14.0,"key":"Oddly Smooth Stone"},{"floor":23.0,"key":"Bottled Lightning"},{"floor":29.0,"key":"FossilizedHelix"},{"floor":29.0,"key":"Kunai"},{"floor":30.0,"key":"Darkstone Periapt"},{"floor":40.0,"key":"Blood Vial"},{"floor":42.0,"key":"Old Coin"},{"floor":47,"key":"Potion Belt"}],"event_choices":[{"damage_healed":0.0,"max_hp_gain":5.0,"max_hp_loss":0.0,"gold_gain":0.0,"event_name":"Big Fish","player_choice":"Donut","floor":4.0,"gold_loss":0.0,"damage_taken":0.0},{"cards_removed":["Strike_R"],"damage_healed":0.0,"max_hp_gain":0.0,"max_hp_loss":0.0,"gold_gain":0.0,"event_name":"Golden Wing","player_choice":"Card Removal","floor":7.0,"gold_loss":0.0,"damage_taken":7.0},{"damage_healed":0.0,"max_hp_gain":0.0,"max_hp_loss":0.0,"gold_gain":0.0,"event_name":"Accursed Blacksmith","player_choice":"Rummage","floor":20.0,"gold_loss":0.0,"damage_taken":0.0,"relics_obtained":["WarpedTongs"],"cards_obtained":["Pain"]},{"damage_healed":0.0,"max_hp_gain":0.0,"max_hp_loss":0.0,"gold_gain":0.0,"cards_transformed":["Strike_R"],"event_name":"Transmorgrifier","player_choice":"Transformed","floor":25.0,"gold_loss":0.0,"damage_taken":0.0,"cards_obtained":["Feed"]},{"damage_healed":0.0,"max_hp_gain":0.0,"max_hp_loss":0.0,"gold_gain":0.0,"event_name":"Colosseum","player_choice":"Fight","floor":29.0,"gold_loss":0.0,"damage_taken":0.0},{"damage_healed":0.0,"max_hp_gain":0.0,"max_hp_loss":0.0,"gold_gain":0.0,"event_name":"Colosseum","player_choice":"Fought Nobs","floor":29.0,"gold_loss":0.0,"damage_taken":0.0},{"damage_healed":0.0,"max_hp_gain":0.0,"max_hp_loss":0.0,"gold_gain":0.0,"event_name":"Ghosts","player_choice":"Ignored","floor":31.0,"gold_loss":0.0,"damage_taken":0.0},{"cards_removed":["Strike_R"],"damage_healed":0.0,"max_hp_gain":0.0,"max_hp_loss":0.0,"gold_gain":0.0,"event_name":"Falling","player_choice":"Removed Attack","floor":37.0,"gold_loss":0.0,"damage_taken":0.0},{"cards_removed":["Carnage"],"damage_healed":120,"gold_gain":0,"player_choice":"Offered Uncommon","damage_taken":0,"max_hp_gain":0,"max_hp_loss":0,"event_name":"Bonfire Elementals","floor":46,"gold_loss":0}],"is_beta":false,"boss_relics":[{"not_picked":["Philosopher\u0027s Stone","Sozu"],"picked":"Cursed Key"},{"not_picked":["Empty Cage","Runic Dome"],"picked":"SlaversCollar"}],"items_purged_floors":[21,28],"is_endless":false,"potions_floor_spawned":[2,10,16,18,19,22,27,29,38,40,45,47,48],"killed_by":"Awakened One","ascension_level":20}}