{"host":"61ejhfsushs0xmcl","time":1612355881,"event":{"mods":["ATMod(°¢èªMod)","Act Like it!","BaseMod","Colored Map","Gold Saver","Minty Spire (QoL Compilation)","MostiFishMod","Reliquary","Spicy Shops","StSLib","TestMod","[IsaacMod]ÒÔÈö¼âËþ","¡¾ÒÅÎï¿¨ÅÆ¡¿REMEMod","óô»ðÖ¸ÄÏ"],"gold_per_floor":[2654,2667,2667,3067,2795,2825,2371,2406,2433,2568,2580,2175,1770,2099,1633,1805,1805,1816,1816,1572,1586,1586,1340,1474,1484,1510,1641,1454,1398,1416,1433,1173,1352,1352,1370,970,970,982,1001,1128,1128,1255,1255,1268,1278,1403,942,952,830,1030,1230,1230,924,201,480,605],"floor_reached":57,"language":"ZHS","playtime":2024,"items_purged":["Strike_P","Defend_P","Defend_P","Defend_P","Strike_P","Defend_P","Strike_P","Eruption","AT_MachinaRedman","MostiFishMod:DisColor+1","Vigilance+1","FearNoEvil","MostiFishMod:WinterMarkForm+1","Ragnarok+1"],"score":3191,"play_id":"ad1d8676-312a-433a-ad2b-1e99ccb82643","local_time":"20210203203801","is_ascension_mode":true,"campfire_choices":[{"floor":41.0,"key":"RECALL"}],"circlet_count":0,"master_deck":["AscendersBane","AT_ChampionStep+1","Adaptation+1","Indignation+1","LessonLearned+1","Tantrum+1","MentalFortress+1","Tantrum+1","WheelKick+1","Adaptation+1","MostiFishMod:Minus+5","InnerPeace+1","Fasting2+1","MentalFortress"],"relics":["PureWater","testmod-TestBox","AT_ATBox","REME_ComplimentaryCards","HushsDoor","BookOfRevelations","ChiXiaoBlade","SynthV:TestCard","AT_RedTearstoneRing","reliquary:TatteredRug","Membership Card","Omamori","testmod-ArcanaOfDestiny","AT_TheCollector","reliquary:Boomerang","Medical Kit","Dodecahedron","Oddly Smooth Stone","Cauldron","Question Card","reliquary:Boomerang","Art of War","Prayer Wheel","Happy Flower","Empty Cage","SatanicBible","reliquary:Knoch","Whetstone","reliquary:Buckler","TheAbacus","AT_ForceNature","MutagenicStrength","Chemical X","Potion Belt","testmod-CasingShield","Bottled Flame","Centennial Puzzle","reliquary:Firecrackers","TeardropLocket","Akabeko","testmod-IndustrialRevolution","GuppysTail","Runic Pyramid","REME_CardOfGreed","reliquary:RoseTintedGlasses","BelialBook","FossilizedHelix","Lantern","PreservedInsect","testmod-InjuryResistance","TakeMeEscape","Orrery","OrangePellets","AT_MibuBalloonWealth","testmod-AssaultLearning","SalivaCoin","reliquary:SharkskinSheath","UnicornStump","Blood Vial"],"acts_visited":["Exordium","TheCity","TheBeyond","TheEnding"],"potions_floor_usage":[56,56,56,56],"damage_taken":[{"damage":0.0,"enemies":"2 Louse","floor":1.0,"turns":1.0},{"damage":7.0,"enemies":"Jaw Worm","floor":2.0,"turns":2.0},{"damage":25.0,"enemies":"3 Sentries","floor":6.0,"turns":3.0},{"damage":0.0,"enemies":"Gremlin Nob","floor":8.0,"turns":2.0},{"damage":0.0,"enemies":"Lagavulin","floor":10.0,"turns":4.0},{"damage":0.0,"enemies":"Small Slimes","floor":11.0,"turns":3.0},{"damage":12.0,"enemies":"3 Sentries","floor":14.0,"turns":4.0},{"damage":0.0,"enemies":"Hexaghost","floor":16.0,"turns":3.0},{"damage":0.0,"enemies":"3 Byrds","floor":18.0,"turns":3.0},{"damage":0.0,"enemies":"Chosen","floor":21.0,"turns":1.0},{"damage":0.0,"enemies":"Book of Stabbing","floor":24.0,"turns":1.0},{"damage":0.0,"enemies":"Snake Plant","floor":25.0,"turns":2.0},{"damage":0.0,"enemies":"Slavers","floor":27.0,"turns":3.0},{"damage":0.0,"enemies":"Shelled Parasite and Fungi","floor":30.0,"turns":2.0},{"damage":0.0,"enemies":"Snecko","floor":31.0,"turns":1.0},{"damage":30.0,"enemies":"Champ","floor":33.0,"turns":2.0},{"damage":13.0,"enemies":"3 Shapes","floor":35.0,"turns":3.0},{"damage":0.0,"enemies":"3 Darklings","floor":38.0,"turns":1.0},{"damage":0.0,"enemies":"Spire Growth","floor":39.0,"turns":1.0},{"damage":5.0,"enemies":"Reptomancer","floor":40.0,"turns":2.0},{"damage":0.0,"enemies":"Nemesis","floor":42.0,"turns":1.0},{"damage":0.0,"enemies":"Jaw Worm Horde","floor":44.0,"turns":2.0},{"damage":0.0,"enemies":"Sphere and 2 Shapes","floor":45.0,"turns":2.0},{"damage":0.0,"enemies":"Giant Head","floor":46.0,"turns":2.0},{"damage":0.0,"enemies":"Transient","floor":48.0,"turns":3.0},{"damage":0.0,"enemies":"Awakened One","floor":50.0,"turns":2.0},{"damage":0.0,"enemies":"Donu and Deca","floor":51.0,"turns":1.0},{"damage":0.0,"enemies":"Shield and Spear","floor":55.0,"turns":1.0},{"damage":0,"enemies":"Delirium","floor":56,"turns":5}],"seed_played":"941994112486979506","potions_obtained":[{"floor":1.0,"key":"DistilledChaos"},{"floor":11.0,"key":"Weak Potion"},{"floor":25.0,"key":"Block Potion"},{"floor":31.0,"key":"Strength Potion"},{"floor":33.0,"key":"DuplicationPotion"},{"floor":42.0,"key":"testmod-TimePotion"},{"floor":45.0,"key":"Strength Potion"}],"is_trial":false,"path_per_floor":["M","M","?","?","$","E","R","E","T","E","M","R","$","E","R","B",null,"M","?","$","M","?","R","E","M","T","E","R","$","M","M","R","B",null,"M","$","?","M","M","E","R","E","T","M","M","E","R","M","R","B","B",null,"R","$","E","B",null],"character_chosen":"WATCHER","items_purchased":["AT_RedTearstoneRing","PathToVictory","Membership Card","Omamori","testmod-ArcanaOfDestiny","Medical Kit","Dodecahedron","Oddly Smooth Stone","LessonLearned","Cauldron","Question Card","reliquary:SculptingSteel","Prayer Wheel","reliquary:FerryPass","Happy Flower","Damocles","SatanicBible","Ragnarok","Whetstone","reliquary:Buckler","TheAbacus","Chemical X","testmod-SpacePotion","FairyPotion","FearNoEvil","Tantrum","PowerPotion","testmod-IndustrialRevolution","Adaptation","GuppysTail","REME_CardOfGreed","Lantern","PreservedInsect","testmod-InjuryResistance","TakeMeEscape","Orrery","OrangePellets","AT_MibuBalloonWealth","testmod-AssaultLearning","CultistPotion","SalivaCoin","reliquary:SharkskinSheath","UnicornStump","Blood Vial","ChaosCard"],"campfire_rested":0,"item_purchase_floors":[5,5,7,7,7,12,12,12,12,13,13,13,15,15,15,17,17,17,20,20,20,23,23,23,23,28,29,32,32,32,36,47,47,47,49,49,53,53,53,53,54,54,54,54,54],"current_hp_per_floor":[61,54,54,54,54,29,29,29,29,29,29,29,29,17,17,17,34,34,34,34,34,34,34,34,34,34,34,34,34,34,34,34,4,30,17,17,17,17,17,12,12,12,12,12,12,12,12,12,12,12,12,31,31,31,33,35],"gold":605,"neow_bonus":"HUNDRED_GOLD","is_daily":false,"chose_seed":false,"campfire_upgraded":0,"win_rate":0.0,"timestamp":1612355881,"path_taken":["M","M","?","?","$","E","R","E","T","E","M","R","?","E","R","BOSS","M","?","$","M","?","R","E","M","T","E","R","$","M","M","R","BOSS","M","$","?","M","M","E","R","E","T","M","M","E","R","M","R","BOSS","BOSS","R","$","E","BOSS"],"items_purchased_type":["Relic","Card","Relic","Relic","Relic","Relic","Relic","Relic","Card","Relic","Relic","Relic","Relic","Relic","Relic","Relic","Relic","Card","Relic","Relic","Relic","Relic","Potion","Potion","Card","Card","Potion","Relic","Card","Relic","Relic","Relic","Relic","Relic","Relic","Relic","Relic","Relic","Relic","Potion","Relic","Relic","Relic","Relic","Card"],"build_version":"2020-12-22","purchased_purges":14,"victory":true,"max_hp_per_floor":[68,68,68,68,68,68,68,68,68,68,68,68,68,68,68,68,39,39,39,39,39,39,39,39,39,39,39,39,39,39,39,39,39,39,39,39,37,37,37,37,37,37,37,37,37,37,37,37,37,37,37,37,37,37,37,37],"card_choices":[{"not_picked":[],"picked":"Bomb","floor":0.0},{"not_picked":["ThirdEye","MostiFishMod:ScryFuture"],"picked":"AT_ChampionStep","floor":1.0},{"not_picked":["EmptyBody","MostiFishMod:Clarity","Protect","MostiFishMod:ScryFuture","AT_OneInchPunch"],"picked":"SKIP","floor":2.0},{"not_picked":["CrushJoints","FlurryOfBlows","WindmillStrike","EmptyFist"],"picked":"Adaptation","floor":6.0},{"not_picked":["Wireheading","MostiFishMod:LegendTransform","Halt","EmptyFist","EmptyBody"],"picked":"SKIP","floor":8.0},{"not_picked":["Prostrate","LikeWater","Establishment","EmptyMind"],"picked":"Indignation","floor":10.0},{"not_picked":["ThirdEye","LikeWater","ClearTheMind","Crescendo","CrushJoints"],"picked":"SKIP","floor":11.0},{"not_picked":["Protect","BowlingBash","MostiFishMod:StarWish","CutThroughFate","FlyingSleeves","EmptyFist"],"picked":"SKIP","floor":14.0},{"not_picked":["AT_IrregularMenstruation","MostiFishMod:Adaptation","MostiFishMod:StarWish","REME_EmptyShield","Blasphemy"],"picked":"MostiFishMod:DisColor","floor":16.0},{"not_picked":["BattleHymn","SandsOfTime","BowlingBash","EmptyMind","SashWhip"],"picked":"Tantrum","floor":18.0},{"not_picked":["FlyingSleeves","PathToVictory","ThirdEye","Vengeance+1","FollowUp","EmptyFist"],"picked":"SKIP","floor":18.0},{"not_picked":["LikeWater","FlurryOfBlows","EmptyBody","Halt","JustLucky"],"picked":"MentalFortress+1","floor":21.0},{"not_picked":["JustLucky","BowlingBash","CrushJoints","FlurryOfBlows","DevaForm","EmptyFist"],"picked":"SKIP","floor":21.0},{"not_picked":["ThirdEye","FlyingSleeves","CutThroughFate","REME_EmptyShield","BowlingBash","FlurryOfBlows"],"picked":"SKIP","floor":24.0},{"not_picked":["FlurryOfBlows+1","ForeignInfluence","BattleHymn","SignatureMove","SashWhip+1","Halt"],"picked":"SKIP","floor":25.0},{"not_picked":["SandsOfTime","REME_Repentance+1","MostiFishMod:DisColor","Prostrate","MostiFishMod:LegendTransform+1","Halt"],"picked":"SKIP","floor":25.0},{"not_picked":["AT_OneInchPunch","MostiFishMod:Clarity","SashWhip","REME_WorshipGod","CrushJoints","Protect"],"picked":"SKIP","floor":27.0},{"not_picked":["FearNoEvil","AT_DivineConfetti","CutThroughFate","Consecrate","ThirdEye","JustLucky"],"picked":"SKIP","floor":30.0},{"not_picked":["PathToVictory","Crescendo","REME_Repentance","WreathOfFlame","CrushJoints","FlyingSleeves"],"picked":"SKIP","floor":30.0},{"not_picked":["Protect+1","EmptyBody","PathToVictory","FlurryOfBlows","CrushJoints"],"picked":"WheelKick+1","floor":31.0},{"not_picked":["Wish","REME_MusicOfDeath","FlurryOfBlows","WindmillStrike+1","ThirdEye","MostiFishMod:Nomercy"],"picked":"SKIP","floor":31.0},{"not_picked":["AT_MachinaRedman","Brilliance","MostiFishMod:Adaptation","MostiFishMod:StarLaLaLa","MostiFishMod:KamiSmash"],"picked":"MostiFishMod:Minus","floor":33.0},{"not_picked":["Halt","WaveOfTheHand+1","CarveReality","PathToVictory","REME_Repentance+1"],"picked":"InnerPeace","floor":35.0},{"not_picked":["ForeignInfluence","EmptyFist","SignatureMove","MostiFishMod:FlowState","Consecrate","Swivel"],"picked":"SKIP","floor":35.0},{"not_picked":["Evaluate","MostiFishMod:ScryFuture+1","DevaForm","Halt","FlurryOfBlows","ThirdEye+1"],"picked":"SKIP","floor":38.0},{"not_picked":["EmptyMind","ClearTheMind","InnerPeace","Conclude+1","Worship","AT_ChampionStep"],"picked":"SKIP","floor":38.0},{"not_picked":["Halt","CarveReality+1","WreathOfFlame","EmptyBody+1","MostiFishMod:Adaptation","SashWhip"],"picked":"SKIP","floor":39.0},{"not_picked":["JustLucky","LikeWater+1","FlurryOfBlows","InnerPeace","CutThroughFate","Meditate"],"picked":"SKIP","floor":39.0},{"not_picked":["WheelKick","Blasphemy","Indignation","EmptyFist","LikeWater","MostiFishMod:Minus"],"picked":"SKIP","floor":40.0},{"not_picked":["CutThroughFate","BowlingBash","FollowUp","MostiFishMod:Moonprays","Meditate+1"],"picked":"Fasting2+1","floor":42.0},{"not_picked":["MostiFishMod:Clarity","EmptyFist+1","DeceiveReality","CarveReality+1","Halt","FollowUp"],"picked":"SKIP","floor":44.0},{"not_picked":["WreathOfFlame","Prostrate+1","BattleHymn","Meditate","FollowUp+1","Wireheading"],"picked":"SKIP","floor":44.0},{"not_picked":["BattleHymn","ClearTheMind","Consecrate+1","Wireheading+1","ThirdEye","CutThroughFate"],"picked":"SKIP","floor":45.0},{"not_picked":["Protect","BowlingBash","EmptyFist","Crescendo","REME_Repentance","EmptyBody"],"picked":"SKIP","floor":45.0},{"not_picked":["CrushJoints","Collect","Wallop","Prostrate+1","Protect"],"picked":"MentalFortress","floor":46.0},{"not_picked":["REME_CRH","REME_MusicOfDeath","MostiFishMod:FlowState","Evaluate","Consecrate+1","REME_Repentance"],"picked":"SKIP","floor":48.0},{"not_picked":["Meditate","CutThroughFate","REME_WorshipGod","Consecrate","EmptyBody","EmptyFist"],"picked":"SKIP","floor":48.0},{"not_picked":["Protect+1","CrushJoints+1","SashWhip","MostiFishMod:Nomercy","Crescendo","DevaForm"],"picked":"SKIP","floor":55.0}],"player_experience":842857,"relics_obtained":[{"floor":1.0,"key":"SynthV:TestCard"},{"floor":6.0,"key":"reliquary:TatteredRug"},{"floor":8.0,"key":"AT_TheCollector"},{"floor":10.0,"key":"reliquary:Boomerang"},{"floor":14.0,"key":"Art of War"},{"floor":18.0,"key":"reliquary:Knoch"},{"floor":21.0,"key":"AT_ForceNature"},{"floor":24.0,"key":"Potion Belt"},{"floor":24.0,"key":"testmod-CasingShield"},{"floor":25.0,"key":"Bottled Flame"},{"floor":26.0,"key":"Centennial Puzzle"},{"floor":27.0,"key":"reliquary:Firecrackers"},{"floor":30.0,"key":"TeardropLocket"},{"floor":31.0,"key":"Akabeko"},{"floor":40.0,"key":"reliquary:RoseTintedGlasses"},{"floor":42.0,"key":"BelialBook"},{"floor":43.0,"key":"FossilizedHelix"}],"event_choices":[{"damage_healed":0.0,"max_hp_gain":0.0,"max_hp_loss":0.0,"gold_gain":0.0,"event_name":"Liars Game","player_choice":"Ignored","floor":3.0,"gold_loss":0.0,"damage_taken":0.0},{"damage_healed":0.0,"max_hp_gain":0.0,"max_hp_loss":0.0,"gold_gain":400.0,"event_name":"¶÷ÂåË¹µÄÅÌ×Ó","player_choice":"Sell","floor":4.0,"relics_lost":["DaveBox"],"gold_loss":0.0,"damage_taken":0.0},{"damage_healed":0.0,"max_hp_gain":0.0,"max_hp_loss":0.0,"gold_gain":0.0,"event_name":"Vampires","player_choice":"Ignored","floor":19.0,"gold_loss":0.0,"damage_taken":0.0},{"damage_healed":0.0,"max_hp_gain":0.0,"max_hp_loss":0.0,"gold_gain":0.0,"event_name":"Drug Dealer","player_choice":"Inject Mutagens","floor":22.0,"gold_loss":0.0,"damage_taken":0.0,"relics_obtained":["MutagenicStrength"]},{"damage_healed":0.0,"max_hp_gain":0.0,"max_hp_loss":2.0,"gold_gain":0.0,"event_name":"Winding Halls","player_choice":"Max HP","floor":37.0,"gold_loss":0.0,"damage_taken":0.0}],"is_beta":false,"boss_relics":[{"not_picked":["reliquary:RedCape","reliquary:KinkedSpring"],"picked":"Empty Cage"},{"not_picked":[]},{"not_picked":["testmod-IncinerationGenerator","OneHitWonderSystem"],"picked":"Runic Pyramid"},{"not_picked":[]}],"items_purged_floors":[5,7,7,12,13,15,15,17,28,32,36,36,47,54],"is_endless":false,"potions_floor_spawned":[1,11,14,18,25,31,33,42,45,55],"ascension_level":20}}