{"host":"li7nr9q4d53iu1rb","time":1612369183,"event":{"mods":["AchievementEnabler","BaseMod","Colored Map","Colored Powertips","Downfall","Highlight Path","Minty Spire (QoL Compilation)","Permanent Neow","Quick Restart","Random Character Button","StSLib"],"gold_per_floor":[110,126,126,140,69,100,100,128,207,207,226,226,226,260,260,260,260],"floor_reached":16,"language":"ENG","playtime":752,"items_purged":[],"score":136,"play_id":"d8f81c92-bfc6-40f6-8fa1-d996b3f6a156","local_time":"20210203121943","is_ascension_mode":true,"campfire_choices":[{"floor":7,"key":"REST"},{"floor":12,"key":"REST"},{"data":"Machine Learning","floor":15,"key":"SMITH"}],"circlet_count":0,"master_deck":["Strike_B","Strike_B","Strike_B","Strike_B","Defend_B","Defend_B","Defend_B","Defend_B","Zap","Dualcast","Machine Learning+1","Conserve Battery","FTL","Pain","Steam","Defragment","Steam","Go for the Eyes","Injury","Recycle","White Noise"],"relics":["Cracked Core","WarpedTongs","CaptainsWheel","DataDisk","Question Card","Golden Idol","Potion Belt","Kunai"],"acts_visited":["Exordium"],"potions_floor_usage":[6,16],"damage_taken":[{"damage":0,"enemies":"2 Louse","floor":1,"turns":2},{"damage":0,"enemies":"Cultist","floor":2,"turns":3},{"damage":4,"enemies":"Small Slimes","floor":4,"turns":3},{"damage":31,"enemies":"3 Sentries","floor":6,"turns":8},{"damage":17,"enemies":"Gremlin Nob","floor":8,"turns":4},{"damage":14,"enemies":"Exordium Wildlife","floor":11,"turns":3},{"damage":14,"enemies":"Lagavulin","floor":14,"turns":9},{"damage":43,"enemies":"Slime Boss","floor":16,"turns":10}],"seed_played":"4621100920124696171","potions_obtained":[{"floor":1,"key":"ColorlessPotion"},{"floor":8,"key":"PotionOfCapacity"}],"is_trial":false,"path_per_floor":["M","M","?","M","$","E","R","E","T","?","M","R","T","E","R","B"],"character_chosen":"DEFECT","items_purchased":["Defragment"],"campfire_rested":2,"item_purchase_floors":[5],"current_hp_per_floor":[75,75,75,71,71,40,62,45,45,45,31,53,53,39,39,0,0],"gold":260,"neow_bonus":"ONE_RANDOM_RARE_CARD","is_daily":false,"chose_seed":false,"campfire_upgraded":1,"win_rate":0.0,"timestamp":1612369183,"path_taken":["M","M","?","?","$","E","R","E","T","?","M","R","?","E","R","BOSS"],"items_purchased_type":["Card"],"build_version":"2020-12-22","purchased_purges":0,"victory":false,"max_hp_per_floor":[75,75,75,75,75,75,75,75,75,75,75,75,75,75,75,75,75],"card_choices":[{"not_picked":["Lockon","Ball Lightning"],"picked":"Conserve Battery","floor":1},{"not_picked":["Blizzard","Sunder"],"picked":"FTL","floor":2},{"not_picked":["Hologram","Rebound"],"picked":"Steam","floor":4},{"not_picked":["Compile Driver","Barrage"],"picked":"Steam","floor":6},{"not_picked":["Undo","Gash"],"picked":"Go for the Eyes","floor":8},{"not_picked":["Go for the Eyes","Sunder","Barrage"],"picked":"Recycle","floor":11},{"not_picked":["Turbo","Steam","Genetic Algorithm"],"picked":"White Noise","floor":14}],"player_experience":264626,"relics_obtained":[{"floor":6,"key":"CaptainsWheel"},{"floor":8,"key":"DataDisk"},{"floor":9,"key":"Question Card"},{"floor":13,"key":"Potion Belt"},{"floor":14,"key":"Kunai"}],"event_choices":[{"damage_healed":0,"gold_gain":0,"player_choice":"Rummage","damage_taken":0,"relics_obtained":["WarpedTongs"],"max_hp_gain":0,"max_hp_loss":0,"event_name":"Accursed Blacksmith","floor":3,"gold_loss":0,"cards_obtained":["Pain"]},{"damage_healed":0,"gold_gain":0,"player_choice":"Take Wound","damage_taken":0,"relics_obtained":["Golden Idol"],"max_hp_gain":0,"max_hp_loss":0,"event_name":"Golden Idol","floor":10,"gold_loss":0,"cards_obtained":["Injury"]}],"is_beta":false,"boss_relics":[],"items_purged_floors":[],"is_endless":false,"potions_floor_spawned":[1,8],"killed_by":"Slime Boss","ascension_level":3}}