{"host":"fxiazw3i8037yqwx","time":1612353119,"event":{"mods":["BaseMod","Colored Powertips","Downfall","Minty Spire (QoL Compilation)","Quick Restart","StSLib","The IronCluck"],"gold_per_floor":[99,119,119,136,146,165,165,179,16,16,1,101,171,181,192,297,297,297,307,321,471,484,484,484,484,484,484,484],"floor_reached":26,"language":"ENG","playtime":2062,"items_purged":["downfall:Malfunctioning"],"score":202,"play_id":"cd7bd3aa-4d2e-4eb9-9716-da10d10edaa8","local_time":"20210203115159","is_ascension_mode":false,"campfire_choices":[{"data":"Slimebound:Split","floor":1,"key":"SMITH"},{"data":"Slimebound:Gluttony","floor":10,"key":"SMITH"},{"data":"Slimebound:GoopSpray","floor":18,"key":"SMITH"},{"floor":23,"key":"REST"},{"data":"Slimebound:RejuvenatingLick","floor":25,"key":"SMITH"}],"circlet_count":0,"master_deck":["Slimebound:Strike_Slimebound+1","Slimebound:Strike_Slimebound","Slimebound:Strike_Slimebound","Slimebound:Tackle","Slimebound:Defend_Slimebound","Slimebound:Defend_Slimebound","Slimebound:Defend_Slimebound+1","Slimebound:Defend_Slimebound","Slimebound:Split+1","Slimebound:CorrosiveSpit+1","Slimebound:Gluttony+1","Slimebound:GoopSpray","Slimebound:SlimeBarrage","Slimebound:Replication","Slimebound:AcidTongue","Slimebound:AcidTongue","Slimebound:Repurpose","Slimebound:SplitMire","Slimebound:GoopSpray+1","Slimebound:LeechingTouch","Slimebound:LeechEnergy","Slimebound:SlimeSpikes","Slimebound:LeechLife","Slimebound:RejuvenatingLick+1","Slimebound:LeechEnergy","Slimebound:ItLooksTasty","Slimebound:LeechingTouch"],"relics":["Slimebound:AbsorbEndCombat","Bag of Marbles","downfall:CloakOfManyFaces","CultistMask","FaceOfCleric","NlothsMask","GremlinMask","SsserpentHead","Sozu","CaptainsWheel","Question Card"],"acts_visited":["Exordium","TheCity"],"potions_floor_usage":[9,16,21],"damage_taken":[{"damage":11,"enemies":"2 Louse","floor":2,"turns":4},{"damage":6,"enemies":"Jaw Worm","floor":4,"turns":4},{"damage":4,"enemies":"Cultist","floor":5,"turns":4},{"damage":9,"enemies":"Blue Slaver","floor":6,"turns":5},{"damage":3,"enemies":"Large Slime","floor":8,"turns":4},{"damage":13,"enemies":"downfall:FleeingMerchant","floor":9,"turns":4},{"damage":11,"enemies":"downfall:FleeingMerchant","floor":11,"turns":4},{"damage":27,"enemies":"downfall:FaceTrader","floor":12,"turns":8},{"damage":11,"enemies":"3 Louse","floor":13,"turns":3},{"damage":11,"enemies":"Blue Slaver","floor":14,"turns":3},{"damage":0,"enemies":"Red Slaver","floor":15,"turns":3},{"damage":6,"enemies":"WA_ARCHETYPE_RETAIN","floor":16,"turns":6},{"damage":7,"enemies":"Shell Parasite","floor":19,"turns":4},{"damage":20,"enemies":"3 Cultists","floor":20,"turns":5},{"damage":52,"enemies":"Colosseum Nobs","floor":21,"turns":7},{"damage":22,"enemies":"Snake Plant","floor":22,"turns":4},{"damage":41,"enemies":"Slavers","floor":26,"turns":5}],"seed_played":"-3692349661686552601","potions_obtained":[{"floor":5,"key":"hexamod:SoulburnPotion"},{"floor":12,"key":"Ancient Potion"},{"floor":14,"key":"Slimebound:ThreeZeroPotion"},{"floor":15,"key":"sneckomod:MuddlingPotion"},{"floor":16,"key":"SteroidPotion"}],"is_trial":false,"path_per_floor":["R","M","?","M","M","M","T","M","$","R","$","?","M","M","M","B",null,"R","M","M","?","M","R","T","R","E"],"character_chosen":"SLIMEBOUND","items_purchased":["Slimebound:Repurpose"],"campfire_rested":1,"item_purchase_floors":[9],"current_hp_per_floor":[71,60,60,58,60,55,55,60,55,55,52,33,29,21,28,31,75,75,76,63,20,7,30,30,30,0,0,0],"gold":484,"neow_bonus":"TEN_PERCENT_HP_BONUS","is_daily":false,"chose_seed":false,"campfire_upgraded":4,"win_rate":0.0,"timestamp":1612353119,"path_taken":["R","M","?","M","M","M","T","M","$","R","?","?","?","M","M","BOSS","R","M","M","?","M","R","T","R","E"],"items_purchased_type":["Card"],"build_version":"2020-12-22","purchased_purges":1,"victory":false,"max_hp_per_floor":[71,71,71,71,71,71,71,71,71,71,71,71,72,73,74,75,75,75,76,77,78,79,79,79,79,79,79,79],"card_choices":[{"not_picked":["Slimebound:LeechEnergy","Slimebound:GrowthPunch"],"picked":"Slimebound:Gluttony","floor":2},{"not_picked":["Slimebound:AcidTongue","Slimebound:DisruptingSlam"],"picked":"Slimebound:GoopSpray","floor":4},{"not_picked":["Slimebound:SplitAcid","Slimebound:LeechingTouch"],"picked":"Slimebound:SlimeBarrage","floor":5},{"not_picked":["Slimebound:FlameTackle","Slimebound:FinishingTackle"],"picked":"Slimebound:Replication","floor":6},{"not_picked":["Slimebound:ItLooksTasty","Slimebound:Equalize"],"picked":"Slimebound:AcidTongue","floor":8},{"not_picked":["Slimebound:Gluttony","Slimebound:HauntingLick"],"picked":"Slimebound:AcidTongue","floor":9},{"not_picked":["Slimebound:ForwardTackle","Slimebound:FirmFortitude"],"picked":"Slimebound:SplitMire","floor":11},{"not_picked":["Slimebound:ForwardTackle","Slimebound:RollThrough"],"picked":"Slimebound:GoopSpray","floor":12},{"not_picked":["Slimebound:ProtectTheBoss","Slimebound:LeadByExample"],"picked":"Slimebound:LeechingTouch","floor":13},{"not_picked":["Slimebound:Chomp","Slimebound:PressTheAttack"],"picked":"Slimebound:LeechEnergy","floor":14},{"not_picked":["Slimebound:Gluttony","Slimebound:GrowthPunch"],"picked":"Slimebound:SlimeSpikes","floor":15},{"not_picked":["Slimebound:RallyTheTroops","Slimebound:SelfFormingGoo"],"picked":"Slimebound:LeechLife","floor":16},{"not_picked":["Slimebound:Chomp","Slimebound:FlameTackle+1"],"picked":"Slimebound:RejuvenatingLick","floor":19},{"not_picked":["Slimebound:AcidTongue","Slimebound:ComboTackle"],"picked":"Slimebound:LeechEnergy","floor":20},{"not_picked":["Slimebound:FinishingTackle","Slimebound:GoopSpray"],"picked":"Slimebound:ItLooksTasty","floor":21},{"not_picked":["Slimebound:SlimeBrawl","Slimebound:GoopSpray","Slimebound:TongueLash"],"picked":"Slimebound:LeechingTouch","floor":22}],"player_experience":767539,"relics_obtained":[{"floor":7,"key":"Bag of Marbles"},{"floor":12,"key":"downfall:CloakOfManyFaces"},{"floor":21,"key":"CaptainsWheel"},{"floor":21,"key":"Question Card"}],"event_choices":[],"is_beta":false,"boss_relics":[{"not_picked":["Cursed Key","Tiny House"],"picked":"Sozu"}],"items_purged_floors":[9],"is_endless":false,"potions_floor_spawned":[5,12,14,15,16,19,22],"killed_by":"Slavers","ascension_level":0}}