{"host":"jumrmhf584hajrnz","time":1612353394,"event":{"mods":["BaseMod","Duelist Mod","GifTheSpireLib","Minty Spire (QoL Compilation)","Quick Restart","StSLib"],"gold_per_floor":[137,148,148,148,164,164,198,198,198,273,308,107,133,94,94,171,171,183,197,197,197,197,197,227,227,227,238,238,238],"floor_reached":28,"language":"ENG","playtime":945,"items_purged":[],"score":504,"play_id":"13004a08-d67b-410f-9c79-512dda6301eb","local_time":"20210203125634","is_ascension_mode":true,"campfire_choices":[{"floor":6,"key":"RECALL"},{"floor":8,"key":"REST"},{"data":"theDuelist:FallenAngelRoses","floor":15,"key":"SMITH"},{"floor":23,"key":"REST"},{"floor":25,"key":"REST"}],"circlet_count":0,"master_deck":["AscendersBane","theDuelist:DarkworldThorns","theDuelist:Sparks","theDuelist:AngelTrumpeter","theDuelist:RainbowOverdragon+1","theDuelist:CastleWalls","theDuelist:RevivalRose","theDuelist:PredaplantFlytrap","theDuelist:CactusBouncer","theDuelist:JerryBeansMan","theDuelist:JerryBeansMan","theDuelist:Inmato","theDuelist:Sparks","theDuelist:SuperSolarNutrient","theDuelist:CastleWalls","theDuelist:FallenAngelRoses+1","theDuelist:BlueRoseDragon","theDuelist:KamionTimelord","theDuelist:LightningDarts","theDuelist:VioletCrystal","theDuelist:KamionTimelord","theDuelist:FluteKuriboh","theDuelist:LonefireBlossom+1","theDuelist:SummoningCurse","theDuelist:MillenniumGolem","theDuelist:KamionTimelord"],"relics":["theDuelist:MillenniumPuzzle","theDuelist:CardPoolRelic","theDuelist:CardPoolBasicRelic","theDuelist:BoosterPackPoolRelic","theDuelist:CardPoolAddRelic","theDuelist:CardPoolMinusRelic","theDuelist:CardPoolSaveRelic","theDuelist:CardPoolOptionsRelic","NeowsBlessing","Mercury Hourglass","theDuelist:ZoneToken","Kunai","theDuelist:HauntedRelic","theDuelist:MillenniumNecklace","Frozen Egg 2","Lizard Tail"],"acts_visited":["Exordium","TheCity"],"potions_floor_usage":[7,16,28],"damage_taken":[{"damage":0,"enemies":"Cultist","floor":1,"turns":1},{"damage":0,"enemies":"Jaw Worm","floor":2,"turns":1},{"damage":0,"enemies":"2 Louse","floor":5,"turns":1},{"damage":19,"enemies":"Gremlin Nob","floor":7,"turns":4},{"damage":10,"enemies":"Lagavulin","floor":11,"turns":5},{"damage":1,"enemies":"Gremlin Nob","floor":13,"turns":3},{"damage":12,"enemies":"Hexaghost","floor":16,"turns":7},{"damage":9,"enemies":"Shell Parasite","floor":18,"turns":3},{"damage":10,"enemies":"2 Thieves","floor":19,"turns":2},{"damage":25,"enemies":"Slavers","floor":24,"turns":3},{"damage":51,"enemies":"Centurion and Healer","floor":27,"turns":4},{"damage":0,"enemies":"Snake Plant","floor":28,"turns":2}],"seed_played":"8176190782396626811","potions_obtained":[{"floor":2,"key":"Fire Potion"},{"floor":7,"key":"theDuelist:TokenPotionB"},{"floor":18,"key":"theDuelist:SealedPack"},{"floor":24,"key":"theDuelist:LavaBottle"},{"floor":27,"key":"theDuelist:ElectricBrew"}],"is_trial":false,"path_per_floor":["M","M","?","?","M","R","E","R","T","?","E","$","E","$","R","B",null,"M","M","?","?","?","R","E","R","T","M","M"],"character_chosen":"THE_DUELIST","items_purchased":["theDuelist:BlueRoseDragon","theDuelist:KamionTimelord","theDuelist:VioletCrystal"],"campfire_rested":3,"item_purchase_floors":[12,12,14],"current_hp_per_floor":[63,63,63,63,63,63,44,65,65,54,44,44,43,43,43,31,60,51,41,41,41,41,62,37,58,58,7,7,7],"gold":238,"neow_bonus":"THREE_ENEMY_KILL","is_daily":false,"chose_seed":false,"campfire_upgraded":1,"win_rate":0.0,"timestamp":1612353394,"path_taken":["M","M","?","?","M","R","E","R","T","?","E","$","E","?","R","BOSS","M","M","?","?","?","R","E","R","T","M","M"],"items_purchased_type":["Card","Card","Card"],"build_version":"2020-12-22","purchased_purges":0,"victory":false,"max_hp_per_floor":[70,70,70,70,70,70,70,70,70,70,70,70,70,70,70,70,70,70,70,70,70,70,70,70,70,70,70,70,70],"card_choices":[{"not_picked":["theDuelist:PlantFoodChain","theDuelist:KamionTimelord","theDuelist:HeartUnderdog","theDuelist:Gigaplant"],"picked":"theDuelist:RevivalRose","floor":1},{"not_picked":["theDuelist:MudGolem","theDuelist:Mudora","theDuelist:GraniteLoyalist","theDuelist:HammerShot"],"picked":"theDuelist:RainbowOverdragon","floor":2},{"not_picked":["theDuelist:BotanicalLion","theDuelist:CactusBouncer","theDuelist:PredaplantPterapenthes","theDuelist:Mudora"],"picked":"theDuelist:SuperSolarNutrient","floor":5},{"not_picked":["theDuelist:CactusBouncer","theDuelist:Firegrass","theDuelist:Inmato","theDuelist:ThornMalice"],"picked":"theDuelist:PredaplantFlytrap","floor":7},{"not_picked":["theDuelist:PredaplantPterapenthes","theDuelist:PredaplantSpinodionaea","theDuelist:WitchBlackRose","theDuelist:Reinforcements"],"picked":"theDuelist:FallenAngelRoses","floor":11},{"not_picked":["theDuelist:DarklordSuperbia","theDuelist:EarthquakeGiant","theDuelist:HammerShot","theDuelist:GaiaMidNightSun"],"picked":"theDuelist:LightningDarts","floor":13},{"not_picked":["theDuelist:PlantFoodChain","theDuelist:HeartUnderdog","theDuelist:QueenAngelRoses","theDuelist:PredaplantChimerafflesia"],"picked":"theDuelist:KamionTimelord","floor":16},{"not_picked":["theDuelist:BattleOx","theDuelist:EarthGiant","theDuelist:WormKing","theDuelist:BattleFootballer"],"picked":"theDuelist:FluteKuriboh","floor":18},{"not_picked":["theDuelist:CactusBouncer","theDuelist:Spore+1","theDuelist:WormApocalypse","theDuelist:MarkRose"],"picked":"theDuelist:LonefireBlossom+1","floor":19},{"not_picked":["theDuelist:PowerGiant","theDuelist:FutureFusion","theDuelist:WingedKuribohLv9+1","theDuelist:GraniteLoyalist"],"picked":"theDuelist:MillenniumGolem","floor":24},{"not_picked":["theDuelist:WhiteRoseDragon+1","theDuelist:BlueRoseDragon+1","theDuelist:BlackRoseDragon","theDuelist:BlackRoseMoonlight"],"picked":"theDuelist:KamionTimelord","floor":27}],"player_experience":1688090,"relics_obtained":[{"floor":7,"key":"Mercury Hourglass"},{"floor":11,"key":"theDuelist:ZoneToken"},{"floor":13,"key":"Kunai"},{"floor":24,"key":"Frozen Egg 2"},{"floor":26,"key":"Lizard Tail"}],"event_choices":[{"damage_healed":0,"gold_gain":0,"player_choice":"Leave","duelist":true,"damage_taken":0,"max_hp_gain":0,"max_hp_loss":0,"event_name":"Battle City","floor":3,"gold_loss":0},{"damage_healed":0,"gold_gain":0,"player_choice":"Grow","damage_taken":0,"max_hp_gain":0,"max_hp_loss":0,"event_name":"Living Wall","floor":4,"gold_loss":0,"cards_upgraded":["theDuelist:RainbowOverdragon"]},{"damage_healed":0,"gold_gain":75,"player_choice":"Gather Gold","damage_taken":11,"max_hp_gain":0,"max_hp_loss":0,"event_name":"World of Goop","floor":10,"gold_loss":0},{"damage_healed":0,"gold_gain":0,"player_choice":"Ignored","damage_taken":0,"max_hp_gain":0,"max_hp_loss":0,"event_name":"Ghosts","floor":20,"gold_loss":0},{"damage_healed":0,"gold_gain":0,"player_choice":"Leave","duelist":true,"damage_taken":0,"max_hp_gain":0,"max_hp_loss":0,"event_name":"Tomb of the Nameless","floor":21,"gold_loss":0},{"damage_healed":0,"gold_gain":0,"player_choice":"Took item - Received: Millennium Necklace","duelist":true,"damage_taken":0,"max_hp_gain":0,"max_hp_loss":0,"event_name":"Millennium Items","floor":22,"gold_loss":0}],"is_beta":false,"boss_relics":[{"not_picked":["SacredBark","Inserter"],"picked":"theDuelist:HauntedRelic"}],"items_purged_floors":[],"is_endless":false,"potions_floor_spawned":[2,7,18],"killed_by":"Snake Plant","ascension_level":20}}