{"host":"mw3dmj42qtkbha4b","time":1612349766,"event":{"mods":["BaseMod","Colored Map","Colored Powertips","DeckTracker","Minty Spire (QoL Compilation)","StSLib","SuperFastMode"],"gold_per_floor":[109,34,34,134,144,173,188,208,208,235,248,263,263,263],"floor_reached":13,"language":"KOR","playtime":319,"items_purged":[],"score":244,"play_id":"1063d7d4-6947-417d-b0b7-7b8f3ff2e4f6","local_time":"20210203195606","is_ascension_mode":true,"campfire_choices":[],"circlet_count":0,"master_deck":["AscendersBane","Strike_P","Strike_P","Strike_P","Strike_P","Defend_P","Defend_P","Defend_P","Eruption","Vigilance","Wallop","BattleHymn","Indignation"],"relics":["PureWater","NeowsBlessing","Bronze Scales","Letter Opener"],"acts_visited":["Exordium"],"potions_floor_usage":[13],"damage_taken":[{"damage":0.0,"enemies":"Cultist","floor":1.0,"turns":1.0},{"damage":0.0,"enemies":"Jaw Worm","floor":5.0,"turns":1.0},{"damage":0.0,"enemies":"3 Sentries","floor":6.0,"turns":2.0},{"damage":0.0,"enemies":"2 Louse","floor":7.0,"turns":2.0},{"damage":9.0,"enemies":"Large Slime","floor":8.0,"turns":4.0},{"damage":42.0,"enemies":"Lagavulin","floor":10.0,"turns":8.0},{"damage":4.0,"enemies":"Looter","floor":11.0,"turns":2.0},{"damage":0.0,"enemies":"Blue Slaver","floor":12.0,"turns":3.0},{"damage":29,"enemies":"Gremlin Nob","floor":13,"turns":2}],"seed_played":"1381796733630366661","potions_obtained":[{"floor":1.0,"key":"Dexterity Potion"},{"floor":5.0,"key":"Swift Potion"},{"floor":11.0,"key":"Swift Potion"},{"floor":12.0,"key":"Energy Potion"}],"is_trial":false,"path_per_floor":["M","?","$","?","M","E","M","M","T","E","M","M","E"],"character_chosen":"WATCHER","items_purchased":[],"campfire_rested":0,"item_purchase_floors":[],"current_hp_per_floor":[61,61,61,61,61,61,61,52,52,10,6,6,0,0],"gold":263,"neow_bonus":"THREE_ENEMY_KILL","is_daily":false,"chose_seed":false,"campfire_upgraded":0,"win_rate":0.0,"timestamp":1612349766,"path_taken":["M","?","$","?","M","E","M","M","T","E","?","M","E"],"items_purchased_type":[],"build_version":"2020-12-22","purchased_purges":0,"victory":false,"max_hp_per_floor":[68,68,68,68,68,68,68,68,68,68,68,68,68,68],"card_choices":[{"not_picked":["DeceiveReality","EmptyFist","Nirvana"],"picked":"SKIP","floor":1.0},{"not_picked":["SashWhip","Prostrate"],"picked":"Wallop","floor":5.0},{"not_picked":["ForeignInfluence","JustLucky","PathToVictory"],"picked":"SKIP","floor":6.0},{"not_picked":["FearNoEvil","EmptyFist","CarveReality"],"picked":"SKIP","floor":7.0},{"not_picked":["Wallop","Crescendo","Consecrate"],"picked":"SKIP","floor":8.0},{"not_picked":["Tantrum","ThirdEye"],"picked":"BattleHymn","floor":10.0},{"not_picked":["Evaluate","JustLucky"],"picked":"Indignation","floor":11.0},{"not_picked":["Prostrate","Crescendo","FollowUp"],"picked":"SKIP","floor":12.0}],"player_experience":1795004,"relics_obtained":[{"floor":6.0,"key":"Bronze Scales"},{"floor":10.0,"key":"Letter Opener"}],"event_choices":[{"cards_removed":["Defend_P"],"damage_healed":0.0,"max_hp_gain":0.0,"max_hp_loss":0.0,"gold_gain":0.0,"event_name":"The Cleric","player_choice":"Card Removal","floor":2.0,"gold_loss":75.0,"damage_taken":0.0},{"damage_healed":0.0,"max_hp_gain":0.0,"max_hp_loss":0.0,"gold_gain":100.0,"event_name":"Wheel of Change","player_choice":"Gold","floor":4.0,"gold_loss":0.0,"damage_taken":0.0}],"is_beta":false,"boss_relics":[],"items_purged_floors":[],"is_endless":false,"potions_floor_spawned":[1,5,11,12],"killed_by":"Gremlin Nob","ascension_level":20}}