{"host":"56xwnffi6e9z5l58","time":1612377357,"event":{"mods":["Aspiration","BaseMod","Better Match","Better Note","Better Sensory Stone","BetterRewards","Colored Map","Colored Powertips","Conspire","Downfall","GifTheSpireLib","Hermit","Highlight Path","Hubris","Infinite Spire","Key Reminder","Minty Spire (QoL Compilation)","Permanent Neow","Quick Restart","Rare Cards Sparkle","Replay The Spire","StSLib","Stuff the Spire","SuperFastMode","Unceasing Turn Reminder"],"gold_per_floor":[99,32,42,58,43,74,98,98,118,118,118,118],"floor_reached":10,"language":"ENG","playtime":396,"items_purged":[],"score":66,"play_id":"077d124a-780c-4b1d-b12c-e0c0ded52fc0","local_time":"20210204023557","is_ascension_mode":false,"campfire_choices":[{"floor":1,"key":"DIG"},{"data":"champ:UltimateStance","floor":8,"key":"SMITH"}],"circlet_count":0,"master_deck":["champ:Strike","champ:Strike","champ:Strike","champ:Strike","champ:Defend","champ:Defend","champ:Defend+1","champ:Defend","champ:Execute","champ:Taunt","champ:Devastate","champ:FocusedBerserking+1","champ:GladiatorStyle","champ:GladiatorStyle","champ:Duel","champ:ShieldWall","champ:HeartStrike","champ:UltimateStance+1","champ:CalledShot"],"relics":["champ:ChampionCrown","Pantograph","Anchor","War Paint"],"acts_visited":["Exordium"],"potions_floor_usage":[6],"damage_taken":[{"damage":10,"enemies":"downfall:FleeingMerchant","floor":2,"turns":4},{"damage":10,"enemies":"Cultist","floor":3,"turns":3},{"damage":15,"enemies":"Jaw Worm","floor":4,"turns":4},{"damage":21,"enemies":"downfall:FleeingMerchant","floor":5,"turns":4},{"damage":53,"enemies":"Gremlin Nob","floor":6,"turns":5},{"damage":15,"enemies":"Small Slimes","floor":9,"turns":5},{"damage":58,"enemies":"3 Sentries","floor":10,"turns":5}],"seed_played":"-1580870541751181224","potions_obtained":[{"floor":4,"key":"FearPotion"}],"is_trial":false,"path_per_floor":["R_BF","$","M","M","$","E","T","R","M","E"],"character_chosen":"THE_CHAMP","items_purchased":["champ:GladiatorStyle"],"campfire_rested":0,"item_purchase_floors":[2],"current_hp_per_floor":[90,90,90,90,84,46,46,46,46,0,0,0],"gold":118,"neow_bonus":"ONE_RANDOM_RARE_CARD","is_daily":false,"chose_seed":false,"campfire_upgraded":1,"win_rate":0.0,"timestamp":1612377357,"path_taken":["R_BF","?","M","M","$","E","T","R","M","E"],"items_purchased_type":["Card"],"build_version":"2020-12-22","purchased_purges":0,"victory":false,"max_hp_per_floor":[90,90,90,90,90,90,90,90,90,90,90,90],"card_choices":[{"not_picked":["champ:FalseCounter","champ:Circumvent"],"picked":"champ:FocusedBerserking","floor":2},{"not_picked":["champ:RapidStrikes","champ:Backstep"],"picked":"champ:Duel","floor":3},{"not_picked":["champ:Encircle","champ:FlashCut"],"picked":"champ:ShieldWall","floor":4},{"not_picked":["champ:SetATrap","champ:BladeFlurry"],"picked":"champ:HeartStrike","floor":5},{"not_picked":["champ:EnGarde","champ:Haymaker"],"picked":"champ:UltimateStance","floor":6},{"not_picked":["champ:AdrenalArmor","champ:EnGarde"],"picked":"champ:CalledShot","floor":9}],"player_experience":1006356,"relics_obtained":[{"floor":1,"key":"Pantograph"},{"floor":6,"key":"Anchor"},{"floor":7,"key":"War Paint"}],"event_choices":[],"is_beta":false,"boss_relics":[],"items_purged_floors":[],"is_endless":false,"potions_floor_spawned":[4],"killed_by":"3 Sentries","ascension_level":0}}