{"host":"y7b1p9nkx4idorr2","time":1612349782,"event":{"mods":["AchievementEnabler","Act Like it!","BaseMod","Colored Map","Downfall","GifTheSpireLib","Googly Eyes","Highlight Path","Mimic Mod","Minty Spire (QoL Compilation)","Shop Mod","Spicy Shops","StSLib","Unceasing Turn Reminder"],"gold_per_floor":[99,116,133,43,62,76,76,76,76,106,6,19,119,119,119,119],"floor_reached":14,"language":"ENG","playtime":692,"items_purged":["bronze:Strike"],"score":90,"play_id":"a8b3626c-49a9-4acf-99ee-0d1fd095f0b5","local_time":"20210203045622","is_ascension_mode":false,"campfire_choices":[{"floor":1,"key":"RECALL"},{"data":"bronze:Invalidate","floor":8,"key":"SMITH"},{"data":"bronze:Fortify","floor":11,"key":"SMITH"}],"circlet_count":0,"master_deck":["bronze:Strike","bronze:Strike","bronze:Strike","bronze:Defend","bronze:Defend","bronze:Defend","bronze:Defend","bronze:Replicate","bronze:Goto","bronze:FollowUp","bronze:GetLatest","bronze:FineTuning","bronze:Invalidate+1","bronze:Fortify+1","bronze:OilSpill","bronze:Flail","bronze:Overheat"],"relics":["bronze:BronzeCore","Gremlin Horn","Lantern","Bottled Flame","downfall:HeartBlessingRed","White Beast Statue"],"acts_visited":["Exordium"],"potions_floor_usage":[10,13,13],"damage_taken":[{"damage":0,"enemies":"Cultist","floor":2,"turns":4},{"damage":3,"enemies":"2 Louse","floor":3,"turns":3},{"damage":0,"enemies":"downfall:FleeingMerchant","floor":4,"turns":4},{"damage":0,"enemies":"Small Slimes","floor":5,"turns":2},{"damage":0,"enemies":"2 Fungi Beasts","floor":6,"turns":3},{"damage":10,"enemies":"3 Sentries","floor":10,"turns":6},{"damage":6,"enemies":"Exordium Wildlife","floor":12,"turns":3},{"damage":10,"enemies":"downfall:LadyInBlue","floor":13,"turns":3},{"damage":24,"enemies":"Gremlin Nob","floor":14,"turns":2}],"seed_played":"7478599420343941037","potions_obtained":[{"floor":2,"key":"Guardian:BlockOnCardUsePotion"},{"floor":10,"key":"hexamod:SoulburnPotion"},{"floor":12,"key":"SteroidPotion"},{"floor":13,"key":"SmokeBomb"},{"floor":13,"key":"Slimebound:ThreeZeroPotion"},{"floor":13,"key":"SneckoOil"},{"floor":13,"key":"DuplicationPotion"}],"is_trial":false,"path_per_floor":["R","M","M","$","M","M","T","R","?","E","R","M","?","E"],"character_chosen":"THE_AUTOMATON","items_purchased":[],"campfire_rested":0,"item_purchase_floors":[],"current_hp_per_floor":[77,77,74,74,74,74,74,74,49,39,39,33,23,0,0,0],"gold":119,"neow_bonus":"TEN_PERCENT_HP_BONUS","is_daily":false,"chose_seed":false,"campfire_upgraded":2,"win_rate":0.0,"timestamp":1612349782,"path_taken":["R","M","M","$","M","M","T","R","?","E","R","M","?","E"],"items_purchased_type":[],"build_version":"2020-12-22","purchased_purges":1,"victory":false,"max_hp_per_floor":[77,77,77,77,77,77,77,77,77,77,77,77,77,77,77,77],"card_choices":[{"not_picked":["bronze:CloningBeam","bronze:Turbo"],"picked":"bronze:FollowUp","floor":2},{"not_picked":["bronze:Branch","bronze:BugBarrage"],"picked":"bronze:GetLatest","floor":3},{"not_picked":["bronze:ClassDefault","bronze:Optimize"],"picked":"bronze:FineTuning","floor":4},{"not_picked":["bronze:Frontload","bronze:CutThrough"],"picked":"bronze:Invalidate","floor":5},{"not_picked":["bronze:Deprecate","bronze:BugBarrage"],"picked":"bronze:Fortify","floor":6},{"not_picked":["bronze:ThunderWave","bronze:Verify"],"picked":"bronze:OilSpill","floor":10},{"not_picked":["bronze:BugBarrage","bronze:Repair"],"picked":"bronze:Flail","floor":12},{"not_picked":["bronze:Backtrace","bronze:DelayedGuard"],"picked":"bronze:Overheat","floor":13}],"player_experience":2274490,"relics_obtained":[{"floor":7,"key":"Gremlin Horn"},{"floor":10,"key":"Bottled Flame"},{"floor":13,"key":"White Beast Statue"}],"event_choices":[{"damage_healed":0,"gold_gain":0,"player_choice":"Success","damage_taken":25,"relics_obtained":["Lantern"],"max_hp_gain":0,"max_hp_loss":0,"event_name":"Scrap Ooze","floor":9,"gold_loss":0}],"is_beta":false,"boss_relics":[],"items_purged_floors":[4],"is_endless":false,"potions_floor_spawned":[2,10,12,13],"killed_by":"Gremlin Nob","ascension_level":0}}