{"host":"ayh4nqhr0ddw4ozv","time":1612327854,"event":{"mods":["BaseMod","Minty Spire (QoL Compilation)","Relic Stats","Replay The Spire","Robot Space Explorer","StSLib"],"gold_per_floor":[116,126,126,51,51,83,83,100,126,126,139,6,20,47,47,47,47],"floor_reached":16,"language":"ENG","playtime":602,"items_purged":["RobotSpaceExplorer:Defend"],"score":312,"play_id":"cd240b32-0276-4c7b-97e7-3a60e41a98d4","local_time":"20210202205054","is_ascension_mode":true,"campfire_choices":[{"data":"RobotSpaceExplorer:MiniDrones","floor":7.0,"key":"SMITH"},{"data":"RobotSpaceExplorer:ShovelStrike","floor":10.0,"key":"SMITH"},{"data":"RobotSpaceExplorer:ExhaustFan","floor":15.0,"key":"SMITH"}],"circlet_count":0,"master_deck":["AscendersBane","RobotSpaceExplorer:Strike+1","RobotSpaceExplorer:Strike+1","RobotSpaceExplorer:Strike","RobotSpaceExplorer:Strike","RobotSpaceExplorer:Defend","RobotSpaceExplorer:Defend","RobotSpaceExplorer:Scan","RobotSpaceExplorer:MiniLasers","RobotSpaceExplorer:MiniDrones+1","RobotSpaceExplorer:ScrapMissile+1","RobotSpaceExplorer:FrostMissile","RobotSpaceExplorer:Accelerator","RobotSpaceExplorer:ShovelStrike+1","RobotSpaceExplorer:ExhaustFan+1","RobotSpaceExplorer:MiniDrones"],"relics":["RobotSpaceExplorer:RoboCore","NeowsBlessing","Simple Rune","Bag of Preparation","Potion Belt"],"acts_visited":["Exordium"],"potions_floor_usage":[16,16],"damage_taken":[{"damage":0.0,"enemies":"2 Louse","floor":1.0,"turns":1.0},{"damage":0.0,"enemies":"Small Slimes","floor":2.0,"turns":1.0},{"damage":0.0,"enemies":"Lagavulin","floor":6.0,"turns":1.0},{"damage":0.0,"enemies":"Cultist","floor":8.0,"turns":2.0},{"damage":0.0,"enemies":"Looter","floor":11.0,"turns":2.0},{"damage":0.0,"enemies":"Large Slime","floor":13.0,"turns":5.0},{"damage":0.0,"enemies":"Gremlin Nob","floor":14.0,"turns":3.0},{"damage":47,"enemies":"Hexaghost","floor":16,"turns":11}],"seed_played":"-2327939845831442507","potions_obtained":[{"floor":2.0,"key":"Block Potion"},{"floor":6.0,"key":"Fire Potion"},{"floor":14.0,"key":"Energy Potion"}],"is_trial":false,"path_per_floor":["M","M","?","?","?","E","R","M","T","R","M","$","M","E","R","B"],"character_chosen":"RobotSpaceExplorer","items_purchased":["RobotSpaceExplorer:MiniDrones"],"campfire_rested":0,"item_purchase_floors":[12],"current_hp_per_floor":[64,64,43,43,43,43,43,43,43,43,43,43,43,43,43,0,0],"gold":47,"neow_bonus":"THREE_ENEMY_KILL","is_daily":false,"chose_seed":false,"campfire_upgraded":3,"win_rate":0.0,"timestamp":1612327854,"path_taken":["M","M","?","?","?","E","R","M","T","R","M","$","?","E","R","BOSS"],"items_purchased_type":["Card"],"build_version":"2020-12-22","purchased_purges":1,"victory":false,"max_hp_per_floor":[71,71,71,71,71,71,71,71,71,71,71,71,71,71,71,71,71],"relic_stats":{"counters":[8,26],"Bag of Preparation":[8],"obtain_stats":[{"Potion Belt":14,"NeowsBlessing":0,"RobotSpaceExplorer:RoboCore":0,"Simple Rune":6,"Bag of Preparation":9},{"Potion Belt":7,"NeowsBlessing":0,"RobotSpaceExplorer:RoboCore":0,"Simple Rune":3,"Bag of Preparation":4},{"Potion Belt":15,"NeowsBlessing":0,"RobotSpaceExplorer:RoboCore":0,"Simple Rune":3,"Bag of Preparation":5}]},"card_choices":[{"not_picked":["RobotSpaceExplorer:SurgingShield","RobotSpaceExplorer:DoubleFind"],"picked":"RobotSpaceExplorer:MiniDrones","floor":1.0},{"not_picked":["RobotSpaceExplorer:DualCore","RobotSpaceExplorer:Electroshield"],"picked":"RobotSpaceExplorer:ScrapMissile","floor":2.0},{"not_picked":["RobotSpaceExplorer:ShockKick","RobotSpaceExplorer:Counterblock"],"picked":"RobotSpaceExplorer:Accelerator","floor":6.0},{"not_picked":["RobotSpaceExplorer:FrostMissile","RobotSpaceExplorer:SelfCleaning"],"picked":"RobotSpaceExplorer:ShovelStrike","floor":8.0},{"not_picked":["RobotSpaceExplorer:TurboDodge","RobotSpaceExplorer:GlueShot"],"picked":"RobotSpaceExplorer:ExhaustFan","floor":11.0},{"not_picked":["RobotSpaceExplorer:Discharger","RobotSpaceExplorer:SlimeMissile","RobotSpaceExplorer:StunGrenade"],"picked":"SKIP","floor":13.0},{"not_picked":["RobotSpaceExplorer:DoubleFind","RobotSpaceExplorer:SurgingShield","RobotSpaceExplorer:ImprovisedAttack"],"picked":"SKIP","floor":14.0}],"player_experience":417034,"relics_obtained":[{"floor":6.0,"key":"Simple Rune"},{"floor":9.0,"key":"Bag of Preparation"},{"floor":14.0,"key":"Potion Belt"}],"event_choices":[{"damage_healed":0.0,"max_hp_gain":0.0,"max_hp_loss":0.0,"gold_gain":0.0,"event_name":"Shining Light","player_choice":"Entered Light","floor":3.0,"gold_loss":0.0,"damage_taken":21.0,"cards_upgraded":["RobotSpaceExplorer:Strike","RobotSpaceExplorer:ScrapMissile"]},{"cards_removed":["RobotSpaceExplorer:Defend"],"damage_healed":0.0,"max_hp_gain":0.0,"max_hp_loss":0.0,"gold_gain":0.0,"event_name":"The Cleric","player_choice":"Card Removal","floor":4.0,"gold_loss":75.0,"damage_taken":0.0},{"damage_healed":0.0,"max_hp_gain":0.0,"max_hp_loss":0.0,"gold_gain":0.0,"event_name":"Match and Keep!","player_choice":"1 cards matched","floor":5.0,"gold_loss":0.0,"damage_taken":0.0,"cards_obtained":["RobotSpaceExplorer:FrostMissile"]}],"is_beta":false,"boss_relics":[],"items_purged_floors":[12],"is_endless":false,"potions_floor_spawned":[2,6,14],"killed_by":"Hexaghost","ascension_level":19}}