{"host":"sygfylmorsvdndbx","time":1612369818,"event":{"mods":["AchievementEnabler","BaseMod","Highlight Path","Minty Spire (QoL Compilation)","Permanent Neow","Quick Restart","Relic Stats"],"gold_per_floor":[113,113,113,133,151,151,185,185,210,237,250,265,19,39,39,135,135,147,127,127,52,67,67,92,92,92,103,103,103,103,103],"floor_reached":30,"language":"ENG","playtime":2367,"items_purged":[],"score":377,"play_id":"153fd727-ed27-4218-a85f-c990ce88e216","local_time":"20210203113018","is_ascension_mode":true,"campfire_choices":[{"data":"Headbutt","floor":6,"key":"SMITH"},{"data":"Inflame","floor":8,"key":"SMITH"},{"data":"Disarm","floor":15,"key":"SMITH"},{"data":"Cleave","floor":23,"key":"SMITH"},{"floor":25,"key":"REST"}],"circlet_count":0,"master_deck":["Strike_R","Strike_R","Defend_R","Bash+1","Battle Trance+1","True Grit+1","Evolve+1","Disarm+1","Headbutt+1","Power Through","Inflame+1","Ghostly Armor","Hemokinesis","Cleave+1","Twin Strike","Double Tap","Power Through","Flex+1","Twin Strike","Cleave+1"],"relics":["Astrolabe","NlothsMask","Oddly Smooth Stone","Bottled Lightning","Meat on the Bone","Empty Cage","Tiny Chest","Paper Frog","The Courier","Mummified Hand"],"acts_visited":["Exordium","TheCity"],"potions_floor_usage":[7,14,16,16,30],"damage_taken":[{"damage":0,"enemies":"2 Louse","floor":1,"turns":3},{"damage":3,"enemies":"Jaw Worm","floor":4,"turns":3},{"damage":0,"enemies":"Cultist","floor":5,"turns":4},{"damage":8,"enemies":"Gremlin Nob","floor":7,"turns":4},{"damage":4,"enemies":"Lagavulin","floor":10,"turns":7},{"damage":13,"enemies":"Exordium Thugs","floor":11,"turns":4},{"damage":2,"enemies":"3 Louse","floor":12,"turns":3},{"damage":2,"enemies":"Blue Slaver","floor":14,"turns":3},{"damage":23,"enemies":"The Guardian","floor":16,"turns":11},{"damage":0,"enemies":"3 Byrds","floor":18,"turns":5},{"damage":14,"enemies":"2 Thieves","floor":19,"turns":4},{"damage":35,"enemies":"Cultist and Chosen","floor":22,"turns":5},{"damage":32,"enemies":"Book of Stabbing","floor":24,"turns":8},{"damage":22,"enemies":"Sentry and Sphere","floor":27,"turns":7},{"damage":16,"enemies":"Centurion and Healer","floor":30,"turns":3}],"seed_played":"3890023721977852073","potions_obtained":[{"floor":4,"key":"Explosive Potion"},{"floor":5,"key":"EssenceOfSteel"},{"floor":7,"key":"Ancient Potion"},{"floor":12,"key":"Block Potion"},{"floor":14,"key":"Strength Potion"}],"is_trial":false,"path_per_floor":["M","?","?","M","M","R","E","R","T","E","M","M","$","M","R","B",null,"M","M","?","?","M","R","E","R","T","M","T","?","M"],"character_chosen":"IRONCLAD","items_purchased":["Meat on the Bone"],"campfire_rested":1,"item_purchase_floors":[13],"current_hp_per_floor":[72,72,72,69,69,69,61,61,61,57,44,42,42,52,52,41,70,70,56,56,56,33,33,13,37,37,27,27,12,0,0],"gold":103,"neow_bonus":"BOSS_RELIC","is_daily":false,"chose_seed":false,"campfire_upgraded":4,"win_rate":0.0,"timestamp":1612369818,"path_taken":["M","?","?","M","M","R","E","R","T","E","?","M","?","M","R","BOSS","M","M","?","?","M","R","E","R","T","M","?","?","M"],"items_purchased_type":["Relic"],"build_version":"2020-12-22","purchased_purges":0,"victory":false,"max_hp_per_floor":[80,80,80,80,80,80,80,80,80,80,80,80,80,80,80,80,80,80,80,80,80,80,80,80,80,80,80,80,85,85,85],"relic_stats":{"counters":[15,74],"Mummified Hand":[1],"Astrolabe":["Battle Trance","True Grit","Evolve"],"Tiny Chest":0,"obtain_stats":[{"Mummified Hand":28,"Astrolabe":0,"Oddly Smooth Stone":7,"Tiny Chest":20,"The Courier":26,"Bottled Lightning":10,"Empty Cage":17,"Burning Blood":0,"NlothsMask":3,"Meat on the Bone":13,"Paper Frog":24},{"Mummified Hand":14,"Astrolabe":0,"Oddly Smooth Stone":4,"Tiny Chest":11,"The Courier":13,"Bottled Lightning":5,"Empty Cage":9,"Burning Blood":0,"NlothsMask":1,"Meat on the Bone":7,"Paper Frog":13},{"Mummified Hand":71,"Astrolabe":0,"Oddly Smooth Stone":14,"Tiny Chest":51,"The Courier":64,"Bottled Lightning":21,"Empty Cage":42,"Burning Blood":0,"NlothsMask":3,"Meat on the Bone":28,"Paper Frog":64}],"Meat on the Bone":60},"card_choices":[{"not_picked":["Perfected Strike","Shockwave"],"picked":"Disarm","floor":1},{"not_picked":["Havoc","Searing Blow"],"picked":"Headbutt","floor":4},{"not_picked":["Dual Wield","Iron Wave"],"picked":"Power Through","floor":5},{"not_picked":["Fire Breathing","Burning Pact"],"picked":"Inflame","floor":7},{"not_picked":["Fire Breathing","Iron Wave"],"picked":"Ghostly Armor","floor":10},{"not_picked":["Heavy Blade","True Grit"],"picked":"Hemokinesis","floor":11},{"not_picked":["Blood for Blood","Ghostly Armor"],"picked":"Cleave","floor":12},{"not_picked":["Clash","Pommel Strike"],"picked":"Twin Strike","floor":14},{"not_picked":["Limit Break","Bludgeon"],"picked":"Double Tap","floor":16},{"not_picked":["Havoc","Warcry"],"picked":"Power Through","floor":18},{"not_picked":["Clothesline","Iron Wave"],"picked":"Flex+1","floor":19},{"not_picked":["Body Slam","Searing Blow"],"picked":"Twin Strike","floor":22},{"not_picked":["Clash","Anger","Headbutt"],"picked":"SKIP","floor":24},{"not_picked":["Havoc","Battle Trance"],"picked":"Cleave+1","floor":27}],"player_experience":407653,"relics_obtained":[{"floor":7,"key":"Oddly Smooth Stone"},{"floor":10,"key":"Bottled Lightning"},{"floor":24,"key":"Paper Frog"},{"floor":26,"key":"The Courier"},{"floor":28,"key":"Mummified Hand"}],"event_choices":[{"damage_healed":0,"gold_gain":0,"player_choice":"Grow","damage_taken":0,"max_hp_gain":0,"max_hp_loss":0,"event_name":"Living Wall","floor":2,"gold_loss":0,"cards_upgraded":["Bash"]},{"damage_healed":0,"gold_gain":0,"player_choice":"Trade","damage_taken":0,"relics_obtained":["NlothsMask"],"max_hp_gain":0,"max_hp_loss":0,"event_name":"FaceTrader","floor":3,"gold_loss":0},{"damage_healed":0,"gold_gain":0,"player_choice":"Opened","damage_taken":0,"relics_obtained":["Tiny Chest"],"max_hp_gain":0,"max_hp_loss":0,"event_name":"The Mausoleum","floor":20,"gold_loss":0},{"cards_removed":["Defend_R"],"damage_healed":0,"gold_gain":0,"player_choice":"Gave Gold","damage_taken":0,"max_hp_gain":0,"max_hp_loss":0,"event_name":"Beggar","floor":21,"gold_loss":75},{"damage_healed":0,"gold_gain":0,"player_choice":"Shed Blood","damage_taken":20,"max_hp_gain":5,"max_hp_loss":0,"event_name":"Forgotten Altar","floor":29,"gold_loss":0}],"is_beta":false,"boss_relics":[{"not_picked":["Runic Cube","Fusion Hammer"],"picked":"Empty Cage"}],"items_purged_floors":[],"is_endless":false,"potions_floor_spawned":[4,5,7,12,14],"killed_by":"Centurion and Healer","ascension_level":9}}