{"host":"5w7hw1ne5h7avrl9","time":1612330462,"event":{"mods":["AchievementEnabler","BaseMod","Colored Map","Colored Powertips","Displayed Cursed Tome","Googly Eyes","Minty Spire (QoL Compilation)","SuperFastMode"],"gold_per_floor":[117,117,192,192,192,192,192,225,251,32,71,71,96,119,119,242,242,266,191,52,73,73,73,73],"floor_reached":23,"language":"ENG","playtime":1245,"items_purged":["Strike_B"],"score":215,"play_id":"10e2ef79-103b-4502-a378-69ce19679f94","local_time":"20210202213422","is_ascension_mode":true,"campfire_choices":[{"data":"Zap","floor":7,"key":"SMITH"},{"floor":12,"key":"REST"},{"floor":15,"key":"REST"}],"circlet_count":0,"master_deck":["Strike_B+1","Strike_B+1","Defend_B","Defend_B","Defend_B","Zap+1","Dualcast","Injury","Coolheaded","Doom and Gloom","Consume+1","Leap+1","Machine Learning","Tempest+1","Capacitor","White Noise+1","Conserve Battery+1","RitualDagger"],"relics":["Cracked Core","Gambling Chip","Golden Idol","Ornamental Fan","Whetstone","Medical Kit","Toxic Egg 2","Velvet Choker"],"acts_visited":["Exordium","TheCity"],"potions_floor_usage":[8],"damage_taken":[{"damage":0,"enemies":"Small Slimes","floor":1,"turns":2},{"damage":33,"enemies":"3 Sentries","floor":8,"turns":9},{"damage":28,"enemies":"Gremlin Nob","floor":11,"turns":5},{"damage":4,"enemies":"2 Louse","floor":13,"turns":2},{"damage":0,"enemies":"Jaw Worm","floor":14,"turns":4},{"damage":41,"enemies":"Hexaghost","floor":16,"turns":12},{"damage":21,"enemies":"Shell Parasite","floor":18,"turns":6},{"damage":5,"enemies":"Chosen","floor":21,"turns":3},{"damage":44,"enemies":"Slavers","floor":23,"turns":3}],"seed_played":"4578001183224533217","potions_obtained":[{"floor":1,"key":"Energy Potion"},{"floor":13,"key":"GamblersBrew"},{"floor":18,"key":"Block Potion"}],"is_trial":false,"path_per_floor":["M","?","?","?","?","?","R","E","T","$","E","R","M","M","R","B",null,"M","?","$","M","?","E"],"character_chosen":"DEFECT","items_purchased":["Medical Kit","Capacitor","White Noise+1"],"campfire_rested":2,"item_purchase_floors":[10,20,20],"current_hp_per_floor":[68,68,57,50,50,68,68,35,35,35,7,27,23,23,43,2,68,47,47,47,42,36,0,0],"gold":73,"neow_bonus":"ONE_RARE_RELIC","is_daily":false,"chose_seed":false,"campfire_upgraded":1,"win_rate":0.0,"timestamp":1612330462,"path_taken":["M","?","?","?","?","?","R","E","T","$","E","R","M","?","R","BOSS","M","?","$","M","?","E"],"items_purchased_type":["Relic","Card","Card"],"build_version":"2020-12-22","purchased_purges":1,"victory":false,"max_hp_per_floor":[68,68,68,68,68,68,68,68,68,68,68,68,68,68,68,68,68,68,68,68,68,68,68,68],"card_choices":[{"not_picked":["Hologram","Aggregate","Gash"],"picked":"SKIP","floor":1},{"not_picked":["Blizzard","Compile Driver"],"picked":"Coolheaded","floor":8},{"not_picked":["Auto Shields+1","Chill+1"],"picked":"Doom and Gloom","floor":11},{"not_picked":["Rip and Tear","Beam Cell"],"picked":"Consume+1","floor":13},{"not_picked":["Barrage","Steam+1"],"picked":"Leap+1","floor":14},{"not_picked":["Core Surge","Biased Cognition"],"picked":"Machine Learning","floor":16},{"not_picked":["Redo+1","Compile Driver"],"picked":"Tempest+1","floor":18},{"not_picked":["Coolheaded+1","Leap+1"],"picked":"Conserve Battery+1","floor":21}],"player_experience":161999,"relics_obtained":[{"floor":8,"key":"Ornamental Fan"},{"floor":9,"key":"Whetstone"},{"floor":11,"key":"Toxic Egg 2"}],"event_choices":[{"damage_healed":0,"gold_gain":0,"player_choice":"Ignored","damage_taken":0,"max_hp_gain":0,"max_hp_loss":0,"event_name":"Liars Game","floor":2,"gold_loss":0},{"damage_healed":0,"gold_gain":75,"player_choice":"Gather Gold","damage_taken":11,"max_hp_gain":0,"max_hp_loss":0,"event_name":"World of Goop","floor":3,"gold_loss":0},{"cards_removed":["Strike_B"],"damage_healed":0,"gold_gain":0,"player_choice":"Card Removal","damage_taken":7,"max_hp_gain":0,"max_hp_loss":0,"event_name":"Golden Wing","floor":4,"gold_loss":0},{"damage_healed":0,"gold_gain":0,"player_choice":"Take Wound","damage_taken":0,"relics_obtained":["Golden Idol"],"max_hp_gain":0,"max_hp_loss":0,"event_name":"Golden Idol","floor":5,"gold_loss":0,"cards_obtained":["Injury"]},{"damage_healed":18,"gold_gain":0,"player_choice":"Full Heal","damage_taken":0,"max_hp_gain":0,"max_hp_loss":0,"event_name":"Wheel of Change","floor":6,"gold_loss":0},{"cards_removed":["Defend_B"],"damage_healed":0,"gold_gain":0,"player_choice":"Gave Gold","damage_taken":0,"max_hp_gain":0,"max_hp_loss":0,"event_name":"Beggar","floor":19,"gold_loss":75},{"damage_healed":0,"gold_gain":0,"player_choice":"Joined the Cult","damage_taken":6,"max_hp_gain":0,"max_hp_loss":0,"event_name":"Nest","floor":22,"gold_loss":0,"cards_obtained":["RitualDagger"]}],"is_beta":false,"boss_relics":[{"not_picked":["Runic Pyramid","Cursed Key"],"picked":"Velvet Choker"}],"items_purged_floors":[10],"is_endless":false,"potions_floor_spawned":[1,13,18],"killed_by":"Slavers","ascension_level":2}}