{"host":"72j3if4hls1tefkc","time":1612333618,"event":{"mods":["AchievementEnabler","Always Whale","Aspiration","BaseMod","Beaked The Cultist","Colored Map","Conspire","FetchMod","Halation","Hermit","Hubris","Infinite Spire","Minty Spire (QoL Compilation)","Reliquary","Replay The Spire","Shop Mod","StSLib","The Bug Knight","The Construct","The Cursed","The Jungle","The Marked","The Necromancer","The Poker Player"],"gold_per_floor":[117,65,65,83,83,114,114,128,175,175,175,192,192,221,221,319,319,332,8,8,8,24,24,41,41,41],"floor_reached":25,"language":"ENG","playtime":1149,"items_purged":[],"score":234,"play_id":"42981afb-3ad5-4353-bf04-99f909ffa28c","local_time":"20210202232658","is_ascension_mode":false,"campfire_choices":[{"data":"hermit:Snapshot","floor":7,"key":"SMITH"},{"data":"hermit:Brawl","floor":15,"key":"SMITH"},{"floor":23,"key":"REST"}],"circlet_count":0,"master_deck":["hermit:Strike_Hermit","hermit:Strike_Hermit","hermit:Strike_Hermit","hermit:Strike_Hermit","hermit:Defend_Hermit","hermit:Defend_Hermit","hermit:Defend_Hermit","hermit:Defend_Hermit","hermit:Snapshot+1","hermit:Covet","hermit:Brawl+1","hermit:Vantage+1","hermit:GoldenBullet","hermit:ShadowCloak","TheCursedMod:VoidForm","hermit:WideOpen+1","hermit:Desperado+1","hermit:HeroicBravado","hermit:Misfire+1","hermit:TakeAim","TheCursedMod:RapidMovement","hermit:EyeOfTheStorm"],"relics":["hermit:Momento","NeowsBlessing","hubris:DisguiseKit","Incense Burner","Potion Belt","Blue Doll","Molten Egg 2","Replay:Bottled Steam","conspire:SlowCooker","aspiration:StickyExplosives_weak"],"acts_visited":["Exordium","TheCity"],"potions_floor_usage":[16],"damage_taken":[{"damage":0,"enemies":"2 Louse","floor":1,"turns":1},{"damage":0,"enemies":"Jaw Worm","floor":4,"turns":1},{"damage":0,"enemies":"Gremlin Nob","floor":6,"turns":1},{"damage":5,"enemies":"Small Slimes","floor":8,"turns":5},{"damage":1,"enemies":"Looter","floor":12,"turns":3},{"damage":16,"enemies":"3 Sentries","floor":14,"turns":9},{"damage":36,"enemies":"Hexaghost","floor":16,"turns":8},{"damage":23,"enemies":"Chosen","floor":18,"turns":5},{"damage":34,"enemies":"3 Byrds","floor":22,"turns":5},{"damage":30,"enemies":"Cultist and Chosen","floor":24,"turns":7},{"damage":15,"enemies":"Centurion and Healer","floor":25,"turns":2}],"seed_played":"395333170649109662","potions_obtained":[{"floor":12,"key":"SteroidPotion"},{"floor":14,"key":"hermit:BlackBile"},{"floor":16,"key":"Swift Potion"},{"floor":22,"key":"Ancient Potion"},{"floor":24,"key":"SpeedPotion"}],"is_trial":false,"path_per_floor":["M","$","?","M","?","E","R","M","T","?","T","M","?","E","R","B",null,"M","$","?","$","M","R","M","M"],"character_chosen":"HERMIT","items_purchased":["hermit:Vantage","aspiration:StickyExplosives_weak","hermit:TakeAim"],"campfire_rested":1,"item_purchase_floors":[2,19,19],"current_hp_per_floor":[75,75,75,75,75,75,75,70,70,70,70,69,69,53,53,17,75,52,52,52,52,18,40,10,0,0],"gold":41,"neow_bonus":"THREE_ENEMY_KILL","is_daily":false,"chose_seed":false,"campfire_upgraded":2,"win_rate":0.0,"timestamp":1612333618,"path_taken":["M","$","?","M","?","E","R","M","T","?","?","?","?","E","R","BOSS","M","$","?","$","M","R","M","M"],"items_purchased_type":["Card","Relic","Card"],"build_version":"2020-12-22","purchased_purges":0,"victory":false,"max_hp_per_floor":[75,75,75,75,75,75,75,75,75,75,75,75,75,75,75,75,75,75,75,75,75,75,75,75,75,75],"card_choices":[{"not_picked":["hermit:HoleUp","hermit:Ricochet"],"picked":"hermit:Brawl","floor":1},{"not_picked":["hermit:Brawl","hermit:Feint"],"picked":"hermit:GoldenBullet","floor":4},{"not_picked":["hermit:Headshot","hermit:Deadeye","TheCursedMod:Stretching"],"picked":"hermit:ShadowCloak","floor":6},{"not_picked":["hermit:Desperado","hermit:Grudge","hermit:Scavenge"],"picked":"TheCursedMod:VoidForm","floor":8},{"not_picked":["hermit:LuckOfTheDraw","hermit:FromBeyond","TheCursedMod:Mangle"],"picked":"hermit:WideOpen+1","floor":12},{"not_picked":["hermit:Brawl","hermit:HeroicBravado","TheCursedMod:Torture"],"picked":"hermit:Desperado+1","floor":14},{"not_picked":["hermit:Magnum+1","hermit:HighNoon","TheCursedMod:DemonicPact"],"picked":"hermit:HeroicBravado","floor":16},{"not_picked":["hermit:PistolWhip+1","hermit:SprayPray+1","TheCursedMod:CursedSpellbook"],"picked":"hermit:Misfire+1","floor":18},{"not_picked":["hermit:Roulette+1","hermit:LowProfile","hermit:LuckOfTheDraw"],"picked":"TheCursedMod:RapidMovement","floor":22},{"not_picked":["hermit:PistolWhip+1","hermit:FlashPowder","TheCursedMod:CircleOfAmplification"],"picked":"hermit:EyeOfTheStorm","floor":24}],"player_experience":366143,"relics_obtained":[{"floor":6,"key":"Incense Burner"},{"floor":9,"key":"Potion Belt"},{"floor":11,"key":"Molten Egg 2"},{"floor":14,"key":"Replay:Bottled Steam"}],"event_choices":[{"damage_healed":0,"gold_gain":0,"player_choice":"Searched \u00271\u0027 times","damage_taken":0,"relics_obtained":["Blue Doll"],"max_hp_gain":0,"max_hp_loss":0,"event_name":"Dead Adventurer","floor":10,"gold_loss":0},{"cards_removed":["Overencumbered"],"damage_healed":0,"gold_gain":0,"player_choice":"Removed Curses","damage_taken":0,"max_hp_gain":0,"max_hp_loss":0,"event_name":"Fountain of Cleansing","floor":13,"gold_loss":0},{"damage_healed":0,"gold_gain":0,"player_choice":"Leave","damage_taken":0,"max_hp_gain":0,"max_hp_loss":0,"event_name":"conspire:Investor","floor":20,"gold_loss":0}],"is_beta":false,"boss_relics":[{"not_picked":["ReplayTheSpireMod:DimensionalGlitch","halation:Yufonium"],"picked":"conspire:SlowCooker"}],"items_purged_floors":[],"is_endless":false,"potions_floor_spawned":[12,14,16,22,24],"killed_by":"Centurion and Healer","ascension_level":0}}