{"host":"g5fmetnswx4f9rhi","time":1612330438,"event":{"mods":["AchievementEnabler","Act Like it!","Aspiration","BaseMod","Conspire","Downfall","Friendly Minions","Gensokyo","GifTheSpireLib","Halation","Hallownest","Hubris","Koishi","Lobotomy","LobotomyExtend","Luminous","Mari Mod (Legacy)","Mari\u0027s V1 Patch","Marisa????????","Mimic Mod","Minty Spire (QoL Compilation)","Railgun Mod","Reimu??????","Remilia??????","Replay The Spire","StSLib","Td1madao Mod","The Administrix","The Alterego","The Animator","The Bladedancer","The Bug Knight","The Cursed","The Jungle","The Marked","The Senshi","The Servant 0.9.4","Yakumo Yukari mod","Yuri Mod"],"gold_per_floor":[99,115,115,115,115,115,115,150,174,74,74,94,94,128,142,245,245,145,164,164,164,164,164,164,164],"floor_reached":23,"language":"ENG","playtime":1850,"items_purged":[],"score":295,"play_id":"22354294-3eb7-4c47-9a77-ef08e308d6f4","local_time":"20210202233358","is_ascension_mode":false,"campfire_choices":[{"floor":6,"key":"RECALL"},{"floor":10,"key":"REST"},{"floor":18,"key":"DIG"}],"circlet_count":0,"master_deck":["hexamod:Strike","hexamod:Strike","hexamod:Strike","hexamod:Defend","hexamod:Defend","hexamod:Defend","hexamod:Sear","hexamod:Float","hexamod:WildfireWeapon+1","hexamod:ThermalTransfer","hexamod:SkipABeat","Amnesia","hexamod:NightmareGuise","hexamod:ExtraCrispy","hexamod:FirstSeal","hexamod:FourthSeal","hexamod:SkipABeat","hexamod:VolcanoVisage","hexamod:HauntingEcho","hexamod:ForkedFlame","TheCursedMod:Dregs","Hallucinations","Injury","hexamod:AdvancingGuard+1","Regret","hexamod:BurningTouch"],"relics":["hexamod:SpiritBrand","Ring of Fury","Ring of Panic","Replay:Bandana","hubris:GlazedTorus","downfall:HeartBlessingRed","Gensokyo:PortableGap","hubris:FunFungus","Replay:Ancient Bell","Dream Catcher","Snack Pack","Replay:PocketPolymizer","downfall:HeartBlessingGreen","hubris:TenFootPole","hubris:Towel"],"acts_visited":["Gensokyo:Gensokyo","TheCity"],"potions_floor_usage":[8,12,14,16,16,19,19],"damage_taken":[{"damage":0,"enemies":"Gensokyo:2_Kodama","floor":2,"turns":4},{"damage":48,"enemies":"Gensokyo:Cirno","floor":8,"turns":7},{"damage":2,"enemies":"Gensokyo:Python","floor":9,"turns":4},{"damage":3,"enemies":"Gensokyo:3_Fairies","floor":12,"turns":6},{"damage":25,"enemies":"Gensokyo:Aya","floor":14,"turns":6},{"damage":0,"enemies":"Gensokyo:VengefulSpirit","floor":15,"turns":4},{"damage":45,"enemies":"SI_SHIV_ARCHETYPE","floor":16,"turns":9},{"damage":9,"enemies":"Shell Parasite","floor":19,"turns":7},{"damage":0,"enemies":"Slavers","floor":23,"turns":1}],"seed_played":"3589583863814712540","potions_obtained":[{"floor":2,"key":"Adrenaline Potion"},{"floor":9,"key":"Guardian:BlockOnCardUsePotion"},{"floor":12,"key":"SneckoOil"},{"floor":14,"key":"SteroidPotion"},{"floor":15,"key":"Regen Potion"},{"floor":16,"key":"Explosive Potion"},{"floor":16,"key":"Dexterity Potion"},{"floor":19,"key":"CultistPotion"}],"is_trial":false,"path_per_floor":["R","M","?","?","?","R","T","E","M","R","T","M","?","E","M","B",null,"R","M","?","?","?","E"],"character_chosen":"THE_SPIRIT","items_purchased":[],"campfire_rested":1,"item_purchase_floors":[],"current_hp_per_floor":[70,70,70,70,70,70,70,22,20,41,41,45,45,27,37,16,63,63,60,60,60,60,60,60,60],"gold":164,"neow_bonus":"TRANSFORM_CARD","is_daily":false,"chose_seed":false,"campfire_upgraded":0,"win_rate":0.0,"timestamp":1612330438,"path_taken":["R","M","?","?","?","R","T","E","M","R","?","M","?","E","M","BOSS","R","M","?","?","?","E"],"items_purchased_type":[],"build_version":"2020-12-22","purchased_purges":0,"victory":false,"max_hp_per_floor":[70,70,70,70,70,70,70,70,70,70,70,70,63,63,63,63,63,63,60,60,60,60,60,60,60],"card_choices":[{"not_picked":["hexamod:Firestarter","hexamod:Incineration"],"picked":"hexamod:SkipABeat","floor":2},{"not_picked":["hexamod:BacktrackSmack","hexamod:HauntingEcho"],"picked":"hexamod:NightmareGuise","floor":5},{"not_picked":["hexamod:SwordOfDarkness","hexamod:HauntingEcho"],"picked":"hexamod:ExtraCrispy","floor":5},{"not_picked":["hexamod:Hexaguard","hexamod:WildfireWeapon"],"picked":"hexamod:FirstSeal","floor":8},{"not_picked":["hexamod:ThermalTransfer","hexamod:SoulSteal"],"picked":"hexamod:FourthSeal","floor":9},{"not_picked":["hexamod:ShieldOfDarkness","hexamod:SwordOfDarkness"],"picked":"hexamod:SkipABeat","floor":12},{"not_picked":["hexamod:FourthSeal","hexamod:ShieldOfDarkness"],"picked":"hexamod:VolcanoVisage","floor":14},{"not_picked":["hexamod:RetreatToShadows","hexamod:BacktrackSmack"],"picked":"hexamod:HauntingEcho","floor":15},{"not_picked":["hexamod:VolcanoVisage","hexamod:SixthSeal"],"picked":"hexamod:ForkedFlame","floor":16},{"not_picked":["Hallucinations","downfall:Bewildered"],"picked":"TheCursedMod:Dregs","floor":17},{"not_picked":["ReplayTheSpireMod:Doomed","Parasite"],"picked":"Hallucinations","floor":17},{"not_picked":["Voices","conspire:Blindness"],"picked":"Injury","floor":17},{"not_picked":["hexamod:SpectralAdrenaline","hexamod:RetreatToShadows"],"picked":"hexamod:AdvancingGuard+1","floor":19}],"player_experience":24869,"relics_obtained":[{"floor":3,"key":"Ring of Fury"},{"floor":3,"key":"Ring of Panic"},{"floor":7,"key":"Replay:Bandana"},{"floor":8,"key":"hubris:GlazedTorus"},{"floor":14,"key":"hubris:FunFungus"},{"floor":18,"key":"hubris:TenFootPole"}],"event_choices":[],"is_beta":false,"boss_relics":[{"not_picked":["Fusion Hammer","aspiration:DefectSkillbook"],"picked":"Replay:Ancient Bell"},{"not_picked":["halation:KoshaPiece","MawBank"],"picked":"Dream Catcher"},{"not_picked":["AntiCross","Eternal Feather"],"picked":"Snack Pack"},{"not_picked":["Unceasing Top","hubris:MedicalManual"],"picked":"Replay:PocketPolymizer"}],"items_purged_floors":[],"is_endless":false,"potions_floor_spawned":[2,9,16],"killed_by":"Slavers","ascension_level":0}}