{"host":"fa19f27vz2zfochh","time":1612379653,"event":{"mods":["Act Like it!","Aspiration","BaseMod","Better Third Choice","Conspire","Downfall","Energized Spire","Halation","Hallownest","Hubris","Infinite Spire","Ironclad Rager","Minty Spire (QoL Compilation)","Relic Stats","Replay The Spire","StSLib","The Bug Knight"],"gold_per_floor":[99,109,129,147,28,28,28,28,61,61,61,73,73,87,98,200,200,200,218,229,245,263,278,278,278,309,321,356,366,366,385,405,509,509,509,526,526,526,545,545,545,545,545,565,583,597,597,630,646,646],"floor_reached":51,"language":"ENG","playtime":2107,"items_purged":[],"score":847,"play_id":"0693945a-2dcd-40c4-a3d3-0322c832704e","local_time":"20210203201413","is_ascension_mode":true,"campfire_choices":[{"data":"bronze:Goto","floor":1.0,"key":"SMITH"},{"data":"bronze:Repair","floor":6.0,"key":"SMITH"},{"data":"bronze:Iterate","floor":11.0,"key":"SMITH"},{"data":"bronze:ChosenStrike","floor":13.0,"key":"SMITH"},{"data":"bronze:DelayedSlice","floor":18.0,"key":"SMITH"},{"floor":30.0,"key":"REST"},{"data":"bronze:Assembly","floor":35.0,"key":"SMITH"},{"data":"bronze:FineTuning","floor":40.0,"key":"SMITH"},{"data":"bronze:Branch","floor":43.0,"key":"SMITH"},{"floor":47.0,"key":"REST"}],"circlet_count":0,"master_deck":["bronze:Strike","bronze:Strike","bronze:Strike","bronze:Strike","bronze:Defend","bronze:Defend","bronze:Defend","bronze:Defend","bronze:Replicate+1","bronze:Goto+1","bronze:DelayedGuard","bronze:Repair+1","bronze:Branch+1","bronze:Iterate+1","bronze:FineTuning+1","bronze:ChosenStrike+1","bronze:WhirlingStrike","bronze:DelayedSlice+1","bronze:Assembly+1","bronze:Iterate+1","Terror+1"],"relics":["bronze:BronzeCore","hubris:Metronome","Replay:Rubber Ducky","aspiration:SilentSkillbook","Pear","halation:EternalFortune","Guardian:GemstoneGun","Strawberry","ChewingGum","hubris:Icosahedron","Replay:Ringing Soul","aspiration:SeaSaltIceCream","Chemical X"],"acts_visited":["Exordium","TheCity","TheBeyond"],"potions_floor_usage":[],"damage_taken":[{"damage":12.0,"enemies":"2 Louse","floor":2.0,"turns":3.0},{"damage":1.0,"enemies":"Cultist","floor":3.0,"turns":3.0},{"damage":8.0,"enemies":"infinitespire:Voidling","floor":4.0,"turns":3.0},{"damage":0.0,"enemies":"downfall:FleeingMerchant","floor":5.0,"turns":4.0},{"damage":6.0,"enemies":"Lagavulin","floor":9.0,"turns":6.0},{"damage":17.0,"enemies":"Large Slime","floor":12.0,"turns":4.0},{"damage":0.0,"enemies":"3 Louse","floor":14.0,"turns":1.0},{"damage":1.0,"enemies":"Gremlin Gang","floor":15.0,"turns":3.0},{"damage":23.0,"enemies":"WA_ARCHETYPE_RETAIN","floor":16.0,"turns":5.0},{"damage":0.0,"enemies":"3 Byrds","floor":19.0,"turns":3.0},{"damage":0.0,"enemies":"Spheric Guardian","floor":20.0,"turns":2.0},{"damage":0.0,"enemies":"Centurion and Healer","floor":21.0,"turns":4.0},{"damage":0.0,"enemies":"Sentry and Sphere","floor":22.0,"turns":1.0},{"damage":4.0,"enemies":"Chosen and Byrds","floor":23.0,"turns":3.0},{"damage":36.0,"enemies":"Book of Stabbing","floor":26.0,"turns":5.0},{"damage":7.0,"enemies":"Centurion and Healer","floor":27.0,"turns":3.0},{"damage":0.0,"enemies":"conspire:SneckoGhost","floor":28.0,"turns":3.0},{"damage":14.0,"enemies":"conspire:HollyBat","floor":29.0,"turns":4.0},{"damage":13.0,"enemies":"Snake Plant","floor":31.0,"turns":2.0},{"damage":0.0,"enemies":"Cultist and Chosen","floor":32.0,"turns":3.0},{"damage":92.0,"enemies":"IC_MUSHROOM_ARCHETYPE","floor":33.0,"turns":6.0},{"damage":13.0,"enemies":"3 Shapes","floor":36.0,"turns":2.0},{"damage":0.0,"enemies":"Orb Walker","floor":39.0,"turns":2.0},{"damage":14.0,"enemies":"Transient","floor":44.0,"turns":5.0},{"damage":0.0,"enemies":"3 Darklings","floor":45.0,"turns":3.0},{"damage":56.0,"enemies":"4 Shapes","floor":46.0,"turns":3.0},{"damage":36.0,"enemies":"Nemesis","floor":48.0,"turns":5.0},{"damage":6.0,"enemies":"Writhing Mass","floor":49.0,"turns":2.0},{"damage":61,"enemies":"DF_ARCHETYPE_ORBS","floor":50,"turns":6}],"seed_played":"7083651824634619287","potions_obtained":[{"floor":3.0,"key":"Elixir"},{"floor":12.0,"key":"LiquidBronze"},{"floor":14.0,"key":"Slimebound:ThreeZeroPotion"},{"floor":15.0,"key":"FairyPotion"},{"floor":23.0,"key":"Energy Potion"},{"floor":27.0,"key":"Fire Potion"},{"floor":44.0,"key":"Elixir"},{"floor":45.0,"key":"FairyPotion"}],"is_trial":false,"path_per_floor":["R","M","M","M","$","R","T","?","E","?","R","M","R","M","M","B",null,"R","M","M","M","M","M","T","?","E","M","E","M","R","M","M","B",null,"R","M","?","?","M","R","T","?","R","M","M","M","R","E","M","B",null],"character_chosen":"THE_AUTOMATON","items_purchased":["bronze:Iterate","bronze:FineTuning"],"campfire_rested":2,"item_purchase_floors":[5,5],"current_hp_per_floor":[70,58,57,56,63,63,63,63,64,64,64,57,57,57,67,51,70,70,70,70,70,70,70,80,83,47,51,68,64,90,77,87,2,90,90,87,87,87,87,87,87,87,87,76,86,40,67,44,44,22],"gold":646,"neow_bonus":"UPGRADE_CARD","is_daily":false,"chose_seed":false,"campfire_upgraded":8,"win_rate":0.0,"timestamp":1612379653,"path_taken":["R","M","M","M","$","R","T","?","E","?","R","M","R","?","M","BOSS","R","M","M","M","?","?","T","?","E","M","E","M","R","M","M","BOSS","R","M","?","?","M","R","T","?","R","M","M","M","R","E","M","BOSS"],"items_purchased_type":["Card","Card"],"build_version":"2020-12-22","purchased_purges":0,"victory":true,"max_hp_per_floor":[70,70,70,70,70,70,70,70,70,70,70,70,70,70,70,70,70,70,70,70,70,70,70,80,83,83,83,90,90,90,90,90,90,90,90,90,90,90,90,90,90,90,90,90,90,90,90,93,99,99],"relic_stats":{"counters":[29,99],"Chemical X":[0],"obtain_stats":[{"hubris:Metronome":7,"bronze:BronzeCore":0,"Pear":24,"Guardian:GemstoneGun":26,"aspiration:SeaSaltIceCream":48,"Replay:Rubber Ducky":9,"Replay:Ringing Soul":41,"hubris:Icosahedron":38,"Strawberry":28,"halation:EternalFortune":25,"aspiration:SilentSkillbook":17,"ChewingGum":34,"Chemical X":48},{"hubris:Metronome":4,"bronze:BronzeCore":0,"Pear":14,"Guardian:GemstoneGun":15,"aspiration:SeaSaltIceCream":27,"Replay:Rubber Ducky":5,"Replay:Ringing Soul":23,"hubris:Icosahedron":22,"Strawberry":17,"halation:EternalFortune":14,"aspiration:SilentSkillbook":9,"ChewingGum":21,"Chemical X":27},{"hubris:Metronome":13,"bronze:BronzeCore":0,"Pear":45,"Guardian:GemstoneGun":50,"aspiration:SeaSaltIceCream":91,"Replay:Rubber Ducky":19,"Replay:Ringing Soul":75,"hubris:Icosahedron":73,"Strawberry":56,"halation:EternalFortune":45,"aspiration:SilentSkillbook":32,"ChewingGum":71,"Chemical X":91}]},"card_choices":[{"not_picked":["bronze:BitShift","bronze:Optimize"],"picked":"bronze:DelayedGuard","floor":2.0},{"not_picked":["bronze:Frontload","bronze:Backtrace"],"picked":"bronze:Repair","floor":3.0},{"not_picked":["bronze:Fortify","bronze:BronzeOrb"],"picked":"bronze:Branch","floor":4.0},{"not_picked":["bronze:ItsAFeature","bronze:GetLatest","bronze:DelayedGuard"],"picked":"SKIP","floor":5.0},{"not_picked":["bronze:CloningBeam","bronze:OilSpill"],"picked":"bronze:ChosenStrike","floor":9.0},{"not_picked":["bronze:Fortify","bronze:Overheat"],"picked":"bronze:WhirlingStrike","floor":12.0},{"not_picked":["bronze:Overheat","bronze:OilSpill","bronze:GetLatest"],"picked":"SKIP","floor":14.0},{"not_picked":["bronze:BronzeOrb","bronze:BuggyMess"],"picked":"bronze:DelayedSlice","floor":15.0},{"not_picked":["bronze:ThunderWave","bronze:BurnOut"],"picked":"bronze:Assembly","floor":16.0},{"not_picked":["Slice","PiercingWail","Quick Slash","bronze:OilSpill"],"picked":"SKIP","floor":19.0},{"not_picked":["bronze:BronzeOrb","PiercingWail","bronze:Turbo+1","bronze:DelayedGuard"],"picked":"SKIP","floor":20.0},{"not_picked":["bronze:ForLoop+1","bronze:Frontload","bronze:WildBeam","Hidden Blade"],"picked":"SKIP","floor":21.0},{"not_picked":["Footwork","hubris:SlightOfHand","bronze:ChosenStrike+1","Hidden Blade"],"picked":"SKIP","floor":22.0},{"not_picked":["bronze:BuggyMess","hubris:Sniper+1","Reflex","Concentrate"],"picked":"SKIP","floor":23.0},{"not_picked":["Sucker Punch+1","Setup","hubris:Counter","ReplayTheSpireMod:Scrap Shanks"],"picked":"SKIP","floor":26.0},{"not_picked":["bronze:DelayedGuard","bronze:ThunderWave","Sneak Up","PiercingWail+1"],"picked":"SKIP","floor":27.0},{"not_picked":["Die Die Die","bronze:Turbo","ReplayTheSpireMod:Exploit Weakness+1","Cloak And Dagger"],"picked":"SKIP","floor":28.0},{"not_picked":["Sucker Punch","bronze:DelayedSlice","Blur+1","bronze:Separator"],"picked":"SKIP","floor":29.0},{"not_picked":["ReplayTheSpireMod:Tripwire+1","bronze:WildBeam","Leg Sweep","bronze:CutThrough"],"picked":"SKIP","floor":31.0},{"not_picked":["bronze:Repulsor+1","Poisoned Stab","Concentrate","Deadly Poison"],"picked":"SKIP","floor":32.0},{"not_picked":["bronze:Constructor+1","bronze:Shield+1","hubris:Sniper","Distraction"],"picked":"SKIP","floor":36.0},{"not_picked":["Sneak Up","Dash+1","Concentrate+1","bronze:BitShift"],"picked":"SKIP","floor":39.0},{"not_picked":["Flechettes","Hidden Blade+1","Bane","Finisher+1"],"picked":"SKIP","floor":44.0},{"not_picked":["hubris:Sniper","bronze:CutThrough+1","bronze:DelayedSlice+1","Flying Knee"],"picked":"SKIP","floor":45.0},{"not_picked":["bronze:WildBeam","Deflect","Cloak And Dagger+1","bronze:RecursiveStrike"],"picked":"SKIP","floor":46.0},{"not_picked":["bronze:BugBarrage+1","bronze:Constructor+1","bronze:CutThrough+1"],"picked":"bronze:Iterate+1","floor":48.0},{"not_picked":["Dash","bronze:OilSpill","PiercingWail+1"],"picked":"Terror+1","floor":49.0}],"player_experience":416923,"relics_obtained":[{"floor":7.0,"key":"hubris:Metronome"},{"floor":9.0,"key":"Replay:Rubber Ducky"},{"floor":24.0,"key":"Pear"},{"floor":26.0,"key":"Guardian:GemstoneGun"},{"floor":28.0,"key":"Strawberry"},{"floor":41.0,"key":"Replay:Ringing Soul"},{"floor":48.0,"key":"aspiration:SeaSaltIceCream"},{"floor":49.0,"key":"halation:EternalFortune"}],"event_choices":[{"damage_healed":0.0,"max_hp_gain":0.0,"max_hp_loss":0.0,"gold_gain":0.0,"event_name":"conspire:Investor","player_choice":"Leave","floor":37.0,"gold_loss":0.0,"damage_taken":0.0}],"is_beta":false,"boss_relics":[{"not_picked":["Pandora\u0027s Box","Runic Dome"],"picked":"aspiration:SilentSkillbook"},{"not_picked":["hubris:BlackHole","energizedSpire:SpiderWeb"],"picked":"ChewingGum"}],"items_purged_floors":[],"is_endless":false,"potions_floor_spawned":[3,12,14,15,16,21,22,23,27,29,44,45,46],"ascension_level":2}}