{"host":"iy2a593ihq2f18ts","time":1612343612,"event":{"mods":["2.2 Compatiblity","AchievementEnabler","BaseMod","Bestiary","Better Third Choice","Block Reminder","Card Forge","Curses Come First","Dark Map","Downfall","Energized Spire","Hermit","Marisa????????","Minty Spire (QoL Compilation)","Rare Cards Sparkle","Replay The Spire","StSLib","SuperFastMode","The Bug Knight","The Necromancer","The Runesmith","The Servant 0.9.4"],"gold_per_floor":[117,117,132,151,151,179,179,207,230,190,208,234,234,234,234,335,335,352,207,207,231,261,303,336,336,336,336,368,403,403,437,437,567,567,602,155,185,218,264,316,316,367,421,421,454,454,519,551,551,593],"floor_reached":51,"language":"ENG","playtime":1164,"items_purged":[],"score":1129,"play_id":"c03b6779-7625-4b68-83f5-05131949383f","local_time":"20210203011332","is_ascension_mode":true,"campfire_choices":[{"floor":7,"key":"REST"},{"floor":15,"key":"REST"},{"floor":25,"key":"REST"},{"floor":27,"key":"RECALL"},{"data":"Replay:Hum","floor":32,"key":"SMITH"},{"floor":41,"key":"REST"},{"floor":44,"key":"REST"},{"floor":49,"key":"REST"}],"circlet_count":0,"master_deck":["Eruption+1","Vigilance+1","ThirdEye+1","WindmillStrike+1","ThirdEye+1","FollowUp+1","ForeignInfluence+1","WheelKick+1","FlyingSleeves+1","Vengeance+1","FollowUp+1","CarveReality+1","FollowUp+1","Consecrate+1","BowlingBash+1","Replay:Hum+1","FollowUp+1","Flash of Steel+1","Tantrum+1","ReachHeaven+1"],"relics":["PureWater","Hammer of Thor","Seething Fire","Anvil of the Gods","Orichalcum","Bag of Marbles","Toy Ornithopter","Potion Belt","Ring of Hypnosis","NlothsMask","energizedSpire:CursedPentagram","Replay:Bandana","War Paint","Fusion Hammer","Pen Nib","ReplayTheSpireMod:Lightbulb","Calipers","Omamori","HollowMod:PaleOreRelic"],"acts_visited":["Exordium","TheCity","TheBeyond"],"potions_floor_usage":[8,16,33,33,33,38,50,50,50,50],"damage_taken":[{"damage":0,"enemies":"2 Louse","floor":1,"turns":2},{"damage":0,"enemies":"Cultist","floor":3,"turns":2},{"damage":0,"enemies":"Jaw Worm","floor":4,"turns":2},{"damage":9,"enemies":"Gremlin Nob","floor":6,"turns":4},{"damage":12,"enemies":"Lagavulin","floor":8,"turns":3},{"damage":2,"enemies":"3 Louse","floor":11,"turns":2},{"damage":0,"enemies":"Gremlin Nob","floor":12,"turns":2},{"damage":12,"enemies":"Fading Forest","floor":16,"turns":11},{"damage":3,"enemies":"Shell Parasite","floor":18,"turns":2},{"damage":0,"enemies":"2 Thieves","floor":21,"turns":1},{"damage":0,"enemies":"3 Cultists","floor":22,"turns":2},{"damage":0,"enemies":"Slavers","floor":23,"turns":1},{"damage":0,"enemies":"Centurion and Healer","floor":24,"turns":2},{"damage":0,"enemies":"Snake Plant","floor":28,"turns":2},{"damage":3,"enemies":"Cultist and Chosen","floor":29,"turns":2},{"damage":0,"enemies":"Centurion and Healer","floor":31,"turns":2},{"damage":34,"enemies":"Automaton","floor":33,"turns":5},{"damage":0,"enemies":"3 Darklings","floor":35,"turns":2},{"damage":0,"enemies":"Orb Walker","floor":37,"turns":2},{"damage":17,"enemies":"4 Shapes","floor":38,"turns":2},{"damage":0,"enemies":"Spire Growth","floor":39,"turns":2},{"damage":0,"enemies":"Nemesis","floor":40,"turns":1},{"damage":0,"enemies":"Maw","floor":42,"turns":4},{"damage":0,"enemies":"Sphere and 2 Shapes","floor":45,"turns":2},{"damage":0,"enemies":"Reptomancer","floor":47,"turns":2},{"damage":7,"enemies":"Spire Growth","floor":48,"turns":2},{"damage":75,"enemies":"Donu and Deca","floor":50,"turns":3}],"seed_played":"-4589285867033462684","potions_obtained":[{"floor":3,"key":"Death Potion"},{"floor":11,"key":"Venom Potion"},{"floor":12,"key":"hexamod:SoulburnPotion"},{"floor":16,"key":"Weak Potion"},{"floor":18,"key":"Regen Potion"},{"floor":23,"key":"BlessingOfTheForge"},{"floor":24,"key":"ColorlessPotion"},{"floor":35,"key":"AttackPotion"},{"floor":37,"key":"hexamod:SoulburnPotion"},{"floor":38,"key":"bronze:BurnAndBuffPotion"},{"floor":47,"key":"SmokeBomb"}],"is_trial":false,"path_per_floor":["M","$","M","M","?","E","R","E","T","$","M","E","?","?","R","B",null,"M","$","?","M","M","E","M","R","T","R","M","M","?","M","R","B",null,"M","$","M","M","M","E","R","M","T","R","M","?","E","M","R","B",null],"character_chosen":"WATCHER","items_purchased":["WheelKick","Replay:Bandana","Pen Nib","ReplayTheSpireMod:Lightbulb","Flash of Steel"],"campfire_rested":6,"item_purchase_floors":[10,19,36,36,36],"current_hp_per_floor":[72,72,72,72,72,63,72,60,60,60,58,58,58,58,72,60,72,69,69,69,69,69,69,69,72,72,72,72,69,72,72,72,38,72,72,72,72,55,55,55,72,72,72,72,72,72,72,65,72,6],"gold":593,"neow_bonus":"THREE_CARDS","is_daily":false,"chose_seed":false,"campfire_upgraded":1,"win_rate":0.0,"timestamp":1612343612,"path_taken":["M","$","M","M","?","E","R","E","T","$","?","E","?","?","R","BOSS","M","$","?","M","?","E","M","R","T","R","M","M","?","M","R","BOSS","M","$","M","M","?","E","R","M","T","R","M","?","E","M","R","BOSS"],"items_purchased_type":["Card","Relic","Relic","Relic","Card"],"build_version":"2020-12-22","purchased_purges":0,"victory":true,"max_hp_per_floor":[72,72,72,72,72,72,72,72,72,72,72,72,72,72,72,72,72,72,72,72,72,72,72,72,72,72,72,72,72,72,72,72,72,72,72,72,72,72,72,72,72,72,72,72,72,72,72,72,72,72],"card_choices":[{"not_picked":["Nirvana","LikeWater"],"picked":"ThirdEye","floor":0},{"not_picked":["Prostrate","ClearTheMind"],"picked":"WindmillStrike","floor":1},{"not_picked":["Fasting2","BowlingBash"],"picked":"ThirdEye","floor":3},{"not_picked":["Replay:AtTheReady","ClearTheMind"],"picked":"FollowUp","floor":4},{"not_picked":["Alpha","FlurryOfBlows"],"picked":"BowlingBash","floor":6},{"not_picked":["Evaluate","Protect"],"picked":"ForeignInfluence","floor":8},{"not_picked":["EmptyBody","DevaForm"],"picked":"FlyingSleeves","floor":11},{"not_picked":["Weave","EmptyMind"],"picked":"Vengeance","floor":12},{"not_picked":["Replay:Battleflow","LikeWater"],"picked":"FollowUp","floor":18},{"not_picked":["Wallop","Sanctity"],"picked":"CarveReality+1","floor":21},{"not_picked":["Protect","Replay:ManipulateFuture","Replay:AtTheReady"],"picked":"SKIP","floor":22},{"not_picked":["TalkToTheHand+1","BattleHymn+1"],"picked":"FollowUp","floor":23},{"not_picked":["Replay:ManipulateFuture","DeceiveReality","FlurryOfBlows"],"picked":"SKIP","floor":24},{"not_picked":["FollowUp","SignatureMove"],"picked":"Consecrate+1","floor":28},{"not_picked":["Wireheading","EmptyBody+1"],"picked":"BowlingBash+1","floor":29},{"not_picked":["JustLucky","Prostrate"],"picked":"Replay:Hum","floor":31},{"not_picked":["Protect+1","Sanctity+1"],"picked":"FollowUp","floor":35},{"not_picked":["Crescendo","FearNoEvil","Vengeance"],"picked":"SKIP","floor":37},{"not_picked":["Vengeance","FlurryOfBlows+1"],"picked":"Tantrum","floor":38},{"not_picked":["Replay:ManipulateFuture+1","Prostrate+1","ThirdEye"],"picked":"SKIP","floor":39},{"not_picked":["Sanctity+1","WaveOfTheHand+1","LikeWater+1"],"picked":"SKIP","floor":40},{"not_picked":["Replay:Anticipation+1","Nirvana","SandsOfTime"],"picked":"SKIP","floor":42},{"not_picked":["Pray","Replay:BluntJabs+1","PathToVictory"],"picked":"SKIP","floor":45},{"not_picked":["ThirdEye+1","Study+1","MentalFortress+1"],"picked":"SKIP","floor":47},{"not_picked":["Crescendo","Indignation"],"picked":"ReachHeaven","floor":48}],"player_experience":10975,"relics_obtained":[{"floor":6,"key":"Orichalcum"},{"floor":8,"key":"Bag of Marbles"},{"floor":9,"key":"Toy Ornithopter"},{"floor":12,"key":"Potion Belt"},{"floor":13,"key":"Ring of Hypnosis"},{"floor":23,"key":"War Paint"},{"floor":40,"key":"Calipers"},{"floor":43,"key":"Omamori"},{"floor":47,"key":"HollowMod:PaleOreRelic"}],"event_choices":[{"damage_healed":0,"gold_gain":0,"player_choice":"1 cards matched","damage_taken":0,"max_hp_gain":0,"max_hp_loss":0,"event_name":"Match and Keep!","floor":5,"gold_loss":0,"cards_obtained":["Delirium"]},{"damage_healed":0,"gold_gain":0,"player_choice":"Trade","damage_taken":0,"relics_obtained":["NlothsMask"],"max_hp_gain":0,"max_hp_loss":0,"event_name":"FaceTrader","floor":14,"gold_loss":0},{"cards_removed":["Defend_P"],"damage_healed":0,"gold_gain":0,"player_choice":"Purged","damage_taken":0,"max_hp_gain":0,"max_hp_loss":0,"event_name":"Purifier","floor":20,"gold_loss":0},{"cards_removed":["BowlingBash"],"damage_healed":5,"gold_gain":0,"player_choice":"Offered Common","damage_taken":0,"max_hp_gain":0,"max_hp_loss":0,"event_name":"Bonfire Elementals","floor":30,"gold_loss":0},{"cards_removed":["BowlingBash"],"damage_healed":5,"gold_gain":0,"player_choice":"Offered Special","damage_taken":0,"max_hp_gain":0,"max_hp_loss":0,"event_name":"Bonfire Elementals","floor":30,"gold_loss":0},{"damage_healed":0,"gold_gain":0,"player_choice":"Ignored","damage_taken":0,"max_hp_gain":0,"max_hp_loss":0,"event_name":"Mysterious Sphere","floor":46,"gold_loss":0}],"is_beta":false,"boss_relics":[{"not_picked":["Kintsugi","SlaversCollar"],"picked":"energizedSpire:CursedPentagram"},{"not_picked":["Painkiller Herb","Black Star"],"picked":"Fusion Hammer"}],"items_purged_floors":[],"is_endless":false,"potions_floor_spawned":[3,11,12,16,18,23,24,29,31,35,37,38,47,48],"ascension_level":3}}