{"host":"59wnhi65kiwmnpg4","time":1612371329,"event":{"mods":["2.2 Compatiblity","AchievementEnabler","BaseMod","BetterRewards","Colored Map","Custom Start","Disable Question Mark Monsters","Highlight Path","Minty Spire (QoL Compilation)","Permanent Neow","Relic Sorter","Relic Stats"],"gold_per_floor":[114,114,3,21,21,52,52,82,137,154,168,5,5,21,21,100,100,117,127,127,127,127],"floor_reached":21,"language":"ENG","playtime":867,"items_purged":["Strike_G"],"score":428,"play_id":"f52d94bc-4fa1-498a-a84e-83ecfde4e81a","local_time":"20210203165529","is_ascension_mode":true,"campfire_choices":[{"data":"Deadly Poison","floor":7.0,"key":"SMITH"},{"floor":13,"key":"REST"},{"data":"Skewer","floor":15,"key":"SMITH"}],"circlet_count":0,"master_deck":["AscendersBane","Strike_G","Strike_G","Strike_G","Defend_G","Defend_G","Defend_G","Defend_G","Survivor","Neutralize","Poisoned Stab","Dagger Spray","Bane","PiercingWail","Deadly Poison+1","All Out Attack","Footwork","Skewer+1","Concentrate","Footwork","PiercingWail","Malaise","PiercingWail"],"relics":["Ring of the Snake","NeowsBlessing","Toy Ornithopter","Paper Crane","Anchor","Cursed Key"],"acts_visited":["Exordium","TheCity"],"potions_floor_usage":[16,16,21],"damage_taken":[{"damage":0.0,"enemies":"Small Slimes","floor":1.0,"turns":1.0},{"damage":0.0,"enemies":"Cultist","floor":4.0,"turns":1.0},{"damage":0.0,"enemies":"Lagavulin","floor":6.0,"turns":1.0},{"damage":24.0,"enemies":"3 Sentries","floor":8.0,"turns":6.0},{"damage":2.0,"enemies":"Jaw Worm","floor":10.0,"turns":4.0},{"damage":14,"enemies":"Large Slime","floor":11,"turns":6},{"damage":9,"enemies":"2 Fungi Beasts","floor":14,"turns":3},{"damage":32,"enemies":"Slime Boss","floor":16,"turns":8},{"damage":23,"enemies":"3 Byrds","floor":18,"turns":6},{"damage":23,"enemies":"2 Thieves","floor":19,"turns":5},{"damage":12,"enemies":"Centurion and Healer","floor":21,"turns":7}],"seed_played":"-4672132053244820391","potions_obtained":[{"floor":6.0,"key":"Weak Potion"},{"floor":8.0,"key":"PowerPotion"},{"floor":10.0,"key":"SteroidPotion"},{"floor":18,"key":"SpeedPotion"}],"is_trial":false,"path_per_floor":["M","?","$","M","$","E","R","E","T","M","M","$","R","M","R","B",null,"M","M","?","M"],"character_chosen":"THE_SILENT","items_purchased":["Bane","PiercingWail","Footwork"],"campfire_rested":1,"item_purchase_floors":[3,3,12],"current_hp_per_floor":[59,59,59,59,59,59,59,35,35,33,19,19,38,29,29,7,51,28,5,5,0,0],"gold":127,"neow_bonus":"THREE_ENEMY_KILL","is_daily":false,"chose_seed":false,"campfire_upgraded":2,"win_rate":0.0,"timestamp":1612371329,"path_taken":["M","?","?","M","$","E","R","E","T","M","M","$","R","M","R","BOSS","M","M","?","?"],"items_purchased_type":["Card","Card","Card"],"build_version":"2020-12-22","purchased_purges":1,"victory":false,"max_hp_per_floor":[66,66,66,66,66,66,66,66,66,66,66,66,66,66,66,66,66,66,66,66,66,66],"relic_stats":{"counters":[11,48],"Cursed Key":0,"obtain_stats":[{"Anchor":9,"NeowsBlessing":0,"Paper Crane":8,"Cursed Key":17,"Toy Ornithopter":6,"Ring of the Snake":0},{"Anchor":4,"NeowsBlessing":0,"Paper Crane":4,"Cursed Key":8,"Toy Ornithopter":3,"Ring of the Snake":0},{"Anchor":9,"NeowsBlessing":0,"Paper Crane":9,"Cursed Key":30,"Toy Ornithopter":3,"Ring of the Snake":0}],"Toy Ornithopter":15,"Ring of the Snake":[22]},"card_choices":[{"not_picked":["Underhanded Strike","Flying Knee"],"picked":"Poisoned Stab","floor":1.0},{"not_picked":["Tactician","Well Laid Plans"],"picked":"Deadly Poison","floor":4.0},{"not_picked":["Flying Knee","Dagger Spray"],"picked":"All Out Attack","floor":6.0},{"not_picked":["Bane","Quick Slash"],"picked":"Footwork","floor":8.0},{"not_picked":["Sucker Punch","Quick Slash"],"picked":"Skewer","floor":10.0},{"not_picked":["Deflect","Outmaneuver"],"picked":"Concentrate","floor":11},{"not_picked":["Dagger Spray","Storm of Steel"],"picked":"PiercingWail","floor":14},{"not_picked":["Grand Finale","Night Terror"],"picked":"Malaise","floor":16},{"not_picked":["Cloak And Dagger","Slice","Eviscerate"],"picked":"SKIP","floor":18},{"not_picked":["Deflect","Blade Dance"],"picked":"PiercingWail","floor":19}],"player_experience":885369,"relics_obtained":[{"floor":6.0,"key":"Toy Ornithopter"},{"floor":8.0,"key":"Paper Crane"},{"floor":9.0,"key":"Anchor"}],"event_choices":[{"damage_healed":0.0,"max_hp_gain":0.0,"max_hp_loss":0.0,"gold_gain":0.0,"cards_transformed":["Defend_G"],"event_name":"Transmorgrifier","player_choice":"Transformed","floor":2.0,"gold_loss":0.0,"damage_taken":0.0,"cards_obtained":["Dagger Spray"]},{"cards_removed":["Strike_G"],"damage_healed":0,"gold_gain":0,"player_choice":"Purged","damage_taken":0,"max_hp_gain":0,"max_hp_loss":0,"event_name":"Purifier","floor":20,"gold_loss":0}],"is_beta":false,"boss_relics":[{"not_picked":["Pandora\u0027s Box","Empty Cage"],"picked":"Cursed Key"}],"items_purged_floors":[12],"is_endless":false,"potions_floor_spawned":[6,8,10,11,18],"killed_by":"Centurion and Healer","ascension_level":20}}