{"host":"d3b2x3wue20uj2ir","time":1612313943,"event":{"mods":["AchievementEnabler","BaseMod","Better Third Choice","BetterRewards","Exacting","FTL Soundtrack","Minty Spire (QoL Compilation)","Shop Mod","StSLib"],"gold_per_floor":[119,132,132,165,185,219,219,249,249,261,307,307,323,352,352,453,453,463,463,463,498,37,37,71,85,112,145,156,156,169,215,215,320,320,338,338,338,364,94,94,128,148,200,200,200],"floor_reached":44,"language":"ENG","playtime":2305,"items_purged":[],"score":734,"play_id":"4fc0c809-6e8a-4ab3-9f4a-03046362d890","local_time":"20210203105903","is_ascension_mode":true,"campfire_choices":[{"data":"White Noise","floor":7.0,"key":"SMITH"},{"floor":12.0,"key":"RECALL"},{"floor":15.0,"key":"REST"},{"data":"Berserk","floor":23.0,"key":"SMITH"},{"data":"Metallicize","floor":29.0,"key":"SMITH"},{"floor":32.0,"key":"REST"},{"data":"Barricade","floor":40.0,"key":"SMITH"}],"circlet_count":0,"master_deck":["Strike_R","Strike_R","Strike_R+1","Strike_R","Defend_R","Defend_R","Defend_R","Iron Wave+1","Master of Strategy","Perfected Strike","Rage","White Noise+1","Ghostly Armor","Havoc","Berserk+1","Shrug It Off","Flame Barrier","Body Slam+1","Infernal Blade","Shockwave","Impervious","Dark Embrace","Shockwave","Entrench","Metallicize+1","Perfected Strike+1","Dual Wield","Thunderclap+1","Armaments+1","Parasite","Feel No Pain","Fire Breathing","Flex","Iron Wave+1","Barricade+1","Feel No Pain+1","Madness","Madness","Impatience","PanicButton","Forethought","Carnage+1","Power Through","Flash of Steel+1","Shrug It Off+1","Spot Weakness+1","Shame"],"relics":["Burning Blood","MealTicket","Molten Egg 2","Letter Opener","Bronze Scales","Mummified Hand","Cursed Key","Red Skull","Happy Flower","Vajra","Ornamental Fan","Black Star","Whetstone","PreservedInsect","Mango","Art of War"],"acts_visited":["Exordium","TheCity","TheBeyond"],"potions_floor_usage":[44],"damage_taken":[{"damage":6.0,"enemies":"Jaw Worm","floor":1.0,"turns":3.0},{"damage":0.0,"enemies":"Cultist","floor":2.0,"turns":2.0},{"damage":0.0,"enemies":"2 Louse","floor":4.0,"turns":2.0},{"damage":14.0,"enemies":"Lots of Slimes","floor":5.0,"turns":5.0},{"damage":17.0,"enemies":"Gremlin Nob","floor":6.0,"turns":3.0},{"damage":19.0,"enemies":"3 Sentries","floor":8.0,"turns":6.0},{"damage":21.0,"enemies":"Exordium Thugs","floor":10.0,"turns":5.0},{"damage":13.0,"enemies":"Blue Slaver","floor":13.0,"turns":4.0},{"damage":12.0,"enemies":"Gremlin Nob","floor":14.0,"turns":4.0},{"damage":18.0,"enemies":"The Guardian","floor":16.0,"turns":8.0},{"damage":0.0,"enemies":"3 Byrds","floor":18.0,"turns":3.0},{"damage":0.0,"enemies":"2 Thieves","floor":21.0,"turns":3.0},{"damage":1.0,"enemies":"Shelled Parasite and Fungi","floor":24.0,"turns":5.0},{"damage":19.0,"enemies":"3 Cultists","floor":25.0,"turns":5.0},{"damage":18.0,"enemies":"Gremlin Leader","floor":27.0,"turns":6.0},{"damage":4.0,"enemies":"Snecko","floor":28.0,"turns":4.0},{"damage":10.0,"enemies":"Snake Plant","floor":30.0,"turns":2.0},{"damage":11.0,"enemies":"Slavers","floor":31.0,"turns":4.0},{"damage":4.0,"enemies":"Collector","floor":33.0,"turns":6.0},{"damage":0.0,"enemies":"Orb Walker","floor":35.0,"turns":3.0},{"damage":0.0,"enemies":"3 Darklings","floor":38.0,"turns":5.0},{"damage":3.0,"enemies":"Nemesis","floor":41.0,"turns":9.0},{"damage":43.0,"enemies":"Transient","floor":42.0,"turns":5.0},{"damage":50,"enemies":"Reptomancer","floor":44,"turns":2}],"seed_played":"858941148431604951","potions_obtained":[{"floor":2.0,"key":"AttackPotion"},{"floor":5.0,"key":"FearPotion"},{"floor":10.0,"key":"AttackPotion"},{"floor":13.0,"key":"EssenceOfSteel"},{"floor":14.0,"key":"AttackPotion"},{"floor":18.0,"key":"PowerPotion"},{"floor":21.0,"key":"Strength Potion"},{"floor":27.0,"key":"HeartOfIron"},{"floor":30.0,"key":"SteroidPotion"},{"floor":33.0,"key":"Weak Potion"},{"floor":38.0,"key":"Dexterity Potion"},{"floor":41.0,"key":"Energy Potion"}],"is_trial":false,"path_per_floor":["M","M","?","M","M","E","R","E","T","M","T","R","M","E","R","B",null,"M","?","?","M","$","R","M","M","T","E","M","R","M","E","R","B",null,"M","?","?","M","$","R","E","M","T","E"],"character_chosen":"IRONCLAD","items_purchased":["MealTicket","Iron Wave","Entrench","Metallicize","Perfected Strike+1","Red Skull","Dual Wield","Ancient Potion","Whetstone","Power Through","Flash of Steel+1"],"campfire_rested":2,"item_purchase_floors":[0,0,22,22,22,22,22,22,39,39,39],"current_hp_per_floor":[70,76,76,80,72,61,61,48,48,33,33,33,26,20,44,32,80,80,80,80,80,80,80,80,67,67,55,57,57,53,48,72,74,80,80,70,43,49,64,64,81,44,44,0,0],"gold":200,"neow_bonus":"","is_daily":false,"chose_seed":false,"campfire_upgraded":4,"win_rate":0.0,"timestamp":1612313943,"path_taken":["M","M","?","?","M","E","R","E","T","?","?","R","M","E","R","BOSS","M","?","?","?","?","R","M","?","T","E","M","R","M","E","R","BOSS","M","?","?","?","$","R","E","M","T","E"],"items_purchased_type":["Relic","Card","Card","Card","Card","Relic","Card","Potion","Relic","Card","Card"],"build_version":"2020-12-22","purchased_purges":0,"victory":false,"max_hp_per_floor":[80,80,80,80,80,80,80,80,80,80,80,80,80,80,80,80,80,80,80,80,80,80,80,80,80,80,80,80,80,80,80,80,80,80,80,80,80,80,80,80,94,94,94,94,94],"card_choices":[{"not_picked":["Rupture","Uppercut"],"picked":"Perfected Strike","floor":1.0},{"not_picked":["Heavy Blade","Spot Weakness"],"picked":"Rage","floor":2.0},{"not_picked":["Heavy Blade","Havoc"],"picked":"Ghostly Armor","floor":4.0},{"not_picked":["Blood for Blood","Battle Trance"],"picked":"Havoc","floor":5.0},{"not_picked":["Cleave","Shockwave"],"picked":"Berserk","floor":5.0},{"not_picked":["Blood for Blood+1","Warcry"],"picked":"Shrug It Off","floor":6.0},{"not_picked":["Blood for Blood+1","Battle Trance"],"picked":"Flame Barrier","floor":8.0},{"not_picked":["Infernal Blade","Havoc"],"picked":"Body Slam+1","floor":10.0},{"not_picked":["Pummel+1","Warcry"],"picked":"Infernal Blade","floor":13.0},{"not_picked":["Havoc","Warcry"],"picked":"Shockwave","floor":14.0},{"not_picked":["Juggernaut","Brutality"],"picked":"Impervious","floor":16.0},{"not_picked":["Havoc","Clothesline+1"],"picked":"Dark Embrace","floor":18.0},{"not_picked":["Evolve","Feel No Pain"],"picked":"Shockwave","floor":21.0},{"not_picked":["Uppercut+1","Cleave+1"],"picked":"Thunderclap+1","floor":24.0},{"not_picked":["Headbutt+1","Cleave+1"],"picked":"Armaments+1","floor":25.0},{"not_picked":["Feed+1","Whirlwind+1"],"picked":"Feel No Pain","floor":27.0},{"not_picked":["Flex","Headbutt+1"],"picked":"Fire Breathing","floor":28.0},{"not_picked":["Headbutt+1","Bloodletting"],"picked":"Flex","floor":30.0},{"not_picked":["Pommel Strike+1","Bloodletting"],"picked":"Iron Wave+1","floor":31.0},{"not_picked":["Feed+1","Fiend Fire+1"],"picked":"Barricade","floor":33.0},{"not_picked":["Power Through+1","Thunderclap+1"],"picked":"Feel No Pain+1","floor":35.0},{"not_picked":["Disarm","Combust"],"picked":"Carnage+1","floor":38.0},{"not_picked":["Twin Strike+1","Sword Boomerang+1"],"picked":"Shrug It Off+1","floor":41.0},{"not_picked":["Pommel Strike+1","Clash+1"],"picked":"Spot Weakness+1","floor":42.0}],"player_experience":696305,"relics_obtained":[{"floor":6.0,"key":"Molten Egg 2"},{"floor":8.0,"key":"Letter Opener"},{"floor":11.0,"key":"Bronze Scales"},{"floor":14.0,"key":"Mummified Hand"},{"floor":26.0,"key":"Happy Flower"},{"floor":27.0,"key":"Vajra"},{"floor":31.0,"key":"Ornamental Fan"},{"floor":41.0,"key":"PreservedInsect"},{"floor":41.0,"key":"Mango"},{"floor":43.0,"key":"Art of War"}],"event_choices":[{"cards_removed":["Bash"],"damage_healed":0.0,"max_hp_gain":0.0,"max_hp_loss":0.0,"gold_gain":0.0,"event_name":"NoteForYourself","player_choice":"Took Card","floor":3.0,"gold_loss":0.0,"damage_taken":0.0,"cards_obtained":["White Noise"]},{"damage_healed":0.0,"max_hp_gain":0.0,"max_hp_loss":0.0,"gold_gain":0.0,"event_name":"Beggar","player_choice":"Ignored","floor":19.0,"gold_loss":0.0,"damage_taken":0.0},{"cards_removed":["Strike_R"],"damage_healed":0.0,"max_hp_gain":0.0,"max_hp_loss":0.0,"gold_gain":0.0,"event_name":"Bonfire Elementals","player_choice":"Offered Basic","floor":20.0,"gold_loss":0.0,"damage_taken":0.0},{"damage_healed":0.0,"max_hp_gain":0.0,"max_hp_loss":0.0,"gold_gain":0.0,"event_name":"Winding Halls","player_choice":"Embrace Madness","floor":36.0,"gold_loss":0.0,"damage_taken":10.0,"cards_obtained":["Madness","Madness"]},{"damage_healed":0.0,"max_hp_gain":0.0,"max_hp_loss":0.0,"gold_gain":0.0,"event_name":"betterThird:BetterPortal","player_choice":"Random: Green","floor":37.0,"gold_loss":0.0,"damage_taken":0.0},{"damage_healed":0.0,"max_hp_gain":0.0,"max_hp_loss":0.0,"gold_gain":0.0,"event_name":"Knowing Skull","player_choice":"CARD CARD CARD ","floor":37.0,"potions_obtained":[],"gold_loss":0.0,"damage_taken":27.0,"cards_obtained":["Impatience","PanicButton","Forethought"]}],"is_beta":false,"boss_relics":[{"not_picked":["Philosopher\u0027s Stone","Astrolabe"],"picked":"Cursed Key"},{"not_picked":["Snecko Eye","Fusion Hammer"],"picked":"Black Star"}],"items_purged_floors":[],"is_endless":false,"potions_floor_spawned":[2,5,10,13,14,21,24,25,27,30,33,38,41],"killed_by":"Reptomancer","ascension_level":1}}