{"host":"92wx9z21c4p52du4","time":1612311572,"event":{"mods":["BaseMod","Downfall","Hermit","Minty Spire (QoL Compilation)","Reliquary","StSLib","The Hierophant"],"gold_per_floor":[99,110,131,151,172,172,172,192,220,241,241,261,73,97,125,115,115,115],"floor_reached":16,"language":"ENG","playtime":2560,"items_purged":[],"score":100,"play_id":"ca4b1f12-efb3-4441-ae1f-72f2a1c37df0","local_time":"20210202181932","is_ascension_mode":false,"campfire_choices":[{"data":"sneckomod:SnekBite","floor":1,"key":"SMITH"},{"floor":11,"key":"REST"}],"circlet_count":0,"master_deck":["sneckomod:Defend","sneckomod:Defend","sneckomod:Defend","sneckomod:TailWhip","sneckomod:SnekBite+1","sneckomod:Unknown","sneckomod:Unknown","sneckomod:MorePower","hierophant:Doubloon","sneckomod:UnknownUncommonAttack+1","sneckomod:UnknownVulnerable","sneckomod:UnknownUncommonAttack","sneckomod:UnknownBlock+1","sneckomod:UnknownX","sneckomod:UnknownBoss+1","sneckomod:QuickBite","Regret","sneckomod:UnknownRareAttack+1","sneckomod:UnknownExhaust","sneckomod:UnlimitedRolls","sneckomod:UnknownUncommonPower","sneckomod:UnknownBoss+1","sneckomod:QuickBite","sneckomod:UnknownRareSkill+1","sneckomod:SoulExchange","Apotheosis","sneckomod:Nope","sneckomod:UnknownX+1","sneckomod:SerpentIdol"],"relics":["sneckomod:SneckoSoul","Kunai"],"acts_visited":["Exordium"],"potions_floor_usage":[3,4,8,10,12,16],"damage_taken":[{"damage":10,"enemies":"Cultist","floor":2,"turns":4},{"damage":3,"enemies":"Jaw Worm","floor":3,"turns":2},{"damage":0,"enemies":"Small Slimes","floor":4,"turns":2},{"damage":18,"enemies":"2 Fungi Beasts","floor":5,"turns":5},{"damage":5,"enemies":"Large Slime","floor":8,"turns":4},{"damage":0,"enemies":"Exordium Wildlife","floor":9,"turns":3},{"damage":2,"enemies":"Blue Slaver","floor":10,"turns":3},{"damage":13,"enemies":"Large Slime","floor":12,"turns":5},{"damage":3,"enemies":"downfall:FleeingMerchant","floor":13,"turns":4},{"damage":0,"enemies":"Lots of Slimes","floor":14,"turns":1},{"damage":40,"enemies":"Gremlin Gang","floor":15,"turns":7},{"damage":10,"enemies":"WA_ARCHETYPE_RETAIN","floor":16,"turns":5}],"seed_played":"-6343600545511993036","potions_obtained":[{"floor":2,"key":"EntropicBrew"},{"floor":5,"key":"PowerPotion"},{"floor":8,"key":"Block Potion"},{"floor":9,"key":"sneckomod:DiceRollPotion"},{"floor":15,"key":"LiquidMemories"}],"is_trial":false,"path_per_floor":["R","M","M","M","M","?","T","M","M","M","R","M","$","M","M","B"],"character_chosen":"THE_SNECKO","items_purchased":["Apotheosis"],"campfire_rested":1,"item_purchase_floors":[13],"current_hp_per_floor":[63,53,50,50,32,32,32,37,37,35,62,49,46,46,10,0,0,0],"gold":115,"neow_bonus":"THREE_RARE_CARDS","is_daily":false,"chose_seed":false,"campfire_upgraded":1,"win_rate":0.0,"timestamp":1612311572,"path_taken":["R","M","?","M","M","?","T","M","M","?","R","M","$","?","M","BOSS"],"items_purchased_type":["Card"],"build_version":"2020-12-22","purchased_purges":0,"victory":false,"max_hp_per_floor":[90,90,90,90,90,90,90,90,90,90,90,90,90,90,90,90,90,90],"card_choices":[{"not_picked":["sneckomod:DangerNoodle","sneckomod:UnlimitedRolls"],"picked":"sneckomod:MorePower","floor":0},{"not_picked":["sneckomod:UnknownBlock+1","sneckomod:UnknownDraw+1"],"picked":"sneckomod:UnknownUncommonAttack+1","floor":2},{"not_picked":["sneckomod:SnekBeam","sneckomod:UnknownBlock"],"picked":"sneckomod:UnknownVulnerable","floor":2},{"not_picked":["sneckomod:QuickMove","sneckomod:SoulRoll"],"picked":"sneckomod:UnknownUncommonAttack","floor":3},{"not_picked":["sneckomod:UnknownCommonSkill+1","sneckomod:UnknownDraw+1"],"picked":"sneckomod:UnknownBlock+1","floor":4},{"not_picked":["sneckomod:QuickMove","sneckomod:Nope"],"picked":"sneckomod:UnknownX","floor":4},{"not_picked":["sneckomod:UnknownUncommonAttack+1","sneckomod:UnknownRarePower+1"],"picked":"sneckomod:UnknownBoss+1","floor":5},{"not_picked":["sneckomod:DiceCrush","sneckomod:UnknownVulnerable"],"picked":"sneckomod:QuickBite","floor":5},{"not_picked":["sneckomod:UnknownVulnerable+1","sneckomod:UnknownRareSkill+1"],"picked":"sneckomod:UnknownRareAttack+1","floor":8},{"not_picked":["sneckomod:QuickBite","sneckomod:IronFang"],"picked":"sneckomod:UnknownExhaust","floor":8},{"not_picked":["sneckomod:QuickMove","sneckomod:UnknownDraw"],"picked":"sneckomod:UnlimitedRolls","floor":9},{"not_picked":["sneckomod:QuickMove","sneckomod:DiceBoulder"],"picked":"sneckomod:UnknownUncommonPower","floor":10},{"not_picked":["sneckomod:UnknownVulnerable+1","sneckomod:UnknownRareAttack+1"],"picked":"sneckomod:UnknownBoss+1","floor":12},{"not_picked":["sneckomod:Unknown1Cost","sneckomod:RainOfDice"],"picked":"sneckomod:QuickBite","floor":12},{"not_picked":["sneckomod:Unknown2Cost+1","sneckomod:UnknownRareAttack+1"],"picked":"sneckomod:UnknownRareSkill+1","floor":13},{"not_picked":["sneckomod:UnknownDraw","sneckomod:RainOfDice"],"picked":"sneckomod:SoulExchange","floor":13},{"not_picked":["sneckomod:MasterEye","sneckomod:RainOfDice"],"picked":"sneckomod:Nope","floor":14},{"not_picked":["sneckomod:UnknownDraw+1","sneckomod:UnknownVulnerable+1"],"picked":"sneckomod:UnknownX+1","floor":15},{"not_picked":["sneckomod:Nope","sneckomod:DiceBlock"],"picked":"sneckomod:SerpentIdol","floor":15}],"player_experience":213534,"relics_obtained":[{"floor":7,"key":"Kunai"}],"event_choices":[],"is_beta":false,"boss_relics":[],"items_purged_floors":[],"is_endless":false,"potions_floor_spawned":[2,5,8,9,15],"killed_by":"WA_ARCHETYPE_RETAIN","ascension_level":0}}