{"host":"clf2hd4adhiiw0zf","time":1612336786,"event":{"mods":["AchievementEnabler","BaseMod","Beaked The Cultist","Bestiary","Dark Map","Downfall","Gremlin Mod","Hermit","Jorbs\u0027s Wanderer Trilogy","Marisa????????","Minty Spire (QoL Compilation)","Shop Mod","StSLib","The Cursed","The Servant 0.9.4","Wide Potions"],"gold_per_floor":[99,99,199,199,199,99,99,132,38,52,37,37,56,69,81,180,180,180,199,40,59,59,144,144,144,170,70,83,120,148,228,255,369,369,369,391,412,421,449,477,565,604,613,672,672,572,614,476,503,503,503,543,29,29,29,29],"floor_reached":57,"language":"ENG","playtime":4906,"items_purged":["Guardian:Strike_Guardian"],"score":1710,"play_id":"b22a1358-d2e2-466e-b194-ceba504f3829","local_time":"20210203001946","is_ascension_mode":true,"campfire_choices":[{"floor":1,"key":"RECALL"},{"data":"1","floor":6,"key":"LIFT"},{"data":"2","floor":12,"key":"LIFT"},{"data":"3","floor":18,"key":"LIFT"},{"floor":27,"key":"REST"},{"data":"Guardian:CompilePackage","floor":35,"key":"SMITH"},{"floor":46,"key":"REST"},{"data":"Guardian:EvasiveProtocol","floor":54,"key":"SMITH"}],"circlet_count":0,"master_deck":["Guardian:Strike_Guardian","Guardian:Strike_Guardian","Guardian:Strike_Guardian","Guardian:Defend_Guardian","Guardian:Defend_Guardian","Guardian:Defend_Guardian","Guardian:Defend_Guardian","Guardian:CurlUp","Guardian:TwinSlam","Guardian:RefractedBeam","Guardian:CrystalBeam","CurseOfTheBell","CurseOfTheBell","Guardian:GemFinder","Guardian:Gem_Green","Guardian:ShieldCharger","Guardian:BodySlam+1","Guardian:CrystalBeam+1","Guardian:BronzeOrb+1","Guardian:WalkerClaw+1","Guardian:SpikerProtocol","Guardian:Suspension","Guardian:Gem_Lightblue","Guardian:Planning","Guardian:TemporalStrike+1","Guardian:MultiBeam+1","RitualDagger+1","stsjorbsmod:Amnesia","Guardian:CompilePackage+1","Guardian:BronzeArmor+1","Guardian:PiercingHide+1","Guardian:Gem_Cyan","Guardian:MultiBeam+1","Guardian:SphericShield","Guardian:StasisEngine","Guardian:RollAttack+1","Guardian:Planning+1","expansioncontent:YouAreMine","Guardian:SphericShield","Injury","Guardian:BodySlam+1","downfall:Aged","Guardian:Incinerate+1","Guardian:BodySlam+1","Guardian:ConstructionForm","Guardian:Orbwalk+1","Guardian:Gem_White","Guardian:EvasiveProtocol+1"],"relics":["Guardian:ModeShifter","downfall:HeartsMalice","downfall:ExtraCursedBell","PreservedInsect","Molten Egg 2","Girya","downfall:HeartBlessingRed","Guardian:DefensiveModeMoreBlock","Bronze Scales","Cursed Key","Juzu Bracelet","Unceasing Top","Spirit Poop","Letter Opener","downfall:HeartBlessingGreen","CeramicFish","Guardian:SackOfGems","Philosopher\u0027s Stone","bronze:DecasWashers","Calipers","Guardian:StasisEgg","Guardian:GemstoneGun","downfall:HeartBlessingBlue","Toxic Egg 2","Akabeko","Slimebound:PreparedRelic","Pantograph","Sling","Bird Faced Urn"],"acts_visited":["Exordium","TheCity","TheBeyond","TheEnding"],"potions_floor_usage":[11,16,21,26,56,56],"damage_taken":[{"damage":0,"enemies":"Small Slimes","floor":2,"turns":1},{"damage":0,"enemies":"Jaw Worm","floor":4,"turns":1},{"damage":0,"enemies":"3 Sentries","floor":8,"turns":1},{"damage":2,"enemies":"downfall:FleeingMerchant","floor":9,"turns":4},{"damage":0,"enemies":"Cultist","floor":10,"turns":3},{"damage":0,"enemies":"downfall:FleeingMerchant","floor":11,"turns":4},{"damage":0,"enemies":"Exordium Thugs","floor":13,"turns":2},{"damage":1,"enemies":"Blue Slaver","floor":14,"turns":2},{"damage":0,"enemies":"3 Louse","floor":15,"turns":2},{"damage":2,"enemies":"WA_ARCHETYPE_RETAIN","floor":16,"turns":3},{"damage":1,"enemies":"Chosen","floor":19,"turns":3},{"damage":21,"enemies":"downfall:FleeingMerchant","floor":20,"turns":4},{"damage":17,"enemies":"Centurion and Healer","floor":21,"turns":3},{"damage":11,"enemies":"Book of Stabbing","floor":26,"turns":2},{"damage":4,"enemies":"Chosen and Byrds","floor":28,"turns":2},{"damage":0,"enemies":"Gremlin Leader","floor":29,"turns":3},{"damage":0,"enemies":"Snecko","floor":30,"turns":3},{"damage":22,"enemies":"Book of Stabbing","floor":31,"turns":4},{"damage":1,"enemies":"Centurion and Healer","floor":32,"turns":4},{"damage":0,"enemies":"SI_MIRROR_ARCHETYPE","floor":33,"turns":6},{"damage":0,"enemies":"3 Darklings","floor":36,"turns":3},{"damage":0,"enemies":"3 Shapes","floor":37,"turns":4},{"damage":26,"enemies":"Transient","floor":39,"turns":5},{"damage":5,"enemies":"Reptomancer","floor":40,"turns":4},{"damage":20,"enemies":"Nemesis","floor":42,"turns":3},{"damage":10,"enemies":"Nemesis","floor":44,"turns":4},{"damage":0,"enemies":"Reptomancer","floor":47,"turns":3},{"damage":0,"enemies":"downfall:FleeingMerchant","floor":48,"turns":1},{"damage":1,"enemies":"Spire Growth","floor":49,"turns":2},{"damage":26,"enemies":"DF_ARCHETYPE_ORBS","floor":50,"turns":4},{"damage":4,"enemies":"downfall:CharBossMerchant","floor":52,"turns":5},{"damage":45,"enemies":"downfall:NeowBoss","floor":55,"turns":11},{"damage":27,"enemies":"downfall:NeowBossFinal","floor":56,"turns":7}],"seed_played":"8086804640043994110","potions_obtained":[{"floor":10,"key":"PowerPotion"},{"floor":13,"key":"champ:CounterPotion"},{"floor":14,"key":"Explosive Potion"},{"floor":16,"key":"SteroidPotion"},{"floor":21,"key":"bronze:BurnAndBuffPotion"},{"floor":22,"key":"CultistPotion"},{"floor":33,"key":"LiquidBronze"}],"is_trial":false,"path_per_floor":["R","M","?","M","?","R","T","E","$","M","$","R","M","M","M","B",null,"R","M","$","M","?","?","T","?","E","R","M","E","M","E","M","B",null,"R","M","M","?","M","E","T","E","?","?","?","R","E","$","M","B",null,"E","$","R","B","B",null],"character_chosen":"GUARDIAN","items_purchased":["Guardian:BodySlam+1","Juzu Bracelet","Akabeko","Slimebound:PreparedRelic","Guardian:EvasiveProtocol","Sling","Bird Faced Urn"],"campfire_rested":2,"item_purchase_floors":[9,20,48,48,53,53,53],"current_hp_per_floor":[80,80,80,80,80,80,80,80,78,78,78,78,78,77,77,75,80,80,79,58,41,41,25,25,25,14,38,34,34,34,12,11,11,80,80,80,80,80,54,49,49,29,29,19,19,56,56,56,55,29,90,86,86,86,47,53],"gold":29,"neow_bonus":"THREE_ENEMY_KILL","is_daily":false,"chose_seed":false,"campfire_upgraded":2,"win_rate":0.0,"timestamp":1612336786,"path_taken":["R","M","?","M","?","R","T","E","$","?","?","R","M","M","M","BOSS","R","M","$","M","?","?","T","?","E","R","M","E","M","E","M","BOSS","R","M","M","?","M","E","T","E","?","?","?","R","E","$","M","BOSS","E","$","R","BOSS","BOSS"],"items_purchased_type":["Card","Relic","Relic","Relic","Card","Relic","Relic"],"build_version":"2020-12-22","purchased_purges":1,"victory":true,"max_hp_per_floor":[80,80,80,80,80,80,80,80,80,80,80,80,80,80,80,80,80,80,80,80,80,80,80,80,80,80,80,80,80,80,80,80,80,80,80,80,80,80,80,80,80,80,80,80,80,90,90,90,90,90,90,90,90,90,90,90],"card_choices":[{"not_picked":["Guardian:Incinerate","Guardian:Gem_Cyan"],"picked":"Guardian:RefractedBeam","floor":2},{"not_picked":["Guardian:TemporalShield","Guardian:ArmoredProtocol"],"picked":"Guardian:CrystalBeam","floor":4},{"not_picked":["Guardian:Gem_Blue","Guardian:VentSteam"],"picked":"Guardian:Gem_Crimson","floor":8},{"not_picked":["Guardian:Gem_Lightblue","Guardian:Gem_Cyan"],"picked":"Guardian:Gem_Green","floor":9},{"not_picked":["Guardian:Gem_Lightblue","Guardian:Reroute+1"],"picked":"Guardian:ShieldCharger","floor":9},{"not_picked":["Guardian:Gem_Cyan","Guardian:Gem_Green"],"picked":"Guardian:Gem_Lightblue","floor":10},{"not_picked":["Guardian:FloatingOrbs","Guardian:Planning"],"picked":"Guardian:CrystalBeam+1","floor":10},{"not_picked":["Guardian:Gem_Lightblue","Guardian:Gem_Green"],"picked":"Guardian:Gem_Red","floor":11},{"not_picked":["Guardian:Planning","Guardian:PiercingHide"],"picked":"Guardian:BronzeOrb+1","floor":11},{"not_picked":["Guardian:ShieldSpikes","Guardian:Emergency"],"picked":"Guardian:WalkerClaw+1","floor":13},{"not_picked":["Guardian:Gem_Green","Guardian:Gem_Cyan"],"picked":"Guardian:Gem_Red","floor":14},{"not_picked":["Guardian:ShieldCharger","Guardian:Gem_Yellow"],"picked":"Guardian:SpikerProtocol","floor":14},{"not_picked":["Guardian:Gem_Cyan","Guardian:ChargeCore+1"],"picked":"Guardian:Suspension","floor":15},{"not_picked":["Guardian:Gem_Red","Guardian:Gem_Green"],"picked":"Guardian:Gem_Lightblue","floor":16},{"not_picked":["Guardian:BaubleBeam+1","Guardian:StasisEngine"],"picked":"Guardian:Gem_Orange","floor":16},{"not_picked":["Guardian:Gem_Cyan","Guardian:Gem_Lightblue"],"picked":"Guardian:Gem_Red","floor":19},{"not_picked":["Guardian:GuardianWhirl+1","Guardian:Gem_Green"],"picked":"Guardian:Planning","floor":19},{"not_picked":["Guardian:Gem_Green","Guardian:Gem_Lightblue"],"picked":"Guardian:Gem_Red","floor":20},{"not_picked":["Guardian:Recover+1","Guardian:Gem_Red"],"picked":"Guardian:TemporalStrike+1","floor":20},{"not_picked":["Guardian:Incinerate+1","Guardian:Gem_Crimson"],"picked":"Guardian:MultiBeam+1","floor":21},{"not_picked":["Guardian:Emergency","Guardian:PrismaticBarrier"],"picked":"Guardian:CompilePackage","floor":26},{"not_picked":["Guardian:Recover","Guardian:Incinerate+1"],"picked":"Guardian:BronzeArmor+1","floor":28},{"not_picked":["Guardian:SpikerProtocol+1","Guardian:Gem_Red"],"picked":"Guardian:PiercingHide+1","floor":29},{"not_picked":["Guardian:TemporalStrike+1","Guardian:Clone"],"picked":"Guardian:Gem_White","floor":30},{"not_picked":["Guardian:Gem_Green","Guardian:SentryBeam+1"],"picked":"Guardian:MultiBeam+1","floor":31},{"not_picked":["Guardian:Suspension","Guardian:Gem_Red"],"picked":"Guardian:SphericShield","floor":32},{"not_picked":["Guardian:RevengeProtocol","Guardian:Gem_Synthetic"],"picked":"Guardian:StasisEngine","floor":33},{"not_picked":["Guardian:Harden","Guardian:Gem_Red"],"picked":"Guardian:RollAttack+1","floor":36},{"not_picked":["Guardian:Reroute+1","Guardian:Gem_Fragmented"],"picked":"Guardian:Planning+1","floor":37},{"not_picked":["expansioncontent:Hexaburn","expansioncontent:AwakenDeath"],"picked":"expansioncontent:YouAreMine","floor":38},{"not_picked":["Guardian:VentSteam+1","Guardian:ChargeCore+1"],"picked":"Guardian:SphericShield","floor":39},{"not_picked":["Guardian:PiercingHide+1","Guardian:ShieldCharger","Guardian:TemporalStrike+1"],"picked":"SKIP","floor":40},{"not_picked":["Guardian:Planning+1","Guardian:BronzeOrb+1"],"picked":"Guardian:BodySlam+1","floor":42},{"not_picked":["Guardian:Gem_Green","Guardian:PiercingHide"],"picked":"Guardian:Incinerate+1","floor":44},{"not_picked":["Guardian:Preprogram+1","Guardian:PrismaticBarrier+1"],"picked":"Guardian:BodySlam+1","floor":47},{"not_picked":["Guardian:WalkerClaw+1","Guardian:SpikerProtocol+1"],"picked":"Guardian:ConstructionForm","floor":48},{"not_picked":["Guardian:Gem_Red","Guardian:Recover+1"],"picked":"Guardian:Orbwalk+1","floor":49},{"not_picked":["Guardian:ShieldCharger+1","Guardian:Gem_Cyan"],"picked":"Guardian:Gem_White","floor":52}],"player_experience":185864,"relics_obtained":[{"floor":5,"key":"PreservedInsect"},{"floor":5,"key":"Molten Egg 2"},{"floor":5,"key":"Girya"},{"floor":7,"key":"Guardian:DefensiveModeMoreBlock"},{"floor":8,"key":"Bronze Scales"},{"floor":24,"key":"Unceasing Top"},{"floor":26,"key":"Letter Opener"},{"floor":29,"key":"CeramicFish"},{"floor":31,"key":"Guardian:SackOfGems"},{"floor":40,"key":"bronze:DecasWashers"},{"floor":42,"key":"Calipers"},{"floor":44,"key":"Guardian:GemstoneGun"},{"floor":47,"key":"Toxic Egg 2"},{"floor":52,"key":"Pantograph"}],"event_choices":[{"cards_removed":["Regret"],"damage_healed":0,"gold_gain":0,"player_choice":"Offered Curse","damage_taken":0,"relics_obtained":["Spirit Poop"],"max_hp_gain":0,"max_hp_loss":0,"event_name":"Bonfire Elementals","floor":25,"gold_loss":0}],"is_beta":false,"boss_relics":[{"not_picked":["Fusion Hammer","Guardian:ModeShifterPlus"],"picked":"Cursed Key"},{"not_picked":["beaked:MawFillet","Astrolabe"],"picked":"Philosopher\u0027s Stone"}],"items_purged_floors":[48],"is_endless":false,"potions_floor_spawned":[10,13,14,15,16,21,28,30,33,36,37,47,52],"ascension_level":2}}