{"host":"xltl1aroowo69o4n","time":1612331609,"event":{"mods":["BaseMod","Colored Map","Colored Powertips","Downfall","Marisa????????","Minty Spire (QoL Compilation)","StSLib","The Cursed","The Hierophant","The Mystic","The Necromancer"],"gold_per_floor":[116,136,136,148,148,179,179,207,257,257,257,296,296,331,331,451,451,487,487,34,45,80,80,80,80,107,107,123,135,197,231,231,380,380,451,10,0,0,0,112,24,24,49,84,84,174,174,185,185,185],"floor_reached":51,"language":"ENG","playtime":2620,"items_purged":[],"score":775,"play_id":"6acda8ef-67b6-4fea-8c42-767b64b433aa","local_time":"20210203005329","is_ascension_mode":false,"campfire_choices":[{"floor":7,"key":"REST"},{"floor":13,"key":"REST"},{"floor":15,"key":"REST"},{"floor":23,"key":"REST"},{"data":"PulseMagic","floor":27,"key":"SMITH"},{"floor":32,"key":"REST"},{"floor":42,"key":"REST"},{"floor":45,"key":"REST"},{"floor":49,"key":"REST"}],"circlet_count":0,"master_deck":["Strike_MRS+1","Strike_MRS+1","Strike_MRS+1","Strike_MRS+1","Defend_MRS+1","Defend_MRS+1","Defend_MRS+1","MasterSpark","UpSweep","NonDirectionalLaser","AlicesGift","EarthLightRay","WitchOfGreed","DC","PropBag","6A","AbsoluteMagnitude","LuminesStrike","MysteriousBeam+1","PulseMagic+1","Robbery","EarthLightRay","SuperPerseids","AbsoluteMagnitude","CurseOfTheBell","GravityBeat","FairyDestructionRay","AsteroidBelt","MachineGunSpark","Mayhem","WitchOfGreed","DC+1","Good Instincts","FairyDestructionRay+1","GravityBeat+1","Occultation+1"],"relics":["MiniHakkero","NeowsBlessing","Shuriken","PreservedInsect","Omamori","WarpedTongs","RampagingMagicTools","Necronomicon","Thread and Needle","Happy Flower","Potion Belt","WingedGreaves","Calling Bell","Juzu Bracelet","Meat on the Bone","Gambling Chip","Red Mask","Anchor","Bag of Preparation","Bag of Marbles","CatCart"],"acts_visited":["Exordium","TheCity","TheBeyond"],"potions_floor_usage":[12,16,16,22,22,31,31,33,33,33,35,39,40,44,46,50,50,50,50],"damage_taken":[{"damage":0,"enemies":"2 Louse","floor":1,"turns":1},{"damage":0,"enemies":"Small Slimes","floor":2,"turns":1},{"damage":0,"enemies":"Cultist","floor":4,"turns":1},{"damage":30,"enemies":"Gremlin Nob","floor":6,"turns":4},{"damage":18,"enemies":"Blue Slaver","floor":8,"turns":5},{"damage":12,"enemies":"3 Louse","floor":12,"turns":3},{"damage":10,"enemies":"Looter","floor":14,"turns":3},{"damage":37,"enemies":"The Guardian","floor":16,"turns":8},{"damage":25,"enemies":"3 Byrds","floor":18,"turns":5},{"damage":6,"enemies":"Chosen","floor":21,"turns":2},{"damage":15,"enemies":"Shelled Parasite and Fungi","floor":22,"turns":3},{"damage":6,"enemies":"Centurion and Healer","floor":28,"turns":3},{"damage":0,"enemies":"Snecko","floor":29,"turns":2},{"damage":20,"enemies":"Snake Plant","floor":30,"turns":3},{"damage":6,"enemies":"Book of Stabbing","floor":31,"turns":3},{"damage":27,"enemies":"Collector","floor":33,"turns":6},{"damage":13,"enemies":"3 Darklings","floor":35,"turns":3},{"damage":0,"enemies":"3 Shapes","floor":39,"turns":1},{"damage":15,"enemies":"Giant Head","floor":40,"turns":5},{"damage":23,"enemies":"Reptomancer","floor":44,"turns":5},{"damage":26,"enemies":"Orin","floor":46,"turns":8},{"damage":0,"enemies":"3 Darklings","floor":48,"turns":2},{"damage":32,"enemies":"Awakened One","floor":50,"turns":7}],"seed_played":"8854491920311262366","potions_obtained":[{"floor":1,"key":"BlessingOfTheForge"},{"floor":2,"key":"bronze:BurnAndBuffPotion"},{"floor":6,"key":"BlessingOfTheForge"},{"floor":12,"key":"Weak Potion"},{"floor":12,"key":"ShroomBrew"},{"floor":16,"key":"Energy Potion"},{"floor":18,"key":"champ:CounterPotion"},{"floor":22,"key":"SteroidPotion"},{"floor":28,"key":"ColorlessPotion"},{"floor":29,"key":"LiquidMemories"},{"floor":30,"key":"Fire Potion"},{"floor":31,"key":"LiquidBronze"},{"floor":33,"key":"EssenceOfSteel"},{"floor":33,"key":"SmokeBomb"},{"floor":40,"key":"BlessingOfTheForge"},{"floor":40,"key":"SteroidPotion"},{"floor":40,"key":"DuplicationPotion"},{"floor":46,"key":"LiquidBronze"},{"floor":46,"key":"LiquidMemories"},{"floor":48,"key":"GamblersBrew"}],"is_trial":false,"path_per_floor":["M","M","?","M","?","E","R","M","T","?","?","M","R","M","R","B",null,"M","?","$","M","M","R","?","?","T","R","M","M","M","E","R","B",null,"M","$","?","?","M","E","$","R","T","E","R","?","?","M","R","B",null],"character_chosen":"MARISA","items_purchased":["Thread and Needle","Happy Flower","FairyDestructionRay","AsteroidBelt","MachineGunSpark","Mayhem","WitchOfGreed","Good Instincts"],"campfire_rested":8,"item_purchase_floors":[20,20,36,36,36,36,36,41],"current_hp_per_floor":[75,75,68,68,61,35,57,43,43,28,28,20,42,36,58,25,75,54,38,38,36,21,43,68,68,68,68,68,68,48,42,64,47,75,62,62,62,62,62,57,57,75,75,62,75,53,53,53,75,53],"gold":185,"neow_bonus":"THREE_ENEMY_KILL","is_daily":false,"chose_seed":false,"campfire_upgraded":1,"win_rate":0.0,"timestamp":1612331609,"path_taken":["M","M","?","M","?","E","R","M","T","?","?","?","R","M","R","BOSS","M","?","$","M","M","R","?","?","T","R","M","M","M","E","R","BOSS","M","$","?","?","M","E","$","R","T","E","R","?","?","M","R","BOSS"],"items_purchased_type":["Relic","Relic","Card","Card","Card","Card","Card","Card"],"build_version":"2020-12-13","purchased_purges":0,"victory":true,"max_hp_per_floor":[75,75,75,75,75,75,75,75,75,75,75,75,75,75,75,75,75,75,75,75,75,75,75,75,75,75,75,75,75,75,75,75,75,75,75,75,75,75,75,75,75,75,75,75,75,75,75,75,75,75],"card_choices":[{"not_picked":["Singularity","Robbery"],"picked":"NonDirectionalLaser","floor":1},{"not_picked":["IllusionStar","MeteoricShower"],"picked":"AlicesGift","floor":2},{"not_picked":["AlicesGift","MagicChant"],"picked":"EarthLightRay","floor":4},{"not_picked":["MysteriousBeam","OrrerysSun"],"picked":"WitchOfGreed","floor":6},{"not_picked":["SporeBomb","ShootTheMoon"],"picked":"DC","floor":8},{"not_picked":["AlicesGift","ManaConvection"],"picked":"PropBag","floor":12},{"not_picked":["OrrerysSun","DC"],"picked":"6A","floor":14},{"not_picked":["BigCrunch","SuperNova"],"picked":"AbsoluteMagnitude","floor":16},{"not_picked":["PropBag","Acceleration"],"picked":"LuminesStrike","floor":18},{"not_picked":["SuperPerseids","ShootTheMoon"],"picked":"MysteriousBeam+1","floor":21},{"not_picked":["IllusionStar+1","DoubleSpark"],"picked":"PulseMagic","floor":22},{"not_picked":["MeteoricShower","Acceleration+1"],"picked":"Robbery","floor":28},{"not_picked":["DC","Robbery"],"picked":"EarthLightRay","floor":29},{"not_picked":["BlazingStar","ManaConvection+1"],"picked":"DoubleSpark","floor":30},{"not_picked":["FinalSpark","NonDirectionalLaser"],"picked":"SuperPerseids","floor":31},{"not_picked":["FinalSpark","EscapeVelocity"],"picked":"AbsoluteMagnitude","floor":33},{"not_picked":["SporeBomb+1","MeteoricShower+1"],"picked":"GravityBeat","floor":35},{"not_picked":["MeteoricShower","NonDirectionalLaser"],"picked":"DC+1","floor":40},{"not_picked":["AsteroidBelt+1","Acceleration"],"picked":"FairyDestructionRay+1","floor":44},{"not_picked":["6A","UnstableBomb"],"picked":"GravityBeat+1","floor":46},{"not_picked":["Acceleration+1","StarBarrage+1"],"picked":"Occultation+1","floor":48}],"player_experience":112085,"relics_obtained":[{"floor":6,"key":"PreservedInsect"},{"floor":9,"key":"Omamori"},{"floor":19,"key":"Necronomicon"},{"floor":26,"key":"Potion Belt"},{"floor":31,"key":"WingedGreaves"},{"floor":34,"key":"Juzu Bracelet"},{"floor":34,"key":"Meat on the Bone"},{"floor":34,"key":"Gambling Chip"},{"floor":40,"key":"Anchor"},{"floor":43,"key":"Bag of Preparation"},{"floor":44,"key":"Bag of Marbles"},{"floor":46,"key":"CatCart"}],"event_choices":[{"damage_healed":0,"gold_gain":0,"player_choice":"Success","damage_taken":7,"relics_obtained":["Shuriken"],"max_hp_gain":0,"max_hp_loss":0,"event_name":"Scrap Ooze","floor":3,"gold_loss":0},{"cards_removed":["Defend_MRS"],"damage_healed":0,"gold_gain":0,"player_choice":"Card Removal","damage_taken":7,"max_hp_gain":0,"max_hp_loss":0,"event_name":"Golden Wing","floor":5,"gold_loss":0},{"damage_healed":0,"gold_gain":0,"player_choice":"Entered Light","damage_taken":15,"max_hp_gain":0,"max_hp_loss":0,"event_name":"Shining Light","floor":10,"gold_loss":0,"cards_upgraded":["Strike_MRS","Defend_MRS"]},{"damage_healed":0,"gold_gain":0,"player_choice":"Rummage","damage_taken":0,"relics_obtained":["WarpedTongs"],"max_hp_gain":0,"max_hp_loss":0,"event_name":"Accursed Blacksmith","floor":11,"gold_loss":0,"cards_obtained":["Pain"]},{"damage_healed":0,"gold_gain":0,"player_choice":"Obtained Book","damage_taken":16,"max_hp_gain":0,"max_hp_loss":0,"event_name":"Cursed Tome","floor":19,"gold_loss":0},{"damage_healed":25,"gold_gain":0,"player_choice":"Heal","damage_taken":0,"max_hp_gain":0,"max_hp_loss":0,"event_name":"The Library","floor":24,"gold_loss":0},{"damage_healed":0,"gold_gain":0,"player_choice":"Simplicity","damage_taken":0,"max_hp_gain":0,"max_hp_loss":0,"event_name":"Back to Basics","floor":25,"gold_loss":0,"cards_upgraded":["Strike_MRS","Strike_MRS","Strike_MRS","Defend_MRS","Defend_MRS"]},{"damage_healed":0,"gold_gain":0,"player_choice":"Paid","damage_taken":0,"relics_obtained":["Red Mask"],"max_hp_gain":0,"max_hp_loss":0,"event_name":"Tomb of Lord Red Mask","floor":37,"gold_loss":10},{"cards_removed":["DoubleSpark"],"damage_healed":0,"gold_gain":0,"player_choice":"Removed Attack","damage_taken":0,"max_hp_gain":0,"max_hp_loss":0,"event_name":"Falling","floor":38,"gold_loss":0},{"damage_healed":0,"gold_gain":0,"player_choice":"Fight","damage_taken":0,"max_hp_gain":0,"max_hp_loss":0,"event_name":"OrinTheCat","floor":46,"gold_loss":0},{"damage_healed":0,"gold_gain":0,"player_choice":"Ignored","damage_taken":0,"max_hp_gain":0,"max_hp_loss":0,"event_name":"Mysterious Sphere","floor":47,"gold_loss":0}],"is_beta":false,"boss_relics":[{"not_picked":["SacredBark","Runic Pyramid"],"picked":"RampagingMagicTools"},{"not_picked":["Busted Crown","Fusion Hammer"],"picked":"Calling Bell"}],"items_purged_floors":[],"is_endless":false,"potions_floor_spawned":[1,2,6,12,28,29,31,33,40,46,48],"ascension_level":0}}