{"host":"3i0tc1zs9k2bo7un","time":1612357186,"event":{"mods":["Act Like it!","Aspiration","BaseMod","Gensokyo","Minty Spire (QoL Compilation)","MostiFishMod","Quick Restart","Reliquary","Replay The Spire","StSLib","TestMod","Wide Potions","[IsaacMod]ÒÔÈö¼âËþ","¡¾ÒÅÎï¿¨ÅÆ¡¿REMEMod"],"gold_per_floor":[115,132,57,57,76,76,76],"floor_reached":6,"language":"ZHS","playtime":190,"items_purged":["Strike_R"],"score":80,"play_id":"f46cc1d7-2957-4c20-b9b5-0dd2dbd5496e","local_time":"20210203205946","is_ascension_mode":true,"campfire_choices":[],"circlet_count":0,"master_deck":["AscendersBane","Strike_R","Strike_R","Strike_R","Strike_R","Defend_R","Defend_R","Defend_R","Defend_R","Bash","Rampage","Shrug It Off"],"relics":["Burning Blood","DaveBox","testmod-TestBox","HushsDoor","REME_ComplimentaryCards","BookOfRevelations","testmod-Nyarlathotep","FeatherPendant","aspiration:Nostalgia","Iron Core","SynthV:TestCard"],"acts_visited":["Gensokyo:Gensokyo"],"potions_floor_usage":[],"damage_taken":[{"damage":0,"enemies":"Gensokyo:Gryphon","floor":1,"turns":3},{"damage":0,"enemies":"Gensokyo:Python","floor":2,"turns":2},{"damage":0,"enemies":"Gensokyo:2_Kodama","floor":5,"turns":2},{"damage":25,"enemies":"Gensokyo:Aya","floor":6,"turns":6}],"seed_played":"6513725176550283502","potions_obtained":[],"is_trial":false,"path_per_floor":["M","M","$","?","M","E"],"character_chosen":"IRONCLAD","items_purchased":[],"campfire_rested":0,"item_purchase_floors":[],"current_hp_per_floor":[74,75,75,75,75,56,56],"gold":76,"neow_bonus":"NOSTALGIA","is_daily":false,"chose_seed":false,"campfire_upgraded":0,"win_rate":0.0,"timestamp":1612357186,"path_taken":["M","M","$","?","M","E"],"items_purchased_type":[],"build_version":"2020-12-22","purchased_purges":1,"victory":false,"max_hp_per_floor":[75,75,75,75,75,75,75],"card_choices":[{"not_picked":["Body Slam","Cleave","Run Through"],"picked":"SKIP","floor":1},{"not_picked":["Clash","Flame Barrier","MostiFishMod:ChineseTea","Reckless Charge","Warcry"],"picked":"SKIP","floor":2},{"not_picked":["Clash","Flame Barrier","MostiFishMod:ChineseTea","Reckless Charge","Warcry"],"picked":"SKIP","floor":2},{"not_picked":["ReplayTheSpireMod:Repulse","Exhume","Rage","ReplayTheSpireMod:Strike From Hell"],"picked":"Rampage","floor":4},{"not_picked":["Flex","Clothesline","Infernal Blade","Iron Wave"],"picked":"Shrug It Off","floor":5}],"player_experience":695768,"relics_obtained":[{"floor":1,"key":"SynthV:TestCard"}],"event_choices":[],"is_beta":false,"boss_relics":[],"items_purged_floors":[3],"is_endless":false,"potions_floor_spawned":[6],"killed_by":"Gensokyo:Aya","ascension_level":19}}