{"host":"gtv41eena9h15rk5","time":1612330213,"event":{"mods":["BaseMod","Colored Powertips","Downfall","Marisa£®ÏF”Í°°ƒß¿Ì…≥£©","Minty Spire (QoL Compilation)","Replay The Spire","Shop Mod","StSLib","The Bug Knight","The Construct","The Cursed","The Runesmith","The Servant 0.9.4","[IsaacMod]“‘»ˆº‚À˛"],"gold_per_floor":[111,121,121,22,34,34,46,68,95,105,120,120,130,144,144,248,248,265,277,277,288,301,301,38,73,99,99,26,125,179,179,179,279,279,296,311,311,330,330,348,150,150,150,21,32,82,82,92,92,92],"floor_reached":51,"language":"ZHS","playtime":2455,"items_purged":["Defend_B","Slimebound:Tackle+1","Slimebound:Tackle+1"],"score":610,"play_id":"b10ff592-9681-42c4-bd7e-25fa8709d73a","local_time":"20210203133013","is_ascension_mode":true,"campfire_choices":[{"data":"Mayhem","floor":6.0,"key":"SMITH"},{"data":"Mirror Shield","floor":12.0,"key":"SMITH"},{"floor":15.0,"key":"RECALL"},{"data":"Echo Form","floor":23.0,"key":"SMITH"},{"data":"FIFO Queue","floor":27.0,"key":"SMITH"},{"data":"Loop","floor":32.0,"key":"SMITH"},{"floor":42,"key":"REST"},{"floor":49,"key":"REST"}],"circlet_count":0,"master_deck":["Defend_B","Defend_B","Defend_B","Zap","Dualcast","Conserve Battery","Conserve Battery","Mayhem+1","Redo","Conserve Battery","Loop+1","Mirror Shield+1","Heatsinks","Aggregate","Echo Form+1","FIFO Queue+1","Redo","Distribution+1","Pot Of Greed","Pot Of Greed","Cancel+1","Pot Of Greed","Machine Learning","Stack+1","Genetic Algorithm","Amplify","Static Discharge+1","Genetic Algorithm","BootSequence+1","Conserve Battery"],"relics":["Cracked Core","HushsDoor","SteamSale","Odd Mushroom","TheBean","MagicMushroom","MerchantsRug","Grinning Jar","Medical Kit","PunchingBag","Replay:Antivirus Software","BFFS","Inserter","Blood Vial","Centennial Puzzle","Replay:Kaleidoscope","CaptainsWheel"],"acts_visited":["Exordium","TheCity","TheBeyond"],"potions_floor_usage":[50,50],"damage_taken":[{"damage":0.0,"enemies":"Small Slimes","floor":1.0,"turns":2.0},{"damage":0.0,"enemies":"Jaw Worm","floor":2.0,"turns":4.0},{"damage":0.0,"enemies":"Cultist","floor":5.0,"turns":4.0},{"damage":3.0,"enemies":"2 Fungi Beasts","floor":7.0,"turns":4.0},{"damage":20.0,"enemies":"The Mushroom Lair","floor":8.0,"turns":5.0},{"damage":1.0,"enemies":"Blue Slaver","floor":10.0,"turns":3.0},{"damage":1.0,"enemies":"3 Louse","floor":11.0,"turns":3.0},{"damage":7.0,"enemies":"2 Fungi Beasts","floor":13.0,"turns":4.0},{"damage":10.0,"enemies":"Looter","floor":14.0,"turns":3.0},{"damage":13.0,"enemies":"The Guardian","floor":16.0,"turns":9.0},{"damage":16.0,"enemies":"2 Thieves","floor":18.0,"turns":4.0},{"damage":0.0,"enemies":"Shell Parasite","floor":19.0,"turns":5.0},{"damage":13.0,"enemies":"Cultist and Chosen","floor":21.0,"turns":5.0},{"damage":8.0,"enemies":"Snecko","floor":22.0,"turns":4.0},{"damage":0.0,"enemies":"HollowMod:Nosk","floor":25.0,"turns":7.0},{"damage":33.0,"enemies":"Champ","floor":33.0,"turns":10.0},{"damage":80.0,"enemies":"3 Darklings","floor":35.0,"turns":5.0},{"damage":16.0,"enemies":"Orb Walker","floor":36.0,"turns":4.0},{"damage":10.0,"enemies":"Maw","floor":38.0,"turns":8.0},{"damage":0,"enemies":"4 Shapes","floor":40,"turns":5},{"damage":45,"enemies":"Jaw Worm Horde","floor":45,"turns":4},{"damage":0,"enemies":"Mind Bloom Boss Battle","floor":46,"turns":7},{"damage":30,"enemies":"Spire Growth","floor":48,"turns":7},{"damage":22,"enemies":"Replay:Hell Engine","floor":50,"turns":13}],"seed_played":"-7549592696788882102","potions_obtained":[{"floor":2.0,"key":"AttackPotion"},{"floor":5.0,"key":"ColorlessPotion"},{"floor":7.0,"key":"FearPotion"},{"floor":11.0,"key":"Regen Potion"},{"floor":16.0,"key":"EssenceOfSteel"},{"floor":19.0,"key":"Ancient Potion"},{"floor":33.0,"key":"Elixir"},{"floor":36.0,"key":"SpeedPotion"},{"floor":45,"key":"PowerPotion"}],"is_trial":false,"path_per_floor":["M","M","?","$","M","R","M","?","T","M","M","R","M","M","R","B",null,"M","M","?","M","M","R","$","E","T","R","$","?","T","?","R","B",null,"M","M","?","M","?","M","$","R","T","$","M","?","?","M","R","B",null],"character_chosen":"DEFECT","items_purchased":["Mayhem","MerchantsRug","Grinning Jar","Medical Kit","Replay:Antivirus Software","Blood Vial","Centennial Puzzle","Static Discharge+1","Genetic Algorithm"],"campfire_rested":2,"item_purchase_floors":[4,24,24,24,28,41,41,44,44],"current_hp_per_floor":[82,82,82,82,82,82,79,59,59,58,57,57,50,40,40,42,89,73,74,74,62,55,55,55,56,56,56,56,56,56,56,56,24,89,41,26,26,26,26,27,27,53,53,53,34,37,37,23,49,30],"gold":92,"neow_bonus":"TEN_PERCENT_HP_BONUS","is_daily":false,"chose_seed":false,"campfire_upgraded":5,"win_rate":0.0,"timestamp":1612330213,"path_taken":["M","M","?","$","M","R","M","?","T","M","M","R","M","M","R","BOSS","M","M","?","M","M","R","$","E","T","R","$","?","?","?","R","BOSS","M","M","?","M","?","M","$","R","T","$","?","?","?","M","R","BOSS"],"items_purchased_type":["Card","Relic","Relic","Relic","Relic","Relic","Relic","Card","Card"],"build_version":"2020-12-22","purchased_purges":3,"victory":true,"max_hp_per_floor":[82,82,82,82,82,82,82,82,82,82,82,82,82,82,82,82,89,89,89,89,89,89,89,89,89,89,89,89,89,89,89,89,89,89,89,89,89,89,89,89,89,89,89,89,89,89,89,89,89,89],"card_choices":[{"not_picked":["Sweeping Beam","BasicCrystalCard"],"picked":"Conserve Battery","floor":1.0},{"not_picked":["Rebound","Darkness"],"picked":"Conserve Battery","floor":2.0},{"not_picked":["Beam Cell","Coolheaded","Sweeping Beam"],"picked":"SKIP","floor":5.0},{"not_picked":["ReplaySort","Coolheaded"],"picked":"Redo","floor":7.0},{"not_picked":["Steam","Panic Button"],"picked":"Conserve Battery","floor":8.0},{"not_picked":["Steam","Lockon"],"picked":"Loop","floor":10.0},{"not_picked":["Sweeping Beam","Compile Driver"],"picked":"Mirror Shield","floor":11.0},{"not_picked":["Time Bomb","Go for the Eyes"],"picked":"Heatsinks","floor":13.0},{"not_picked":["ReplayTheSpireMod:System Scan","Recycle"],"picked":"Aggregate","floor":14.0},{"not_picked":["ReplayTheSpireMod:Fabricate Wheel","Mirror Shield"],"picked":"Echo Form","floor":16.0},{"not_picked":["Undo","Rebound"],"picked":"FIFO Queue","floor":18.0},{"not_picked":["Turbo","Barrage+1","Streamline"],"picked":"SKIP","floor":19.0},{"not_picked":["Doom and Gloom","Beam Cell"],"picked":"Redo","floor":21.0},{"not_picked":["Time Bomb","Coolheaded"],"picked":"Distribution+1","floor":22.0},{"not_picked":["Ball Lightning","Mirror Shield"],"picked":"Cancel+1","floor":25.0},{"not_picked":["Core Surge","Hyperbeam"],"picked":"Machine Learning","floor":33.0},{"not_picked":["Cold Snap+1","Redo+1"],"picked":"Stack+1","floor":35.0},{"not_picked":["Rebound+1","Leap","Steam+1"],"picked":"SKIP","floor":36.0},{"not_picked":["Steam Power","Panic Button"],"picked":"Genetic Algorithm","floor":38.0},{"not_picked":["Self Repair","Recycle+1"],"picked":"Amplify","floor":40},{"not_picked":["Turbo","Redo"],"picked":"BootSequence+1","floor":45},{"not_picked":["Lockon+1","Barrage"],"picked":"Conserve Battery","floor":46},{"not_picked":["Ball Lightning+1","Chill+1","Steam"],"picked":"SKIP","floor":48}],"player_experience":240726,"relics_obtained":[{"floor":8.0,"key":"Odd Mushroom"},{"floor":9.0,"key":"TheBean"},{"floor":25.0,"key":"PunchingBag"},{"floor":30.0,"key":"BFFS"},{"floor":43,"key":"Replay:Kaleidoscope"},{"floor":46,"key":"CaptainsWheel"}],"event_choices":[{"damage_healed":0.0,"max_hp_gain":0.0,"max_hp_loss":0.0,"gold_gain":0.0,"event_name":"Mushrooms","player_choice":"Fought Mushrooms","floor":8.0,"gold_loss":0.0,"damage_taken":0.0},{"damage_healed":0.0,"max_hp_gain":0.0,"max_hp_loss":0.0,"gold_gain":99.0,"event_name":"Nest","player_choice":"Stole From Cult","floor":29.0,"gold_loss":0.0,"damage_taken":0.0},{"cards_removed":["Slimebound:Tackle"],"damage_healed":0.0,"max_hp_gain":0.0,"max_hp_loss":0.0,"gold_gain":0.0,"event_name":"Falling","player_choice":"Removed Attack","floor":37.0,"gold_loss":0.0,"damage_taken":0.0},{"damage_healed":0.0,"max_hp_gain":0.0,"max_hp_loss":0.0,"gold_gain":0.0,"event_name":"Tomb of Lord Red Mask","player_choice":"Ignored","floor":39.0,"gold_loss":0.0,"damage_taken":0.0},{"damage_healed":0,"gold_gain":0,"player_choice":"Fight","damage_taken":0,"max_hp_gain":0,"max_hp_loss":0,"event_name":"MindBloom","floor":46,"gold_loss":0}],"is_beta":false,"boss_relics":[{"not_picked":["Tiny House","SlaversCollar"],"picked":"MagicMushroom"},{"not_picked":[]},{"not_picked":["SacredBark","Snecko Eye"],"picked":"Inserter"},{"not_picked":[]}],"items_purged_floors":[24,41,44],"is_endless":false,"potions_floor_spawned":[2,5,7,11,16,19,33,36,40,45],"ascension_level":2}}