{"host":"o26sfx8ce29lcfco","time":1612335225,"event":{"mods":["2.2 Compatiblity","Bard","BaseMod","Colored Map","Dark Map","Downfall","GifTheSpireLib","Hermit","Hubris","Jorbs\u0027s Wanderer Trilogy","Marisa????????","Minty Spire (QoL Compilation)","Permanent Neow","Quick Restart","Random Character Mod","Rare Cards Sparkle","Replay The Spire","Shop Mod","StSLib","The Bug Knight","The Disciple","The Jungle","The Poker Player","The Runesmith","The Servant 0.9.4"],"gold_per_floor":[18,37,37,37,51,85,85,100,127,158,158,158,61,61,61,158,158,140,335,335,74,84,84,7,33,80,80,113,123,156,14,14,111,111,131,131,131,181,200,233,233,244,270,270,270,281,281,78,78,78],"floor_reached":51,"language":"ENG","playtime":4669,"items_purged":[],"score":990,"play_id":"0fa0bb3a-37d5-4043-b55c-aff5565b6f06","local_time":"20210203065345","is_ascension_mode":true,"campfire_choices":[{"data":"champ:Taunt","floor":7.0,"key":"SMITH"},{"data":"champ:PerfectedStrike","floor":11.0,"key":"SMITH"},{"floor":15.0,"key":"RECALL"},{"data":"champ:EnchantCrown","floor":23.0,"key":"SMITH"},{"data":"champ:BerserkersShout","floor":27.0,"key":"SMITH"},{"data":"champ:StrikeOfGenius","floor":32.0,"key":"SMITH"},{"data":"ReplayUltimateDefense","floor":41.0,"key":"SMITH"},{"data":"champ:EnchantCrown","floor":41.0,"key":"SMITH"},{"data":"champ:AdrenalArmor","floor":45.0,"key":"SMITH"},{"data":"champ:GladiatorForm","floor":45.0,"key":"SMITH"},{"data":"champ:TripleStrike","floor":47.0,"key":"SMITH"},{"data":"champ:AdrenalArmor","floor":47.0,"key":"SMITH"},{"floor":49,"key":"DIG"}],"circlet_count":0,"master_deck":["champ:Strike","champ:Strike","champ:Strike","champ:Strike","champ:Defend","champ:Defend","champ:Defend","champ:Defend","champ:Execute","champ:Taunt+1","champ:BerserkersShout+1","champ:AdrenalArmor+1","champ:BerserkerStyle","champ:BringItOn+1","champ:PerfectedStrike+1","Flash of Steel","champ:EnchantCrown+1","champ:ArenaPreparation","champ:PerfectedStrike+1","champ:RageSigil","champ:EnchantCrown+1","champ:CrookedStrike","champ:StrikeOfGenius+1","champ:PerfectedStrike+1","ReplayUltimateDefense+1","champ:AdrenalArmor+1","champ:GladiatorForm+1","champ:TripleStrike+1","champ:TripleStrike"],"relics":["champ:ChampionCrown","hubris:BundleOfHerbs","Blue Candle","Bag of Preparation","Bronze Scales","Thread and Needle","hubris:TerracottaHorce","hubris:BottledRain","Garlic","Replay:Bottled Eggs","Vajra","Replay:Bronze Core","Replay:Arrowhead","ReplayTheSpireMod:Lightbulb","Simple Rune","hubris:NiceRug","hubris:SphereOfDissonance"],"acts_visited":["Exordium","TheCity","TheBeyond"],"potions_floor_usage":[50,50,50],"damage_taken":[{"damage":10.0,"enemies":"2 Louse","floor":1.0,"turns":2.0},{"damage":15.0,"enemies":"Small Slimes","floor":2.0,"turns":6.0},{"damage":24.0,"enemies":"Jaw Worm","floor":5.0,"turns":3.0},{"damage":77.0,"enemies":"Lagavulin","floor":6.0,"turns":7.0},{"damage":10.0,"enemies":"3 Louse","floor":8.0,"turns":3.0},{"damage":46.0,"enemies":"Gremlin Nob","floor":10.0,"turns":4.0},{"damage":70.0,"enemies":"Hexaghost","floor":16.0,"turns":9.0},{"damage":20.0,"enemies":"2 Thieves","floor":18.0,"turns":4.0},{"damage":33.0,"enemies":"Spheric Guardian","floor":22.0,"turns":3.0},{"damage":57.0,"enemies":"HollowMod:Nosk","floor":25.0,"turns":7.0},{"damage":60.0,"enemies":"Slavers","floor":28.0,"turns":5.0},{"damage":50.0,"enemies":"3 Cultists","floor":29.0,"turns":5.0},{"damage":45.0,"enemies":"Book of Stabbing","floor":30.0,"turns":5.0},{"damage":39.0,"enemies":"Automaton","floor":33.0,"turns":7.0},{"damage":32.0,"enemies":"3 Shapes","floor":35.0,"turns":6.0},{"damage":15.0,"enemies":"Mind Bloom Boss Battle","floor":38.0,"turns":3.0},{"damage":37.0,"enemies":"3 Darklings","floor":39.0,"turns":3.0},{"damage":112.0,"enemies":"Nemesis","floor":40.0,"turns":5.0},{"damage":29.0,"enemies":"Sphere and 2 Shapes","floor":42.0,"turns":7.0},{"damage":85.0,"enemies":"Writhing Mass","floor":46.0,"turns":6.0},{"damage":76.0,"enemies":"hubris:Merchant","floor":48.0,"turns":4.0},{"damage":115,"enemies":"Time Eater","floor":50,"turns":4}],"seed_played":"-4324822611415033957","potions_obtained":[{"floor":5.0,"key":"SkillPotion"},{"floor":6.0,"key":"champ:CounterPotion"},{"floor":16.0,"key":"Swift Potion"},{"floor":28.0,"key":"champ:OpenerPotion"},{"floor":29.0,"key":"Block Potion"},{"floor":30.0,"key":"SteroidPotion"},{"floor":33.0,"key":"Weak Potion"},{"floor":35.0,"key":"Fire Potion"},{"floor":40.0,"key":"Reflective Coating"},{"floor":42.0,"key":"Explosive Potion"}],"is_trial":false,"path_per_floor":["M","M","?","?","M","E","R","M","T","E","R","?","$","?","R","B",null,"M","?","?","$","M","R","$","E","T","R","E","M","E","$","R","B",null,"M","?","?","?","M","E","R","M","T","?","R","M","R","$","R_BF","B",null],"character_chosen":"THE_CHAMP","items_purchased":["Flash of Steel","hubris:BottledRain","champ:RageSigil","champ:StrikeOfGenius","champ:TripleStrike","PowerPotion"],"campfire_rested":0,"item_purchase_floors":[13,21,24,31,48,48],"current_hp_per_floor":[90,90,85,67,63,36,36,36,36,15,15,15,15,15,15,31,75,75,53,53,53,53,53,53,53,53,53,41,41,41,41,41,62,83,82,82,82,82,80,46,46,58,58,58,58,58,58,46,46,46],"gold":78,"neow_bonus":"ONE_RARE_RELIC","is_daily":false,"chose_seed":false,"campfire_upgraded":11,"win_rate":0.0,"timestamp":1612335225,"path_taken":["M","M","?","?","?","E","R","M","T","E","R","?","?","?","R","BOSS","M","?","?","?","M","R","?","E","T","R","E","M","E","$","R","BOSS","M","?","?","?","M","E","R","M","T","?","R","?","R","?","R_BF","BOSS"],"items_purchased_type":["Card","Relic","Card","Card","Card","Potion"],"build_version":"2020-12-22","purchased_purges":0,"victory":true,"max_hp_per_floor":[90,90,90,90,90,90,90,90,90,90,90,90,90,90,90,90,90,90,90,90,90,90,90,90,90,90,90,90,90,90,90,90,90,90,90,90,90,90,90,90,90,90,90,85,85,85,85,85,85,85],"card_choices":[{"not_picked":["champ:PreemptiveStrike","champ:BringItOn"],"picked":"champ:BerserkersShout","floor":1.0},{"not_picked":["champ:CrownThrow","champ:BringItOn"],"picked":"champ:AdrenalArmor","floor":2.0},{"not_picked":["champ:DefensiveShout","champ:FalseCounter","champ:FlashCut"],"picked":"SKIP","floor":5.0},{"not_picked":["champ:EnchantShield","champ:Shatter"],"picked":"champ:BerserkerStyle","floor":6.0},{"not_picked":["champ:Circumvent","champ:FlashCut"],"picked":"champ:BringItOn","floor":8.0},{"not_picked":["champ:DefensiveStyle","champ:CalledShot"],"picked":"champ:PerfectedStrike","floor":10.0},{"not_picked":["champ:HoldFirm","champ:EnchantSword"],"picked":"champ:EnchantCrown","floor":16.0},{"not_picked":["champ:Circumvent","champ:CrownThrow","champ:ViciousMockery+1"],"picked":"SKIP","floor":18.0},{"not_picked":["champ:BerserkersShout","champ:TornadoPunch"],"picked":"champ:ArenaPreparation","floor":19.0},{"not_picked":["champ:ViciousMockery","champ:StanceDance"],"picked":"champ:PerfectedStrike+1","floor":22.0},{"not_picked":["champ:IronFortress","champ:ArenaPreparation","champ:DefensiveShout+1"],"picked":"SKIP","floor":25.0},{"not_picked":["champ:SwordSigil","champ:ShieldWall","champ:EnragedBash+1"],"picked":"SKIP","floor":28.0},{"not_picked":["champ:AdrenalArmor+1","champ:PreemptiveStrike+1"],"picked":"champ:EnchantCrown","floor":29.0},{"not_picked":["champ:FocusedBerserking","champ:SkillfulDodge"],"picked":"champ:CrookedStrike","floor":30.0},{"not_picked":["champ:Haymaker+1","champ:TornadoPunch+1"],"picked":"champ:PerfectedStrike+1","floor":35.0},{"not_picked":["Replay:Parry","Specialist"],"picked":"ReplayUltimateDefense","floor":36.0},{"not_picked":["champ:PreemptiveStrike+1","champ:EnragedBash"],"picked":"champ:AdrenalArmor","floor":38.0},{"not_picked":["champ:FlashCut+1","champ:EnragedBash+1","champ:ShieldSlam"],"picked":"SKIP","floor":39.0},{"not_picked":["champ:PerfectedStrike","champ:FancyFootwork+1"],"picked":"champ:GladiatorForm","floor":40.0},{"not_picked":["champ:TornadoPunch","champ:BringItOn+1","champ:DefensiveShout"],"picked":"SKIP","floor":42.0},{"not_picked":["champ:Duel+1","champ:Haymaker+1"],"picked":"champ:TripleStrike","floor":46.0}],"player_experience":340236,"relics_obtained":[{"floor":6.0,"key":"Bag of Preparation"},{"floor":9.0,"key":"Bronze Scales"},{"floor":10.0,"key":"Thread and Needle"},{"floor":25.0,"key":"Garlic"},{"floor":28.0,"key":"Replay:Bottled Eggs"},{"floor":30.0,"key":"Vajra"},{"floor":38.0,"key":"Replay:Arrowhead"},{"floor":40.0,"key":"ReplayTheSpireMod:Lightbulb"},{"floor":43.0,"key":"Simple Rune"},{"floor":49,"key":"hubris:SphereOfDissonance"}],"event_choices":[{"damage_healed":0.0,"max_hp_gain":0.0,"max_hp_loss":0.0,"gold_gain":0.0,"event_name":"Shining Light","player_choice":"Entered Light","floor":4.0,"gold_loss":0.0,"damage_taken":18.0,"cards_upgraded":["champ:Defend","champ:Strike"]},{"damage_healed":0.0,"max_hp_gain":0.0,"max_hp_loss":0.0,"gold_gain":0.0,"event_name":"Living Wall","player_choice":"Grow","floor":12.0,"gold_loss":0.0,"damage_taken":0.0,"cards_upgraded":["champ:BringItOn"]},{"damage_healed":0.0,"max_hp_gain":0.0,"max_hp_loss":0.0,"gold_gain":0.0,"event_name":"SensoryStone","player_choice":"Memory 1","floor":36.0,"gold_loss":0.0,"damage_taken":0.0},{"damage_healed":0.0,"max_hp_gain":0.0,"max_hp_loss":0.0,"gold_gain":0.0,"event_name":"MindBloom","player_choice":"Fight","floor":38.0,"gold_loss":0.0,"damage_taken":0.0},{"damage_healed":0.0,"max_hp_gain":0.0,"max_hp_loss":5.0,"gold_gain":0.0,"event_name":"Winding Halls","player_choice":"Max HP","floor":44.0,"gold_loss":0.0,"damage_taken":0.0}],"is_beta":false,"boss_relics":[{"not_picked":["hubris:BlackHole","champ:ChampionCrownUpgraded"],"picked":"hubris:TerracottaHorce"},{"not_picked":["Kintsugi","Pandora\u0027s Box"],"picked":"Replay:Bronze Core"}],"items_purged_floors":[],"is_endless":false,"potions_floor_spawned":[5,6,16,28,29,30,33,35,40,42],"ascension_level":3}}