{"host":"axrdhsaugr8t8srp","time":1612325988,"event":{"mods":["BaseMod","Minty Spire (QoL Compilation)","StSLib"],"gold_per_floor":[110,60,74,26,43,78,96,96,96,96,130,130,165,181,181,283,283,294,33,33,132,9,9,0,0,0,53,53,53],"floor_reached":28,"language":"ENG","playtime":848,"items_purged":["Strike_P"],"score":296,"play_id":"d65594ae-87cf-4912-957a-c79a3cb7c224","local_time":"20210203151948","is_ascension_mode":true,"campfire_choices":[{"data":"BowlingBash","floor":8,"key":"SMITH"},{"data":"Eruption","floor":12,"key":"SMITH"},{"data":"ConjureBlade","floor":15,"key":"SMITH"},{"data":"WindmillStrike","floor":23,"key":"SMITH"},{"data":"DeusExMachina","floor":25,"key":"SMITH"}],"circlet_count":0,"master_deck":["Strike_P","Strike_P","Defend_P","Defend_P","Defend_P","Defend_P","Eruption+1","Vigilance","EmptyFist","WindmillStrike+1","Protect","FlurryOfBlows","BowlingBash+1","DeusExMachina","ConjureBlade+1","Protect","DeusExMachina+1","DeceiveReality+1","FlurryOfBlows"],"relics":["PureWater","NeowsBlessing","Mummified Hand","White Beast Statue","Nunchaku","Bag of Marbles","SlaversCollar","Singing Bowl","Pear","Pen Nib"],"acts_visited":["Exordium","TheCity"],"potions_floor_usage":[13,14],"damage_taken":[{"damage":0,"enemies":"2 Louse","floor":1,"turns":1},{"damage":0,"enemies":"Small Slimes","floor":3,"turns":1},{"damage":0,"enemies":"Jaw Worm","floor":5,"turns":1},{"damage":15,"enemies":"3 Sentries","floor":6,"turns":10},{"damage":2,"enemies":"2 Fungi Beasts","floor":7,"turns":4},{"damage":0,"enemies":"Gremlin Nob","floor":11,"turns":2},{"damage":2,"enemies":"Lagavulin","floor":13,"turns":4},{"damage":6,"enemies":"Looter","floor":14,"turns":2},{"damage":27,"enemies":"Slime Boss","floor":16,"turns":9},{"damage":9,"enemies":"Chosen","floor":18,"turns":6},{"damage":74,"enemies":"Gremlin Leader","floor":28,"turns":4}],"seed_played":"6496607064101157173","potions_obtained":[{"floor":3,"key":"Weak Potion"},{"floor":6,"key":"SteroidPotion"},{"floor":11,"key":"LiquidMemories"},{"floor":13,"key":"StancePotion"},{"floor":14,"key":"Ancient Potion"}],"is_trial":false,"path_per_floor":["M","?","M","$","M","E","M","R","T","$","E","R","E","M","R","B",null,"M","$","?","?","$","R","?","R","T","T","E"],"character_chosen":"WATCHER","items_purchased":["Protect","Singing Bowl","FlurryOfBlows"],"campfire_rested":0,"item_purchase_floors":[4,19,22],"current_hp_per_floor":[72,72,72,72,72,57,55,55,55,55,55,55,53,47,47,20,72,63,63,63,63,63,63,63,63,73,73,0,0],"gold":53,"neow_bonus":"THREE_ENEMY_KILL","is_daily":false,"chose_seed":false,"campfire_upgraded":5,"win_rate":0.0,"timestamp":1612325988,"path_taken":["M","?","M","$","M","E","M","R","T","$","E","R","E","M","R","BOSS","M","$","?","?","$","R","?","R","T","?","E"],"items_purchased_type":["Card","Relic","Card"],"build_version":"2020-12-22","purchased_purges":1,"victory":false,"max_hp_per_floor":[72,72,72,72,72,72,72,72,72,72,72,72,72,72,72,72,72,72,72,72,72,72,72,72,72,82,82,82,82],"card_choices":[{"not_picked":["Vengeance","Evaluate"],"picked":"EmptyFist","floor":1},{"not_picked":["BowlingBash","Consecrate"],"picked":"WindmillStrike","floor":3},{"not_picked":["Halt","Crescendo"],"picked":"FlurryOfBlows","floor":5},{"not_picked":["Prostrate","Evaluate","Protect"],"picked":"SKIP","floor":6},{"not_picked":["FlyingSleeves","Crescendo"],"picked":"BowlingBash","floor":7},{"not_picked":["Worship","Evaluate"],"picked":"DeusExMachina","floor":11},{"not_picked":["BowlingBash","Nirvana"],"picked":"ConjureBlade","floor":13},{"not_picked":["ClearTheMind","Vengeance"],"picked":"Protect","floor":14},{"not_picked":["Omniscience","LessonLearned"],"picked":"DeusExMachina","floor":16},{"not_picked":["BattleHymn","Protect+1"],"picked":"DeceiveReality+1","floor":18}],"player_experience":799390,"relics_obtained":[{"floor":6,"key":"Mummified Hand"},{"floor":9,"key":"White Beast Statue"},{"floor":11,"key":"Nunchaku"},{"floor":13,"key":"Bag of Marbles"},{"floor":26,"key":"Pear"},{"floor":27,"key":"Pen Nib"}],"event_choices":[{"cards_removed":["Strike_P"],"damage_healed":0,"gold_gain":0,"player_choice":"Card Removal","damage_taken":0,"max_hp_gain":0,"max_hp_loss":0,"event_name":"The Cleric","floor":2,"gold_loss":50},{"damage_healed":0,"gold_gain":0,"player_choice":"Ignored","damage_taken":0,"max_hp_gain":0,"max_hp_loss":0,"event_name":"Vampires","floor":20,"gold_loss":0},{"damage_healed":0,"gold_gain":99,"player_choice":"Stole From Cult","damage_taken":0,"max_hp_gain":0,"max_hp_loss":0,"event_name":"Nest","floor":21,"gold_loss":0},{"damage_healed":0,"gold_gain":0,"player_choice":"Paid Fearfully","damage_taken":0,"max_hp_gain":0,"max_hp_loss":0,"event_name":"Masked Bandits","floor":24,"gold_loss":9}],"is_beta":false,"boss_relics":[{"not_picked":["Empty Cage","Tiny House"],"picked":"SlaversCollar"}],"items_purged_floors":[22],"is_endless":false,"potions_floor_spawned":[3,6,11,13,14,16,18],"killed_by":"Gremlin Leader","ascension_level":3}}