{"host":"746m694if73h3gai","time":1612353656,"event":{"mods":["2.2 Compatiblity","AchievementEnabler","Act Like it!","BaseMod","Colored Map","Colored Powertips","Downfall","Minty Spire (QoL Compilation)","Quick Restart","Rare Cards Sparkle","Relic Stats","StSLib","everything is the same but u backflip on backflip","slay the spire mod where everything is the same but ironclad has a cowboy hat"],"gold_per_floor":[99,113,168,168,83,83,83,83],"floor_reached":6,"language":"ENG","playtime":296,"items_purged":[],"score":38,"play_id":"880d0764-738a-45ab-a99f-fdeb287168ba","local_time":"20210203130056","is_ascension_mode":true,"campfire_choices":[{"data":"Guardian:TwinSlam","floor":1,"key":"SMITH"}],"circlet_count":0,"master_deck":["Guardian:Strike_Guardian","Guardian:Strike_Guardian","Guardian:Strike_Guardian","Guardian:Strike_Guardian","Guardian:Defend_Guardian","Guardian:Defend_Guardian","Guardian:Defend_Guardian","Guardian:Defend_Guardian","Guardian:CurlUp","Guardian:TwinSlam+1","Regret","The Bomb","Guardian:Gem_Red","Guardian:PiercingHide","Guardian:Gem_Yellow","Guardian:Gem_Blue"],"relics":["Guardian:ModeShifter","Du-Vu Doll"],"acts_visited":["Exordium"],"potions_floor_usage":[],"damage_taken":[{"damage":12,"enemies":"Small Slimes","floor":2,"turns":3},{"damage":24,"enemies":"Lagavulin Event","floor":3,"turns":5},{"damage":6,"enemies":"downfall:FleeingMerchant","floor":5,"turns":4},{"damage":45,"enemies":"Gremlin Nob","floor":6,"turns":5}],"seed_played":"131407290129776727","potions_obtained":[{"floor":3,"key":"Energy Potion"}],"is_trial":false,"path_per_floor":["R","M","?","?","$","E"],"character_chosen":"GUARDIAN","items_purchased":["Guardian:Gem_Blue"],"campfire_rested":0,"item_purchase_floors":[5],"current_hp_per_floor":[80,68,44,44,38,0,0,0],"gold":83,"neow_bonus":"RANDOM_COLORLESS_2","is_daily":false,"chose_seed":false,"campfire_upgraded":1,"win_rate":0.0,"timestamp":1612353656,"path_taken":["R","M","?","?","$","E"],"items_purchased_type":["Card"],"build_version":"2020-12-22","purchased_purges":0,"victory":false,"max_hp_per_floor":[80,80,80,80,80,80,80,80],"relic_stats":{"counters":[4,17],"obtain_stats":[{"Du-Vu Doll":3,"Guardian:ModeShifter":0},{"Du-Vu Doll":2,"Guardian:ModeShifter":0},{"Du-Vu Doll":8,"Guardian:ModeShifter":0}]},"card_choices":[{"not_picked":["Sadistic Nature","Violence"],"picked":"The Bomb","floor":0},{"not_picked":["Guardian:Gem_Cyan","Guardian:Reroute"],"picked":"Guardian:Gem_Red","floor":2},{"not_picked":["Guardian:Suspension","Guardian:ShieldSpikes"],"picked":"Guardian:PiercingHide","floor":3},{"not_picked":["Guardian:BronzeArmor","Guardian:StasisField"],"picked":"Guardian:Gem_Yellow","floor":5}],"player_experience":159384,"relics_obtained":[{"floor":3,"key":"Du-Vu Doll"}],"event_choices":[],"is_beta":false,"boss_relics":[],"items_purged_floors":[],"is_endless":false,"potions_floor_spawned":[3],"killed_by":"Gremlin Nob","ascension_level":4}}