{"host":"2ty4h143nj8vwezc","time":1612332159,"event":{"mods":["BaseMod","Colored Map","Googly Eyes","Highlight Path","Minty Spire (QoL Compilation)","Quick Restart","StSLib"],"gold_per_floor":[110,110,110,126,145,178,178,189,189,189,200,234,234,139,139,139,139],"floor_reached":16,"language":"ENG","playtime":452,"items_purged":[],"score":219,"play_id":"276b2db7-a2c9-497c-9d4e-cdcf53ea1ddb","local_time":"20210203010239","is_ascension_mode":true,"campfire_choices":[{"data":"Tools of the Trade","floor":7,"key":"SMITH"},{"floor":10,"key":"REST"},{"floor":15,"key":"REST"}],"circlet_count":0,"master_deck":["AscendersBane","Strike_G","Strike_G","Strike_G","Strike_G","Strike_G","Defend_G","Defend_G","Defend_G","Defend_G","Defend_G","Survivor","Neutralize","All Out Attack+1","Tools of the Trade+1","Accuracy","Cloak And Dagger"],"relics":["Ring of the Snake","NeowsBlessing","Blood Vial","Spirit Poop","Mummified Hand","Letter Opener","Juzu Bracelet"],"acts_visited":["Exordium"],"potions_floor_usage":[6,12,12],"damage_taken":[{"damage":0.0,"enemies":"2 Louse","floor":1.0,"turns":1.0},{"damage":0.0,"enemies":"Small Slimes","floor":4.0,"turns":1.0},{"damage":0.0,"enemies":"Cultist","floor":5.0,"turns":1.0},{"damage":29,"enemies":"3 Sentries","floor":6,"turns":11},{"damage":1,"enemies":"3 Louse","floor":8,"turns":4},{"damage":1,"enemies":"Lots of Slimes","floor":11,"turns":3},{"damage":30,"enemies":"Gremlin Nob","floor":12,"turns":4},{"damage":39,"enemies":"The Guardian","floor":16,"turns":6}],"seed_played":"734838622735516909","potions_obtained":[{"floor":4.0,"key":"Dexterity Potion"},{"floor":6,"key":"CultistPotion"},{"floor":11,"key":"DuplicationPotion"}],"is_trial":false,"path_per_floor":["M","?","?","M","M","E","R","M","T","R","M","E","?","$","R","B"],"character_chosen":"THE_SILENT","items_purchased":["Accuracy","Cloak And Dagger"],"campfire_rested":2,"item_purchase_floors":[14,14],"current_hp_per_floor":[59,59,59,61,63,36,36,37,37,56,57,29,29,29,48,11,11],"gold":139,"neow_bonus":"THREE_ENEMY_KILL","is_daily":false,"chose_seed":false,"campfire_upgraded":1,"win_rate":0.0,"timestamp":1612332159,"path_taken":["M","?","?","?","M","E","R","M","T","R","M","E","?","$","R","BOSS"],"items_purchased_type":["Card","Card"],"build_version":"2020-12-22","purchased_purges":0,"victory":false,"max_hp_per_floor":[66,66,66,66,66,66,66,66,66,66,66,66,66,66,66,66,66],"card_choices":[{"not_picked":["Deflect","Quick Slash","Dagger Spray"],"picked":"SKIP","floor":1.0},{"not_picked":["Quick Slash","Acrobatics","Slice"],"picked":"SKIP","floor":4.0},{"not_picked":["Acrobatics","Masterful Stab"],"picked":"All Out Attack","floor":5.0},{"not_picked":["Underhanded Strike","Cloak And Dagger"],"picked":"Tools of the Trade","floor":6},{"not_picked":["Bane","Eviscerate","Prepared"],"picked":"SKIP","floor":8},{"not_picked":["Dodge and Roll","Cloak And Dagger","Accuracy"],"picked":"SKIP","floor":11},{"not_picked":["Poisoned Stab","Dagger Spray","Outmaneuver"],"picked":"SKIP","floor":12}],"player_experience":343902,"relics_obtained":[{"floor":6,"key":"Mummified Hand"},{"floor":9,"key":"Letter Opener"},{"floor":12,"key":"Juzu Bracelet"}],"event_choices":[{"damage_healed":0.0,"max_hp_gain":0.0,"max_hp_loss":0.0,"gold_gain":0.0,"event_name":"Big Fish","player_choice":"Box","floor":2.0,"gold_loss":0.0,"damage_taken":0.0,"relics_obtained":["Blood Vial"],"cards_obtained":["Regret"]},{"cards_removed":["Regret"],"damage_healed":0.0,"max_hp_gain":0.0,"max_hp_loss":0.0,"gold_gain":0.0,"event_name":"Bonfire Elementals","player_choice":"Offered Curse","floor":3.0,"gold_loss":0.0,"damage_taken":0.0,"relics_obtained":["Spirit Poop"]},{"damage_healed":0,"gold_gain":0,"player_choice":"Upgraded","damage_taken":0,"max_hp_gain":0,"max_hp_loss":0,"event_name":"Upgrade Shrine","floor":13,"gold_loss":0,"cards_upgraded":["All Out Attack"]}],"is_beta":false,"boss_relics":[],"items_purged_floors":[],"is_endless":false,"potions_floor_spawned":[4,6,11],"killed_by":"The Guardian","ascension_level":20}}