{"host":"bfxt97i6dl81mvg3","time":1612332357,"event":{"mods":["BaseMod","Colored Map","Minty Spire (QoL Compilation)","Relic Stats","Slay the Relics Exporter","StSLib","everything is the same but u backflip on backflip"],"gold_per_floor":[117,42,42,42,42,42,42,42,42,42,53,86,161,180,180,285,285,298,41,56,2,19,19,19,118,118,130,130,143,18,28,28,124,124,139,40,54,54,54,54,54,54,79,129,129,146,164,183,183,183],"floor_reached":51,"language":"ENG","playtime":606,"items_purged":["Defend_R","Defend_R","Defend_R"],"score":695,"play_id":"7d2acc00-14ee-43b2-af2c-6edf840e339e","local_time":"20210203000557","is_ascension_mode":false,"campfire_choices":[{"data":"Bash","floor":6,"key":"SMITH"},{"data":"Strike_R","floor":8,"key":"SMITH"},{"data":"Strike_R","floor":10,"key":"SMITH"},{"data":"Inflame","floor":15,"key":"SMITH"},{"data":"Limit Break","floor":23,"key":"SMITH"},{"floor":28,"key":"REST"},{"data":"Flex","floor":32,"key":"SMITH"},{"floor":40,"key":"REST"},{"floor":42,"key":"REST"},{"floor":49,"key":"REST"}],"circlet_count":0,"master_deck":["Strike_R","Strike_R","Strike_R","Strike_R+1","Strike_R+1","Bash+1","Inflame+1","Cleave","Limit Break","Limit Break+1","Flex+1","Battle Trance+1"],"relics":["Burning Blood","NeowsBlessing","Matryoshka","Gremlin Horn","Busted Crown","DollysMirror","PreservedInsect","Vajra","White Beast Statue","Fusion Hammer","HornCleat","Bag of Preparation","Magic Flower"],"acts_visited":["Exordium","TheCity","TheBeyond"],"potions_floor_usage":[16,33,39,50,50,50],"damage_taken":[{"damage":0,"enemies":"Jaw Worm","floor":1,"turns":1},{"damage":0,"enemies":"Cultist","floor":11,"turns":1},{"damage":0,"enemies":"Lagavulin","floor":12,"turns":1},{"damage":0,"enemies":"2 Louse","floor":14,"turns":2},{"damage":64,"enemies":"The Guardian","floor":16,"turns":7},{"damage":27,"enemies":"Spheric Guardian","floor":18,"turns":4},{"damage":10,"enemies":"Chosen","floor":20,"turns":4},{"damage":6,"enemies":"3 Cultists","floor":22,"turns":3},{"damage":31,"enemies":"Shelled Parasite and Fungi","floor":27,"turns":3},{"damage":10,"enemies":"Sentry and Sphere","floor":29,"turns":3},{"damage":0,"enemies":"Snecko","floor":31,"turns":2},{"damage":32,"enemies":"Collector","floor":33,"turns":3},{"damage":10,"enemies":"Orb Walker","floor":35,"turns":2},{"damage":0,"enemies":"3 Shapes","floor":37,"turns":1},{"damage":0,"enemies":"Transient","floor":39,"turns":1},{"damage":7,"enemies":"Mind Bloom Boss Battle","floor":44,"turns":3},{"damage":0,"enemies":"Spire Growth","floor":46,"turns":2},{"damage":26,"enemies":"Writhing Mass","floor":47,"turns":3},{"damage":3,"enemies":"Sphere and 2 Shapes","floor":48,"turns":2},{"damage":57,"enemies":"Awakened One","floor":50,"turns":4}],"seed_played":"9150151839609883450","potions_obtained":[{"floor":1,"key":"Explosive Potion"},{"floor":27,"key":"LiquidMemories"},{"floor":29,"key":"BloodPotion"},{"floor":31,"key":"GamblersBrew"},{"floor":33,"key":"SkillPotion"},{"floor":35,"key":"FearPotion"},{"floor":44,"key":"SteroidPotion"},{"floor":46,"key":"Ancient Potion"}],"is_trial":false,"path_per_floor":["M","$","?","$","?","R","$","R","T","R","M","E","?","M","R","B",null,"M","$","M","?","M","R","$","?","T","M","R","M","$","M","R","B",null,"M","$","M","?","M","R","$","R","T","?","?","M","M","M","R","B",null],"character_chosen":"IRONCLAD","items_purchased":["DollysMirror","SmokeBomb"],"campfire_rested":4,"item_purchase_floors":[19,36],"current_hp_per_floor":[80,80,80,80,80,80,80,80,80,80,80,80,69,75,75,17,80,59,59,55,55,55,55,55,55,55,30,54,50,50,56,56,30,80,76,76,80,80,80,80,80,80,80,79,79,80,63,69,80,52],"gold":183,"neow_bonus":"THREE_ENEMY_KILL","is_daily":false,"chose_seed":false,"campfire_upgraded":6,"win_rate":0.0,"timestamp":1612332357,"path_taken":["M","$","?","$","?","R","$","R","T","R","?","E","?","M","R","BOSS","M","$","M","?","?","R","$","?","T","M","R","M","$","M","R","BOSS","M","$","M","?","M","R","$","R","T","?","?","?","M","M","R","BOSS"],"items_purchased_type":["Relic","Potion"],"build_version":"2020-12-22","purchased_purges":3,"victory":true,"max_hp_per_floor":[80,80,80,80,80,80,80,80,80,80,80,80,80,80,80,80,80,80,80,80,80,80,80,80,80,80,80,80,80,80,80,80,80,80,80,80,80,80,80,80,80,80,80,80,80,80,80,80,80,80],"relic_stats":{"Busted Crown":28,"Gremlin Horn":[10,12],"counters":[20,52],"Magic Flower":[13],"PreservedInsect":0,"Bag of Preparation":[10],"obtain_stats":[{"NeowsBlessing":0,"Gremlin Horn":12,"Vajra":26,"Magic Flower":44,"PreservedInsect":21,"Bag of Preparation":43,"Burning Blood":0,"White Beast Statue":26,"Matryoshka":9,"Busted Crown":17,"HornCleat":43,"DollysMirror":19,"Fusion Hammer":34},{"NeowsBlessing":0,"Gremlin Horn":3,"Vajra":8,"Magic Flower":16,"PreservedInsect":7,"Bag of Preparation":15,"Burning Blood":0,"White Beast Statue":8,"Matryoshka":1,"Busted Crown":5,"HornCleat":15,"DollysMirror":6,"Fusion Hammer":12},{"NeowsBlessing":0,"Gremlin Horn":3,"Vajra":23,"Magic Flower":41,"PreservedInsect":20,"Bag of Preparation":38,"Burning Blood":0,"White Beast Statue":23,"Matryoshka":1,"Busted Crown":12,"HornCleat":38,"DollysMirror":16,"Fusion Hammer":34}],"Burning Blood":98},"card_choices":[{"not_picked":["Combust","Havoc","Headbutt"],"picked":"SKIP","floor":1},{"not_picked":["Headbutt","Wild Strike","Combust"],"picked":"SKIP","floor":11},{"not_picked":["Pommel Strike","Brutality"],"picked":"Inflame","floor":12},{"not_picked":["Headbutt","Metallicize"],"picked":"Cleave","floor":14},{"not_picked":["Impervious","Berserk"],"picked":"Limit Break","floor":16},{"not_picked":["Perfected Strike"],"picked":"SKIP","floor":18},{"not_picked":["Thunderclap"],"picked":"SKIP","floor":20},{"not_picked":["Perfected Strike+1"],"picked":"SKIP","floor":22},{"not_picked":["Perfected Strike"],"picked":"SKIP","floor":27},{"not_picked":[],"picked":"Flex","floor":29},{"not_picked":["Power Through"],"picked":"SKIP","floor":31},{"not_picked":["Power Through+1"],"picked":"SKIP","floor":35},{"not_picked":["Headbutt"],"picked":"SKIP","floor":37},{"not_picked":["Dual Wield+1"],"picked":"SKIP","floor":46},{"not_picked":[],"picked":"Battle Trance+1","floor":47},{"not_picked":["Armaments+1"],"picked":"SKIP","floor":48}],"player_experience":296578,"relics_obtained":[{"floor":9,"key":"Matryoshka"},{"floor":12,"key":"Gremlin Horn"},{"floor":26,"key":"Vajra"},{"floor":26,"key":"White Beast Statue"},{"floor":43,"key":"HornCleat"},{"floor":43,"key":"Bag of Preparation"},{"floor":44,"key":"Magic Flower"}],"event_choices":[{"cards_removed":["Defend_R"],"damage_healed":0,"gold_gain":0,"player_choice":"Forget","damage_taken":0,"max_hp_gain":0,"max_hp_loss":0,"event_name":"Living Wall","floor":3,"gold_loss":0},{"damage_healed":0,"gold_gain":0,"player_choice":"Ignored","damage_taken":0,"max_hp_gain":0,"max_hp_loss":0,"event_name":"NoteForYourself","floor":5,"gold_loss":0},{"damage_healed":0,"gold_gain":75,"player_choice":"Gather Gold","damage_taken":11,"max_hp_gain":0,"max_hp_loss":0,"event_name":"World of Goop","floor":13,"gold_loss":0},{"damage_healed":0,"gold_gain":0,"player_choice":"Paid Gold","damage_taken":0,"relics_obtained":["PreservedInsect"],"max_hp_gain":0,"max_hp_loss":0,"event_name":"WeMeetAgain","floor":21,"gold_loss":54},{"damage_healed":0,"gold_gain":99,"player_choice":"Stole From Cult","damage_taken":0,"max_hp_gain":0,"max_hp_loss":0,"event_name":"Nest","floor":25,"gold_loss":0},{"damage_healed":0,"gold_gain":0,"player_choice":"Memory 1","damage_taken":0,"max_hp_gain":0,"max_hp_loss":0,"event_name":"SensoryStone","floor":38,"gold_loss":0},{"damage_healed":0,"gold_gain":0,"player_choice":"Fight","damage_taken":0,"max_hp_gain":0,"max_hp_loss":0,"event_name":"MindBloom","floor":44,"gold_loss":0},{"damage_healed":0,"gold_gain":0,"player_choice":"Got Potions","damage_taken":0,"max_hp_gain":0,"max_hp_loss":0,"event_name":"Lab","floor":45,"gold_loss":0}],"is_beta":false,"boss_relics":[{"not_picked":["Black Blood","Coffee Dripper"],"picked":"Busted Crown"},{"not_picked":["Philosopher\u0027s Stone","Astrolabe"],"picked":"Fusion Hammer"}],"items_purged_floors":[2,19,30],"is_endless":false,"potions_floor_spawned":[1,27,29,31,33,35,37,39,44,46,47,48],"ascension_level":0}}