{"host":"crmowuwgj9wiiaqp","time":1612386440,"event":{"mods":["BaseMod","Downfall","Minty Spire (QoL Compilation)","Spire Arcade","StSLib"],"gold_per_floor":[113,131,24,42,27,37,37,37,51,78,78,78,78,78,78,174,174,186,200,300,310,322,322,322,348,348,363,363,383,383,397,397,499,499,518,530,540,554,40,40,40,40],"floor_reached":40,"language":"ENG","playtime":4857,"items_purged":["bronze:Strike"],"score":481,"play_id":"a7871d2a-91b8-4dd1-8c3a-7e85078ba750","local_time":"20210203140720","is_ascension_mode":true,"campfire_choices":[{"data":"bronze:SpaghettiCode","floor":8,"key":"SMITH"},{"data":"bronze:Mutator","floor":11,"key":"SMITH"},{"data":"bronze:Terminator","floor":13,"key":"SMITH"},{"data":"bronze:BugBarrage","floor":15,"key":"SMITH"},{"data":"bronze:RecursiveStrike","floor":23,"key":"SMITH"},{"floor":28,"key":"DIG"},{"data":"bronze:Iterate","floor":30,"key":"SMITH"},{"data":"bronze:Goto","floor":32,"key":"SMITH"}],"circlet_count":0,"master_deck":["bronze:Strike+1","bronze:Defend","bronze:Defend","bronze:Defend","bronze:Defend","bronze:Replicate+1","bronze:Goto+1","bronze:Shield","bronze:DarkDash","bronze:Constructor","bronze:Terminator+1","bronze:OilSpill","bronze:SpaghettiCode+1","bronze:BugBarrage+1","bronze:Mutator+1","bronze:RecursiveStrike+1","bronze:Boost+1","bronze:Constructor+1","downfall:Icky","bronze:WhirlingStrike+1","bronze:Iterate+1","bronze:ShipIt","bronze:Shell","bronze:ItsAFeature"],"relics":["bronze:BronzeCore","Whetstone","Art of War","Eternal Feather","White Beast Statue","downfall:ShatteredFragment","Cursed Key","Shovel","The Courier","Gambling Chip","Ginger","bronze:CableSpool","Empty Cage","Meat on the Bone","Membership Card","Mango"],"acts_visited":["Exordium","TheCity","TheBeyond"],"potions_floor_usage":[19,25,33,38],"damage_taken":[{"damage":2,"enemies":"Jaw Worm","floor":1,"turns":3},{"damage":0,"enemies":"Small Slimes","floor":2,"turns":4},{"damage":0,"enemies":"downfall:FleeingMerchant","floor":3,"turns":4},{"damage":0,"enemies":"Cultist","floor":4,"turns":3},{"damage":0,"enemies":"downfall:FleeingMerchant","floor":5,"turns":4},{"damage":18,"enemies":"Large Slime","floor":6,"turns":4},{"damage":3,"enemies":"3 Louse","floor":9,"turns":3},{"damage":0,"enemies":"Lagavulin","floor":10,"turns":5},{"damage":42,"enemies":"WA_ARCHETYPE_RETAIN","floor":16,"turns":6},{"damage":0,"enemies":"Spheric Guardian","floor":18,"turns":3},{"damage":0,"enemies":"Centurion and Healer","floor":19,"turns":5},{"damage":2,"enemies":"Colosseum Nobs","floor":20,"turns":5},{"damage":10,"enemies":"Cultist and Chosen","floor":21,"turns":7},{"damage":20,"enemies":"Sentry and Sphere","floor":22,"turns":6},{"damage":12,"enemies":"Book of Stabbing","floor":25,"turns":3},{"damage":0,"enemies":"Snecko","floor":27,"turns":2},{"damage":0,"enemies":"Centurion and Healer","floor":29,"turns":3},{"damage":1,"enemies":"Chosen and Byrds","floor":31,"turns":2},{"damage":24,"enemies":"IC_MUSHROOM_ARCHETYPE","floor":33,"turns":4},{"damage":36,"enemies":"3 Shapes","floor":35,"turns":5},{"damage":1,"enemies":"Orb Walker","floor":36,"turns":3},{"damage":9,"enemies":"Maw","floor":37,"turns":4},{"damage":21,"enemies":"Sphere and 2 Shapes","floor":38,"turns":4},{"damage":0,"enemies":"downfall:FleeingMerchant","floor":39,"turns":4},{"damage":48,"enemies":"downfall:FleeingMerchant","floor":40,"turns":5}],"seed_played":"-7570018320130832018","potions_obtained":[{"floor":2,"key":"Ancient Potion"},{"floor":4,"key":"hexamod:SoulburnPotion"},{"floor":6,"key":"AttackPotion"},{"floor":10,"key":"Ancient Potion"},{"floor":16,"key":"Strength Potion"},{"floor":19,"key":"DuplicationPotion"},{"floor":21,"key":"bronze:FreeFunctionsPotion"},{"floor":25,"key":"PowerPotion"},{"floor":33,"key":"bronze:CleanCodePotion"},{"floor":36,"key":"Regen Potion"},{"floor":38,"key":"EssenceOfSteel"}],"is_trial":false,"path_per_floor":["M","M","$","M","$","M","T","R","M","E","R","?","R","?","R","B",null,"M","M","?","M","M","R","T","E","?","M","R","M","R","M","R","B",null,"M","M","M","M","$","?"],"character_chosen":"THE_AUTOMATON","items_purchased":["bronze:Terminator","bronze:OilSpill","Meat on the Bone","Membership Card","Mango"],"campfire_rested":0,"item_purchase_floors":[3,3,39,39,39],"current_hp_per_floor":[68,68,68,68,68,50,50,50,47,47,56,56,65,44,53,11,70,70,70,68,58,38,50,50,38,38,38,50,50,62,61,70,46,70,34,33,24,15,29,0,0,0],"gold":40,"neow_bonus":"RANDOM_COMMON_RELIC","is_daily":false,"chose_seed":false,"campfire_upgraded":7,"win_rate":0.0,"timestamp":1612386440,"path_taken":["M","M","$","M","$","M","T","R","M","E","R","?","R","?","R","BOSS","M","M","?","M","M","R","T","E","?","M","R","M","R","?","R","BOSS","M","M","M","M","$","?"],"items_purchased_type":["Card","Card","Relic","Relic","Relic"],"build_version":"2020-12-22","purchased_purges":1,"victory":false,"max_hp_per_floor":[70,70,70,70,70,70,70,70,70,70,70,70,70,70,70,70,70,70,70,70,70,70,70,70,70,70,70,70,70,70,70,70,70,70,70,70,70,70,84,84,84,84],"card_choices":[{"not_picked":["bronze:Deprecate","bronze:DelayedSlice"],"picked":"bronze:Shield","floor":1},{"not_picked":["bronze:Turbo","bronze:Allocate"],"picked":"bronze:DarkDash","floor":2},{"not_picked":["bronze:Verify","bronze:BronzeArmor"],"picked":"bronze:Constructor","floor":3},{"not_picked":["bronze:ChildClass","bronze:DelayedGuard","bronze:Safeguard"],"picked":"SKIP","floor":4},{"not_picked":["bronze:DelayedSlice","bronze:Turbo"],"picked":"bronze:SpaghettiCode","floor":5},{"not_picked":["bronze:Constructor","bronze:BuggyMess"],"picked":"bronze:BugBarrage","floor":6},{"not_picked":["bronze:Frontload","bronze:CloningBeam","bronze:Branch"],"picked":"SKIP","floor":9},{"not_picked":["bronze:Iterate","bronze:Shield"],"picked":"bronze:Mutator","floor":10},{"not_picked":["bronze:Mutator","bronze:Assembly"],"picked":"bronze:RecursiveStrike","floor":16},{"not_picked":["bronze:WildBeam+1","bronze:Branch","bronze:Overload"],"picked":"SKIP","floor":18},{"not_picked":["bronze:BugBarrage","bronze:ChosenStrike"],"picked":"bronze:Boost+1","floor":19},{"not_picked":["bronze:Constructor+1","bronze:OilSpill","bronze:BuggyMess"],"picked":"SKIP","floor":21},{"not_picked":["bronze:OilSpill","bronze:BuggyMess"],"picked":"bronze:Constructor+1","floor":21},{"not_picked":["bronze:Overheat","bronze:Deprecate","bronze:Turbo+1"],"picked":"SKIP","floor":22},{"not_picked":["bronze:AlphaBuild","bronze:Deprecate","bronze:ForLoop"],"picked":"SKIP","floor":25},{"not_picked":["bronze:DigitalCarnage","bronze:OilSpill"],"picked":"bronze:WhirlingStrike+1","floor":27},{"not_picked":["bronze:Constructor","bronze:WildBeam"],"picked":"bronze:Iterate","floor":29},{"not_picked":["bronze:CloningBeam","bronze:Allocate","bronze:Turbo"],"picked":"SKIP","floor":31},{"not_picked":["bronze:ThunderWave","bronze:CleanCode"],"picked":"bronze:ShipIt","floor":33},{"not_picked":["bronze:Constructor","bronze:Overheat"],"picked":"bronze:Shell","floor":35},{"not_picked":["bronze:ForLoop+1","bronze:OilSpill+1","bronze:Invalidate+1"],"picked":"SKIP","floor":36},{"not_picked":["bronze:Turbo","bronze:DelayedSlice"],"picked":"bronze:ItsAFeature","floor":37},{"not_picked":["bronze:RecursiveStrike","bronze:CloningBeam","bronze:Overload"],"picked":"SKIP","floor":38},{"not_picked":["bronze:Philosophize","bronze:Separator","bronze:Invalidate"],"picked":"SKIP","floor":39}],"player_experience":1381360,"relics_obtained":[{"floor":7,"key":"Art of War"},{"floor":10,"key":"Eternal Feather"},{"floor":20,"key":"Shovel"},{"floor":20,"key":"The Courier"},{"floor":24,"key":"Gambling Chip"},{"floor":25,"key":"Ginger"},{"floor":28,"key":"bronze:CableSpool"}],"event_choices":[],"is_beta":false,"boss_relics":[{"not_picked":["Calling Bell","Philosopher\u0027s Stone"],"picked":"Cursed Key"},{"not_picked":["Sozu","bronze:PlatinumCore"],"picked":"Empty Cage"}],"items_purged_floors":[39],"is_endless":false,"potions_floor_spawned":[2,4,6,10,16,18,19,20,21,22,25,27,29,31,33,35,36,37,38,39],"killed_by":"downfall:FleeingMerchant","ascension_level":2}}