{"host":"0k696jvpnlqjk4gh","time":1612377980,"event":{"mods":["AchievementEnabler","BaseMod","Colored Map","Colored Powertips","Minty Spire (QoL Compilation)","Quick Restart"],"gold_per_floor":[119,133,133,133,143,143,160,193,245,245,268,268,268,286,286,390,390,405,405,424,268,367,398,398,410,410,443,443,455,455,455],"floor_reached":30,"language":"ENG","playtime":1257,"items_purged":[],"score":322,"play_id":"1d7a3276-aee9-40a6-8c38-f20f4063e8e9","local_time":"20210203184620","is_ascension_mode":true,"campfire_choices":[{"data":"Terror","floor":6,"key":"SMITH"},{"floor":10,"key":"REST"},{"floor":12,"key":"REST"},{"data":"Blade Dance","floor":15,"key":"SMITH"},{"floor":24,"key":"REST"}],"circlet_count":0,"master_deck":["Strike_G","Strike_G","Strike_G","Defend_G","Defend_G","Defend_G","Defend_G","Survivor","Neutralize","Caltrops+1","Adrenaline+1","Heel Hook+1","PiercingWail","Blade Dance+1","Outmaneuver","Terror+1","Cloak And Dagger","Infinite Blades","Infinite Blades+1","Backstab","Deflect+1","Accuracy","Masterful Stab","PiercingWail+1","Cloak And Dagger"],"relics":["Astrolabe","Letter Opener","Toy Ornithopter","Odd Mushroom","Busted Crown","Tiny Chest","Smiling Mask","MutagenicStrength"],"acts_visited":["Exordium","TheCity"],"potions_floor_usage":[7,8,11,23,29,30],"damage_taken":[{"damage":1,"enemies":"Small Slimes","floor":1,"turns":4},{"damage":0,"enemies":"Cultist","floor":2,"turns":5},{"damage":6,"enemies":"2 Louse","floor":5,"turns":3},{"damage":0,"enemies":"Lots of Slimes","floor":7,"turns":4},{"damage":32,"enemies":"Lagavulin","floor":8,"turns":8},{"damage":1,"enemies":"The Mushroom Lair","floor":11,"turns":2},{"damage":6,"enemies":"Looter","floor":14,"turns":3},{"damage":32,"enemies":"Hexaghost","floor":16,"turns":8},{"damage":23,"enemies":"Spheric Guardian","floor":18,"turns":4},{"damage":10,"enemies":"Shell Parasite","floor":20,"turns":4},{"damage":39,"enemies":"Slavers","floor":23,"turns":5},{"damage":5,"enemies":"Centurion and Healer","floor":25,"turns":4},{"damage":17,"enemies":"Book of Stabbing","floor":27,"turns":4},{"damage":13,"enemies":"Cultist and Chosen","floor":29,"turns":5},{"damage":24,"enemies":"Chosen and Byrds","floor":30,"turns":4}],"seed_played":"8846885201445660839","potions_obtained":[{"floor":2,"key":"DistilledChaos"},{"floor":7,"key":"SpeedPotion"},{"floor":8,"key":"Poison Potion"},{"floor":18,"key":"Fire Potion"},{"floor":25,"key":"Swift Potion"},{"floor":29,"key":"ColorlessPotion"}],"is_trial":false,"path_per_floor":["M","M","?","$","M","R","M","E","T","R","?","R","?","M","R","B",null,"M","?","M","$","?","E","R","M","T","E","?","M","M"],"character_chosen":"THE_SILENT","items_purchased":["Accuracy","Masterful Stab"],"campfire_rested":3,"item_purchase_floors":[21,21],"current_hp_per_floor":[69,69,69,69,63,63,63,31,31,52,56,70,70,64,64,32,70,47,70,60,60,60,26,47,42,42,25,25,17,0,0],"gold":455,"neow_bonus":"BOSS_RELIC","is_daily":false,"chose_seed":false,"campfire_upgraded":2,"win_rate":0.0,"timestamp":1612377980,"path_taken":["M","M","?","$","?","R","M","E","T","R","?","R","?","?","R","BOSS","M","?","M","$","?","E","R","M","T","E","?","?","M"],"items_purchased_type":["Card","Card"],"build_version":"2020-12-22","purchased_purges":0,"victory":false,"max_hp_per_floor":[70,70,70,70,70,70,70,70,70,70,70,70,70,70,70,70,70,70,70,70,70,70,70,70,70,70,70,70,70,70,70],"card_choices":[{"not_picked":["Flying Knee","Dodge and Roll"],"picked":"PiercingWail","floor":1},{"not_picked":["Endless Agony","Backstab"],"picked":"Blade Dance","floor":2},{"not_picked":["Slice","Deflect"],"picked":"Terror","floor":5},{"not_picked":["Well Laid Plans","Flying Knee"],"picked":"Cloak And Dagger","floor":7},{"not_picked":["Endless Agony","Outmaneuver"],"picked":"Infinite Blades","floor":8},{"not_picked":["Blade Dance","Bane"],"picked":"Infinite Blades","floor":11},{"not_picked":["Dodge and Roll","Grand Finale"],"picked":"Backstab","floor":14},{"not_picked":[],"picked":"Deflect+1","floor":18},{"not_picked":["Deflect+1"],"picked":"SKIP","floor":20},{"not_picked":["Wraith Form v2"],"picked":"SKIP","floor":23},{"not_picked":["Outmaneuver+1"],"picked":"SKIP","floor":25},{"not_picked":[],"picked":"PiercingWail+1","floor":27},{"not_picked":[],"picked":"Cloak And Dagger","floor":29}],"player_experience":145426,"relics_obtained":[{"floor":8,"key":"Letter Opener"},{"floor":9,"key":"Toy Ornithopter"},{"floor":11,"key":"Odd Mushroom"},{"floor":23,"key":"Tiny Chest"},{"floor":27,"key":"Smiling Mask"}],"event_choices":[{"damage_healed":0,"gold_gain":0,"player_choice":"1 cards matched","damage_taken":0,"max_hp_gain":0,"max_hp_loss":0,"event_name":"Match and Keep!","floor":3,"gold_loss":0,"cards_obtained":["Outmaneuver"]},{"damage_healed":0,"gold_gain":0,"player_choice":"Fought Mushrooms","damage_taken":0,"max_hp_gain":0,"max_hp_loss":0,"event_name":"Mushrooms","floor":11,"gold_loss":0},{"damage_healed":0,"gold_gain":0,"player_choice":"Upgraded","damage_taken":0,"max_hp_gain":0,"max_hp_loss":0,"event_name":"Upgrade Shrine","floor":13,"gold_loss":0,"cards_upgraded":["Infinite Blades"]},{"damage_healed":23,"gold_gain":0,"player_choice":"Heal","damage_taken":0,"max_hp_gain":0,"max_hp_loss":0,"event_name":"The Library","floor":19,"gold_loss":0},{"damage_healed":0,"gold_gain":99,"player_choice":"Stole From Cult","damage_taken":0,"max_hp_gain":0,"max_hp_loss":0,"event_name":"Nest","floor":22,"gold_loss":0},{"damage_healed":0,"gold_gain":0,"player_choice":"Inject Mutagens","damage_taken":0,"relics_obtained":["MutagenicStrength"],"max_hp_gain":0,"max_hp_loss":0,"event_name":"Drug Dealer","floor":28,"gold_loss":0}],"is_beta":false,"boss_relics":[{"not_picked":["Empty Cage","Velvet Choker"],"picked":"Busted Crown"}],"items_purged_floors":[],"is_endless":false,"potions_floor_spawned":[2,7,8,18,25,29],"killed_by":"Chosen and Byrds","ascension_level":4}}