{"host":"d61fcf2p3sjwe6yo","time":1612355767,"event":{"mods":["AchievementEnabler","Act Like it!","BaseMod","Colored Map","Gensokyo","Marisa????????","Minty Spire (QoL Compilation)","StSLib","SuperFastMode"],"gold_per_floor":[113,9,9,9,23,51,0,16,43,70,70,70,90,40,40,136,136,155,35,285,304,304,304,339,358,385,385,385,405,434,434,434,539,539,558,558,576,77,125,159,159,208,208,57,90,90,102,141,141,141],"floor_reached":51,"language":"ENG","playtime":3382,"items_purged":[],"score":906,"play_id":"55624fac-caf2-4223-b937-dc8cd59a1d8b","local_time":"20210203153607","is_ascension_mode":false,"campfire_choices":[{"floor":11,"key":"REST"},{"data":"BinaryStars","floor":15,"key":"SMITH"},{"data":"EarthLightRay","floor":23,"key":"SMITH"},{"data":"EnergyFlow","floor":28,"key":"SMITH"},{"data":"EnergyFlow","floor":32,"key":"SMITH"},{"data":"AbsoluteMagnitude","floor":41,"key":"SMITH"},{"data":"ManaRampage","floor":49,"key":"SMITH"}],"circlet_count":0,"master_deck":["MasterSpark","UpSweep","Occultation","Gensokyo:CrescentMoonSlash","OneTimeOff","EarthLightRay+1","GalacticHalo","EnergyFlow+1","AsteroidBelt","BinaryStars+1","Gensokyo:BlessingOfConstitution","ManaRampage","JA","ChargeUpSpray","ManaRampage+1","DarkSpark","DeepEcoloBomb","StarDustReverie","PulseMagic","Robbery+1","MagicAbsorber","ChargingUp+1","EnergyFlow+1","Reinforced Body","Gensokyo:ShootingStar","AbsoluteMagnitude+1","GravityBeat","GalacticHalo+1","MagicAbsorber+1","Acceleration","GalacticHalo+1","PropBag+1"],"relics":["MiniHakkero","Juzu Bracelet","Gensokyo:CelestialsFlawlessClothing","Bag of Marbles","HandmadeGrimoire","Du-Vu Doll","Pandora\u0027s Box","Gensokyo:LionMask","Gensokyo:ConquerorOfFear","White Beast Statue","Strawberry","Gensokyo:RedStar","SproutingBranch","Coffee Dripper","ClockworkSouvenir","CeramicFish","Anchor","Pen Nib","HandDrill","Bag of Preparation","Bottled Lightning","Art of War","Incense Burner","Sundial"],"acts_visited":["Gensokyo:Gensokyo","Gensokyo:Gensokyoer","Gensokyo:Gensokyoest"],"potions_floor_usage":[6,24,33,33,33,42,47,50,50,50],"damage_taken":[{"damage":0,"enemies":"Gensokyo:2_Kodama","floor":1,"turns":5},{"damage":8,"enemies":"Gensokyo:Gryphon","floor":5,"turns":5},{"damage":3,"enemies":"Gensokyo:Mamizou","floor":6,"turns":7},{"damage":0,"enemies":"Gensokyo:3_Fairies","floor":8,"turns":2},{"damage":21,"enemies":"Gensokyo:Aya","floor":10,"turns":6},{"damage":0,"enemies":"Gensokyo:3_Kodama","floor":13,"turns":1},{"damage":21,"enemies":"Gensokyo:Kokoro","floor":16,"turns":9},{"damage":2,"enemies":"Gensokyo:CosmicMonolith","floor":18,"turns":2},{"damage":0,"enemies":"Gensokyo:AngelMirror","floor":21,"turns":4},{"damage":0,"enemies":"Gensokyo:Koishi","floor":24,"turns":3},{"damage":3,"enemies":"Gensokyo:3_Gloops","floor":25,"turns":3},{"damage":0,"enemies":"Gensokyo:Chomper_and_Gloop","floor":29,"turns":2},{"damage":5,"enemies":"Gensokyo:Tenshi","floor":30,"turns":3},{"damage":52,"enemies":"Gensokyo:Eternal_Rivals","floor":33,"turns":9},{"damage":0,"enemies":"Gensokyo:AncientGuardian","floor":35,"turns":1},{"damage":1,"enemies":"Gensokyo:3_Boulders","floor":37,"turns":3},{"damage":36,"enemies":"Gensokyo:Rafflesia","floor":39,"turns":6},{"damage":19,"enemies":"Gensokyo:Kasen","floor":40,"turns":4},{"damage":0,"enemies":"Gensokyo:4_Bats","floor":42,"turns":6},{"damage":7,"enemies":"Gensokyo:Doremy","floor":45,"turns":3},{"damage":8,"enemies":"Gensokyo:SeedOfUnknown","floor":47,"turns":5},{"damage":4,"enemies":"Gensokyo:Kasen","floor":48,"turns":4},{"damage":0,"enemies":"Gensokyo:Yuyuko","floor":50,"turns":1}],"seed_played":"65629352886421275","potions_obtained":[{"floor":1,"key":"SmokeBomb"},{"floor":5,"key":"Explosive Potion"},{"floor":13,"key":"Block Potion"},{"floor":16,"key":"Swift Potion"},{"floor":24,"key":"StarNLove"},{"floor":25,"key":"LiquidMemories"},{"floor":29,"key":"Regen Potion"},{"floor":30,"key":"EntropicBrew"},{"floor":33,"key":"Fire Potion"},{"floor":40,"key":"PowerPotion"},{"floor":42,"key":"Fruit Juice"},{"floor":45,"key":"ShroomBrew"},{"floor":47,"key":"Fruit Juice"},{"floor":48,"key":"Dexterity Potion"}],"is_trial":false,"path_per_floor":["M","COS","?","?","M","E","$","M","T","E","R","?","M","?","R","B",null,"M","?","?","M","?","R","E","M","T","?","R","M","E","?","R","B",null,"M","?","M","COS","M","E","R","M","T","$","E","?","M","E","R","B",null],"character_chosen":"MARISA","items_purchased":["GalacticHalo","HandDrill"],"campfire_rested":1,"item_purchase_floors":[7,44],"current_hp_per_floor":[75,75,64,46,38,35,35,39,39,22,44,67,67,67,67,50,75,75,75,75,75,75,75,75,72,79,79,79,82,77,77,77,60,82,82,70,82,82,62,61,61,81,81,81,80,80,89,92,92,92],"gold":141,"neow_bonus":"RANDOM_COMMON_RELIC","is_daily":false,"chose_seed":false,"campfire_upgraded":6,"win_rate":0.0,"timestamp":1612355767,"path_taken":["M","COS","?","?","M","E","$","M","T","E","R","?","M","?","R","BOSS","M","?","?","M","?","R","E","M","T","?","R","M","E","?","R","BOSS","M","?","M","COS","M","E","R","M","T","?","E","?","M","E","R","BOSS"],"items_purchased_type":["Card","Relic"],"build_version":"2020-12-22","purchased_purges":0,"victory":true,"max_hp_per_floor":[75,75,75,75,75,75,75,75,75,75,75,75,75,75,75,75,75,75,75,75,75,75,75,75,75,82,82,82,82,82,82,82,82,82,82,82,82,82,82,82,82,87,87,87,87,87,92,92,92,92],"card_choices":[{"not_picked":["IllusionStar","DragonMeteor"],"picked":"Occultation","floor":1},{"not_picked":["PowerUp","EarthLightRay"],"picked":"OneTimeOff","floor":5},{"not_picked":["IllusionStar","MachineGunSpark"],"picked":"EarthLightRay","floor":6},{"not_picked":["DragonMeteor","GrandCross"],"picked":"EnergyFlow","floor":8},{"not_picked":["MeteoricShower","ShootingEcho","LuminesStrike"],"picked":"SKIP","floor":10},{"not_picked":["PulseMagic","6A"],"picked":"AsteroidBelt","floor":11},{"not_picked":["WitchLeyline","MagicAbsorber"],"picked":"BinaryStars","floor":13},{"not_picked":["BinaryStars","JA"],"picked":"ManaRampage","floor":16},{"not_picked":["OpenUniverse","ShootingEcho","IllusionStar+1"],"picked":"SKIP","floor":18},{"not_picked":["GrandCross","WitchLeyline"],"picked":"Robbery+1","floor":21},{"not_picked":["DeepEcoloBomb","OneTimeOff"],"picked":"MagicAbsorber","floor":24},{"not_picked":["Acceleration","Singularity"],"picked":"ChargingUp+1","floor":25},{"not_picked":["6A+1","DC"],"picked":"EnergyFlow","floor":29},{"not_picked":["Occultation+1","WitchOfGreed","DarkSpark"],"picked":"SKIP","floor":30},{"not_picked":[],"picked":"Gensokyo:ShootingStar","floor":33},{"not_picked":["ManaRampage","StarDustReverie"],"picked":"AbsoluteMagnitude","floor":33},{"not_picked":["ShootTheMoon","WitchLeyline+1"],"picked":"GravityBeat","floor":35},{"not_picked":["AsteroidBelt+1","DC+1"],"picked":"GalacticHalo+1","floor":37},{"not_picked":["OpenUniverse+1","DarkSpark+2"],"picked":"MagicAbsorber+1","floor":39},{"not_picked":["DarkSpark+1","PulseMagic"],"picked":"Acceleration","floor":39},{"not_picked":["SatelliteIllusion","OpenUniverse","EarthLightRay"],"picked":"SKIP","floor":40},{"not_picked":["DC+1","AlicesGift+1"],"picked":"GalacticHalo+1","floor":42},{"not_picked":["DoubleSpark","ManaConvection","SporeBomb+1"],"picked":"SKIP","floor":45},{"not_picked":["IllusionStar","WitchOfGreed","6A"],"picked":"SKIP","floor":47},{"not_picked":["DeepEcoloBomb+1","NonDirectionalLaser"],"picked":"PropBag+1","floor":48}],"player_experience":238217,"relics_obtained":[{"floor":6,"key":"Bag of Marbles"},{"floor":9,"key":"Dream Catcher"},{"floor":10,"key":"HandmadeGrimoire"},{"floor":24,"key":"Gensokyo:ConquerorOfFear"},{"floor":24,"key":"White Beast Statue"},{"floor":26,"key":"Strawberry"},{"floor":30,"key":"SproutingBranch"},{"floor":40,"key":"Anchor"},{"floor":43,"key":"Pen Nib"},{"floor":45,"key":"Bottled Lightning"},{"floor":48,"key":"Sundial"}],"event_choices":[],"is_beta":false,"boss_relics":[{"not_picked":["Runic Pyramid","Velvet Choker"],"picked":"Pandora\u0027s Box"},{"not_picked":["Astrolabe","Black Star"],"picked":"Coffee Dripper"}],"items_purged_floors":[],"is_endless":false,"potions_floor_spawned":[1,5,13,16,24,25,29,30,33,35,37,39,40,42,45,47,48],"ascension_level":0}}