{"host":"3498uni0c31c9bdm","time":1612370781,"event":{"mods":["BaseMod","Better Third Choice","Minty Spire (QoL Compilation)","Replay The Spire","StSLib"],"gold_per_floor":[112,287,287,305,321,337,337,367,392,406,406,406,440,463,463,538,538,556,556,567,138,138,138,138,138],"floor_reached":24,"language":"ENG","playtime":1098,"items_purged":[],"score":347,"play_id":"41c365a4-72ee-4591-b05c-1519444e4b2d","local_time":"20210204034621","is_ascension_mode":true,"campfire_choices":[{"floor":7,"key":"REST"},{"floor":12,"key":"RECALL"},{"floor":15,"key":"REST"},{"floor":23,"key":"REST"}],"circlet_count":0,"master_deck":["AscendersBane","Strike_P","Strike_P","Strike_P","Strike_P","Defend_P+1","Defend_P","Defend_P","Defend_P","Eruption","Vigilance","Wish","Sanctity+1","Doubt","Collect","SandsOfTime","Ragnarok","Evaluate","Alpha+1","FearNoEvil","ReplayTheSpireMod:Splinters","CutThroughFate","DevaForm","WaveOfTheHand","SashWhip","EmptyBody","Decay"],"relics":["PureWater","War Paint","PreservedInsect","Strawberry","Torii","Cursed Key","Boot","Blue Candle"],"acts_visited":["Exordium","TheCity"],"potions_floor_usage":[6,13,16,20],"damage_taken":[{"damage":7,"enemies":"Small Slimes","floor":1,"turns":5},{"damage":9,"enemies":"Jaw Worm","floor":4,"turns":6},{"damage":0,"enemies":"Cultist","floor":5,"turns":4},{"damage":11,"enemies":"Exordium Wildlife","floor":6,"turns":6},{"damage":30,"enemies":"3 Sentries","floor":8,"turns":11},{"damage":8,"enemies":"2 Fungi Beasts","floor":10,"turns":5},{"damage":23,"enemies":"Gremlin Nob","floor":13,"turns":4},{"damage":9,"enemies":"Fading Forest","floor":16,"turns":11},{"damage":27,"enemies":"Chosen","floor":18,"turns":7},{"damage":19,"enemies":"3 Byrds","floor":20,"turns":4},{"damage":51,"enemies":"Sentry and Sphere","floor":24,"turns":5}],"seed_played":"6517162456516857698","potions_obtained":[{"floor":4,"key":"DuplicationPotion"},{"floor":8,"key":"LiquidMemories"},{"floor":13,"key":"GamblersBrew"},{"floor":18,"key":"DistilledChaos"}],"is_trial":false,"path_per_floor":["M","?","?","M","M","M","R","E","T","M","?","R","E","?","R","B",null,"M","?","M","$","?","R","M"],"character_chosen":"WATCHER","items_purchased":["Boot","EmptyBody","Blue Candle"],"campfire_rested":3,"item_purchase_floors":[21,21,21],"current_hp_per_floor":[54,54,68,59,59,48,68,38,38,30,30,30,14,14,36,43,67,40,40,21,21,21,43,0,0],"gold":138,"neow_bonus":"ONE_RANDOM_RARE_CARD","is_daily":false,"chose_seed":false,"campfire_upgraded":0,"win_rate":0.0,"timestamp":1612370781,"path_taken":["M","?","?","M","M","M","R","E","T","?","?","R","E","?","R","BOSS","M","?","M","$","?","R","M"],"items_purchased_type":["Relic","Card","Relic"],"build_version":"2020-12-22","purchased_purges":0,"victory":false,"max_hp_per_floor":[68,68,68,68,68,68,68,68,68,68,68,68,75,75,75,75,75,75,75,75,75,75,75,75,75],"card_choices":[{"not_picked":["Replay:ManipulateFuture","Replay:AtTheReady"],"picked":"Sanctity","floor":1},{"not_picked":["JustLucky","Replay:BluntJabs"],"picked":"Collect","floor":4},{"not_picked":["Halt","Protect"],"picked":"SandsOfTime","floor":5},{"not_picked":["CrushJoints","Evaluate"],"picked":"Ragnarok","floor":6},{"not_picked":["FlyingSleeves","Conclude"],"picked":"Evaluate","floor":8},{"not_picked":["BowlingBash","Halt"],"picked":"Alpha","floor":10},{"not_picked":["Replay:DivineShield","Nirvana"],"picked":"FearNoEvil","floor":13},{"not_picked":["BowlingBash","Meditate"],"picked":"CutThroughFate","floor":14},{"not_picked":["Replay:LoomingThreat","Scrawl"],"picked":"DevaForm","floor":16},{"not_picked":["Consecrate","ClearTheMind"],"picked":"WaveOfTheHand","floor":18},{"not_picked":["ForeignInfluence","DeceiveReality"],"picked":"SashWhip","floor":20}],"player_experience":820234,"relics_obtained":[{"floor":8,"key":"War Paint"},{"floor":9,"key":"PreservedInsect"},{"floor":13,"key":"Strawberry"},{"floor":14,"key":"Torii"}],"event_choices":[{"damage_healed":0,"gold_gain":175,"player_choice":"AGREE","damage_taken":112,"max_hp_gain":0,"max_hp_loss":0,"event_name":"betterThird:BetterSerpent","floor":2,"gold_loss":0},{"damage_healed":14,"gold_gain":0,"player_choice":"Full Heal","damage_taken":0,"max_hp_gain":0,"max_hp_loss":0,"event_name":"Wheel of Change","floor":3,"gold_loss":0},{"damage_healed":0,"gold_gain":0,"player_choice":"Grow","damage_taken":0,"max_hp_gain":0,"max_hp_loss":0,"event_name":"Living Wall","floor":11,"gold_loss":0,"cards_upgraded":["Alpha"]},{"damage_healed":0,"gold_gain":0,"player_choice":"Smashed Altar","damage_taken":0,"max_hp_gain":0,"max_hp_loss":0,"event_name":"Forgotten Altar","floor":22,"gold_loss":0,"cards_obtained":["Decay"]}],"is_beta":false,"boss_relics":[{"not_picked":["Tiny House","Kintsugi"],"picked":"Cursed Key"}],"items_purged_floors":[],"is_endless":false,"potions_floor_spawned":[4,8,13,18],"killed_by":"Sentry and Sphere","ascension_level":14}}