{"host":"7sni158j623xchr2","time":1612320361,"event":{"mods":["BaseMod","Colored Map","Highlight Path","Minty Spire (QoL Compilation)","Permanent Neow","Potion Indicator Mod","Rare Cards Sparkle","Relic Sorter","Relic Stats","StSLib","everything is the same but u backflip on backflip"],"gold_per_floor":[362,32,44,44,44,75,75,106,131,131,151,161,161,192,192,297,297,308,297,222,35,35,35,35,60,60,60,60,73,104,14,14,113,113,125,140,0,0,0,33,33,33,33,83,93,120,20,34,34,34,34,34,34,66,66],"floor_reached":56,"language":"ENG","playtime":1674,"items_purged":["Normality","Pain"],"score":1356,"play_id":"0c03858e-da46-45b2-97c6-6c08b5ab51d8","local_time":"20210202204601","is_ascension_mode":true,"campfire_choices":[{"data":"Crippling Poison","floor":7,"key":"SMITH"},{"data":"Bane","floor":10,"key":"SMITH"},{"data":"Poisoned Stab","floor":13,"key":"SMITH"},{"data":"A Thousand Cuts","floor":15,"key":"SMITH"},{"data":"Neutralize","floor":23,"key":"SMITH"},{"data":"Survivor","floor":28,"key":"SMITH"},{"floor":32,"key":"RECALL"},{"floor":41,"key":"REST"},{"data":"A Thousand Cuts","floor":49,"key":"SMITH"},{"data":"1","floor":52,"key":"LIFT"}],"circlet_count":0,"master_deck":["Strike_G+1","Strike_G+1","Strike_G+1","Defend_G+1","Defend_G+1","Defend_G+1","Survivor+1","Neutralize+1","Crippling Poison+1","Bane+1","Blade Dance+1","Doppelganger+1","Escape Plan+1","Poisoned Stab+1","A Thousand Cuts+1","Malaise+1","Deflect+1","Acrobatics+1","Terror+1","Doppelganger+1","Caltrops+1","Dash+1","Phantasmal Killer+1","Bouncing Flask+1","Dash+1","Master of Strategy+1","Quick Slash+1","Parasite","PiercingWail+1","Dagger Spray+1","A Thousand Cuts+1","Backflip+1"],"relics":["Ring of the Snake","Toxic Egg 2","MealTicket","Potion Belt","Bag of Marbles","Pantograph","Empty Cage","Snake Skull","PreservedInsect","Strawberry","Bag of Preparation","Pear","Cursed Key","Red Mask","Bottled Flame","Ice Cream","Girya","Blood Vial"],"acts_visited":["Exordium","TheCity","TheBeyond","TheEnding"],"potions_floor_usage":[6,14,18,36,55,55,55,55],"damage_taken":[{"damage":0,"enemies":"Cultist","floor":1,"turns":4},{"damage":6,"enemies":"Small Slimes","floor":3,"turns":3},{"damage":17,"enemies":"Gremlin Nob","floor":6,"turns":4},{"damage":8,"enemies":"Lagavulin","floor":8,"turns":6},{"damage":3,"enemies":"Jaw Worm","floor":11,"turns":2},{"damage":2,"enemies":"Blue Slaver","floor":12,"turns":3},{"damage":5,"enemies":"3 Sentries","floor":14,"turns":5},{"damage":36,"enemies":"The Guardian","floor":16,"turns":9},{"damage":2,"enemies":"3 Byrds","floor":18,"turns":3},{"damage":9,"enemies":"2 Thieves","floor":19,"turns":4},{"damage":12,"enemies":"Slavers","floor":25,"turns":4},{"damage":0,"enemies":"Shelled Parasite and Fungi","floor":29,"turns":4},{"damage":0,"enemies":"Gremlin Leader","floor":30,"turns":4},{"damage":57,"enemies":"Champ","floor":33,"turns":11},{"damage":0,"enemies":"Orb Walker","floor":35,"turns":3},{"damage":5,"enemies":"3 Darklings","floor":36,"turns":3},{"damage":9,"enemies":"Nemesis","floor":40,"turns":5},{"damage":15,"enemies":"Mind Bloom Boss Battle","floor":44,"turns":5},{"damage":1,"enemies":"Writhing Mass","floor":45,"turns":5},{"damage":3,"enemies":"Reptomancer","floor":46,"turns":3},{"damage":14,"enemies":"Spire Growth","floor":48,"turns":3},{"damage":59,"enemies":"Time Eater","floor":50,"turns":10},{"damage":20,"enemies":"Shield and Spear","floor":54,"turns":4},{"damage":78,"enemies":"The Heart","floor":55,"turns":8}],"seed_played":"-4013097661862893141","potions_obtained":[{"floor":1,"key":"CunningPotion"},{"floor":12,"key":"ColorlessPotion"},{"floor":14,"key":"BlessingOfTheForge"},{"floor":19,"key":"FearPotion"},{"floor":30,"key":"CultistPotion"},{"floor":35,"key":"Explosive Potion"},{"floor":40,"key":"SteroidPotion"},{"floor":45,"key":"DuplicationPotion"},{"floor":48,"key":"Strength Potion"}],"is_trial":false,"path_per_floor":["M","$","M","$","?","E","R","E","T","R","M","M","R","E","R","B",null,"M","M","?","$","?","R","?","E","T","$","R","M","E","?","R","B",null,"M","M","?","?","$","E","R","?","T","?","M","E","$","M","R","B",null,"R","$","E","B",null],"character_chosen":"THE_SILENT","items_purchased":["Toxic Egg 2","Snake Skull","Terror+1"],"campfire_rested":1,"item_purchase_floors":[2,21,21],"current_hp_per_floor":[70,70,64,64,64,47,47,39,39,39,36,34,34,29,29,18,70,68,59,59,70,70,70,70,65,65,77,77,77,87,87,87,30,87,87,82,82,82,87,78,87,77,77,72,71,68,83,69,69,28,87,87,87,67,9],"gold":66,"neow_bonus":"TWO_FIFTY_GOLD","is_daily":false,"chose_seed":false,"campfire_upgraded":7,"win_rate":0.0,"timestamp":1612320361,"path_taken":["M","$","M","?","?","E","R","E","T","R","M","M","R","E","R","BOSS","M","M","?","?","?","R","?","E","T","?","R","M","E","?","R","BOSS","M","M","?","?","$","E","R","?","T","?","M","E","$","M","R","BOSS","R","$","E","BOSS"],"items_purchased_type":["Relic","Relic","Card"],"build_version":"2020-12-22","purchased_purges":2,"victory":true,"max_hp_per_floor":[70,70,70,70,70,70,70,70,70,70,70,70,70,70,70,70,70,70,70,70,70,70,70,70,77,77,77,77,77,87,87,87,87,87,87,87,87,87,87,87,87,87,87,87,87,87,87,87,87,87,87,87,87,87,87],"relic_stats":{"Blood Vial":2,"counters":[24,115],"Pantograph":71,"MealTicket":43,"Snake Skull":[64],"PreservedInsect":259,"Bag of Preparation":[26],"Cursed Key":1,"obtain_stats":[{"Potion Belt":8,"Ice Cream":44,"Girya":46,"Pear":30,"Snake Skull":21,"PreservedInsect":22,"Bag of Preparation":26,"Empty Cage":17,"Cursed Key":34,"Blood Vial":54,"Bottled Flame":40,"Pantograph":14,"Strawberry":25,"MealTicket":6,"Bag of Marbles":9,"Red Mask":37,"Toxic Egg 2":2,"Ring of the Snake":0},{"Potion Belt":4,"Ice Cream":18,"Girya":20,"Pear":13,"Snake Skull":10,"PreservedInsect":10,"Bag of Preparation":11,"Empty Cage":8,"Cursed Key":14,"Blood Vial":23,"Bottled Flame":17,"Pantograph":7,"Strawberry":11,"MealTicket":3,"Bag of Marbles":4,"Red Mask":16,"Toxic Egg 2":1,"Ring of the Snake":0},{"Potion Belt":17,"Ice Cream":82,"Girya":90,"Pear":55,"Snake Skull":43,"PreservedInsect":43,"Bag of Preparation":47,"Empty Cage":36,"Cursed Key":66,"Blood Vial":107,"Bottled Flame":77,"Pantograph":27,"Strawberry":47,"MealTicket":11,"Bag of Marbles":17,"Red Mask":72,"Toxic Egg 2":4,"Ring of the Snake":0}],"Ring of the Snake":[48]},"card_choices":[{"not_picked":["Dagger Throw","Dagger Spray"],"picked":"Crippling Poison","floor":1},{"not_picked":["Escape Plan+1","Setup+1"],"picked":"Bane","floor":3},{"not_picked":["Calculated Gamble+1","Infinite Blades"],"picked":"Blade Dance+1","floor":6},{"not_picked":["Endless Agony","Concentrate+1"],"picked":"Doppelganger+1","floor":8},{"not_picked":["Sucker Punch","Blade Dance+1"],"picked":"Escape Plan+1","floor":11},{"not_picked":["Deflect+1","Setup+1"],"picked":"Poisoned Stab","floor":12},{"not_picked":["Masterful Stab","Underhanded Strike"],"picked":"A Thousand Cuts","floor":14},{"not_picked":["Burst+1","Tools of the Trade"],"picked":"Malaise+1","floor":16},{"not_picked":["Dagger Spray","Escape Plan+1"],"picked":"Deflect+1","floor":18},{"not_picked":["Choke","Accuracy"],"picked":"Acrobatics+1","floor":19},{"not_picked":["Quick Slash","Acrobatics+1"],"picked":"Doppelganger+1","floor":25},{"not_picked":["Noxious Fumes","Expertise+1"],"picked":"Caltrops+1","floor":29},{"not_picked":["Heel Hook","Slice"],"picked":"Dash","floor":30},{"not_picked":["Malaise+1","Glass Knife"],"picked":"Phantasmal Killer+1","floor":33},{"not_picked":["Flying Knee+1","Dash","Caltrops+1"],"picked":"SKIP","floor":35},{"not_picked":["Flying Knee","Dodge and Roll+1"],"picked":"Bouncing Flask+1","floor":36},{"not_picked":["Storm of Steel+1","Expertise+1"],"picked":"Dash+1","floor":40},{"not_picked":["Deep Breath+1","Transmutation+1"],"picked":"Master of Strategy+1","floor":42},{"not_picked":["Prepared+1","Dagger Spray"],"picked":"Quick Slash+1","floor":44},{"not_picked":["Flying Knee+1","Acrobatics+1"],"picked":"PiercingWail+1","floor":45},{"not_picked":["Dodge and Roll+1","Tactician+1"],"picked":"Dagger Spray+1","floor":46},{"not_picked":["Flying Knee","Eviscerate"],"picked":"A Thousand Cuts","floor":48},{"not_picked":["Skewer","Deflect+1"],"picked":"Backflip+1","floor":54}],"player_experience":1743414,"relics_obtained":[{"floor":6,"key":"MealTicket"},{"floor":8,"key":"Potion Belt"},{"floor":9,"key":"Bag of Marbles"},{"floor":14,"key":"Pantograph"},{"floor":25,"key":"Strawberry"},{"floor":26,"key":"Bag of Preparation"},{"floor":30,"key":"Pear"},{"floor":40,"key":"Bottled Flame"},{"floor":44,"key":"Ice Cream"},{"floor":46,"key":"Girya"},{"floor":54,"key":"Blood Vial"}],"event_choices":[{"cards_removed":["Defend_G"],"damage_healed":0,"gold_gain":0,"player_choice":"Purged","damage_taken":0,"max_hp_gain":0,"max_hp_loss":0,"event_name":"Purifier","floor":5,"gold_loss":0},{"cards_removed":["Strike_G"],"damage_healed":0,"gold_gain":0,"player_choice":"Gave Gold","damage_taken":0,"max_hp_gain":0,"max_hp_loss":0,"event_name":"Beggar","floor":20,"gold_loss":75},{"damage_healed":0,"gold_gain":0,"player_choice":"Stole Relic","damage_taken":0,"relics_obtained":["PreservedInsect"],"max_hp_gain":0,"max_hp_loss":0,"event_name":"Addict","floor":22,"gold_loss":0,"cards_obtained":["Shame"]},{"damage_healed":0,"gold_gain":0,"player_choice":"Simplicity","damage_taken":0,"max_hp_gain":0,"max_hp_loss":0,"event_name":"Back to Basics","floor":24,"gold_loss":0,"cards_upgraded":["Strike_G","Strike_G","Strike_G","Defend_G","Defend_G","Defend_G"]},{"cards_removed":["Shame"],"damage_healed":0,"gold_gain":0,"player_choice":"Upgrade and Remove","damage_taken":0,"max_hp_gain":0,"max_hp_loss":0,"event_name":"Designer","floor":31,"gold_loss":90,"cards_upgraded":["Dash"]},{"damage_healed":0,"gold_gain":0,"player_choice":"Paid","damage_taken":0,"relics_obtained":["Red Mask"],"max_hp_gain":0,"max_hp_loss":0,"event_name":"Tomb of Lord Red Mask","floor":37,"gold_loss":140},{"damage_healed":0,"gold_gain":0,"player_choice":"Ignored","damage_taken":0,"max_hp_gain":0,"max_hp_loss":0,"event_name":"Mysterious Sphere","floor":38,"gold_loss":0},{"damage_healed":0,"gold_gain":0,"player_choice":"Memory 3","damage_taken":10,"max_hp_gain":0,"max_hp_loss":0,"event_name":"SensoryStone","floor":42,"gold_loss":0},{"damage_healed":0,"gold_gain":0,"player_choice":"Fight","damage_taken":0,"max_hp_gain":0,"max_hp_loss":0,"event_name":"MindBloom","floor":44,"gold_loss":0}],"is_beta":false,"boss_relics":[{"not_picked":["Sozu","Velvet Choker"],"picked":"Empty Cage"},{"not_picked":["Pandora\u0027s Box","Black Star"],"picked":"Cursed Key"}],"items_purged_floors":[2,47],"is_endless":false,"potions_floor_spawned":[1,12,14,19,30,35,40,45,48],"ascension_level":1}}