{"host":"j4nfyhit1dl35m08","time":1612345072,"event":{"mods":["BaseMod","Downfall","Highlight Path","Minty Spire (QoL Compilation)","StSLib"],"gold_per_floor":[99,116,23,33,44,44,44,64,83,19,19,52,52,77,97,197,197,197,197,209,209,209,209],"floor_reached":21,"language":"ENG","playtime":1972,"items_purged":[],"score":270,"play_id":"8ae014d5-712c-4c72-af51-1375163f4bde","local_time":"20210203033752","is_ascension_mode":true,"campfire_choices":[{"data":"bronze:HyperBeam","floor":1,"key":"SMITH"},{"data":"bronze:ClassDefault","floor":6,"key":"SMITH"},{"data":"bronze:Terminator","floor":13,"key":"SMITH"},{"data":"bronze:Assembly","floor":18,"key":"SMITH"}],"circlet_count":0,"master_deck":["bronze:Replicate+1","bronze:Goto","bronze:Allocate","bronze:HyperBeam+1","bronze:InfiniteBeams+1","bronze:Shield","bronze:Turbo","bronze:ForceShield","bronze:AlphaBuild","bronze:WildBeam","bronze:Branch","bronze:ClassDefault+1","bronze:MaxOutput","bronze:Separator+1","bronze:Repair","bronze:Terminator+1","bronze:Fortify","bronze:Turbo","downfall:Malfunctioning","bronze:Virus","bronze:BronzeOrb","bronze:Repulsor","bronze:Assembly+1","bronze:Deprecate+1"],"relics":["Pandora\u0027s Box","Question Card","Letter Opener","Pen Nib","Black Star"],"acts_visited":["Exordium","TheCity"],"potions_floor_usage":[15,19,21,21],"damage_taken":[{"damage":0,"enemies":"Cultist","floor":2,"turns":3},{"damage":2,"enemies":"downfall:FleeingMerchant","floor":3,"turns":4},{"damage":1,"enemies":"Small Slimes","floor":4,"turns":3},{"damage":0,"enemies":"Jaw Worm","floor":5,"turns":3},{"damage":14,"enemies":"Lots of Slimes","floor":8,"turns":2},{"damage":0,"enemies":"3 Louse","floor":9,"turns":4},{"damage":9,"enemies":"downfall:FleeingMerchant","floor":10,"turns":4},{"damage":4,"enemies":"3 Sentries","floor":12,"turns":4},{"damage":0,"enemies":"Lagavulin","floor":14,"turns":5},{"damage":0,"enemies":"Exordium Thugs","floor":15,"turns":3},{"damage":11,"enemies":"WA_ARCHETYPE_RETAIN","floor":16,"turns":5},{"damage":6,"enemies":"Shell Parasite","floor":19,"turns":2},{"damage":48,"enemies":"Snake Plant","floor":20,"turns":5},{"damage":57,"enemies":"Chosen and Byrds","floor":21,"turns":4}],"seed_played":"6300807280648960645","potions_obtained":[{"floor":2,"key":"SmokeBomb"},{"floor":5,"key":"Strength Potion"},{"floor":12,"key":"Swift Potion"},{"floor":16,"key":"BlessingOfTheForge"},{"floor":20,"key":"Swift Potion"}],"is_trial":false,"path_per_floor":["R","M","$","M","M","R","T","M","M","$","?","E","R","E","M","B",null,"R","M","M","M"],"character_chosen":"THE_AUTOMATON","items_purchased":["bronze:MaxOutput","bronze:Turbo"],"campfire_rested":0,"item_purchase_floors":[3,10],"current_hp_per_floor":[70,70,68,67,67,67,67,53,70,68,68,70,70,70,70,65,69,69,64,37,0,0,0],"gold":209,"neow_bonus":"BOSS_RELIC","is_daily":false,"chose_seed":false,"campfire_upgraded":4,"win_rate":0.0,"timestamp":1612345072,"path_taken":["R","M","$","M","M","R","T","M","M","$","?","E","R","E","M","BOSS","R","M","M","M"],"items_purchased_type":["Card","Card"],"build_version":"2020-12-22","purchased_purges":0,"victory":false,"max_hp_per_floor":[70,70,70,70,70,70,70,70,70,70,70,70,70,70,70,70,70,70,70,70,70,70,70],"card_choices":[{"not_picked":["bronze:FineTuning","bronze:CutThrough"],"picked":"bronze:Branch","floor":2},{"not_picked":["bronze:BugBarrage","bronze:RecursiveStrike"],"picked":"bronze:ClassDefault","floor":3},{"not_picked":["bronze:Turbo","bronze:DelayedSlice"],"picked":"bronze:Separator","floor":4},{"not_picked":["bronze:DelayedSlice","bronze:DelayedGuard"],"picked":"bronze:Repair","floor":5},{"not_picked":["bronze:DelayedSlice","bronze:OilSpill","bronze:WhirlingStrike"],"picked":"bronze:Terminator","floor":8},{"not_picked":["bronze:BuggyMess","bronze:GetLatest","bronze:Iterate","bronze:DelayedSlice"],"picked":"SKIP","floor":9},{"not_picked":["bronze:Iterate","bronze:Branch","bronze:Shield"],"picked":"bronze:Fortify","floor":10},{"not_picked":["bronze:Deprecate","bronze:Overload","bronze:DelayedGuard"],"picked":"bronze:Virus","floor":12},{"not_picked":["bronze:Refactor","bronze:DigitalCarnage","bronze:Frontload"],"picked":"bronze:BronzeOrb","floor":14},{"not_picked":["bronze:BitShift","bronze:DelayedGuard","bronze:ChildClass"],"picked":"bronze:Repulsor","floor":15},{"not_picked":["bronze:HyperBeam","bronze:HardenedForm","bronze:Mutator"],"picked":"bronze:Assembly","floor":16},{"not_picked":["bronze:Repulsor","bronze:ForLoop","bronze:Philosophize+1"],"picked":"bronze:Deprecate+1","floor":20}],"player_experience":393453,"relics_obtained":[{"floor":7,"key":"Question Card"},{"floor":12,"key":"Letter Opener"},{"floor":14,"key":"Pen Nib"}],"event_choices":[],"is_beta":false,"boss_relics":[{"not_picked":["Cursed Key","Snecko Eye"],"picked":"Black Star"}],"items_purged_floors":[],"is_endless":false,"potions_floor_spawned":[2,5,12,14,16,20],"killed_by":"Chosen and Byrds","ascension_level":5}}