{"host":"oi6p1guiqfwwvxym","time":1612385506,"event":{"mods":["BaseMod","Bestiary","Colored Map","Minty Spire (QoL Compilation)","Relic Stats"],"gold_per_floor":[111,111,127,202,215,215,253,277,300,300,300,320,351,351,351,476,476,501,397,397,397,415,415,458,482,482,498,836,850,850,891,891,1017,1017,1030,1030,551,551,567,567,598,619,672,214,254,270,270,304,304,304],"floor_reached":51,"language":"ENG","playtime":3455,"items_purged":[],"score":1002,"play_id":"8b677b59-c6a6-4617-91c4-621d7d5e51cb","local_time":"20210203125146","is_ascension_mode":true,"campfire_choices":[{"data":"Lockon","floor":6,"key":"SMITH"},{"floor":11,"key":"REST"},{"data":"Self Repair","floor":15,"key":"SMITH"},{"data":"Sunder","floor":23,"key":"SMITH"},{"data":"Static Discharge","floor":30,"key":"SMITH"},{"floor":32,"key":"REST"},{"data":"Defragment","floor":40,"key":"SMITH"},{"data":"Defragment","floor":49,"key":"SMITH"}],"circlet_count":0,"master_deck":["Zap","Dualcast","Dark Shackles","Genetic Algorithm","Ball Lightning","Lockon+1","Darkness","Self Repair+1","Conserve Battery","Glacier","Machine Learning","Loop+1","Auto Shields","Glacier","Tempest","Hologram","FTL","Cold Snap+1","Sunder+1","Redo","Streamline+1","Compile Driver+1","Static Discharge+1","Skim+1","Electrodynamics","Defragment+1","White Noise+1","Recycle","Loop","Double Energy+1","Master of Strategy","Mayhem","Secret Technique","Defragment+1"],"relics":["Cracked Core","Golden Idol","Toy Ornithopter","Pen Nib","Anchor","Centennial Puzzle","Pandora\u0027s Box","Enchiridion","Torii","Sundial","Old Coin","Orichalcum","Runic Pyramid","Mummified Hand","Strange Spoon","PreservedInsect","Juzu Bracelet","Chemical X","Vajra","Blue Candle","Eternal Feather"],"acts_visited":["Exordium","TheCity","TheBeyond"],"potions_floor_usage":[13,16,28,31,42,50],"damage_taken":[{"damage":0,"enemies":"2 Louse","floor":1,"turns":3},{"damage":0,"enemies":"Jaw Worm","floor":3,"turns":3},{"damage":7,"enemies":"Small Slimes","floor":5,"turns":3},{"damage":30,"enemies":"3 Sentries","floor":7,"turns":7},{"damage":0,"enemies":"Exordium Thugs","floor":8,"turns":3},{"damage":0,"enemies":"Large Slime","floor":12,"turns":4},{"damage":3,"enemies":"Lagavulin","floor":13,"turns":5},{"damage":21,"enemies":"The Guardian","floor":16,"turns":10},{"damage":2,"enemies":"Chosen","floor":18,"turns":4},{"damage":13,"enemies":"3 Byrds","floor":22,"turns":5},{"damage":16,"enemies":"Book of Stabbing","floor":24,"turns":6},{"damage":0,"enemies":"Snake Plant","floor":25,"turns":4},{"damage":1,"enemies":"Chosen and Byrds","floor":27,"turns":5},{"damage":25,"enemies":"Gremlin Leader","floor":28,"turns":9},{"damage":6,"enemies":"Centurion and Healer","floor":29,"turns":4},{"damage":26,"enemies":"Slavers","floor":31,"turns":5},{"damage":28,"enemies":"Champ","floor":33,"turns":11},{"damage":2,"enemies":"Orb Walker","floor":35,"turns":4},{"damage":0,"enemies":"3 Shapes","floor":39,"turns":5},{"damage":2,"enemies":"Giant Head","floor":41,"turns":6},{"damage":22,"enemies":"Transient","floor":42,"turns":5},{"damage":8,"enemies":"Nemesis","floor":45,"turns":5},{"damage":0,"enemies":"Writhing Mass","floor":46,"turns":4},{"damage":0,"enemies":"Reptomancer","floor":48,"turns":3},{"damage":0,"enemies":"Donu and Deca","floor":50,"turns":6}],"seed_played":"-6041367894033048547","potions_obtained":[{"floor":3,"key":"GamblersBrew"},{"floor":5,"key":"GamblersBrew"},{"floor":7,"key":"SpeedPotion"},{"floor":13,"key":"FocusPotion"},{"floor":18,"key":"Weak Potion"},{"floor":28,"key":"ColorlessPotion"},{"floor":39,"key":"FocusPotion"}],"is_trial":false,"path_per_floor":["M","?","M","?","M","R","E","M","T","?","R","M","E","?","R","B",null,"M","$","?","?","M","R","E","M","T","M","E","M","R","E","R","B",null,"M","?","$","?","M","R","E","M","T","$","E","M","?","E","R","B",null],"character_chosen":"DEFECT","items_purchased":["Sunder","Redo","Defragment","Mummified Hand","Strange Spoon","Energy Potion","Chemical X","Regen Potion","Vajra","Loop"],"campfire_rested":2,"item_purchase_floors":[19,19,37,37,37,37,44,44,44,44],"current_hp_per_floor":[75,69,69,58,51,51,21,21,21,21,41,48,57,50,50,44,69,69,69,53,53,50,50,44,54,54,63,53,57,57,36,56,38,69,67,67,67,67,67,67,69,48,48,48,50,60,50,60,69,69],"gold":304,"neow_bonus":"RANDOM_COLORLESS","is_daily":false,"chose_seed":false,"campfire_upgraded":6,"win_rate":0.0,"timestamp":1612385506,"path_taken":["M","?","M","?","M","R","E","M","T","?","R","?","E","?","R","BOSS","M","$","?","?","M","R","E","?","T","M","E","M","R","E","R","BOSS","M","?","$","?","M","R","E","M","T","$","E","M","?","E","R","BOSS"],"items_purchased_type":["Card","Card","Card","Relic","Relic","Potion","Relic","Potion","Relic","Card"],"build_version":"2020-12-22","purchased_purges":0,"victory":true,"max_hp_per_floor":[75,69,69,69,69,69,69,69,69,69,69,69,69,69,69,69,69,69,69,69,69,69,69,69,69,69,69,69,69,69,69,69,69,69,69,69,69,69,69,69,69,69,69,69,69,69,69,69,69,69],"relic_stats":{"Torii":24,"counters":[25,126],"Golden Idol":183,"Blue Candle":[0],"Eternal Feather":9,"Pen Nib":[12],"PreservedInsect":106,"Juzu Bracelet":0,"Orichalcum":[42],"Strange Spoon":[19],"Centennial Puzzle":[39],"Sundial":[6],"Mummified Hand":[57],"Pandora\u0027s Box":["Loop","Auto Shields","Glacier","Tempest","Hologram","Sweeping Beam","FTL"],"Chemical X":[5],"obtain_stats":[{"Torii":24,"Golden Idol":2,"Blue Candle":45,"Enchiridion":20,"Vajra":44,"Eternal Feather":48,"Pen Nib":9,"PreservedInsect":41,"Juzu Bracelet":43,"Orichalcum":31,"Old Coin":28,"Strange Spoon":37,"Anchor":13,"Centennial Puzzle":14,"Sundial":26,"Mummified Hand":37,"Pandora\u0027s Box":17,"Chemical X":44,"Cracked Core":0,"Toy Ornithopter":7,"Runic Pyramid":34},{"Torii":11,"Golden Idol":1,"Blue Candle":22,"Enchiridion":9,"Vajra":21,"Eternal Feather":24,"Pen Nib":5,"PreservedInsect":20,"Juzu Bracelet":21,"Orichalcum":16,"Old Coin":14,"Strange Spoon":18,"Anchor":7,"Centennial Puzzle":7,"Sundial":12,"Mummified Hand":18,"Pandora\u0027s Box":8,"Chemical X":21,"Cracked Core":0,"Toy Ornithopter":4,"Runic Pyramid":17},{"Torii":53,"Golden Idol":3,"Blue Candle":114,"Enchiridion":42,"Vajra":109,"Eternal Feather":121,"Pen Nib":19,"PreservedInsect":104,"Juzu Bracelet":109,"Orichalcum":79,"Old Coin":70,"Strange Spoon":94,"Anchor":28,"Centennial Puzzle":28,"Sundial":56,"Mummified Hand":94,"Pandora\u0027s Box":38,"Chemical X":109,"Cracked Core":0,"Toy Ornithopter":16,"Runic Pyramid":90}],"Toy Ornithopter":21},"card_choices":[{"not_picked":["Madness","PanicButton"],"picked":"Dark Shackles","floor":0},{"not_picked":["Skim","Static Discharge"],"picked":"Genetic Algorithm","floor":1},{"not_picked":["Barrage","Gash"],"picked":"Ball Lightning","floor":3},{"not_picked":["Rebound","Heatsinks"],"picked":"Lockon","floor":5},{"not_picked":["Ball Lightning","Chaos"],"picked":"Darkness","floor":7},{"not_picked":["Steam","Rebound"],"picked":"Self Repair","floor":8},{"not_picked":["Static Discharge","Steam"],"picked":"Conserve Battery","floor":12},{"not_picked":["Beam Cell","Skim"],"picked":"Glacier","floor":13},{"not_picked":["Rainbow","All For One"],"picked":"Machine Learning","floor":16},{"not_picked":["Steam","Leap"],"picked":"Cold Snap+1","floor":18},{"not_picked":["Storm+1","Auto Shields+1"],"picked":"Streamline+1","floor":22},{"not_picked":["Barrage","Force Field"],"picked":"Compile Driver+1","floor":24},{"not_picked":["Go for the Eyes+1","Sweeping Beam","Conserve Battery"],"picked":"SKIP","floor":25},{"not_picked":["All For One","Conserve Battery","Coolheaded"],"picked":"SKIP","floor":27},{"not_picked":["Steam+1","Reinforced Body"],"picked":"Static Discharge","floor":28},{"not_picked":["Conserve Battery","Streamline+1"],"picked":"Skim+1","floor":29},{"not_picked":["Coolheaded","Steam","Storm"],"picked":"SKIP","floor":31},{"not_picked":["Fission","Machine Learning"],"picked":"Electrodynamics","floor":33},{"not_picked":["Sweeping Beam+1","Lockon+1","Undo"],"picked":"SKIP","floor":35},{"not_picked":["Leap+1","Rebound+1"],"picked":"White Noise+1","floor":39},{"not_picked":["Gash","Redo","Scrape"],"picked":"SKIP","floor":41},{"not_picked":["Conserve Battery","Tempest"],"picked":"Recycle","floor":42},{"not_picked":["Stack+1","Go for the Eyes+1","Steam"],"picked":"SKIP","floor":45},{"not_picked":["Beam Cell+1","Barrage"],"picked":"Double Energy+1","floor":46},{"not_picked":["PanicButton","Blind"],"picked":"Master of Strategy","floor":47},{"not_picked":["The Bomb","Purity"],"picked":"Mayhem","floor":47},{"not_picked":["Purity","Flash of Steel"],"picked":"Secret Technique","floor":47},{"not_picked":["Aggregate","Recycle"],"picked":"Defragment","floor":48}],"player_experience":420106,"relics_obtained":[{"floor":7,"key":"Toy Ornithopter"},{"floor":9,"key":"Pen Nib"},{"floor":13,"key":"Anchor"},{"floor":20,"key":"Enchiridion"},{"floor":24,"key":"Torii"},{"floor":26,"key":"Sundial"},{"floor":28,"key":"Old Coin"},{"floor":31,"key":"Orichalcum"},{"floor":41,"key":"PreservedInsect"},{"floor":43,"key":"Juzu Bracelet"},{"floor":45,"key":"Blue Candle"},{"floor":48,"key":"Eternal Feather"}],"event_choices":[{"damage_healed":0,"gold_gain":0,"player_choice":"Lose Max HP","damage_taken":0,"relics_obtained":["Golden Idol"],"max_hp_gain":0,"max_hp_loss":6,"event_name":"Golden Idol","floor":2,"gold_loss":0},{"damage_healed":0,"gold_gain":75,"player_choice":"Gather Gold","damage_taken":11,"max_hp_gain":0,"max_hp_loss":0,"event_name":"World of Goop","floor":4,"gold_loss":0},{"cards_removed":["Strike_B"],"damage_healed":0,"gold_gain":0,"player_choice":"Offered Basic","damage_taken":0,"max_hp_gain":0,"max_hp_loss":0,"event_name":"Bonfire Elementals","floor":10,"gold_loss":0},{"damage_healed":0,"gold_gain":0,"player_choice":"Success","damage_taken":7,"relics_obtained":["Centennial Puzzle"],"max_hp_gain":0,"max_hp_loss":0,"event_name":"Scrap Ooze","floor":14,"gold_loss":0},{"damage_healed":0,"gold_gain":0,"player_choice":"Obtained Book","damage_taken":16,"max_hp_gain":0,"max_hp_loss":0,"event_name":"Cursed Tome","floor":20,"gold_loss":0},{"damage_healed":0,"gold_gain":0,"player_choice":"Upgraded","damage_taken":0,"max_hp_gain":0,"max_hp_loss":0,"event_name":"Upgrade Shrine","floor":21,"gold_loss":0,"cards_upgraded":["Loop"]},{"cards_removed":["Sweeping Beam"],"damage_healed":0,"gold_gain":0,"player_choice":"Removed Attack","damage_taken":0,"max_hp_gain":0,"max_hp_loss":0,"event_name":"Falling","floor":36,"gold_loss":0},{"damage_healed":0,"gold_gain":0,"player_choice":"Ignored","damage_taken":0,"max_hp_gain":0,"max_hp_loss":0,"event_name":"Tomb of Lord Red Mask","floor":38,"gold_loss":0},{"damage_healed":0,"gold_gain":0,"player_choice":"Memory 3","damage_taken":10,"max_hp_gain":0,"max_hp_loss":0,"event_name":"SensoryStone","floor":47,"gold_loss":0}],"is_beta":false,"boss_relics":[{"not_picked":["Empty Cage","Tiny House"],"picked":"Pandora\u0027s Box"},{"not_picked":["Astrolabe","SacredBark"],"picked":"Runic Pyramid"}],"items_purged_floors":[],"is_endless":false,"potions_floor_spawned":[3,5,7,13,18,24,28,39,46,48],"ascension_level":3}}