{"host":"21h5e52imz35vo8g","time":1612360717,"event":{"mods":["AchievementEnabler","BaseMod","Colored Map","Colored Powertips","Googly Eyes","Minty Spire (QoL Compilation)","Quick Restart","Rare Cards Sparkle","Replay The Spire","StSLib"],"gold_per_floor":[111,129,129,141,141,141,160,160,160,160,160,9,9,26,26,127,127],"floor_reached":16,"language":"ZHS","playtime":478,"items_purged":["Defend_G"],"score":196,"play_id":"00a75e25-86ec-476c-b1f4-11d1691a4926","local_time":"20210203215837","is_ascension_mode":true,"campfire_choices":[{"data":"Prepared","floor":6,"key":"SMITH"},{"data":"Beam Cell","floor":10,"key":"SMITH"},{"data":"Infinite Blades","floor":13,"key":"SMITH"},{"data":"Leap","floor":15,"key":"SMITH"}],"circlet_count":0,"master_deck":["Strike_G","Strike_G","Strike_G","Strike_G","Strike_G","Defend_G","Defend_G","Defend_G","Defend_G","Escape Plan","Prepared+1","Escape Plan","Leap+1","Beam Cell+1","CommonCold","Regret","Infinite Blades+1"],"relics":["Ring of the Snake","NeowsBlessing","Ninja Scroll","Ring of Hypnosis","InkBottle","Bag of Preparation"],"acts_visited":["Exordium"],"potions_floor_usage":[16,16],"damage_taken":[{"damage":0,"enemies":"Cultist","floor":1,"turns":1},{"damage":0,"enemies":"Jaw Worm","floor":2,"turns":1},{"damage":0,"enemies":"Small Slimes","floor":4,"turns":1},{"damage":0,"enemies":"Looter","floor":7,"turns":3},{"damage":3,"enemies":"Blue Slaver","floor":14,"turns":2},{"damage":49,"enemies":"Slime Boss","floor":16,"turns":13}],"seed_played":"-1678139476609399972","potions_obtained":[{"floor":1,"key":"Fire Potion"},{"floor":4,"key":"Adrenaline Potion"},{"floor":14,"key":"Toxic Potion"},{"floor":16,"key":"Swift Potion"}],"is_trial":false,"path_per_floor":["M","M","T","M","?","R","M","?","T","R","?","$","R","M","R","B"],"character_chosen":"THE_SILENT","items_purchased":["Infinite Blades"],"campfire_rested":0,"item_purchase_floors":[12],"current_hp_per_floor":[63,63,63,63,63,63,63,63,63,63,63,63,63,60,60,11,11],"gold":127,"neow_bonus":"THREE_ENEMY_KILL","is_daily":false,"chose_seed":false,"campfire_upgraded":4,"win_rate":0.0,"timestamp":1612360717,"path_taken":["M","M","?","?","?","R","M","?","T","R","?","?","R","M","R","BOSS"],"items_purchased_type":["Card"],"build_version":"2020-12-22","purchased_purges":1,"victory":false,"max_hp_per_floor":[70,70,70,70,70,70,70,70,70,70,70,70,70,70,70,70,70],"card_choices":[{"not_picked":["Flechettes","Prepared"],"picked":"Escape Plan","floor":1},{"not_picked":["Poisoned Stab","Slice"],"picked":"Prepared","floor":2},{"not_picked":["Underhanded Strike","Hidden Blade"],"picked":"Escape Plan","floor":4},{"not_picked":["Deadly Poison","Backflip","Underhanded Strike"],"picked":"SKIP","floor":7},{"not_picked":["Sucker Punch","Cloak And Dagger","ReplayTheSpireMod:Tripwire"],"picked":"SKIP","floor":14}],"player_experience":363150,"relics_obtained":[{"floor":3,"key":"Ninja Scroll"},{"floor":8,"key":"Ring of Hypnosis"},{"floor":9,"key":"InkBottle"}],"event_choices":[{"damage_healed":0,"gold_gain":0,"player_choice":"Box","damage_taken":0,"relics_obtained":["Bag of Preparation"],"max_hp_gain":0,"max_hp_loss":0,"event_name":"Big Fish","floor":11,"gold_loss":0,"cards_obtained":["Regret"]}],"is_beta":false,"boss_relics":[],"items_purged_floors":[12],"is_endless":false,"potions_floor_spawned":[1,4,14,16],"killed_by":"Slime Boss","ascension_level":8}}