{"host":"y8lj6eu4rxnc2qvr","time":1612311438,"event":{"mods":["BaseMod","Minty Spire (QoL Compilation)","StSLib"],"gold_per_floor":[119,44,64,139,155,165,165,178,178,191,203,203,203],"floor_reached":12,"language":"ENG","playtime":372,"items_purged":[],"score":74,"play_id":"4c5dfad0-d261-4658-a2dd-1553ffa66bb7","local_time":"20210202191718","is_ascension_mode":false,"campfire_choices":[{"data":"Infinite Blades","floor":7,"key":"SMITH"}],"circlet_count":0,"master_deck":["Strike_G","Strike_G","Strike_G","Strike_G","Strike_G","Defend_G","Defend_G","Defend_G","Defend_G","Defend_G","Survivor","Neutralize","Acrobatics","Infinite Blades+1","Leg Sweep","Dagger Throw","Finisher","Sucker Punch","Blade Dance","Backflip"],"relics":["Ring of the Snake","Turnip"],"acts_visited":["Exordium"],"potions_floor_usage":[6,11,12,12],"damage_taken":[{"damage":0,"enemies":"Small Slimes","floor":1,"turns":3},{"damage":8,"enemies":"2 Louse","floor":3,"turns":3},{"damage":9,"enemies":"Cultist","floor":5,"turns":5},{"damage":30,"enemies":"Lots of Slimes","floor":6,"turns":6},{"damage":9,"enemies":"Looter","floor":8,"turns":3},{"damage":11,"enemies":"Red Slaver","floor":10,"turns":5},{"damage":0,"enemies":"2 Fungi Beasts","floor":11,"turns":2},{"damage":4,"enemies":"3 Sentries","floor":12,"turns":3}],"seed_played":"2487595204381303721","potions_obtained":[{"floor":1,"key":"Fruit Juice"},{"floor":3,"key":"CunningPotion"},{"floor":6,"key":"Explosive Potion"},{"floor":11,"key":"PowerPotion"}],"is_trial":false,"path_per_floor":["M","$","M","?","M","M","R","M","T","M","M","E"],"character_chosen":"THE_SILENT","items_purchased":["Infinite Blades"],"campfire_rested":0,"item_purchase_floors":[2],"current_hp_per_floor":[77,77,69,58,49,24,24,15,15,4,4,0,0],"gold":203,"neow_bonus":"TEN_PERCENT_HP_BONUS","is_daily":false,"chose_seed":false,"campfire_upgraded":1,"win_rate":0.0,"timestamp":1612311438,"path_taken":["M","$","M","?","M","M","R","M","T","M","M","E"],"items_purchased_type":["Card"],"build_version":"2020-12-22","purchased_purges":0,"victory":false,"max_hp_per_floor":[77,77,77,77,77,82,82,82,82,82,82,82,82],"card_choices":[{"not_picked":["Riddle With Holes","Caltrops"],"picked":"Acrobatics","floor":1},{"not_picked":["Prepared","Tactician"],"picked":"Leg Sweep","floor":3},{"not_picked":["Poisoned Stab","Sucker Punch"],"picked":"Dagger Throw","floor":5},{"not_picked":["Skewer","Well Laid Plans"],"picked":"Finisher","floor":6},{"not_picked":["Poisoned Stab","Dagger Throw"],"picked":"Sucker Punch","floor":8},{"not_picked":["Flechettes","Prepared"],"picked":"Blade Dance","floor":10},{"not_picked":["Quick Slash","Dagger Throw"],"picked":"Backflip","floor":11}],"player_experience":46458,"relics_obtained":[{"floor":9,"key":"Turnip"}],"event_choices":[{"damage_healed":0,"gold_gain":75,"player_choice":"Gather Gold","damage_taken":11,"max_hp_gain":0,"max_hp_loss":0,"event_name":"World of Goop","floor":4,"gold_loss":0}],"is_beta":false,"boss_relics":[],"items_purged_floors":[],"is_endless":false,"potions_floor_spawned":[1,3,6,11],"killed_by":"3 Sentries","ascension_level":0}}