{"host":"wshh0nphwn6jv7vj","time":1612387974,"event":{"mods":["BaseMod","Bestiary","Minty Spire (QoL Compilation)","Relic Stats"],"gold_per_floor":[111,122,197,207,221,254,254,289,314,314,325,340,310,327,327,429,429,444,455,455,161,175,209,209,235,235,254,179,179,94,105,105,105,105],"floor_reached":33,"language":"ENG","playtime":4700,"items_purged":["Strike_R"],"score":299,"play_id":"80189a8d-7fdd-4cd1-8787-80c3add5f3f2","local_time":"20210203163254","is_ascension_mode":false,"campfire_choices":[{"data":"Armaments","floor":7.0,"key":"SMITH"},{"data":"Searing Blow","floor":10.0,"key":"SMITH"},{"data":"True Grit","floor":15.0,"key":"SMITH"},{"data":"Inflame","floor":24,"key":"SMITH"},{"data":"1","floor":29,"key":"LIFT"},{"floor":32,"key":"REST"}],"circlet_count":0,"master_deck":["Strike_R","Strike_R","Strike_R","Defend_R","Defend_R","Defend_R","Defend_R","Bash","Headbutt","Whirlwind","Armaments+1","Searing Blow+1","Twin Strike","Inflame+1","True Grit+1","Headbutt","Iron Wave","Immolate","Feel No Pain","Power Through+1","RitualDagger","Feel No Pain","Violence+1","Brutality","Limit Break+1","Pommel Strike","Heavy Blade","Warcry+1"],"relics":["Burning Blood","Orichalcum","Omamori","Regal Pillow","Art of War","Calling Bell","Vajra","Toxic Egg 2","FossilizedHelix","Bag of Preparation","Smiling Mask","Girya","Potion Belt"],"acts_visited":["Exordium","TheCity"],"potions_floor_usage":[22,23,23,25],"damage_taken":[{"damage":1.0,"enemies":"Jaw Worm","floor":1.0,"turns":4.0},{"damage":0.0,"enemies":"Small Slimes","floor":2.0,"turns":5.0},{"damage":0.0,"enemies":"Cultist","floor":4.0,"turns":3.0},{"damage":4.0,"enemies":"Looter","floor":5.0,"turns":2.0},{"damage":3.0,"enemies":"3 Sentries","floor":6.0,"turns":3.0},{"damage":31.0,"enemies":"Lagavulin","floor":8.0,"turns":8.0},{"damage":0.0,"enemies":"3 Louse","floor":11.0,"turns":1.0},{"damage":5.0,"enemies":"Large Slime","floor":12.0,"turns":7.0},{"damage":4.0,"enemies":"Looter","floor":14.0,"turns":2.0},{"damage":45.0,"enemies":"Hexaghost","floor":16.0,"turns":9.0},{"damage":0,"enemies":"Chosen","floor":18,"turns":4},{"damage":4,"enemies":"2 Thieves","floor":19,"turns":3},{"damage":11,"enemies":"Snake Plant","floor":22,"turns":4},{"damage":32,"enemies":"Book of Stabbing","floor":23,"turns":5},{"damage":12,"enemies":"Gremlin Leader","floor":25,"turns":7},{"damage":10,"enemies":"Sentry and Sphere","floor":27,"turns":6},{"damage":21,"enemies":"Shelled Parasite and Fungi","floor":31,"turns":6},{"damage":73,"enemies":"Automaton","floor":33,"turns":6}],"seed_played":"630705539073932523","potions_obtained":[{"floor":1.0,"key":"Dexterity Potion"},{"floor":4.0,"key":"SteroidPotion"},{"floor":13.0,"key":"EssenceOfSteel"},{"floor":13.0,"key":"LiquidBronze"},{"floor":16.0,"key":"LiquidBronze"},{"floor":18,"key":"ColorlessPotion"},{"floor":19,"key":"Fire Potion"},{"floor":22,"key":"SteroidPotion"}],"is_trial":false,"path_per_floor":["M","M","?","M","M","E","R","E","T","R","M","M","?","M","R","B",null,"M","M","?","$","M","E","R","E","T","M","?","R","?","M","R","B"],"character_chosen":"IRONCLAD","items_purchased":["Feel No Pain","Violence+1"],"campfire_rested":1,"item_purchase_floors":[21,21],"current_hp_per_floor":[80,80,69,75,77,80,80,55,55,55,61,62,62,64,64,25,80,80,80,74,74,69,43,43,37,37,33,33,33,33,18,57,0,0],"gold":105,"neow_bonus":"RANDOM_COMMON_RELIC","is_daily":false,"chose_seed":false,"campfire_upgraded":4,"win_rate":0.0,"timestamp":1612387974,"path_taken":["M","M","?","M","M","E","R","E","T","R","M","M","?","?","R","BOSS","M","M","?","$","M","E","R","E","T","M","?","R","?","M","R","BOSS"],"items_purchased_type":["Card","Card"],"build_version":"2020-12-22","purchased_purges":1,"victory":false,"max_hp_per_floor":[80,80,80,80,80,80,80,80,80,80,80,80,80,80,80,80,80,80,80,80,80,80,80,80,80,80,80,80,80,80,80,80,80,80],"relic_stats":{"Regal Pillow":15,"counters":[18,85],"Art of War":[3],"Bag of Preparation":[8],"Orichalcum":[252],"Smiling Mask":0,"obtain_stats":[{"Potion Belt":30,"Girya":26,"Regal Pillow":8,"Vajra":17,"Omamori":6,"Bag of Preparation":23,"Orichalcum":0,"Smiling Mask":25,"Burning Blood":0,"Calling Bell":17,"Art of War":9,"Toxic Egg 2":17,"FossilizedHelix":17},{"Potion Belt":16,"Girya":15,"Regal Pillow":6,"Vajra":10,"Omamori":5,"Bag of Preparation":14,"Orichalcum":0,"Smiling Mask":15,"Burning Blood":0,"Calling Bell":10,"Art of War":6,"Toxic Egg 2":10,"FossilizedHelix":10},{"Potion Belt":73,"Girya":67,"Regal Pillow":25,"Vajra":44,"Omamori":17,"Bag of Preparation":60,"Orichalcum":0,"Smiling Mask":67,"Burning Blood":0,"Calling Bell":44,"Art of War":25,"Toxic Egg 2":44,"FossilizedHelix":44}],"Burning Blood":83},"card_choices":[{"not_picked":["Combust","Clash"],"picked":"Headbutt","floor":1.0},{"not_picked":["Havoc","Perfected Strike"],"picked":"Whirlwind","floor":2.0},{"not_picked":["Pommel Strike","Infernal Blade"],"picked":"Armaments","floor":4.0},{"not_picked":["Reckless Charge","Sword Boomerang"],"picked":"Searing Blow","floor":5.0},{"not_picked":["Ghostly Armor","Flex"],"picked":"Twin Strike","floor":6.0},{"not_picked":["Wild Strike","Warcry"],"picked":"Inflame","floor":8.0},{"not_picked":["Warcry","Exhume"],"picked":"True Grit","floor":11.0},{"not_picked":["Body Slam","Thunderclap"],"picked":"Headbutt","floor":12.0},{"not_picked":["Armaments","Havoc"],"picked":"Iron Wave","floor":14.0},{"not_picked":["Bludgeon","Limit Break"],"picked":"Immolate","floor":16.0},{"not_picked":["Headbutt","Body Slam"],"picked":"Feel No Pain","floor":18},{"not_picked":["Dark Embrace","Clash"],"picked":"Power Through+1","floor":19},{"not_picked":["Cleave","Flex+1"],"picked":"Brutality","floor":22},{"not_picked":["Dual Wield+1","Havoc+1"],"picked":"Limit Break+1","floor":23},{"not_picked":["Reckless Charge","Burning Pact+1"],"picked":"Pommel Strike","floor":25},{"not_picked":["Clash","Clothesline"],"picked":"Heavy Blade","floor":27},{"not_picked":["Headbutt+1","Shrug It Off+1"],"picked":"Warcry+1","floor":31}],"player_experience":1637111,"relics_obtained":[{"floor":6.0,"key":"Omamori"},{"floor":8.0,"key":"Regal Pillow"},{"floor":9.0,"key":"Art of War"},{"floor":17,"key":"Vajra"},{"floor":17,"key":"Toxic Egg 2"},{"floor":17,"key":"FossilizedHelix"},{"floor":23,"key":"Bag of Preparation"},{"floor":25,"key":"Smiling Mask"},{"floor":26,"key":"Girya"}],"event_choices":[{"damage_healed":0.0,"max_hp_gain":0.0,"max_hp_loss":0.0,"gold_gain":75.0,"event_name":"World of Goop","player_choice":"Gather Gold","floor":3.0,"gold_loss":0.0,"damage_taken":11.0},{"damage_healed":0.0,"max_hp_gain":0.0,"max_hp_loss":0.0,"gold_gain":0.0,"event_name":"The Woman in Blue","player_choice":"Bought 2 Potions","floor":13.0,"gold_loss":0.0,"damage_taken":0.0},{"damage_healed":0,"gold_gain":0,"player_choice":"Joined the Cult","damage_taken":6,"max_hp_gain":0,"max_hp_loss":0,"event_name":"Nest","floor":20,"gold_loss":0,"cards_obtained":["RitualDagger"]},{"cards_removed":["Strike_R"],"damage_healed":0,"gold_gain":0,"player_choice":"Gave Gold","damage_taken":0,"max_hp_gain":0,"max_hp_loss":0,"event_name":"Beggar","floor":28,"gold_loss":75},{"damage_healed":0,"gold_gain":0,"player_choice":"Obtained Relic","damage_taken":0,"relics_obtained":["Potion Belt"],"max_hp_gain":0,"max_hp_loss":0,"event_name":"Addict","floor":30,"gold_loss":85}],"is_beta":false,"boss_relics":[{"not_picked":["Runic Pyramid","Black Blood"],"picked":"Calling Bell"}],"items_purged_floors":[21],"is_endless":false,"potions_floor_spawned":[1,4,16,18,19,22],"killed_by":"Automaton","ascension_level":0}}