{"host":"e1y4kviho5jwd7e6","time":1612382532,"event":{"mods":["Act Like it!","Aspiration","BaseMod","Better Altar","Better Match","Better Note","Better Skull","Better Synergies","Better Third Choice","BetterRewards","CCEM2","Colored Powertips","Communication Mod","Conjunction","Conspire","Downfall","Energized Spire","Exacting","GifTheSpireLib","Hubris","Hyrulean Relics","Minty Spire (QoL Compilation)","Quarter Circle Forward PUNCH!","Replay The Spire","Small Relic Pack","Spicy Shops","StSLib","Stuff the Spire","The Blue Laboratory","Transform Curses","Uncapped"],"gold_per_floor":[134,163,338,358,370,370,400,400,400,435,101,101,101,134,134,235,235,252,27,44,69,87,87,87,87,110,110,129,129,210,210,210,306,306,319,242,256,256,205,205,217,217,242,242,255,284,296,306,306,306,306],"floor_reached":50,"language":"ENG","playtime":1351,"items_purged":["Doubt"],"score":446,"play_id":"35c7ee28-e9c5-4eae-a2c4-863f645952ff","local_time":"20210203150212","is_ascension_mode":false,"campfire_choices":[{"data":"Pommel Strike","floor":6.0,"key":"SMITH"},{"data":"Rampage","floor":8.0,"key":"SMITH"},{"data":"Fiend Fire","floor":12.0,"key":"SMITH"},{"data":"Headbutt","floor":15.0,"key":"SMITH"},{"data":"Bash","floor":23,"key":"SMITH"},{"floor":25,"key":"REST"},{"floor":29,"key":"REST"},{"floor":32,"key":"REST"},{"data":"Shrug It Off","floor":40,"key":"SMITH"},{"floor":44,"key":"REST"},{"floor":49,"key":"DIG"}],"circlet_count":0,"master_deck":["Strike_R+1","Strike_R","Strike_R","Strike_R","Strike_R","Defend_R","Defend_R","Defend_R","Defend_R","Bash+1","Fiend Fire+1","Rampage+1","Headbutt+1","Pommel Strike+1","Offering+1","CurseOfTheBell","Shrug It Off+1","Inflame+1","Sword Boomerang+1"],"relics":["Burning Blood","qcfpunch:Red_Headband","Self Forming Clay","Gremlin Horn","Incense Burner","StuffTheSpire:RubySignet","energizedSpire:TabascoSauce","Guide Book","King of Hearts","Replay:Grab Bag","ChewingGum","Sozu","Calling Bell","CCEMRelics:PocketTank","StrikeDummy","hubris:Spice"],"acts_visited":["Exordium","TheCity","TheBeyond"],"potions_floor_usage":[22,33,33,50],"damage_taken":[{"damage":2.0,"enemies":"2 Louse","floor":1.0,"turns":2.0},{"damage":11.0,"enemies":"Jaw Worm","floor":2.0,"turns":3.0},{"damage":5.0,"enemies":"Cultist","floor":4.0,"turns":4.0},{"damage":0.0,"enemies":"Exordium Wildlife","floor":5.0,"turns":2.0},{"damage":15.0,"enemies":"Gremlin Nob","floor":7.0,"turns":4.0},{"damage":1.0,"enemies":"3 Louse","floor":10.0,"turns":3.0},{"damage":0.0,"enemies":"Large Slime","floor":14.0,"turns":2.0},{"damage":36.0,"enemies":"The Guardian","floor":16.0,"turns":7.0},{"damage":6.0,"enemies":"Chosen","floor":18.0,"turns":2.0},{"damage":8.0,"enemies":"Shell Parasite","floor":20.0,"turns":2.0},{"damage":13.0,"enemies":"Cultist and Chosen","floor":21.0,"turns":3.0},{"damage":2,"enemies":"Snake Plant","floor":22,"turns":2},{"damage":17,"enemies":"Shelled Parasite and Fungi","floor":28,"turns":2},{"damage":33,"enemies":"Collector","floor":33,"turns":6},{"damage":6,"enemies":"3 Darklings","floor":35,"turns":2},{"damage":1,"enemies":"3 Shapes","floor":37,"turns":2},{"damage":7,"enemies":"Jaw Worm Horde","floor":41,"turns":2},{"damage":6,"enemies":"Sphere and 2 Shapes","floor":45,"turns":1},{"damage":6,"enemies":"4 Shapes","floor":46,"turns":2},{"damage":2,"enemies":"Jaw Worm Horde","floor":47,"turns":2},{"damage":14,"enemies":"Writhing Mass","floor":48,"turns":3},{"damage":48,"enemies":"Donu and Deca","floor":50,"turns":5}],"seed_played":"1986783534824482455","potions_obtained":[{"floor":1.0,"key":"blueLaboratory:LouseDecoction"},{"floor":4.0,"key":"LiquidMemories"},{"floor":5.0,"key":"blueLaboratory:BottledHope"},{"floor":7.0,"key":"SneckoOil"},{"floor":14.0,"key":"Conjunction:LightningMarble"},{"floor":21.0,"key":"SpeedPotion"},{"floor":30,"key":"bronze:BurnAndBuffPotion"},{"floor":30,"key":"blueLaboratory:EmptyBottle"},{"floor":30,"key":"blueLaboratory:HorrorPotion"},{"floor":33,"key":"FearPotion"},{"floor":33,"key":"blueLaboratory:FruitPreserves"}],"is_trial":false,"path_per_floor":["M","M","?","M","M","R","E","R","T","M","$","R","T","M","R","B",null,"M","$","M","M","M","R","?","R","T","$","M","R","?","?","R","B",null,"M","$","M","?","$","R","M","T","T","R","M","M","M","M","R","B"],"character_chosen":"IRONCLAD","items_purchased":["Gremlin Horn","Incense Burner","Guide Book","hubris:Spice","Inflame+1"],"campfire_rested":4,"item_purchase_floors":[11,11,19,36,39],"current_hp_per_floor":[74,69,69,70,74,74,65,65,65,70,70,70,70,74,74,44,74,71,71,66,56,57,57,57,74,74,74,61,74,56,56,74,45,78,75,79,74,74,74,74,66,58,58,58,55,52,53,42,42,0,0],"gold":306,"neow_bonus":"THREE_RARE_CARDS","is_daily":false,"chose_seed":false,"campfire_upgraded":6,"win_rate":0.0,"timestamp":1612382532,"path_taken":["M","M","?","M","M","R","E","R","T","M","$","R","?","M","R","BOSS","M","$","M","M","M","R","?","R","T","$","M","R","?","?","R","BOSS","M","$","M","?","$","R","M","?","T","R","M","M","M","M","R","BOSS"],"items_purchased_type":["Relic","Relic","Relic","Relic","Card"],"build_version":"2020-12-22","purchased_purges":1,"victory":false,"max_hp_per_floor":[74,74,74,74,74,74,74,74,74,74,74,74,74,74,74,74,74,74,74,74,74,74,74,74,74,74,74,74,74,74,74,74,74,78,78,82,74,74,74,74,66,58,58,58,58,58,58,58,50,50,50],"card_choices":[{"not_picked":["conspire:HitWhereItHurts","Demon Form"],"picked":"Fiend Fire","floor":0.0},{"not_picked":["Disarm","Dual Wield"],"picked":"Rampage","floor":1.0},{"not_picked":["Clothesline","Run Through"],"picked":"Headbutt","floor":2.0},{"not_picked":["Cleave","Shrug It Off"],"picked":"Pommel Strike","floor":4.0},{"not_picked":["Anger","Battle Trance","Cleave"],"picked":"SKIP","floor":5.0},{"not_picked":["Shrug It Off","Burning Pact","True Grit"],"picked":"SKIP","floor":7.0},{"not_picked":["Iron Wave","hubris:ReadiedAction","Intimidate"],"picked":"SKIP","floor":10.0},{"not_picked":["hubris:SharpeningStone","StuffTheSpire:Incineration","Armaments"],"picked":"SKIP","floor":14.0},{"not_picked":["conspire:HitWhereItHurts","Eclipse"],"picked":"Offering","floor":16.0},{"not_picked":["StuffTheSpire:Slingshot","Sentinel","ReplayTheSpireMod:Corrosion Curse"],"picked":"SKIP","floor":18.0},{"not_picked":["Burning Pact+1","ReplayTheSpireMod:Muscle Training","Flex"],"picked":"SKIP","floor":20.0},{"not_picked":["hubris:ReadiedAction+1","ReplayReversal+1","Whirlwind+1"],"picked":"SKIP","floor":21.0},{"not_picked":["Bloodletting","Warcry","Armaments"],"picked":"SKIP","floor":22},{"not_picked":["StuffTheSpire:Incineration","Whirlwind","Burning Pact"],"picked":"SKIP","floor":28},{"not_picked":["hubris:ReadiedAction","Body Slam","Heavy Blade"],"picked":"SKIP","floor":35},{"not_picked":["Headbutt","Fiend Fire"],"picked":"hubris:SpiceAddiction","floor":37},{"not_picked":["Perfected Strike","Massacre"],"picked":"hubris:SpiceAddiction","floor":41},{"not_picked":["Sword Boomerang+1","True Grit+1","Shockwave"],"picked":"SKIP","floor":45},{"not_picked":["True Grit+1","Shockwave"],"picked":"Sword Boomerang+1","floor":45},{"not_picked":["Sentinel+1","Rampage","hubris:SpiceAddiction"],"picked":"SKIP","floor":46},{"not_picked":["hubris:SpiceAddiction","StuffTheSpire:Pyroclast","Combust+1"],"picked":"SKIP","floor":47},{"not_picked":["Wild Strike+1","StuffTheSpire:Incineration+1","hubris:SpiceAddiction"],"picked":"SKIP","floor":48}],"player_experience":954203,"relics_obtained":[{"floor":7.0,"key":"qcfpunch:Red_Headband"},{"floor":9.0,"key":"Self Forming Clay"},{"floor":13.0,"key":"StuffTheSpire:RubySignet"},{"floor":26,"key":"King of Hearts"},{"floor":34,"key":"CCEMRelics:PocketTank"},{"floor":34,"key":"StrikeDummy"},{"floor":34,"key":"hubris:Spice"},{"floor":42,"key":"hubris:Spice"},{"floor":49,"key":"hubris:Spice"}],"event_choices":[{"damage_healed":0.0,"max_hp_gain":0.0,"max_hp_loss":0.0,"gold_gain":175.0,"event_name":"betterThird:BetterSerpent","player_choice":"AGREE","floor":3.0,"gold_loss":0.0,"damage_taken":163.0},{"cards_removed":["Offering"],"damage_healed":0,"gold_gain":0,"player_choice":"Give","damage_taken":0,"max_hp_gain":0,"max_hp_loss":0,"event_name":"betterNote:BetterNote","floor":24,"gold_loss":0,"cards_obtained":["Replay:Undeath\u0027s Touch"]},{"damage_healed":0,"gold_gain":0,"player_choice":"Leave","damage_taken":0,"max_hp_gain":0,"max_hp_loss":0,"event_name":"conspire:Investor","floor":31,"gold_loss":0}],"is_beta":false,"boss_relics":[{"not_picked":["Coffee Dripper","CCEMRelics:DefectiveTurbocharger"],"picked":"energizedSpire:TabascoSauce"},{"not_picked":["qcfpunch:Crimson_Sash","aspiration:RitualDagger"],"picked":"Replay:Grab Bag"},{"not_picked":["energizedSpire:OgreHead","energizedSpire:SpiderWeb"],"picked":"ChewingGum"},{"not_picked":["Electric Blood","Philosopher\u0027s Stone"],"picked":"Sozu"},{"not_picked":["CCEMRelics:ReaperScythe","relicPack:ShieldShield"],"picked":"Calling Bell"}],"items_purged_floors":[19],"is_endless":false,"potions_floor_spawned":[1,4,7,10,14,21,33,41,46,47,48],"killed_by":"Donu and Deca","ascension_level":0}}