{"host":"0pl361p0raiipqb8","time":1612370734,"event":{"mods":["BaseMod","Colored Map","Colored Powertips","Googly Eyes","Hermit","Highlight Path","Infinite Spire","Marisa????????","Minty Spire (QoL Compilation)","Replay The Spire","StSLib","The Bug Knight","The Servant 0.9.4"],"gold_per_floor":[109,109,109,121,131,131,158,158,208,237,237,248,282,38,38,140,140,160,160,175,175,175,175,210,210,210,210,225,254,269,301,301,405,505,518,533,552,566,581,609,609,609,609,577,577],"floor_reached":44,"language":"ENG","playtime":3742,"items_purged":["Wraith Form v2"],"score":592,"play_id":"182922ea-dab9-4f09-b9ee-8b4a1ad779a6","local_time":"20210203194534","daily_mods":["Draft","Heirloom","Flight","DeadlyEvents","Elite Swarm","Uncertain Future"],"is_ascension_mode":true,"campfire_choices":[{"data":"DevaForm","floor":6,"key":"SMITH"},{"data":"Alpha","floor":8,"key":"SMITH"},{"data":"Judgement","floor":15,"key":"SMITH"},{"floor":23,"key":"REST"},{"data":"Echo Form","floor":25,"key":"SMITH"},{"floor":32,"key":"REST"},{"floor":41,"key":"REST"}],"circlet_count":0,"master_deck":["Demon Form+1","Echo Form+1","DevaForm+1","FlawlessForm","EmptyFist","Tantrum","BowlingBash","Conclude","EmptyBody","JustLucky","Indignation","InnerPeace","FollowUp","EmptyMind","SashWhip","Replay:BluntJabs","WreathOfFlame","Replay:ManipulateFuture","Weave","ReachHeaven","EmptyFist","JustLucky","Alpha+1","Judgement+1","Replay:ManipulateFuture","Brilliance+1","PathToVictory","Vault","WreathOfFlame+1","infinitespire:UltimateForm","Consecrate+1","infinitespire:Pacifist","Bash","Omniscience","Mind Blast","infinitespire:Oblivion","Vault","Vault","Wireheading","Protect+1","MasterReality","EmptyBody","Wish","Devotion","Worship","SignatureMove+1","Meditate","Parasite","FearNoEvil","Replay:Battleflow","ConjureBlade"],"relics":["PureWater","CaptainsWheel","NeowsBlessing","ReplayFunnel","infinitespire:PuzzleCube","Replay:Bottled Snecko","Mercury Hourglass","Guide Book","Philosopher\u0027s Stone","NeowsBlessing","ReplayTheSpireMod:SealedPack","Damaru","StoneCalendar","Shovel","infinitespire:Bottled Soul","Replay:Wanted Poster","Singing Bowl","Eternal Feather"],"acts_visited":["Exordium","TheCity","TheBeyond"],"potions_floor_usage":[10,12,13,18,33,36,40,40,44],"damage_taken":[{"damage":0,"enemies":"2 Louse","floor":1,"turns":2},{"damage":0,"enemies":"Small Slimes","floor":4,"turns":1},{"damage":0,"enemies":"Cultist","floor":5,"turns":1},{"damage":0,"enemies":"Gremlin Nob","floor":7,"turns":1},{"damage":11,"enemies":"3 Sentries","floor":10,"turns":4},{"damage":6,"enemies":"Red Slaver","floor":12,"turns":2},{"damage":0,"enemies":"HollowMod:MossKnight","floor":13,"turns":3},{"damage":49,"enemies":"The Guardian","floor":16,"turns":7},{"damage":21,"enemies":"2 Thieves","floor":18,"turns":3},{"damage":8,"enemies":"Chosen","floor":20,"turns":3},{"damage":0,"enemies":"Slavers","floor":24,"turns":1},{"damage":0,"enemies":"Snake Plant","floor":28,"turns":1},{"damage":0,"enemies":"Nightmare","floor":29,"turns":1},{"damage":12,"enemies":"Cultist and Chosen","floor":30,"turns":5},{"damage":22,"enemies":"Slavers","floor":31,"turns":5},{"damage":38,"enemies":"Champ","floor":33,"turns":9},{"damage":6,"enemies":"3 Darklings","floor":35,"turns":5},{"damage":4,"enemies":"Orb Walker","floor":36,"turns":3},{"damage":5,"enemies":"3 Darklings","floor":37,"turns":5},{"damage":8,"enemies":"Writhing Mass","floor":38,"turns":5},{"damage":29,"enemies":"Jaw Worm Horde","floor":39,"turns":5},{"damage":1,"enemies":"Reptomancer","floor":40,"turns":7},{"damage":61,"enemies":"Giant Head","floor":44,"turns":6}],"seed_played":"7737664455161333678","potions_obtained":[{"floor":7,"key":"Block Potion"},{"floor":10,"key":"BlessingOfTheForge"},{"floor":12,"key":"Fruit Juice"},{"floor":16,"key":"BottledMiracle"},{"floor":28,"key":"Venom Potion"},{"floor":30,"key":"StancePotion"},{"floor":31,"key":"GamblersBrew"},{"floor":33,"key":"SkillPotion"},{"floor":39,"key":"AttackPotion"},{"floor":40,"key":"Weak Potion"}],"is_trial":true,"path_per_floor":["M","?","WH","M","M","R","E","R","T","E","WH","M","E","$","R","B",null,"M","?","M","WH","AVR","R","E","R","T","?","M","NM","M","E","R","B",null,"M","M","M","M","M","E","R","WH","T","E"],"character_chosen":"WATCHER","items_purchased":["Guide Book","PathToVictory"],"campfire_rested":3,"item_purchase_floors":[14,14],"current_hp_per_floor":[72,72,72,72,72,72,72,72,72,61,68,67,67,67,67,18,84,63,42,34,34,34,59,59,59,59,59,59,59,47,25,50,12,84,78,74,69,61,32,31,56,56,56,0,0],"gold":577,"neow_bonus":"THREE_ENEMY_KILL","is_daily":false,"chose_seed":false,"campfire_upgraded":4,"win_rate":0.0,"timestamp":1612370734,"path_taken":["M","?","WH","M","M","R","E","R","T","E","WH","M","E","$","R","BOSS","M","?","M","WH","AVR","R","E","R","T","?","M","NM","M","E","R","BOSS","M","?","M","M","M","E","R","WH","T","?"],"items_purchased_type":["Relic","Card"],"build_version":"2020-12-22","purchased_purges":1,"victory":false,"max_hp_per_floor":[72,72,72,72,72,72,72,72,72,72,79,84,84,84,84,84,84,84,84,84,84,84,84,84,84,84,84,84,84,84,84,84,84,84,84,84,84,84,84,84,84,84,84,84,84],"card_choices":[{"not_picked":["WreathOfFlame","SandsOfTime"],"picked":"EmptyFist","floor":0},{"not_picked":["Pray","CrushJoints"],"picked":"Tantrum","floor":0},{"not_picked":["Crescendo","Perseverance"],"picked":"BowlingBash","floor":0},{"not_picked":["LikeWater","Consecrate"],"picked":"Conclude","floor":0},{"not_picked":["ReachHeaven","FlurryOfBlows"],"picked":"EmptyBody","floor":0},{"not_picked":["Crescendo","Prostrate"],"picked":"JustLucky","floor":0},{"not_picked":["Evaluate","ThirdEye"],"picked":"Indignation","floor":0},{"not_picked":["Swivel","Crescendo"],"picked":"InnerPeace","floor":0},{"not_picked":["ClearTheMind","Replay:DivineShield"],"picked":"FollowUp","floor":0},{"not_picked":["PathToVictory","FlurryOfBlows"],"picked":"EmptyMind","floor":0},{"not_picked":["EmptyBody","CrushJoints"],"picked":"SashWhip","floor":0},{"not_picked":["SashWhip","ClearTheMind"],"picked":"Replay:BluntJabs","floor":0},{"not_picked":["FlyingSleeves","Sanctity"],"picked":"WreathOfFlame","floor":0},{"not_picked":["Prostrate","ForeignInfluence"],"picked":"Replay:ManipulateFuture","floor":0},{"not_picked":["WreathOfFlame","FlyingSleeves"],"picked":"Weave","floor":0},{"not_picked":["Prostrate","CutThroughFate"],"picked":"ReachHeaven","floor":1},{"not_picked":["EmptyMind","Prostrate"],"picked":"EmptyFist","floor":4},{"not_picked":["ClearTheMind","Replay:AtTheReady"],"picked":"JustLucky","floor":5},{"not_picked":["Brilliance","ConjureBlade"],"picked":"Alpha","floor":7},{"not_picked":["LessonLearned","Scrawl"],"picked":"Judgement","floor":10},{"not_picked":["Replay:Vibes","CarveReality"],"picked":"Replay:ManipulateFuture","floor":12},{"not_picked":["Judgement","Blasphemy"],"picked":"Brilliance","floor":13},{"not_picked":["Alpha","ConjureBlade"],"picked":"Vault","floor":16},{"not_picked":["PathToVictory","Replay:ManipulateFuture"],"picked":"WreathOfFlame+1","floor":18},{"not_picked":["infinitespire:Execution","infinitespire:Starlight"],"picked":"infinitespire:UltimateForm","floor":19},{"not_picked":["Crescendo+1","Study"],"picked":"Consecrate+1","floor":20},{"not_picked":["KidneyShot","Zap"],"picked":"Bash","floor":22},{"not_picked":["Wish","DeusExMachina"],"picked":"Omniscience","floor":22},{"not_picked":["Blind","Deep Breath"],"picked":"Mind Blast","floor":22},{"not_picked":["ReplayTheSpireMod:Haul","infinitespire:Menacing"],"picked":"infinitespire:Oblivion","floor":22},{"not_picked":["Blasphemy","Alpha"],"picked":"Vault","floor":24},{"not_picked":["Replay:BluntJabs","Replay:Anticipation"],"picked":"Protect+1","floor":28},{"not_picked":["Devotion","Blasphemy"],"picked":"MasterReality","floor":29},{"not_picked":["Weave","Replay:ManipulateFuture"],"picked":"EmptyBody","floor":30},{"not_picked":["MasterReality","Alpha"],"picked":"Wish","floor":31},{"not_picked":["Replay:LoomingThreat","Alpha"],"picked":"Devotion","floor":33},{"not_picked":["JustLucky","Crescendo+1"],"picked":"Worship","floor":35},{"not_picked":["EmptyFist","ReachHeaven"],"picked":"SignatureMove+1","floor":36},{"not_picked":["WaveOfTheHand+1","EmptyBody+1"],"picked":"Meditate","floor":37},{"not_picked":["Protect+1","Alpha"],"picked":"FearNoEvil","floor":38},{"not_picked":["Replay:ManipulateFuture+1","ThirdEye"],"picked":"Replay:Battleflow","floor":39},{"not_picked":["Establishment","Blasphemy"],"picked":"ConjureBlade","floor":40}],"player_experience":228991,"relics_obtained":[{"floor":7,"key":"ReplayFunnel"},{"floor":9,"key":"infinitespire:PuzzleCube"},{"floor":10,"key":"Replay:Bottled Snecko"},{"floor":13,"key":"Mercury Hourglass"},{"floor":24,"key":"Damaru"},{"floor":26,"key":"StoneCalendar"},{"floor":29,"key":"Shovel"},{"floor":31,"key":"infinitespire:Bottled Soul"},{"floor":40,"key":"Singing Bowl"},{"floor":43,"key":"Eternal Feather"}],"event_choices":[{"damage_healed":0,"gold_gain":0,"player_choice":"Leave","damage_taken":0,"max_hp_gain":0,"max_hp_loss":0,"event_name":"The Cleric","floor":2,"gold_loss":0},{"damage_healed":0,"gold_gain":0,"player_choice":"2 cards matched","damage_taken":0,"max_hp_gain":0,"max_hp_loss":0,"event_name":"Match and Keep!","floor":27,"gold_loss":0,"cards_obtained":["Vault","Wireheading"]}],"is_beta":false,"boss_relics":[{"not_picked":["Tiny House","SacredBark"],"picked":"Philosopher\u0027s Stone"},{"not_picked":["Busted Crown","Kintsugi"],"picked":"Replay:Wanted Poster"}],"items_purged_floors":[14],"is_endless":true,"potions_floor_spawned":[7,10,12,16,28,30,31,33,39,40],"killed_by":"Giant Head","ascension_level":1}}