{"host":"3vww328me7evlv6h","time":1612350043,"event":{"mods":["BaseMod","BetterRewards","Minty Spire (QoL Compilation)","Relic Stats","StSLib","SuperFastMode"],"gold_per_floor":[116,116,127,127,127,127,143,143,143,182,229,229,245,266,266,356,356,371,453,476,492,505,540,540,540,621,635,675,675,675,689,689,782,782,798,798,798,819,665,704,704,249,276,276,76,76,76,94,94,94],"floor_reached":51,"language":"ENG","playtime":2314,"items_purged":["White Noise+1","Defragment+1"],"score":1469,"play_id":"326a10c2-c280-4531-adc0-be5a4c14f581","local_time":"20210203120043","is_ascension_mode":true,"campfire_choices":[{"data":"Dualcast","floor":6.0,"key":"SMITH"},{"data":"Auto Shields","floor":8.0,"key":"SMITH"},{"data":"Seek","floor":12.0,"key":"SMITH"},{"data":"Reboot","floor":15.0,"key":"SMITH"},{"data":"Meteor Strike","floor":25.0,"key":"SMITH"},{"data":"Seek","floor":32.0,"key":"SMITH"},{"data":"Skim","floor":41,"key":"SMITH"},{"data":"Turbo","floor":44,"key":"SMITH"},{"data":"Hologram","floor":46,"key":"SMITH"},{"data":"Turbo","floor":49,"key":"SMITH"}],"circlet_count":0,"master_deck":["AscendersBane","Dualcast+1","Seek","Recycle+1","Steam Power+1","Seek+1","Seek+1","Reboot+1","Sunder","Meteor Strike+1","Hyperbeam","Hyperbeam","Reboot","Tempest+1","Hologram+1","Skim+1","Turbo+1","Turbo+1"],"relics":["Pandora\u0027s Box","Golden Idol","Strawberry","Tiny Chest","Anchor","Runic Dome","Bottled Lightning","Omamori","Darkstone Periapt","White Beast Statue","Regal Pillow","Gremlin Horn","Astrolabe","Dream Catcher","Frozen Eye","Blood Vial","CeramicFish","Medical Kit"],"acts_visited":["Exordium","TheCity","TheBeyond"],"potions_floor_usage":[50,50],"damage_taken":[{"damage":1.0,"enemies":"Small Slimes","floor":1.0,"turns":3.0},{"damage":2.0,"enemies":"2 Louse","floor":3.0,"turns":2.0},{"damage":1.0,"enemies":"Jaw Worm","floor":7.0,"turns":2.0},{"damage":7.0,"enemies":"Gremlin Nob","floor":10.0,"turns":3.0},{"damage":0.0,"enemies":"Red Slaver","floor":13.0,"turns":1.0},{"damage":0.0,"enemies":"2 Fungi Beasts","floor":14.0,"turns":2.0},{"damage":0.0,"enemies":"Slime Boss","floor":16.0,"turns":4.0},{"damage":0.0,"enemies":"2 Thieves","floor":18.0,"turns":1.0},{"damage":0.0,"enemies":"Spheric Guardian","floor":21.0,"turns":1.0},{"damage":0.0,"enemies":"Shelled Parasite and Fungi","floor":22.0,"turns":1.0},{"damage":0.0,"enemies":"Slavers","floor":23.0,"turns":1.0},{"damage":0.0,"enemies":"Cultist and Chosen","floor":27.0,"turns":1.0},{"damage":0.0,"enemies":"Book of Stabbing","floor":28.0,"turns":1.0},{"damage":0.0,"enemies":"Snake Plant","floor":31.0,"turns":1.0},{"damage":18.0,"enemies":"Automaton","floor":33.0,"turns":3.0},{"damage":0.0,"enemies":"Orb Walker","floor":35.0,"turns":1.0},{"damage":3,"enemies":"3 Shapes","floor":38,"turns":1},{"damage":0,"enemies":"Giant Head","floor":40,"turns":2},{"damage":0,"enemies":"3 Darklings","floor":48,"turns":1},{"damage":39,"enemies":"Awakened One","floor":50,"turns":4}],"seed_played":"-2475802436075629533","potions_obtained":[{"floor":10.0,"key":"PowerPotion"},{"floor":13.0,"key":"LiquidBronze"},{"floor":14.0,"key":"GamblersBrew"},{"floor":16.0,"key":"PotionOfCapacity"}],"is_trial":false,"path_per_floor":["M","?","M","?","?","R","M","R","T","E","T","R","M","M","R","B",null,"M","T","T","M","M","E","?","R","T","M","E","?","T","M","R","B",null,"M","?","?","M","$","E","R","$","T","R","$","R","?","M","R","B",null],"character_chosen":"DEFECT","items_purchased":["Skim","Turbo","Frozen Eye","Blood Vial","Medical Kit","Turbo"],"campfire_rested":0,"item_purchase_floors":[39,42,42,42,45,45],"current_hp_per_floor":[63,56,54,33,33,33,32,32,39,32,32,32,32,32,32,32,61,61,61,61,61,61,61,71,71,71,71,71,71,71,71,71,53,67,67,67,67,64,64,64,64,64,64,64,64,64,64,66,66,28],"gold":94,"neow_bonus":"BOSS_RELIC","is_daily":false,"chose_seed":true,"campfire_upgraded":10,"win_rate":0.0,"timestamp":1612350043,"path_taken":["M","?","M","?","?","R","M","R","T","E","?","R","?","M","R","BOSS","M","?","?","M","M","E","?","R","T","?","E","?","?","M","R","BOSS","M","?","?","M","$","E","R","$","T","R","$","R","?","M","R","BOSS"],"items_purchased_type":["Card","Card","Relic","Relic","Relic","Card"],"build_version":"2020-12-22","purchased_purges":2,"victory":true,"max_hp_per_floor":[71,71,71,71,64,64,64,64,71,71,71,71,71,71,71,71,71,71,71,71,71,71,71,71,71,71,71,71,71,71,71,71,71,71,71,67,67,67,67,67,67,67,67,67,67,67,67,67,67,67],"relic_stats":{"Darkstone Periapt":0,"Regal Pillow":0,"Gremlin Horn":[9,9],"counters":[20,36],"Golden Idol":123,"Astrolabe":["Defragment","White Noise","Tempest"],"CeramicFish":9,"Medical Kit":[12],"Blood Vial":3,"Dream Catcher":0,"Pandora\u0027s Box":["Seek","Recycle","Steam Power","Seek","Seek","Auto Shields","Scrape","Reboot"],"Tiny Chest":2,"obtain_stats":[{"Darkstone Periapt":23,"Regal Pillow":28,"Gremlin Horn":30,"Golden Idol":5,"Astrolabe":34,"CeramicFish":43,"Omamori":20,"Medical Kit":45,"White Beast Statue":26,"Blood Vial":42,"Runic Dome":17,"Frozen Eye":42,"Anchor":11,"Dream Catcher":40,"Strawberry":9,"Pandora\u0027s Box":0,"Tiny Chest":10,"Bottled Lightning":19,"Cracked Core":0},{"Darkstone Periapt":11,"Regal Pillow":13,"Gremlin Horn":13,"Golden Idol":2,"Astrolabe":15,"CeramicFish":18,"Omamori":8,"Medical Kit":18,"White Beast Statue":11,"Blood Vial":18,"Runic Dome":7,"Frozen Eye":18,"Anchor":4,"Dream Catcher":18,"Strawberry":3,"Pandora\u0027s Box":0,"Tiny Chest":4,"Bottled Lightning":8,"Cracked Core":0},{"Darkstone Periapt":21,"Regal Pillow":23,"Gremlin Horn":23,"Golden Idol":5,"Astrolabe":27,"CeramicFish":31,"Omamori":18,"Medical Kit":31,"White Beast Statue":21,"Blood Vial":31,"Runic Dome":17,"Frozen Eye":31,"Anchor":10,"Dream Catcher":31,"Strawberry":7,"Pandora\u0027s Box":0,"Tiny Chest":10,"Bottled Lightning":18,"Cracked Core":0}]},"card_choices":[{"not_picked":["Beam Cell","Turbo"],"picked":"Ball Lightning","floor":1.0},{"not_picked":["Chaos","Melter"],"picked":"Sweeping Beam","floor":3.0},{"not_picked":["Loop","Static Discharge","Melter"],"picked":"SKIP","floor":7.0},{"not_picked":["Barrage","Go for the Eyes"],"picked":"FTL","floor":10.0},{"not_picked":["Amplify","Conserve Battery","Aggregate"],"picked":"SKIP","floor":13.0},{"not_picked":["Scrape","Force Field"],"picked":"Sunder","floor":14.0},{"not_picked":["Hyperbeam","Amplify"],"picked":"Meteor Strike","floor":16.0},{"not_picked":["Go for the Eyes","Cold Snap","Beam Cell"],"picked":"SKIP","floor":18.0},{"not_picked":["Blizzard","Redo","Leap"],"picked":"SKIP","floor":21.0},{"not_picked":["Sweeping Beam","Leap","Defragment"],"picked":"SKIP","floor":22.0},{"not_picked":["Barrage","Cold Snap"],"picked":"Hyperbeam","floor":23.0},{"not_picked":["Streamline","Lockon","Gash"],"picked":"SKIP","floor":27.0},{"not_picked":["Sweeping Beam","White Noise+1"],"picked":"Hyperbeam","floor":28.0},{"not_picked":["Steam","Chill","Storm"],"picked":"SKIP","floor":31.0},{"not_picked":["Hyperbeam","Machine Learning"],"picked":"Reboot","floor":33.0},{"not_picked":["Beam Cell","Coolheaded"],"picked":"Hologram","floor":35.0},{"not_picked":["Turbo+1","Stack+1","Gash"],"picked":"SKIP","floor":38},{"not_picked":["Chaos","Force Field","Coolheaded+1"],"picked":"SKIP","floor":40},{"not_picked":["Barrage","Force Field+1","Beam Cell"],"picked":"SKIP","floor":48}],"player_experience":333426,"relics_obtained":[{"floor":9.0,"key":"Strawberry"},{"floor":10.0,"key":"Tiny Chest"},{"floor":11.0,"key":"Anchor"},{"floor":19.0,"key":"Bottled Lightning"},{"floor":20.0,"key":"Omamori"},{"floor":23.0,"key":"Darkstone Periapt"},{"floor":26.0,"key":"White Beast Statue"},{"floor":28.0,"key":"Regal Pillow"},{"floor":30.0,"key":"Gremlin Horn"},{"floor":40,"key":"Dream Catcher"},{"floor":43,"key":"CeramicFish"}],"event_choices":[{"cards_removed":["Zap"],"damage_healed":0.0,"max_hp_gain":0.0,"max_hp_loss":0.0,"gold_gain":0.0,"event_name":"Golden Wing","player_choice":"Card Removal","floor":2.0,"gold_loss":0.0,"damage_taken":7.0},{"damage_healed":0.0,"max_hp_gain":0.0,"max_hp_loss":0.0,"gold_gain":0.0,"event_name":"Shining Light","player_choice":"Entered Light","floor":4.0,"gold_loss":0.0,"damage_taken":21.0,"cards_upgraded":["Recycle","Steam Power"]},{"damage_healed":0.0,"max_hp_gain":0.0,"max_hp_loss":7.0,"gold_gain":0.0,"event_name":"Golden Idol","player_choice":"Lose Max HP","floor":5.0,"gold_loss":0.0,"damage_taken":0.0,"relics_obtained":["Golden Idol"]},{"cards_removed":["Auto Shields"],"damage_healed":10.0,"max_hp_gain":0.0,"max_hp_loss":0.0,"gold_gain":0.0,"event_name":"Bonfire Elementals","player_choice":"Offered Uncommon","floor":24.0,"gold_loss":0.0,"damage_taken":0.0},{"damage_healed":0.0,"max_hp_gain":0.0,"max_hp_loss":0.0,"gold_gain":0.0,"event_name":"Match and Keep!","player_choice":"0 cards matched","floor":29.0,"gold_loss":0.0,"damage_taken":0.0,"cards_obtained":[]},{"damage_healed":0.0,"max_hp_gain":0.0,"max_hp_loss":4.0,"gold_gain":0.0,"event_name":"Winding Halls","player_choice":"Max HP","floor":36.0,"gold_loss":0.0,"damage_taken":0.0},{"damage_healed":0.0,"max_hp_gain":0.0,"max_hp_loss":0.0,"gold_gain":0.0,"event_name":"Tomb of Lord Red Mask","player_choice":"Ignored","floor":37.0,"gold_loss":0.0,"damage_taken":0.0},{"cards_removed":["Scrape"],"damage_healed":0,"gold_gain":0,"player_choice":"Removed Attack","damage_taken":0,"max_hp_gain":0,"max_hp_loss":0,"event_name":"Falling","floor":47,"gold_loss":0}],"is_beta":false,"boss_relics":[{"not_picked":["Inserter","Ectoplasm"],"picked":"Runic Dome"},{"not_picked":["Cursed Key","Calling Bell"],"picked":"Astrolabe"}],"items_purged_floors":[39,42],"is_endless":false,"potions_floor_spawned":[10,13,14,16,21,23,27,28,31,33,35,38,40,48],"ascension_level":15}}