{"host":"zwezhz46a5cjkxff","time":1612333911,"event":{"mods":["AchievementEnabler","BaseMod","Colored Map","Colored Powertips","DeckTracker","Hermit","Marisa????????","Minty Spire (QoL Compilation)","Permanent Neow","Quick Restart","Rare Cards Sparkle","Relic Stats","Robot Space Explorer","StSLib","SuperFastMode","The Hierophant","The Servant 0.9.4","Weighted Paths","slay the spire mod where everything is the same but ironclad has a cowboy hat"],"gold_per_floor":[115,132,152,165,176,207,207,224,247,247,247,247,272,53,53,172,172,193,211,136,156,181,181,181,181],"floor_reached":24,"language":"ENG","playtime":1121,"items_purged":["Defend_P"],"score":202,"play_id":"dd906517-d3e8-443e-89a0-ed6e9514b198","local_time":"20210203003151","is_ascension_mode":false,"campfire_choices":[{"floor":7,"key":"REST"},{"floor":10,"key":"RECALL"},{"data":"Blasphemy","floor":12,"key":"SMITH"},{"floor":15,"key":"REST"},{"data":"ClearTheMind","floor":23,"key":"SMITH"}],"circlet_count":0,"master_deck":["Strike_P","Strike_P","Strike_P","Defend_P","Defend_P","Defend_P","Eruption","Vigilance","Blasphemy+1","FlurryOfBlows","MentalFortress","FlurryOfBlows","TalkToTheHand","Crescendo","Vault","Adaptation+1","BattleHymn","TalkToTheHand","ClearTheMind+1"],"relics":["PureWater","Omamori","Golden Idol","Vajra","Runic Dome"],"acts_visited":["Exordium","TheCity"],"potions_floor_usage":[4,16,16,18,24,24,24,24],"damage_taken":[{"damage":0,"enemies":"Cultist","floor":1,"turns":4},{"damage":14,"enemies":"Small Slimes","floor":2,"turns":2},{"damage":0,"enemies":"2 Louse","floor":3,"turns":1},{"damage":0,"enemies":"Large Slime","floor":4,"turns":3},{"damage":8,"enemies":"2 Fungi Beasts","floor":5,"turns":3},{"damage":28,"enemies":"3 Sentries","floor":6,"turns":8},{"damage":0,"enemies":"3 Louse","floor":8,"turns":1},{"damage":10,"enemies":"Large Slime","floor":13,"turns":3},{"damage":20,"enemies":"Hexaghost","floor":16,"turns":9},{"damage":10,"enemies":"2 Thieves","floor":18,"turns":2},{"damage":0,"enemies":"Chosen","floor":19,"turns":3},{"damage":0,"enemies":"Snecko","floor":21,"turns":3},{"damage":14,"enemies":"Snake Plant","floor":22,"turns":5},{"damage":48,"enemies":"Slavers","floor":24,"turns":2}],"seed_played":"-5190462791162639333","potions_obtained":[{"floor":4,"key":"Fruit Juice"},{"floor":6,"key":"Fire Potion"},{"floor":13,"key":"LiquidBronze"},{"floor":16,"key":"PowerPotion"},{"floor":21,"key":"EntropicBrew"},{"floor":22,"key":"PowerPotion"}],"is_trial":false,"path_per_floor":["M","M","M","M","M","E","R","M","T","R","?","R","M","$","R","B",null,"M","M","?","M","M","R","E"],"character_chosen":"WATCHER","items_purchased":["Vajra"],"campfire_rested":2,"item_purchase_floors":[14],"current_hp_per_floor":[65,51,51,56,48,20,41,41,41,41,24,24,14,14,35,15,70,60,60,60,60,46,46,0,0],"gold":181,"neow_bonus":"THREE_RARE_CARDS","is_daily":false,"chose_seed":false,"campfire_upgraded":2,"win_rate":0.0,"timestamp":1612333911,"path_taken":["M","M","M","?","M","E","R","M","T","R","?","R","M","$","R","BOSS","M","M","?","M","M","R","E"],"items_purchased_type":["Relic"],"build_version":"2020-12-22","purchased_purges":1,"victory":false,"max_hp_per_floor":[65,65,65,70,70,70,70,70,70,70,70,70,70,70,70,70,70,70,70,70,70,70,70,70,70],"relic_stats":{"counters":[14,49],"Golden Idol":46,"obtain_stats":[{"Runic Dome":17,"Golden Idol":11,"Vajra":14,"Omamori":6,"PureWater":0},{"Runic Dome":9,"Golden Idol":7,"Vajra":8,"Omamori":6,"PureWater":0},{"Runic Dome":34,"Golden Idol":22,"Vajra":25,"Omamori":21,"PureWater":0}]},"card_choices":[{"not_picked":["Ragnarok","Omniscience"],"picked":"Blasphemy","floor":0},{"not_picked":["ThirdEye","Halt"],"picked":"FlurryOfBlows","floor":1},{"not_picked":["Vengeance","ThirdEye","Consecrate"],"picked":"SKIP","floor":2},{"not_picked":["JustLucky","Pray"],"picked":"MentalFortress","floor":3},{"not_picked":["Consecrate","SashWhip"],"picked":"FlurryOfBlows","floor":4},{"not_picked":["Perseverance","Consecrate","Evaluate"],"picked":"SKIP","floor":5},{"not_picked":["Prostrate","EmptyFist"],"picked":"TalkToTheHand","floor":6},{"not_picked":["Weave","WreathOfFlame","Swivel"],"picked":"SKIP","floor":8},{"not_picked":["FlurryOfBlows","Sanctity"],"picked":"Crescendo","floor":13},{"not_picked":["Devotion","Alpha"],"picked":"Vault","floor":16},{"not_picked":["Sanctity+1","SashWhip"],"picked":"Adaptation+1","floor":18},{"not_picked":["FearNoEvil","ThirdEye+1"],"picked":"BattleHymn","floor":19},{"not_picked":["BowlingBash+1","FlurryOfBlows+1"],"picked":"TalkToTheHand","floor":21},{"not_picked":["Consecrate+1","Tantrum"],"picked":"ClearTheMind","floor":22}],"player_experience":62534,"relics_obtained":[{"floor":6,"key":"Omamori"}],"event_choices":[{"damage_healed":0,"gold_gain":0,"player_choice":"Take Damage","damage_taken":17,"relics_obtained":["Golden Idol"],"max_hp_gain":0,"max_hp_loss":0,"event_name":"Golden Idol","floor":11,"gold_loss":0},{"cards_removed":["Strike_P"],"damage_healed":0,"gold_gain":0,"player_choice":"Gave Gold","damage_taken":0,"max_hp_gain":0,"max_hp_loss":0,"event_name":"Beggar","floor":20,"gold_loss":75}],"is_beta":false,"boss_relics":[{"not_picked":["Tiny House","Runic Pyramid"],"picked":"Runic Dome"}],"items_purged_floors":[14],"is_endless":false,"potions_floor_spawned":[4,6,13,16,21,22],"killed_by":"Slavers","ascension_level":0}}