{"host":"lv3zv4svf9qrs9uo","time":1612389541,"event":{"mods":["AchievementEnabler","BaseMod","Minty Spire (QoL Compilation)"],"gold_per_floor":[360,45,59,77,77,77,94,127,127,143,143,154,154,180,180],"floor_reached":14,"language":"ENG","playtime":1428,"items_purged":["Pain"],"score":102,"play_id":"cb89fe2f-a5e3-4855-9819-38ae283390da","local_time":"20210203135901","is_ascension_mode":false,"campfire_choices":[{"data":"Zap","floor":6,"key":"SMITH"},{"data":"Dualcast","floor":11,"key":"SMITH"},{"data":"Scrape","floor":13,"key":"SMITH"}],"circlet_count":0,"master_deck":["Strike_B","Strike_B","Strike_B","Strike_B","Defend_B","Defend_B","Defend_B","Defend_B","Zap+1","Dualcast+1","Streamline","Doom and Gloom","Scrape+1","Hologram","Steam","Ball Lightning","FTL","Go for the Eyes","Barrage","Beam Cell"],"relics":["Cracked Core","The Courier","Strawberry"],"acts_visited":["Exordium"],"potions_floor_usage":[8,14],"damage_taken":[{"damage":11,"enemies":"Jaw Worm","floor":1,"turns":5},{"damage":1,"enemies":"Cultist","floor":3,"turns":3},{"damage":0,"enemies":"Small Slimes","floor":4,"turns":3},{"damage":2,"enemies":"2 Fungi Beasts","floor":7,"turns":3},{"damage":26,"enemies":"Lagavulin","floor":8,"turns":5},{"damage":0,"enemies":"Large Slime","floor":10,"turns":4},{"damage":0,"enemies":"3 Louse","floor":12,"turns":3},{"damage":9,"enemies":"Gremlin Nob","floor":14,"turns":3}],"seed_played":"1152674486550445173","potions_obtained":[{"floor":1,"key":"Strength Potion"},{"floor":12,"key":"Dexterity Potion"}],"is_trial":false,"path_per_floor":["M","$","M","M","?","R","M","E","T","M","R","M","R","E"],"character_chosen":"DEFECT","items_purchased":["Doom and Gloom","Scrape","Hologram","Energy Potion"],"campfire_rested":0,"item_purchase_floors":[2,2,2,2],"current_hp_per_floor":[64,64,63,63,63,63,61,35,35,35,35,35,35,33,33],"gold":180,"neow_bonus":"TWO_FIFTY_GOLD","is_daily":false,"chose_seed":false,"campfire_upgraded":3,"win_rate":0.0,"timestamp":1612389541,"path_taken":["M","$","M","M","?","R","M","E","T","M","R","?","R","E"],"items_purchased_type":["Card","Card","Card","Potion"],"build_version":"2020-12-22","purchased_purges":1,"victory":false,"max_hp_per_floor":[75,75,75,75,75,75,75,75,75,75,75,75,75,82,82],"card_choices":[{"not_picked":["Auto Shields","Sweeping Beam"],"picked":"Streamline","floor":1},{"not_picked":["Force Field","Blizzard"],"picked":"Steam","floor":3},{"not_picked":["Steam","Double Energy"],"picked":"Ball Lightning","floor":4},{"not_picked":["Stack","Turbo"],"picked":"FTL","floor":7},{"not_picked":["Hologram","Cold Snap"],"picked":"Go for the Eyes","floor":8},{"not_picked":["Reprogram","Hello World"],"picked":"Barrage","floor":10},{"not_picked":["BootSequence","Leap"],"picked":"Beam Cell","floor":12}],"player_experience":503829,"relics_obtained":[{"floor":8,"key":"The Courier"},{"floor":14,"key":"Strawberry"}],"event_choices":[{"damage_healed":0,"gold_gain":0,"player_choice":"Ignored","damage_taken":0,"max_hp_gain":0,"max_hp_loss":0,"event_name":"WeMeetAgain","floor":5,"gold_loss":0}],"is_beta":false,"boss_relics":[],"items_purged_floors":[2],"is_endless":false,"potions_floor_spawned":[1,12],"killed_by":"Gremlin Nob","ascension_level":0}}