{"host":"9mz6x6ekz95y53i5","time":1612366277,"event":{"mods":["AchievementEnabler","BaseMod","Downfall","Energized Spire","Minty Spire (QoL Compilation)","Reliquary","Replay The Spire","Spicy Shops","StSLib","The Bug Knight","UnlockEverythingMod","¡¾ÒÅÎï¿¨ÅÆ¡¿REMEMod"],"gold_per_floor":[115,115,40,40,53,53,83,97,122,142,177,46,63,91,91,162,162,174,24,24,35,85,85,35,35,35,35,47,47,47],"floor_reached":29,"language":"ZHS","playtime":1171,"items_purged":["Defend_R","Pain"],"score":492,"play_id":"1a00e795-92ec-457c-b006-d83d7689e6cc","local_time":"20210203233117","is_ascension_mode":true,"campfire_choices":[{"data":"Sword Boomerang","floor":6.0,"key":"SMITH"},{"data":"Limit Break","floor":15,"key":"SMITH"},{"floor":23,"key":"REST"},{"floor":25,"key":"REST"},{"data":"Rage","floor":27,"key":"SMITH"}],"circlet_count":0,"master_deck":["AscendersBane","Strike_R","Strike_R","Strike_R","Strike_R","Strike_R","Defend_R+1","Defend_R","Defend_R","Flex","Survivor","Neutralize","Flex","Sword Boomerang+1","Second Wind+1","Perfected Strike","Clash","Pain","Rupture","Rage+1","Limit Break+1","Juggernaut","Whirlwind","Massacre+1","Fire Breathing","Heavy Blade+1","REME_SingleHolding"],"relics":["Burning Blood","REME_ComplimentaryCards","NeowsBlessing","War Paint","King of Hearts","Turnip","Odd Mushroom","Electric Blood","reliquary:Aerogel","Ring of Panic","Ring of Greed","Smiling Mask","Membership Card","Blue Candle"],"acts_visited":["Exordium","TheCity"],"potions_floor_usage":[14],"damage_taken":[{"damage":0.0,"enemies":"Jaw Worm","floor":1.0,"turns":1.0},{"damage":0.0,"enemies":"Cultist","floor":5.0,"turns":1.0},{"damage":0.0,"enemies":"3 Sentries","floor":7.0,"turns":2.0},{"damage":5,"enemies":"2 Louse","floor":8,"turns":2},{"damage":7,"enemies":"Blue Slaver","floor":10,"turns":4},{"damage":5,"enemies":"2 Fungi Beasts","floor":13,"turns":3},{"damage":9,"enemies":"The Mushroom Lair","floor":14,"turns":4},{"damage":64,"enemies":"The Guardian","floor":16,"turns":10},{"damage":20,"enemies":"Chosen","floor":18,"turns":5},{"damage":37,"enemies":"Shell Parasite","floor":21,"turns":5},{"damage":60,"enemies":"Shelled Parasite and Fungi","floor":28,"turns":6},{"damage":28,"enemies":"Book of Stabbing","floor":29,"turns":4}],"seed_played":"-3376629809786192271","potions_obtained":[{"floor":7,"key":"Guardian:BlockOnCardUsePotion"},{"floor":10,"key":"Flashbang"},{"floor":11,"key":"Fire Potion"},{"floor":11,"key":"BlessingOfTheForge"},{"floor":13,"key":"FairyPotion"}],"is_trial":false,"path_per_floor":["M","?","$","?","M","R","E","M","T","M","?","$","M","?","R","B",null,"M","$","?","M","?","R","$","R","T","R","M","E"],"character_chosen":"IRONCLAD","items_purchased":["Turnip","Massacre+1","Fire Breathing"],"campfire_rested":2,"item_purchase_floors":[12,19,19],"current_hp_per_floor":[74,74,74,74,75,75,75,75,75,74,74,74,75,72,72,14,60,46,46,46,15,15,37,37,59,59,59,28,0,0],"gold":47,"neow_bonus":"THREE_ENEMY_KILL","is_daily":false,"chose_seed":false,"campfire_upgraded":3,"win_rate":0.0,"timestamp":1612366277,"path_taken":["M","?","$","?","?","R","E","M","T","M","?","$","M","?","R","BOSS","M","$","?","?","?","R","$","R","T","R","M","E"],"items_purchased_type":["Relic","Card","Card"],"build_version":"2020-12-22","purchased_purges":2,"victory":false,"max_hp_per_floor":[75,75,75,75,75,75,75,75,75,75,75,75,75,75,75,75,75,75,75,75,75,75,75,75,75,75,75,75,75,75],"card_choices":[{"not_picked":["True Grit","Replay:Undeath\u0027s Touch"],"picked":"Flex","floor":1.0},{"not_picked":["Cleave","Dropkick"],"picked":"Sword Boomerang","floor":5.0},{"not_picked":["Replay:Undeath\u0027s Touch","Rampage"],"picked":"Second Wind","floor":7},{"not_picked":["Thunderclap","Anger"],"picked":"Perfected Strike","floor":8},{"not_picked":["Replay:Undeath\u0027s Touch","Entrench"],"picked":"Clash","floor":10},{"not_picked":["Perfected Strike","Flex"],"picked":"Rupture","floor":11},{"not_picked":["Wild Strike","Flex"],"picked":"Rage","floor":13},{"not_picked":["Clothesline","Blood for Blood"],"picked":"Limit Break","floor":14},{"not_picked":["REME_Fury","Exhume"],"picked":"Juggernaut","floor":16},{"not_picked":["Rampage","Burning Pact"],"picked":"Whirlwind","floor":18},{"not_picked":["Sentinel","Flame Barrier"],"picked":"Heavy Blade+1","floor":21},{"not_picked":["Massacre","Seeing Red"],"picked":"REME_SingleHolding","floor":28}],"player_experience":233895,"relics_obtained":[{"floor":7,"key":"War Paint"},{"floor":9,"key":"King of Hearts"},{"floor":14,"key":"Odd Mushroom"},{"floor":20,"key":"reliquary:Aerogel"},{"floor":22,"key":"Ring of Panic"},{"floor":22,"key":"Ring of Greed"},{"floor":22,"key":"Smiling Mask"},{"floor":22,"key":"Membership Card"},{"floor":26,"key":"Blue Candle"}],"event_choices":[{"damage_healed":0,"gold_gain":0,"player_choice":"Fought Mushrooms","damage_taken":0,"max_hp_gain":0,"max_hp_loss":0,"event_name":"Mushrooms","floor":14,"gold_loss":0},{"damage_healed":0,"gold_gain":0,"player_choice":"Relic","damage_taken":0,"max_hp_gain":0,"max_hp_loss":0,"event_name":"Wheel of Change","floor":20,"gold_loss":0}],"is_beta":false,"boss_relics":[{"not_picked":["REME_LowDesire","REME_ChargedStone"],"picked":"Electric Blood"}],"items_purged_floors":[3,24],"is_endless":false,"potions_floor_spawned":[7,10,13],"killed_by":"Book of Stabbing","ascension_level":20}}