{"host":"59wnhi65kiwmnpg4","time":1612369927,"event":{"mods":["2.2 Compatiblity","AchievementEnabler","BaseMod","BetterRewards","Colored Map","Custom Start","Disable Question Mark Monsters","Highlight Path","Minty Spire (QoL Compilation)","Permanent Neow","Relic Sorter","Relic Stats"],"gold_per_floor":[115,129,43,43,57,57,82,94,130,142,166,152,180,200,200,200,200],"floor_reached":16,"language":"ENG","playtime":682,"items_purged":[],"score":270,"play_id":"60f2ae62-b9b2-4dcc-9261-80d85bc3813a","local_time":"20210203163207","is_ascension_mode":true,"campfire_choices":[{"data":"Neutralize","floor":6.0,"key":"SMITH"},{"data":"Catalyst","floor":8.0,"key":"SMITH"},{"floor":10.0,"key":"REST"},{"data":"Catalyst","floor":15.0,"key":"SMITH"}],"circlet_count":0,"master_deck":["AscendersBane","Strike_G","Strike_G","Strike_G","Strike_G","Strike_G","Defend_G","Defend_G","Defend_G","Survivor","Neutralize+1","Blade Dance","Quick Slash","Well Laid Plans","Riddle With Holes","Bouncing Flask+1","Dagger Spray","Catalyst+1","Prepared","Underhanded Strike","Footwork","Catalyst+1"],"relics":["Ring of the Snake","MawBank","Ancient Tea Set","Letter Opener"],"acts_visited":["Exordium"],"potions_floor_usage":[],"damage_taken":[{"damage":3.0,"enemies":"Small Slimes","floor":1.0,"turns":3.0},{"damage":0.0,"enemies":"2 Louse","floor":2.0,"turns":2.0},{"damage":6.0,"enemies":"Jaw Worm","floor":5.0,"turns":3.0},{"damage":27.0,"enemies":"3 Sentries","floor":7.0,"turns":7.0},{"damage":0.0,"enemies":"2 Fungi Beasts","floor":11.0,"turns":2.0},{"damage":0.0,"enemies":"Lagavulin","floor":13.0,"turns":3.0},{"damage":17.0,"enemies":"Exordium Wildlife","floor":14.0,"turns":5.0},{"damage":36,"enemies":"The Guardian","floor":16,"turns":2}],"seed_played":"389358065607072966","potions_obtained":[{"floor":5.0,"key":"Energy Potion"},{"floor":13.0,"key":"Ancient Potion"}],"is_trial":false,"path_per_floor":["M","M","$","?","M","R","E","R","T","R","M","$","E","M","R","B"],"character_chosen":"THE_SILENT","items_purchased":["Bouncing Flask","Underhanded Strike"],"campfire_rested":1,"item_purchase_floors":[3,12],"current_hp_per_floor":[56,56,56,56,50,50,23,23,23,41,41,41,41,24,24,0,0],"gold":200,"neow_bonus":"TRANSFORM_TWO_CARDS","is_daily":false,"chose_seed":false,"campfire_upgraded":3,"win_rate":0.0,"timestamp":1612369927,"path_taken":["M","M","$","?","M","R","E","R","T","R","M","$","E","M","R","BOSS"],"items_purchased_type":["Card","Card"],"build_version":"2020-12-22","purchased_purges":0,"victory":false,"max_hp_per_floor":[60,60,60,60,60,60,60,60,60,60,60,60,60,60,60,60,60],"relic_stats":{"counters":[8,27],"Letter Opener":[5],"MawBank":60,"obtain_stats":[{"Letter Opener":13,"MawBank":7,"Ancient Tea Set":9,"Ring of the Snake":0},{"Letter Opener":6,"MawBank":4,"Ancient Tea Set":4,"Ring of the Snake":0},{"Letter Opener":20,"MawBank":15,"Ancient Tea Set":15,"Ring of the Snake":0}],"Ring of the Snake":[16]},"card_choices":[{"not_picked":["Dodge and Roll","Skewer"],"picked":"Well Laid Plans","floor":1.0},{"not_picked":["Concentrate","Escape Plan"],"picked":"Riddle With Holes","floor":2.0},{"not_picked":["Deadly Poison","Quick Slash"],"picked":"Dagger Spray","floor":5.0},{"not_picked":["PiercingWail","Dodge and Roll"],"picked":"Catalyst","floor":7.0},{"not_picked":["Noxious Fumes","Well Laid Plans"],"picked":"Prepared","floor":11.0},{"not_picked":["Dagger Spray","Slice"],"picked":"Footwork","floor":13.0},{"not_picked":["Terror","Footwork"],"picked":"Catalyst","floor":14.0}],"player_experience":884218,"relics_obtained":[{"floor":7.0,"key":"MawBank"},{"floor":9.0,"key":"Ancient Tea Set"},{"floor":13.0,"key":"Letter Opener"}],"event_choices":[{"damage_healed":0.0,"max_hp_gain":0.0,"max_hp_loss":0.0,"gold_gain":0.0,"event_name":"Living Wall","player_choice":"Grow","floor":4.0,"gold_loss":0.0,"damage_taken":0.0,"cards_upgraded":["Bouncing Flask"]}],"is_beta":false,"boss_relics":[],"items_purged_floors":[],"is_endless":false,"potions_floor_spawned":[5,13],"killed_by":"The Guardian","ascension_level":20}}