{"host":"9mz6x6ekz95y53i5","time":1612349735,"event":{"mods":["AchievementEnabler","BaseMod","Downfall","Energized Spire","Minty Spire (QoL Compilation)","Reliquary","Replay The Spire","Spicy Shops","StSLib","The Bug Knight","UnlockEverythingMod","¡¾ÒÅÎï¿¨ÅÆ¡¿REMEMod"],"gold_per_floor":[119,134,153,18,51,51,79,79,79,97,115,115,115],"floor_reached":12,"language":"ZHS","playtime":666,"items_purged":["HollowMod:QuickDashStart"],"score":94,"play_id":"9aa7850b-3641-48c1-a8bb-d008f3fc77a1","local_time":"20210203185535","is_ascension_mode":true,"campfire_choices":[{"data":"HollowMod:FocusHealStart","floor":6,"key":"SMITH"},{"floor":8,"key":"REST"}],"circlet_count":0,"master_deck":["HollowMod:NailStrikeStart","HollowMod:NailStrikeStart","HollowMod:NailStrikeStart","HollowMod:NailStrikeStart","HollowMod:QuickDashStart","HollowMod:QuickDashStart","HollowMod:QuickDashStart","HollowMod:FocusHealStart+1","HollowMod:PogoStrike","CarveReality","HollowMod:CloakDash","HollowMod:AbyssShriek","HollowMod:NewLittleFool","HandOfGreed","HollowMod:LuriensSpire","HollowMod:ShapeofUnn","HollowMod:VengefulSpirit","HollowMod:DashSlash"],"relics":["HollowMod:VesselMask","REME_ComplimentaryCards","Smiling Mask","Unceasing Top","Kunai"],"acts_visited":["Exordium"],"potions_floor_usage":[7,7,11,12],"damage_taken":[{"damage":1,"enemies":"Cultist","floor":1,"turns":3},{"damage":0,"enemies":"Small Slimes","floor":2,"turns":3},{"damage":2,"enemies":"Jaw Worm","floor":3,"turns":3},{"damage":22,"enemies":"Exordium Thugs","floor":5,"turns":4},{"damage":42,"enemies":"Lagavulin","floor":7,"turns":5},{"damage":13,"enemies":"Blue Slaver","floor":10,"turns":2},{"damage":10,"enemies":"Gremlin Gang","floor":11,"turns":3},{"damage":10,"enemies":"Gremlin Nob","floor":12,"turns":3}],"seed_played":"-6996079369653623577","potions_obtained":[{"floor":2,"key":"Fire Potion"},{"floor":5,"key":"SkillPotion"},{"floor":7,"key":"SkillPotion"},{"floor":11,"key":"SkillPotion"}],"is_trial":false,"path_per_floor":["M","M","M","$","M","R","E","R","T","M","M","E"],"character_chosen":"THE_BUGKNIGHT","items_purchased":["HandOfGreed","Unceasing Top"],"campfire_rested":1,"item_purchase_floors":[4,4],"current_hp_per_floor":[74,74,72,72,56,56,20,42,42,35,25,21,21],"gold":115,"neow_bonus":"RANDOM_COMMON_RELIC","is_daily":false,"chose_seed":false,"campfire_upgraded":1,"win_rate":0.0,"timestamp":1612349735,"path_taken":["M","M","M","$","M","R","E","R","T","?","M","E"],"items_purchased_type":["Card","Relic"],"build_version":"2020-12-22","purchased_purges":1,"victory":false,"max_hp_per_floor":[75,75,75,75,75,75,75,75,75,75,75,75,75],"card_choices":[{"not_picked":["HollowMod:FastStrike","HollowMod:PerfectDash"],"picked":"HollowMod:CloakDash","floor":1},{"not_picked":["HollowMod:NewLittleFool","HollowMod:VengefulVoid"],"picked":"HollowMod:AbyssShriek","floor":2},{"not_picked":["HollowMod:HowlingWraiths","HollowMod:LuriensSpire"],"picked":"HollowMod:NewLittleFool","floor":3},{"not_picked":["HollowMod:CornifersMapStart","HollowMod:InfectedAttack"],"picked":"HollowMod:LuriensSpire","floor":5},{"not_picked":["HollowMod:HowlingWraiths","HollowMod:Grubsong"],"picked":"HollowMod:ShapeofUnn","floor":7},{"not_picked":["HollowMod:CloakDash","HollowMod:NewJinnsSoul"],"picked":"HollowMod:VengefulSpirit","floor":10},{"not_picked":["HollowMod:MantisMark","HollowMod:DoubleDash"],"picked":"HollowMod:DashSlash","floor":11}],"player_experience":219655,"relics_obtained":[{"floor":7,"key":"Kunai"}],"event_choices":[],"is_beta":false,"boss_relics":[],"items_purged_floors":[4],"is_endless":false,"potions_floor_spawned":[2,5,7,11],"killed_by":"Gremlin Nob","ascension_level":3}}