{"host":"dvdvdvm357cut69v","time":1612369468,"event":{"mods":["BaseMod","Minty Spire (QoL Compilation)","Replay The Spire","StSLib"],"gold_per_floor":[119,6,17,29,48,48,78,78,78,41,41,62,97,97,97,218,218,238,179,193,212,225,225,225],"floor_reached":23,"language":"ENG","playtime":795,"items_purged":["Injury"],"score":278,"play_id":"b8795944-b9af-422b-8f54-fb1a9be35b7f","local_time":"20210203192428","is_ascension_mode":true,"campfire_choices":[{"data":"Neutralize","floor":6,"key":"SMITH"},{"data":"Dash","floor":11,"key":"SMITH"},{"data":"Bane","floor":15,"key":"SMITH"}],"circlet_count":0,"master_deck":["Strike_G","Strike_G","Strike_G","Defend_G","Defend_G","Defend_G","Defend_G","Survivor","Neutralize+1","Leg Sweep","Flying Knee","Noxious Fumes","Footwork","Bane+1","Dash+1","Bouncing Flask","Parasite","Terror+1","Heel Hook+1","Sucker Punch","Bane","Adrenaline+1","Storm of Steel+1","Masterful Stab+1","Doppelganger+1","Deadly Poison","Fluid Movement+1","ReplayTheSpireMod:Exploit Weakness"],"relics":["Ring of the Snake","Eternal Feather","Golden Idol","Golden Egg","ReplayTheSpireMod:CursedCoin","Regal Pillow","Astrolabe","Frozen Egg 2"],"acts_visited":["Exordium","TheCity"],"potions_floor_usage":[7,13,16,20,23],"damage_taken":[{"damage":0,"enemies":"Cultist","floor":1,"turns":4},{"damage":7,"enemies":"Small Slimes","floor":3,"turns":4},{"damage":0,"enemies":"2 Louse","floor":4,"turns":3},{"damage":10,"enemies":"Lots of Slimes","floor":5,"turns":6},{"damage":1,"enemies":"3 Sentries","floor":7,"turns":8},{"damage":2,"enemies":"Blue Slaver","floor":12,"turns":3},{"damage":8,"enemies":"Lagavulin","floor":13,"turns":5},{"damage":0,"enemies":"Slime Boss","floor":16,"turns":6},{"damage":0,"enemies":"Shell Parasite","floor":18,"turns":4},{"damage":11,"enemies":"2 Thieves","floor":20,"turns":2},{"damage":35,"enemies":"Shelled Parasite and Fungi","floor":21,"turns":9},{"damage":15,"enemies":"Snake Plant","floor":22,"turns":4},{"damage":27,"enemies":"Gremlin Leader","floor":23,"turns":3}],"seed_played":"7387990338868444807","potions_obtained":[{"floor":1,"key":"Flashbang"},{"floor":5,"key":"Fire Potion"},{"floor":7,"key":"Elixir"},{"floor":12,"key":"Block Potion"},{"floor":18,"key":"SteroidPotion"},{"floor":22,"key":"Explosive Potion"}],"is_trial":false,"path_per_floor":["M","$","M","M","M","R","E","?","T","$","R","M","E","?","R","B",null,"M","?","M","M","M","E"],"character_chosen":"THE_SILENT","items_purchased":["Flying Knee","Noxious Fumes","ReplayTheSpireMod:CursedCoin","Terror","Heel Hook"],"campfire_rested":0,"item_purchase_floors":[2,2,10,10,10],"current_hp_per_floor":[77,77,70,70,60,60,59,59,59,59,71,69,61,66,78,78,82,82,82,71,36,21,0,0],"gold":225,"neow_bonus":"TEN_PERCENT_HP_BONUS","is_daily":false,"chose_seed":false,"campfire_upgraded":3,"win_rate":0.0,"timestamp":1612369468,"path_taken":["M","$","M","?","M","R","E","?","T","$","R","M","E","?","R","BOSS","M","?","M","M","?","E"],"items_purchased_type":["Card","Card","Relic","Card","Card"],"build_version":"2020-12-13","purchased_purges":1,"victory":false,"max_hp_per_floor":[77,77,77,77,77,77,77,77,77,77,77,77,77,82,82,82,82,82,82,82,82,82,82,82],"card_choices":[{"not_picked":["Masterful Stab","ReplayTheSpireMod:Exploit Weakness"],"picked":"Leg Sweep","floor":1},{"not_picked":["Bane","Eviscerate"],"picked":"Footwork","floor":3},{"not_picked":["Acrobatics","Deadly Poison"],"picked":"Bane","floor":4},{"not_picked":["Dodge and Roll","Deadly Poison"],"picked":"Dash","floor":5},{"not_picked":["Reflex","Tactician"],"picked":"Bouncing Flask","floor":7},{"not_picked":["Prepared","Leg Sweep"],"picked":"Sucker Punch","floor":12},{"not_picked":["Heel Hook","Sneak Up"],"picked":"Bane","floor":13},{"not_picked":["Doppelganger","Envenom"],"picked":"Adrenaline","floor":16},{"not_picked":["Prepared+1","Flying Knee"],"picked":"Deadly Poison","floor":18},{"not_picked":["Dash","Caltrops+1"],"picked":"Fluid Movement+1","floor":20},{"not_picked":["Sucker Punch","PiercingWail","All Out Attack"],"picked":"SKIP","floor":21},{"not_picked":["Well Laid Plans+1","PiercingWail"],"picked":"ReplayTheSpireMod:Exploit Weakness","floor":22}],"player_experience":111015,"relics_obtained":[{"floor":7,"key":"Eternal Feather"},{"floor":9,"key":"Golden Egg"},{"floor":13,"key":"Regal Pillow"}],"event_choices":[{"damage_healed":0,"gold_gain":0,"player_choice":"Take Wound","damage_taken":0,"relics_obtained":["Golden Idol"],"max_hp_gain":0,"max_hp_loss":0,"event_name":"Golden Idol","floor":8,"gold_loss":0,"cards_obtained":["Injury"]},{"damage_healed":0,"gold_gain":0,"player_choice":"Donut","damage_taken":0,"max_hp_gain":5,"max_hp_loss":0,"event_name":"Big Fish","floor":14,"gold_loss":0},{"damage_healed":0,"gold_gain":0,"player_choice":"Paid Gold","damage_taken":0,"relics_obtained":["Frozen Egg 2"],"max_hp_gain":0,"max_hp_loss":0,"event_name":"WeMeetAgain","floor":19,"gold_loss":59}],"is_beta":false,"boss_relics":[{"not_picked":["Velvet Choker","Coffee Dripper"],"picked":"Astrolabe"}],"items_purged_floors":[10],"is_endless":false,"potions_floor_spawned":[1,5,7,12,18,22],"killed_by":"Gremlin Leader","ascension_level":2}}