{"host":"arn2jcql7xd3a3xg","time":1612382112,"event":{"mods":["AchievementEnabler","AlwaysNeverKeys","BaseMod","Better Third Choice","Colored Map","Colored Powertips","Downfall","GifTheSpireLib","Highlight Path","Infinite Spire","Minty Spire (QoL Compilation)","Permanent Neow","Quick Restart","Rare Cards Sparkle","Replay The Spire","StSLib","SuperFastMode"],"gold_per_floor":[99,113,129,129,146,164,164,180,206,206,234,253,253,17,31,129,129,129,144,156,156,176,195,195,211,231,231,343,397,397,397,511,737,737,737,857,918,629,699,842,842,941,997,1156,856,856,973,980,1072,1197,1197,1333,498,498,638,723],"floor_reached":57,"language":"ENG","playtime":4325,"items_purged":["bronze:Strike","bronze:Strike","bronze:Strike","bronze:Strike"],"score":1283,"play_id":"9a72d698-2587-4f6b-8e49-10aad4527f08","local_time":"20210203115512","is_ascension_mode":false,"campfire_choices":[{"data":"bronze:GetLatest","floor":1.0,"key":"SMITH"},{"data":"bronze:Flail","floor":13.0,"key":"SMITH"},{"data":"bronze:HardenedForm","floor":18.0,"key":"SMITH"},{"data":"bronze:Optimize","floor":30.0,"key":"SMITH"},{"data":"bronze:AlphaBuild","floor":35.0,"key":"SMITH"},{"data":"bronze:Optimize","floor":45.0,"key":"SMITH"},{"data":"expansioncontent:QuickStudy","floor":54,"key":"SMITH"}],"circlet_count":0,"master_deck":["bronze:Defend","bronze:Defend","bronze:Defend","bronze:Defend","bronze:Replicate","bronze:Goto","bronze:GetLatest+1","bronze:Flail+1","bronze:OilSpill","bronze:DigitalCarnage","bronze:Repair","bronze:Branch","bronze:Overload","bronze:Repair","bronze:Boost","bronze:Verify","bronze:FineTuning","bronze:HardenedForm+1","bronze:Overheat","infinitespire:Collect","bronze:Boost","bronze:Optimize+1","bronze:Optimize+1","bronze:AlphaBuild+1","bronze:Repair+1","bronze:Branch+1","bronze:ItsAFeature","bronze:ClassDefault","expansioncontent:QuickStudy+1","Replay:Sssssssssshield","bronze:Flail","bronze:Flail","bronze:DelayedGuard"],"relics":["bronze:BronzeCore","Replay:Bottled Snecko","infinitespire:EmpoweringShard","Centennial Puzzle","Snack Pack","Blue Doll","Replay:Bronze Core","Omamori","Replay:Bandana","bronze:PlatinumCore","Bird Faced Urn","Cursed Key","FossilizedHelix","ReplayTheSpireMod:Ninjato","Pear","downfall:HeartBlessingRed","downfall:HeartBlessingGreen","downfall:HeartBlessingBlue","ClockworkSouvenir","infinitespire:PuzzleCube","Replay:Wax Seal","bronze:ProtectiveGoggles","Simple Rune","Lee\u0027s Waffle"],"acts_visited":["Exordium","TheCity","TheBeyond","TheEnding"],"potions_floor_usage":[56,56,56],"damage_taken":[{"damage":0.0,"enemies":"Cultist","floor":2.0,"turns":3.0},{"damage":0.0,"enemies":"Small Slimes","floor":3.0,"turns":1.0},{"damage":0.0,"enemies":"2 Louse","floor":5.0,"turns":2.0},{"damage":10.0,"enemies":"Exordium Thugs","floor":6.0,"turns":3.0},{"damage":0.0,"enemies":"2 Fungi Beasts","floor":8.0,"turns":2.0},{"damage":0.0,"enemies":"Lagavulin","floor":9.0,"turns":4.0},{"damage":8.0,"enemies":"Gremlin Nob","floor":11.0,"turns":3.0},{"damage":4.0,"enemies":"Blue Slaver","floor":12.0,"turns":2.0},{"damage":2.0,"enemies":"downfall:FleeingMerchant","floor":14.0,"turns":4.0},{"damage":0.0,"enemies":"Lots of Slimes","floor":15.0,"turns":1.0},{"damage":5.0,"enemies":"IC_STATUS_ARCHETYPE","floor":16.0,"turns":7.0},{"damage":9.0,"enemies":"Spheric Guardian","floor":19.0,"turns":6.0},{"damage":14.0,"enemies":"3 Byrds","floor":20.0,"turns":3.0},{"damage":5.0,"enemies":"Snake Plant","floor":22.0,"turns":2.0},{"damage":0.0,"enemies":"Snecko","floor":23.0,"turns":3.0},{"damage":4.0,"enemies":"Centurion and Healer","floor":25.0,"turns":5.0},{"damage":9.0,"enemies":"Snake Plant","floor":26.0,"turns":3.0},{"damage":0.0,"enemies":"Snecko","floor":28.0,"turns":2.0},{"damage":0.0,"enemies":"Cultist and Chosen","floor":29.0,"turns":6.0},{"damage":0.0,"enemies":"3 Cultists","floor":32.0,"turns":3.0},{"damage":0.0,"enemies":"WA_ARCHETYPE_CALM","floor":33.0,"turns":5.0},{"damage":0.0,"enemies":"3 Darklings","floor":36.0,"turns":2.0},{"damage":13.0,"enemies":"3 Shapes","floor":37.0,"turns":4.0},{"damage":15.0,"enemies":"downfall:FleeingMerchant","floor":38.0,"turns":5.0},{"damage":24.0,"enemies":"Jaw Worm Horde","floor":39.0,"turns":4.0},{"damage":42.0,"enemies":"Nemesis","floor":40.0,"turns":7.0},{"damage":24.0,"enemies":"Spire Growth","floor":42.0,"turns":5.0},{"damage":25.0,"enemies":"4 Shapes","floor":43.0,"turns":5.0},{"damage":0.0,"enemies":"Transient","floor":44.0,"turns":5.0},{"damage":0.0,"enemies":"3 Darklings","floor":47.0,"turns":1.0},{"damage":0.0,"enemies":"downfall:FleeingMerchant","floor":48.0,"turns":2.0},{"damage":0.0,"enemies":"4 Shapes","floor":49.0,"turns":2.0},{"damage":29.0,"enemies":"SI_POISON_ARCHETYPE","floor":50.0,"turns":9.0},{"damage":76.0,"enemies":"downfall:CharBossMerchant","floor":52.0,"turns":9.0},{"damage":8,"enemies":"downfall:NeowBoss","floor":55,"turns":11},{"damage":81,"enemies":"downfall:NeowBossFinal","floor":56,"turns":11}],"seed_played":"-9024793328245046743","potions_obtained":[{"floor":2.0,"key":"EssenceOfSteel"},{"floor":5.0,"key":"PowerPotion"},{"floor":12.0,"key":"CultistPotion"},{"floor":19.0,"key":"Adrenaline Potion"},{"floor":23.0,"key":"SteroidPotion"},{"floor":33.0,"key":"Regen Potion"},{"floor":40.0,"key":"DistilledChaos"}],"is_trial":false,"path_per_floor":["R","M","M","T","M","M","T","M","E","?","E","M","R","$","M","B",null,"R","M","M","?","M","M","T","M","M","T","M","M","R","AVR","M","B",null,"R","M","M","$","M","E","T","M","M","M","R","AVR","M","$","M","B",null,"E","$","R","B","B",null],"character_chosen":"THE_AUTOMATON","items_purchased":["Blue Doll","FossilizedHelix","infinitespire:PuzzleCube","Replay:Wax Seal","expansioncontent:QuickStudy","Replay:Sssssssssshield","bronze:Flail","Simple Rune","Lee\u0027s Waffle","PowerPotion","DistilledChaos","bronze:DelayedGuard"],"campfire_rested":0,"item_purchase_floors":[14,38,48,48,53,53,53,53,53,53,53,53],"current_hp_per_floor":[70,70,70,70,70,60,60,67,70,70,62,65,65,69,69,70,70,70,61,49,32,40,42,42,60,63,63,65,70,70,70,70,70,70,70,70,70,70,69,40,50,56,70,80,90,90,90,90,90,83,90,29,97,97,89,23],"gold":723,"neow_bonus":"THREE_CARDS","is_daily":false,"chose_seed":false,"campfire_upgraded":7,"win_rate":0.0,"timestamp":1612382112,"path_taken":["R","M","M","?","M","M","T","M","E","?","E","M","R","$","M","BOSS","R","M","M","?","M","M","T","M","M","?","M","M","R","AVR","M","BOSS","R","M","M","$","M","E","T","M","M","M","R","AVR","M","$","M","BOSS","E","$","R","BOSS","BOSS"],"items_purchased_type":["Relic","Relic","Relic","Relic","Card","Card","Card","Relic","Relic","Potion","Potion","Card"],"build_version":"2020-12-22","purchased_purges":4,"victory":true,"max_hp_per_floor":[70,70,70,70,70,70,70,70,70,70,70,70,70,70,70,70,70,70,70,70,70,70,70,70,70,70,70,70,70,70,70,70,70,70,70,70,70,70,70,70,80,80,80,80,90,90,90,90,90,90,90,90,97,97,97,97],"card_choices":[{"not_picked":["bronze:Frontload","bronze:Turbo"],"picked":"bronze:GetLatest","floor":0.0},{"not_picked":["bronze:BugBarrage","bronze:Invalidate"],"picked":"bronze:Flail","floor":2.0},{"not_picked":["bronze:Deprecate","bronze:Invalidate"],"picked":"bronze:OilSpill","floor":3.0},{"not_picked":["bronze:WildBeam","bronze:CutThrough"],"picked":"bronze:DigitalCarnage","floor":5.0},{"not_picked":["bronze:Frontload","bronze:Overload"],"picked":"bronze:Repair","floor":6.0},{"not_picked":["bronze:CutThrough","bronze:Shield"],"picked":"bronze:Branch","floor":8.0},{"not_picked":["bronze:OilSpill","bronze:NullPointer"],"picked":"bronze:Overload","floor":9.0},{"not_picked":["bronze:Invalidate","bronze:NullPointer"],"picked":"bronze:Repair","floor":11.0},{"not_picked":["bronze:BuggyMess","bronze:ItsAFeature"],"picked":"bronze:Boost","floor":12.0},{"not_picked":["bronze:Invalidate","bronze:Fortify"],"picked":"bronze:Verify","floor":14.0},{"not_picked":["bronze:BugBarrage","bronze:WhirlingStrike"],"picked":"bronze:FineTuning","floor":15.0},{"not_picked":["bronze:AlphaBuild","bronze:Virus"],"picked":"bronze:HardenedForm","floor":16.0},{"not_picked":["bronze:CloningBeam","bronze:DelayedGuard+1","bronze:Philosophize"],"picked":"SKIP","floor":19.0},{"not_picked":["bronze:Shield+1","bronze:Iterate"],"picked":"bronze:Overheat","floor":20.0},{"not_picked":["infinitespire:Oblivion","infinitespire:TheBestDefense"],"picked":"infinitespire:Collect","floor":21.0},{"not_picked":["bronze:Frontload","bronze:Iterate+1","bronze:Shell"],"picked":"SKIP","floor":22.0},{"not_picked":["bronze:DelayedGuard+1","bronze:Shield"],"picked":"bronze:Boost","floor":23.0},{"not_picked":["bronze:Philosophize","bronze:BitShift","bronze:Mutator"],"picked":"SKIP","floor":25.0},{"not_picked":["bronze:DelayedGuard","bronze:ChildClass"],"picked":"bronze:Optimize","floor":26.0},{"not_picked":["bronze:BitShift","bronze:ChosenStrike","bronze:ForceShield"],"picked":"SKIP","floor":28.0},{"not_picked":["bronze:BuggyMess+1","bronze:Overheat","bronze:Shield"],"picked":"SKIP","floor":29.0},{"not_picked":["bronze:BuggyMess+1","bronze:Overheat","bronze:Shield"],"picked":"SKIP","floor":29.0},{"not_picked":["bronze:Shield","bronze:Overheat+1"],"picked":"bronze:Optimize","floor":32.0},{"not_picked":["bronze:Assembly","bronze:HyperBeam"],"picked":"bronze:AlphaBuild","floor":33.0},{"not_picked":["bronze:GetLatest","bronze:ChosenStrike+1","bronze:Branch+1"],"picked":"SKIP","floor":36.0},{"not_picked":["bronze:BitShift+1","bronze:Branch","bronze:DigitalCarnage+1"],"picked":"SKIP","floor":37.0},{"not_picked":["bronze:Invalidate+1","bronze:Verify","bronze:Safeguard+1"],"picked":"SKIP","floor":38.0},{"not_picked":["bronze:Deprecate+1","bronze:WhirlingStrike","bronze:BugBarrage"],"picked":"SKIP","floor":39.0},{"not_picked":["bronze:OilSpill+1","bronze:GetLatest+1"],"picked":"bronze:Repair+1","floor":40.0},{"not_picked":["bronze:DigitalCarnage","bronze:Deprecate+1","bronze:Invalidate"],"picked":"SKIP","floor":42.0},{"not_picked":["bronze:FineTuning","bronze:Virus"],"picked":"bronze:Branch+1","floor":43.0},{"not_picked":["bronze:DelayedGuard+1","bronze:GetLatest"],"picked":"bronze:ItsAFeature","floor":44.0},{"not_picked":["bronze:WhirlingStrike+1","bronze:Overheat+1"],"picked":"bronze:ClassDefault","floor":47.0},{"not_picked":["bronze:Iterate+1","bronze:NullPointer+1","bronze:Deprecate"],"picked":"SKIP","floor":48.0},{"not_picked":["bronze:Fortify+1","bronze:DelayedGuard","bronze:CloningBeam+1"],"picked":"SKIP","floor":49.0},{"not_picked":["bronze:BronzeOrb","bronze:WhirlingStrike+1","bronze:WildBeam+1"],"picked":"SKIP","floor":52.0}],"player_experience":68718,"relics_obtained":[{"floor":4.0,"key":"Replay:Bottled Snecko"},{"floor":7.0,"key":"infinitespire:EmpoweringShard"},{"floor":9.0,"key":"Centennial Puzzle"},{"floor":11.0,"key":"Snack Pack"},{"floor":24.0,"key":"Omamori"},{"floor":27.0,"key":"Replay:Bandana"},{"floor":40.0,"key":"ReplayTheSpireMod:Ninjato"},{"floor":41.0,"key":"Pear"},{"floor":52.0,"key":"bronze:ProtectiveGoggles"}],"event_choices":[],"is_beta":false,"boss_relics":[{"not_picked":["Runic Pyramid","Ring of Chaos"],"picked":"Replay:Bronze Core"},{"not_picked":["Coffee Dripper","Runic Dome"],"picked":"Cursed Key"}],"items_purged_floors":[14,38,48,53],"is_endless":false,"potions_floor_spawned":[2,5,12,15,19,23,26,28,33,39,40,42,49],"ascension_level":0}}