{"host":"7iv10lxbxedtd0qh","time":1612376889,"event":{"mods":["BaseMod","Colored Map","Colored Powertips","Downfall","Minty Spire (QoL Compilation)","StSLib"],"gold_per_floor":[99,99,99,99,123,148,148,11,11,11,11,27,52,68,80,175,175,175,175,175,194,194,194,275,275,292,292,311,328,347,391,407,503,503,403,432,478,497,518,568,568,599,618,651,389,389,406,441,455,455],"floor_reached":51,"language":"ENG","playtime":2738,"items_purged":["Guardian:Strike_Guardian","Guardian:Defend_Guardian+1"],"score":1113,"play_id":"b418b4b2-4284-4e2c-a472-8651c4f33831","local_time":"20210203192809","is_ascension_mode":true,"campfire_choices":[{"data":"Guardian:TwinSlam","floor":1.0,"key":"SMITH"},{"data":"Guardian:PrismaticBeam","floor":9.0,"key":"SMITH"},{"data":"Guardian:FierceBash","floor":11.0,"key":"SMITH"},{"data":"Guardian:ChargeUp","floor":18.0,"key":"SMITH"},{"data":"Guardian:CurlUp","floor":25.0,"key":"SMITH"},{"data":"Guardian:Defend_Guardian","floor":27.0,"key":"SMITH"},{"data":"Guardian:Defend_Guardian","floor":35.0,"key":"SMITH"}],"circlet_count":0,"master_deck":["Guardian:Defend_Guardian+1","Guardian:Defend_Guardian+1","Guardian:CurlUp+1","Guardian:TwinSlam+1","Guardian:PrismaticBeam+1","Guardian:FierceBash+1","Guardian:ChargeUp+1","Guardian:AncientConstruct+1","Guardian:ArmoredProtocol+1","Guardian:TimeSifter+1","Guardian:PiercingHide+1","Guardian:BronzeArmor+1","Guardian:VentSteam+1","Guardian:Gem_Yellow","Guardian:Emergency","Guardian:ShieldCharger+1"],"relics":["Guardian:ModeShifter","downfall:HeartsMalice","Tiny Chest","Bottled Lightning","Happy Flower","Blue Candle","Gremlin Horn","Astrolabe","Bird Faced Urn","Pantograph","CeramicFish","Sozu","downfall:HeartBlessingGreen","Potion Belt","Calipers","Juzu Bracelet","Ginger","Regal Pillow","ClockworkSouvenir","CaptainsWheel"],"acts_visited":["Exordium","TheCity","TheBeyond"],"potions_floor_usage":[39,50],"damage_taken":[{"damage":0.0,"enemies":"Small Slimes","floor":2.0,"turns":1.0},{"damage":0.0,"enemies":"Jaw Worm","floor":3.0,"turns":1.0},{"damage":0.0,"enemies":"3 Sentries","floor":6.0,"turns":1.0},{"damage":5.0,"enemies":"downfall:FleeingMerchant","floor":8.0,"turns":4.0},{"damage":0.0,"enemies":"Cultist","floor":12.0,"turns":2.0},{"damage":5.0,"enemies":"Gremlin Nob","floor":13.0,"turns":3.0},{"damage":4.0,"enemies":"2 Fungi Beasts","floor":14.0,"turns":3.0},{"damage":12.0,"enemies":"Lots of Slimes","floor":15.0,"turns":4.0},{"damage":16.0,"enemies":"SI_SHIV_ARCHETYPE","floor":16.0,"turns":10.0},{"damage":1.0,"enemies":"3 Byrds","floor":21.0,"turns":2.0},{"damage":18.0,"enemies":"Shell Parasite","floor":26.0,"turns":6.0},{"damage":4.0,"enemies":"Shelled Parasite and Fungi","floor":28.0,"turns":4.0},{"damage":15.0,"enemies":"Centurion and Healer","floor":29.0,"turns":5.0},{"damage":0.0,"enemies":"Cultist and Chosen","floor":30.0,"turns":6.0},{"damage":4.0,"enemies":"Book of Stabbing","floor":31.0,"turns":6.0},{"damage":0.0,"enemies":"Snake Plant","floor":32.0,"turns":5.0},{"damage":35.0,"enemies":"WA_ARCHETYPE_CALM","floor":33.0,"turns":10.0},{"damage":1.0,"enemies":"Orb Walker","floor":36.0,"turns":4.0},{"damage":14.0,"enemies":"3 Darklings","floor":38.0,"turns":5.0},{"damage":16,"enemies":"Jaw Worm Horde","floor":39,"turns":4},{"damage":0,"enemies":"Jaw Worm Horde","floor":40,"turns":5},{"damage":14,"enemies":"Reptomancer","floor":42,"turns":6},{"damage":0,"enemies":"Maw","floor":43,"turns":6},{"damage":0,"enemies":"Giant Head","floor":44,"turns":6},{"damage":0,"enemies":"downfall:FleeingMerchant","floor":45,"turns":4},{"damage":6,"enemies":"Spire Growth","floor":47,"turns":5},{"damage":15,"enemies":"Reptomancer","floor":48,"turns":5},{"damage":7,"enemies":"Sphere and 2 Shapes","floor":49,"turns":7},{"damage":33,"enemies":"DF_ARCHETYPE_ORBS","floor":50,"turns":8}],"seed_played":"-8283720990495912578","potions_obtained":[{"floor":6.0,"key":"sneckomod:MuddlingPotion"},{"floor":14.0,"key":"CultistPotion"},{"floor":16.0,"key":"Ancient Potion"},{"floor":21.0,"key":"Dexterity Potion"},{"floor":26.0,"key":"FairyPotion"},{"floor":32.0,"key":"DuplicationPotion"}],"is_trial":false,"path_per_floor":["R","M","M","?","T","E","T","$","R","?","R","M","E","M","M","B",null,"R","?","T","M","?","?","T","R","M","R","M","M","M","E","M","B",null,"R","M","T","M","M","?","T","E","M","E","$","?","M","E","M","B",null],"character_chosen":"GUARDIAN","items_purchased":["Guardian:Gem_Green","ClockworkSouvenir"],"campfire_rested":0,"item_purchase_floors":[8,45],"current_hp_per_floor":[80,80,80,85,85,85,85,80,80,75,75,75,70,66,54,38,73,73,65,65,68,52,52,52,52,40,40,40,31,37,39,45,41,74,74,77,77,67,55,85,85,73,79,85,85,85,83,70,69,54],"gold":455,"neow_bonus":"THREE_ENEMY_KILL","is_daily":false,"chose_seed":false,"campfire_upgraded":7,"win_rate":0.0,"timestamp":1612376889,"path_taken":["R","M","M","?","?","E","T","?","R","?","R","M","E","M","M","BOSS","R","?","?","M","?","?","T","R","M","R","M","M","?","E","M","BOSS","R","M","?","M","?","?","T","E","M","E","$","?","M","E","M","BOSS"],"items_purchased_type":["Card","Relic"],"build_version":"2020-12-22","purchased_purges":2,"victory":true,"max_hp_per_floor":[80,80,80,85,85,85,85,85,85,85,85,85,85,85,85,85,85,85,85,85,85,85,85,85,85,85,85,85,85,85,85,85,85,85,85,85,85,85,85,85,85,85,85,85,85,85,85,85,85,85],"card_choices":[{"not_picked":["Guardian:Gem_Purple","Guardian:TemporalStrike"],"picked":"Guardian:PrismaticBeam","floor":2.0},{"not_picked":["Guardian:Planning","Guardian:Gem_Red"],"picked":"Guardian:Gem_Fragmented","floor":3.0},{"not_picked":["Guardian:TimeBomb","Guardian:DonusPower"],"picked":"Guardian:FierceBash","floor":6.0},{"not_picked":["Guardian:Planning","Guardian:Preprogram","Guardian:PiercingHide"],"picked":"SKIP","floor":8.0},{"not_picked":["Guardian:Incinerate","Guardian:Gem_Green","Guardian:PrismaticBeam"],"picked":"SKIP","floor":12.0},{"not_picked":["Guardian:TimeBomb","Guardian:PiercingHide","Guardian:RollAttack"],"picked":"SKIP","floor":13.0},{"not_picked":["Guardian:Planning","Guardian:RefractedBeam"],"picked":"Guardian:Gem_Cyan","floor":14.0},{"not_picked":["Guardian:RollAttack","Guardian:ShieldCharger"],"picked":"Guardian:ChargeUp","floor":15.0},{"not_picked":["Guardian:FastForward","Guardian:ExploitGems"],"picked":"Guardian:AncientConstruct","floor":16.0},{"not_picked":["Guardian:Recover","Guardian:Reroute"],"picked":"Guardian:Gem_Green","floor":21.0},{"not_picked":["Guardian:Gem_Cyan","Guardian:Gem_Red"],"picked":"Guardian:Gem_Purple","floor":26.0},{"not_picked":["Guardian:Gem_Crimson","Guardian:CrystalBeam","Guardian:Gem_Yellow"],"picked":"SKIP","floor":28.0},{"not_picked":["Guardian:PiercingHide","Guardian:DonusPower"],"picked":"Guardian:BronzeArmor+1","floor":29.0},{"not_picked":["Guardian:Orbwalk","Guardian:TemporalStrike+1","Guardian:ShieldCharger"],"picked":"SKIP","floor":30.0},{"not_picked":["Guardian:VentSteam","Guardian:CrystalBeam"],"picked":"Guardian:Gem_Synthetic","floor":31.0},{"not_picked":["Guardian:Gem_Cyan","Guardian:GuardianWhirl","Guardian:WalkerClaw"],"picked":"SKIP","floor":32.0},{"not_picked":["Guardian:MultiBeam+1","Guardian:Suspension+1"],"picked":"Guardian:VentSteam+1","floor":36.0},{"not_picked":["Guardian:PrismaticBarrier+1","Guardian:ChargeCore"],"picked":"Guardian:Gem_Yellow","floor":38.0},{"not_picked":["Guardian:BronzeOrb","Guardian:TimeCapacitor+1"],"picked":"Guardian:Emergency","floor":39},{"not_picked":["Guardian:CrystalBeam+1","Guardian:Gem_Orange","Guardian:PiercingHide"],"picked":"SKIP","floor":42},{"not_picked":["Guardian:TemporalStrike+1","Guardian:CrystalBeam","Guardian:PiercingHide+1"],"picked":"SKIP","floor":43},{"not_picked":["Guardian:DonusPower+1","Guardian:RefractedBeam+1","Guardian:RollAttack+1"],"picked":"SKIP","floor":44},{"not_picked":["Guardian:EvasiveProtocol+1","Guardian:PrimingBeam","Guardian:Gem_Fragmented"],"picked":"SKIP","floor":45},{"not_picked":["Guardian:CrystalBeam+1","Guardian:BronzeOrb","Guardian:FloatingOrbs"],"picked":"SKIP","floor":47},{"not_picked":["Guardian:Gem_Red","Guardian:Reroute"],"picked":"Guardian:ShieldCharger+1","floor":48},{"not_picked":["Guardian:ShieldSpikes","Guardian:Gem_Green","Guardian:MultiBeam+1"],"picked":"SKIP","floor":49}],"player_experience":813041,"relics_obtained":[{"floor":5.0,"key":"Tiny Chest"},{"floor":6.0,"key":"Bottled Lightning"},{"floor":7.0,"key":"Happy Flower"},{"floor":13.0,"key":"Gremlin Horn"},{"floor":20.0,"key":"Bird Faced Urn"},{"floor":24.0,"key":"Pantograph"},{"floor":31.0,"key":"CeramicFish"},{"floor":37.0,"key":"Potion Belt"},{"floor":40,"key":"Calipers"},{"floor":41,"key":"Juzu Bracelet"},{"floor":42,"key":"Ginger"},{"floor":44,"key":"Regal Pillow"},{"floor":48,"key":"CaptainsWheel"}],"event_choices":[{"damage_healed":0.0,"max_hp_gain":5.0,"max_hp_loss":0.0,"gold_gain":0.0,"event_name":"Big Fish","player_choice":"Donut","floor":4.0,"gold_loss":0.0,"damage_taken":0.0}],"is_beta":false,"boss_relics":[{"not_picked":["Pandora\u0027s Box","Runic Dome"],"picked":"Astrolabe"},{"not_picked":["Black Star","Fusion Hammer"],"picked":"Sozu"}],"items_purged_floors":[8,45],"is_endless":false,"potions_floor_spawned":[6,14,16,21,26,32,33,36,43,47,48],"ascension_level":5}}