{"host":"r91i8wii3z9p67t1","time":1612382643,"event":{"mods":["BaseMod","Minty Spire (QoL Compilation)","Relic Stats","Replay The Spire","StSLib"],"gold_per_floor":[114,114,39,39,39,67,67,78,78,91,91,111,111,145,145,248,248,262,281,281,380,392,427,427,427],"floor_reached":24,"language":"ZHT","playtime":1023,"items_purged":["Strike_P"],"score":336,"play_id":"5889706d-945e-4033-a432-e6edcffc4d23","local_time":"20210204040403","is_ascension_mode":true,"campfire_choices":[{"data":"Protect","floor":7.0,"key":"SMITH"},{"data":"WaveOfTheHand","floor":11.0,"key":"SMITH"},{"floor":15.0,"key":"REST"}],"circlet_count":0,"master_deck":["Strike_P","Strike_P","Strike_P+1","Defend_P","Defend_P","Defend_P","Defend_P","Eruption","Vigilance","EmptyBody+1","Protect+1","WaveOfTheHand+1","FollowUp","FearNoEvil","Flying Knee","Prostrate","Brilliance","CurseOfTheBell","EmptyBody+1","Prostrate","Brilliance"],"relics":["NeowsBlessing","Replay:M_StaffOfTheSnake","Mercury Hourglass","Matryoshka","Replay:Wax Seal","Dream Catcher","Blood Vial","Calling Bell","Damaru","Replay:Bottled Flurry","Replay:Kaleidoscope","Garlic"],"acts_visited":["Exordium","TheCity"],"potions_floor_usage":[23],"damage_taken":[{"damage":0.0,"enemies":"2 Louse","floor":1.0,"turns":1.0},{"damage":0.0,"enemies":"3 Sentries","floor":6.0,"turns":2.0},{"damage":0.0,"enemies":"Jaw Worm","floor":8.0,"turns":1.0},{"damage":0.0,"enemies":"Small Slimes","floor":10.0,"turns":2.0},{"damage":1.0,"enemies":"Blue Slaver","floor":12.0,"turns":7.0},{"damage":2.0,"enemies":"Gremlin Nob","floor":14.0,"turns":3.0},{"damage":75.0,"enemies":"Hexaghost","floor":16.0,"turns":16.0},{"damage":13.0,"enemies":"3 Byrds","floor":18.0,"turns":4.0},{"damage":5.0,"enemies":"Shell Parasite","floor":19.0,"turns":4.0},{"damage":14.0,"enemies":"Sentry and Sphere","floor":22.0,"turns":5.0},{"damage":18,"enemies":"Slavers","floor":23,"turns":4},{"damage":17,"enemies":"3 Cultists","floor":24,"turns":4}],"seed_played":"757670478243783291","potions_obtained":[{"floor":10.0,"key":"Explosive Potion"},{"floor":14.0,"key":"Explosive Potion"},{"floor":19.0,"key":"Swift Potion"},{"floor":22.0,"key":"CultistPotion"}],"is_trial":false,"path_per_floor":["M","?","$","?","?","E","R","M","T","M","R","M","T","E","R","B",null,"M","M","?","?","M","E","M"],"character_chosen":"WATCHER","items_purchased":[],"campfire_rested":1,"item_purchase_floors":[],"current_hp_per_floor":[65,51,51,56,56,56,56,56,56,56,56,55,55,53,76,2,58,47,44,30,30,18,2,0,0],"gold":427,"neow_bonus":"THREE_ENEMY_KILL","is_daily":false,"chose_seed":false,"campfire_upgraded":2,"win_rate":0.0,"timestamp":1612382643,"path_taken":["M","?","$","?","?","E","R","M","T","M","R","M","?","E","R","BOSS","M","M","?","?","M","E","M"],"items_purchased_type":[],"build_version":"2020-12-22","purchased_purges":1,"victory":false,"max_hp_per_floor":[72,72,72,77,77,77,77,77,77,77,77,77,77,77,77,77,77,77,77,82,82,82,82,82,82],"relic_stats":{"Blood Vial":11,"Dream Catcher":1,"counters":[12,53],"obtain_stats":[{"Replay:M_StaffOfTheSnake":5,"NeowsBlessing":0,"Damaru":17,"Replay:Kaleidoscope":17,"Mercury Hourglass":6,"Blood Vial":14,"Calling Bell":17,"Dream Catcher":13,"Matryoshka":9,"Replay:Bottled Flurry":17,"Garlic":23,"PureWater":0,"Replay:Wax Seal":13},{"Replay:M_StaffOfTheSnake":1,"NeowsBlessing":0,"Damaru":7,"Replay:Kaleidoscope":7,"Mercury Hourglass":2,"Blood Vial":6,"Calling Bell":7,"Dream Catcher":5,"Matryoshka":3,"Replay:Bottled Flurry":7,"Garlic":11,"PureWater":0,"Replay:Wax Seal":5},{"Replay:M_StaffOfTheSnake":1,"NeowsBlessing":0,"Damaru":32,"Replay:Kaleidoscope":32,"Mercury Hourglass":3,"Blood Vial":16,"Calling Bell":32,"Dream Catcher":13,"Matryoshka":4,"Replay:Bottled Flurry":32,"Garlic":49,"PureWater":0,"Replay:Wax Seal":13}],"Mercury Hourglass":[181]},"card_choices":[{"not_picked":["FlurryOfBlows","Crescendo"],"picked":"EmptyBody","floor":1.0},{"not_picked":["Well Laid Plans","Vault"],"picked":"Protect","floor":6.0},{"not_picked":["LikeWater","Collect"],"picked":"WaveOfTheHand","floor":8.0},{"not_picked":["SashWhip","EmptyBody"],"picked":"FollowUp","floor":10.0},{"not_picked":["Acrobatics","InnerPeace"],"picked":"FearNoEvil","floor":12.0},{"not_picked":["Adaptation","Replay:Cycle"],"picked":"Flying Knee","floor":14.0},{"not_picked":["Vengeance","Halt"],"picked":"Prostrate","floor":15.0},{"not_picked":["Vault","DevaForm"],"picked":"Brilliance","floor":16.0},{"not_picked":["EmptyFist","FollowUp+1"],"picked":"EmptyBody+1","floor":18.0},{"not_picked":["MentalFortress","Weave"],"picked":"Prostrate","floor":19.0},{"not_picked":["SashWhip+1","Prostrate"],"picked":"Brilliance","floor":22.0},{"not_picked":["FlurryOfBlows","JustLucky","Collect+1"],"picked":"SKIP","floor":23}],"player_experience":966706,"relics_obtained":[{"floor":6.0,"key":"Mercury Hourglass"},{"floor":9.0,"key":"Matryoshka"},{"floor":13.0,"key":"Replay:Wax Seal"},{"floor":13.0,"key":"Dream Catcher"},{"floor":14.0,"key":"Blood Vial"},{"floor":17.0,"key":"Damaru"},{"floor":17.0,"key":"Replay:Bottled Flurry"},{"floor":17.0,"key":"Replay:Kaleidoscope"},{"floor":23,"key":"Garlic"}],"event_choices":[{"damage_healed":0.0,"max_hp_gain":0.0,"max_hp_loss":0.0,"gold_gain":0.0,"event_name":"Shining Light","player_choice":"Entered Light","floor":2.0,"gold_loss":0.0,"damage_taken":14.0,"cards_upgraded":["EmptyBody","Strike_P"]},{"damage_healed":0.0,"max_hp_gain":5.0,"max_hp_loss":0.0,"gold_gain":0.0,"event_name":"Big Fish","player_choice":"Donut","floor":4.0,"gold_loss":0.0,"damage_taken":0.0},{"damage_healed":0.0,"max_hp_gain":5.0,"max_hp_loss":0.0,"gold_gain":0.0,"event_name":"Forgotten Altar","player_choice":"Shed Blood","floor":20.0,"gold_loss":0.0,"damage_taken":19.0},{"damage_healed":0.0,"max_hp_gain":0.0,"max_hp_loss":0.0,"gold_gain":99.0,"event_name":"Nest","player_choice":"Stole From Cult","floor":21.0,"gold_loss":0.0,"damage_taken":0.0}],"is_beta":false,"boss_relics":[{"not_picked":["Velvet Choker","Replay:Drink Me"],"picked":"Calling Bell"}],"items_purged_floors":[3],"is_endless":false,"potions_floor_spawned":[10,14,19,22],"killed_by":"3 Cultists","ascension_level":7}}