{"host":"v380u9jqfq8325l5","time":1612324730,"event":{"mods":["BaseMod","Bestiary","BetterRewards","Colored Map","Colored Powertips","Curses Come First","Evolution","Halation","Hubris","Infinite Spire","Minty Spire (QoL Compilation)","Reliquary","Spire Arcade","StSLib","SuperFastMode"],"gold_per_floor":[110,110,110,121,121,154,174,207,207,207,534,534,568,579,579,676,676,692,617,617,373,385,419,435,468,513,531,556,556,572,605,605,707,707,719,719,729,753,628,640,654,689,689,689,743,743,762,773,773,773,773,773,165,195,195],"floor_reached":56,"language":"ENG","playtime":1784,"items_purged":["Defend_R","Defend_R","Pain","hubris:Gluttony"],"score":1541,"play_id":"161bb09b-5ff5-45c8-9f10-214a8824109a","local_time":"20210203065850","is_ascension_mode":true,"campfire_choices":[{"data":"Body Slam","floor":12.0,"key":"SMITH"},{"data":"Body Slam","floor":15.0,"key":"SMITH"},{"floor":32,"key":"RECALL"},{"data":"Limit Break","floor":44,"key":"SMITH"},{"data":"Reaper","floor":46,"key":"SMITH"},{"data":"Bash","floor":49,"key":"SMITH"},{"data":"Iron Wave","floor":52,"key":"SMITH"}],"circlet_count":0,"master_deck":["Iron Wave","Iron Wave","Iron Wave+1","Strike_R","Strike_R","Defend_R","Defend_R","Bash+1","Twin Strike","Shrug It Off","Thunderclap","Body Slam+1","Body Slam+1","Reaper+1","Pummel+1","Doubt","Sword Boomerang+1","Limit Break+1","Body Slam+1","Sword Boomerang+1","Heavy Blade+1","Whirlwind+1","Heavy Blade+1","Intimidate+1"],"relics":["Burning Blood","EVO:Axolotl","Art of War","Matryoshka","hubris:Towel","Kunai","Toy Ornithopter","halation:PromiseList","Shuriken","halation:EternalFortune","Old Coin","infinitespire:Lucky Rock","Cursed Key","halation:RedSoulGem","Bag of Marbles","hubris:SlimyHat","hubris:SphereOfDissonance","reliquary:PorcupineQuills","Happy Flower","Meat on the Bone","Orichalcum","infinitespire:Cupcake","reliquary:TatteredRug","hubris:ToyBattleship","hubris:Potato","Pen Nib","TungstenRod","reliquary:Aerogel"],"acts_visited":["Exordium","TheCity","TheBeyond","TheEnding"],"potions_floor_usage":[55,55],"damage_taken":[{"damage":0.0,"enemies":"2 Louse","floor":1.0,"turns":3.0},{"damage":0.0,"enemies":"Small Slimes","floor":4.0,"turns":3.0},{"damage":15.0,"enemies":"3 Sentries","floor":6.0,"turns":14.0},{"damage":0.0,"enemies":"Jaw Worm","floor":7.0,"turns":3.0},{"damage":18.0,"enemies":"Gremlin Nob","floor":8.0,"turns":5.0},{"damage":16.0,"enemies":"3 Sentries","floor":11.0,"turns":11.0},{"damage":2.0,"enemies":"Gremlin Nob","floor":13.0,"turns":3.0},{"damage":2.0,"enemies":"Blue Slaver","floor":14.0,"turns":2.0},{"damage":0.0,"enemies":"Slime Boss","floor":16.0,"turns":4.0},{"damage":11.0,"enemies":"2 Thieves","floor":18.0,"turns":3.0},{"damage":0.0,"enemies":"Spheric Guardian","floor":22.0,"turns":2.0},{"damage":0.0,"enemies":"Gremlin Leader","floor":23.0,"turns":3.0},{"damage":1.0,"enemies":"Centurion and Healer","floor":24.0,"turns":3.0},{"damage":19.0,"enemies":"Book of Stabbing","floor":25.0,"turns":3.0},{"damage":7,"enemies":"Snake Plant","floor":27,"turns":2},{"damage":0,"enemies":"Gremlin Leader","floor":28,"turns":3},{"damage":0,"enemies":"Sentry and Sphere","floor":30,"turns":1},{"damage":0,"enemies":"Book of Stabbing","floor":31,"turns":1},{"damage":31,"enemies":"Automaton","floor":33,"turns":5},{"damage":15,"enemies":"3 Shapes","floor":35,"turns":2},{"damage":3,"enemies":"3 Darklings","floor":37,"turns":2},{"damage":24,"enemies":"4 Shapes","floor":40,"turns":3},{"damage":22,"enemies":"Writhing Mass","floor":41,"turns":4},{"damage":13,"enemies":"Nemesis","floor":42,"turns":3},{"damage":12,"enemies":"2 Orb Walkers","floor":45,"turns":2},{"damage":0,"enemies":"Transient","floor":47,"turns":5},{"damage":0,"enemies":"Maw","floor":48,"turns":4},{"damage":41,"enemies":"Time Eater","floor":50,"turns":4},{"damage":41,"enemies":"Shield and Spear","floor":54,"turns":3},{"damage":54,"enemies":"The Heart","floor":55,"turns":6}],"seed_played":"3304881981188035922","potions_obtained":[{"floor":4.0,"key":"GamblersBrew"},{"floor":8.0,"key":"HeartOfIron"},{"floor":13.0,"key":"SmokeBomb"},{"floor":16.0,"key":"DistilledChaos"},{"floor":28,"key":"Energy Potion"},{"floor":31,"key":"infinitespire:BlackPotion"}],"is_trial":false,"path_per_floor":["M","?","?","M","?","E","M","E","T","?","E","R","E","M","R","B",null,"M","$","?","$","M","E","M","E","T","M","E","?","M","E","R","B",null,"M","?","M","T","$","M","M","E","T","R","?","R","M","M","R","B",null,"R","$","E","B",null],"character_chosen":"IRONCLAD","items_purchased":["Bag of Marbles","Pen Nib","TungstenRod"],"campfire_rested":0,"item_purchase_floors":[21,53,53],"current_hp_per_floor":[80,68,68,74,74,65,71,59,59,62,52,52,56,60,60,66,83,78,78,78,78,83,83,83,70,70,69,83,83,83,83,83,58,83,77,77,89,89,89,72,62,67,67,67,83,83,89,89,89,75,89,89,89,54,28],"gold":195,"neow_bonus":"RANDOM_COMMON_RELIC","is_daily":false,"chose_seed":false,"campfire_upgraded":6,"win_rate":0.0,"timestamp":1612324730,"path_taken":["M","?","?","M","?","E","M","E","T","?","E","R","E","?","R","BOSS","M","$","?","$","M","E","M","E","T","M","E","?","M","E","R","BOSS","M","?","M","?","$","M","M","E","T","R","?","R","M","M","R","BOSS","R","$","E","BOSS"],"items_purchased_type":["Relic","Relic","Relic"],"build_version":"2020-12-22","purchased_purges":4,"victory":true,"max_hp_per_floor":[80,80,80,80,80,80,80,80,80,83,83,83,83,83,83,83,83,83,83,83,83,83,83,83,83,83,83,83,83,83,83,83,83,83,86,86,89,89,89,89,89,89,89,89,89,89,89,89,89,89,89,89,89,89,89],"card_choices":[{"not_picked":["Havoc","Burning Pact","Hemokinesis"],"picked":"SKIP","floor":1.0},{"not_picked":["Armaments","Clash","Wild Strike"],"picked":"SKIP","floor":4.0},{"not_picked":["Brutality","Shrug It Off"],"picked":"Twin Strike","floor":6.0},{"not_picked":["Battle Trance","Havoc"],"picked":"Shrug It Off","floor":7.0},{"not_picked":["Havoc","Flame Barrier"],"picked":"Thunderclap","floor":8.0},{"not_picked":["Shockwave","Berserk"],"picked":"Body Slam","floor":11.0},{"not_picked":["Power Through","Clash"],"picked":"Body Slam","floor":13.0},{"not_picked":["Pommel Strike","Flex","hubris:ReadiedAction"],"picked":"SKIP","floor":14.0},{"not_picked":["Demon Form","Brutality"],"picked":"Reaper","floor":16.0},{"not_picked":["Cleave","Carnage","Headbutt"],"picked":"SKIP","floor":18.0},{"not_picked":["Dropkick","Dual Wield","Infernal Blade"],"picked":"SKIP","floor":22.0},{"not_picked":["Rupture","Clash"],"picked":"Pummel+1","floor":23.0},{"not_picked":["Wild Strike","Evolve","Clothesline"],"picked":"SKIP","floor":24.0},{"not_picked":["Fire Breathing+1","Shockwave","Reckless Charge+1"],"picked":"SKIP","floor":25},{"not_picked":["Shrug It Off","Havoc","Twin Strike+1"],"picked":"SKIP","floor":27},{"not_picked":["Spot Weakness","Clash+1","hubris:CleavingFinish"],"picked":"SKIP","floor":28},{"not_picked":["Spot Weakness","Clash+1","hubris:CleavingFinish"],"picked":"SKIP","floor":28},{"not_picked":["True Grit","Iron Wave"],"picked":"Sword Boomerang+1","floor":30},{"not_picked":["Armaments","Sever Soul","Pommel Strike"],"picked":"SKIP","floor":31},{"not_picked":["Fiend Fire","Reaper"],"picked":"Limit Break","floor":33},{"not_picked":["Headbutt","Warcry+1","Uppercut"],"picked":"SKIP","floor":35},{"not_picked":["Heavy Blade","Iron Wave+1"],"picked":"Body Slam+1","floor":37},{"not_picked":["Feel No Pain","Clash","Twin Strike+1"],"picked":"SKIP","floor":40},{"not_picked":["Seeing Red","Fire Breathing+1"],"picked":"Sword Boomerang+1","floor":41},{"not_picked":["Warcry","Feel No Pain","Twin Strike"],"picked":"SKIP","floor":42},{"not_picked":["Clothesline","Corruption"],"picked":"Heavy Blade+1","floor":45},{"not_picked":["infinitespire:OneForAll","Sever Soul"],"picked":"Whirlwind+1","floor":47},{"not_picked":["Barricade","Iron Wave"],"picked":"Heavy Blade+1","floor":48},{"not_picked":["Metallicize","Warcry+1"],"picked":"Intimidate+1","floor":54}],"player_experience":215697,"relics_obtained":[{"floor":6.0,"key":"Kunai"},{"floor":8.0,"key":"Toy Ornithopter"},{"floor":9.0,"key":"halation:PromiseList"},{"floor":9.0,"key":"Shuriken"},{"floor":11.0,"key":"Old Coin"},{"floor":13.0,"key":"infinitespire:Lucky Rock"},{"floor":23.0,"key":"hubris:SlimyHat"},{"floor":25,"key":"hubris:SphereOfDissonance"},{"floor":26,"key":"reliquary:PorcupineQuills"},{"floor":26,"key":"Happy Flower"},{"floor":28,"key":"Meat on the Bone"},{"floor":31,"key":"Orichalcum"},{"floor":35,"key":"halation:EternalFortune"},{"floor":37,"key":"halation:EternalFortune"},{"floor":42,"key":"reliquary:TatteredRug"},{"floor":43,"key":"hubris:ToyBattleship"},{"floor":45,"key":"hubris:Potato"},{"floor":54,"key":"reliquary:Aerogel"}],"event_choices":[{"damage_healed":0.0,"max_hp_gain":0.0,"max_hp_loss":0.0,"gold_gain":0.0,"event_name":"Scrap Ooze","player_choice":"Success","floor":2.0,"gold_loss":0.0,"damage_taken":12.0,"relics_obtained":["Matryoshka"]},{"damage_healed":0.0,"max_hp_gain":0.0,"max_hp_loss":0.0,"gold_gain":0.0,"event_name":"Liars Game","player_choice":"Ignored","floor":3.0,"gold_loss":0.0,"damage_taken":0.0},{"damage_healed":0,"gold_gain":0,"player_choice":"Ignored","damage_taken":0,"max_hp_gain":0,"max_hp_loss":0,"event_name":"The Mausoleum","floor":29,"gold_loss":0},{"damage_healed":0,"gold_gain":0,"player_choice":"Fight","damage_taken":0,"max_hp_gain":0,"max_hp_loss":0,"event_name":"Mysterious Sphere","floor":45,"gold_loss":0}],"is_beta":false,"boss_relics":[{"not_picked":["hubris:Backtick","Mark of Pain"],"picked":"Cursed Key"},{"not_picked":["hubris:Stopwatch","Philosopher\u0027s Stone"],"picked":"infinitespire:Cupcake"}],"items_purged_floors":[19,21,39,53],"is_endless":false,"potions_floor_spawned":[4,8,13,16,22,25,28,31,33,40,42,47],"ascension_level":1}}