{"host":"s3s7xsmblwiz356v","time":1612394980,"event":{"mods":["AchievementEnabler","BaseMod","Block Reminder","Colored Map","Colored Powertips","Minty Spire (QoL Compilation)"],"gold_per_floor":[116,81,81,2,2,14,14,43,43,43,43,82,103,128,128,212,212,241,268,293,302,346,373,373,412,412,448,448,487,497,906,906,990,1017,1044,1108,1135,1149,715,744,744,781,781,823,823,842,869,602,602,602,602,602,212,253,253],"floor_reached":56,"language":"ENG","playtime":7401,"items_purged":["Strike_R","Strike_R","Defend_R"],"score":2389,"play_id":"e6601be9-fe5e-4837-a07f-1d4155dc3bf8","local_time":"20210203182940","is_ascension_mode":true,"campfire_choices":[{"data":"Armaments","floor":7.0,"key":"SMITH"},{"floor":15.0,"key":"REST"},{"data":"Immolate","floor":24.0,"key":"SMITH"},{"data":"RitualDagger","floor":28,"key":"SMITH"},{"data":"Second Wind","floor":32,"key":"SMITH"},{"data":"1","floor":41,"key":"LIFT"},{"floor":45,"key":"RECALL"},{"data":"2","floor":49,"key":"LIFT"},{"data":"3","floor":52,"key":"LIFT"}],"circlet_count":0,"master_deck":["AscendersBane","Defend_R","Defend_R","Defend_R","Bash","Clash","Uppercut+1","Armaments+1","Second Wind+1","Power Through","Shrug It Off","Corruption","Immolate+1","Metallicize","Ghostly","Ghostly","Ghostly","RitualDagger+1","Flame Barrier","True Grit+1","Intimidate+1","Dropkick+1","Demon Form+1","Barricade+1","Carnage+1","Immolate+1","Metallicize+1","Battle Trance","Armaments+1","Flash of Steel","Flash of Steel","Madness","Dramatic Entrance","Berserk+1","Shrug It Off","Pommel Strike+1","Reaper","Dark Shackles","Entrench+1"],"relics":["Black Star","Mercury Hourglass","Blood Vial","Matryoshka","Bag of Marbles","Darkstone Periapt","CeramicFish","Coffee Dripper","Art of War","Pen Nib","Red Mask","HornCleat","Self Forming Clay","Smiling Mask","Question Card","Boot","Calipers","Mango","Bottled Flame","Prayer Wheel","Toy Ornithopter","Old Coin","Frozen Egg 2","Astrolabe","Girya","Vajra","Medical Kit","Happy Flower","StrikeDummy","Orichalcum","Omamori","White Beast Statue","Bag of Preparation","Membership Card","Anchor","Ornamental Fan","Centennial Puzzle","Sling","Red Skull","FossilizedHelix"],"acts_visited":["Exordium","TheCity","TheBeyond","TheEnding"],"potions_floor_usage":[27,50,55,55],"damage_taken":[{"damage":10.0,"enemies":"Small Slimes","floor":1.0,"turns":5.0},{"damage":5.0,"enemies":"Jaw Worm","floor":6.0,"turns":4.0},{"damage":46.0,"enemies":"Gremlin Nob","floor":8.0,"turns":5.0},{"damage":10.0,"enemies":"3 Sentries","floor":12.0,"turns":7.0},{"damage":0.0,"enemies":"2 Louse","floor":13.0,"turns":2.0},{"damage":0.0,"enemies":"Blue Slaver","floor":14.0,"turns":3.0},{"damage":26.0,"enemies":"The Guardian","floor":16.0,"turns":14.0},{"damage":3.0,"enemies":"Chosen","floor":18.0,"turns":4.0},{"damage":8.0,"enemies":"Masked Bandits","floor":22.0,"turns":3.0},{"damage":0.0,"enemies":"Gremlin Leader","floor":23.0,"turns":4.0},{"damage":1.0,"enemies":"Slavers","floor":25.0,"turns":3.0},{"damage":0,"enemies":"Book of Stabbing","floor":27,"turns":5},{"damage":0,"enemies":"Slavers","floor":29,"turns":1},{"damage":0,"enemies":"Shell Parasite","floor":30,"turns":5},{"damage":0,"enemies":"Colosseum Slavers","floor":31,"turns":1},{"damage":5,"enemies":"Colosseum Nobs","floor":31,"turns":3},{"damage":4,"enemies":"Champ","floor":33,"turns":9},{"damage":0,"enemies":"3 Darklings","floor":35,"turns":2},{"damage":8,"enemies":"2 Orb Walkers","floor":36,"turns":6},{"damage":0,"enemies":"Orb Walker","floor":38,"turns":4},{"damage":1,"enemies":"Reptomancer","floor":40,"turns":3},{"damage":4,"enemies":"Giant Head","floor":42,"turns":7},{"damage":0,"enemies":"Nemesis","floor":44,"turns":7},{"damage":0,"enemies":"Maw","floor":46,"turns":6},{"damage":0,"enemies":"3 Darklings","floor":47,"turns":1},{"damage":7,"enemies":"Awakened One","floor":50,"turns":10},{"damage":9,"enemies":"Shield and Spear","floor":54,"turns":6},{"damage":0,"enemies":"The Heart","floor":55,"turns":10}],"seed_played":"5409335638315569915","potions_obtained":[{"floor":8.0,"key":"Energy Potion"},{"floor":22.0,"key":"ColorlessPotion"},{"floor":23.0,"key":"Strength Potion"},{"floor":31,"key":"SpeedPotion"},{"floor":33,"key":"SpeedPotion"},{"floor":36,"key":"SkillPotion"},{"floor":44,"key":"SneckoOil"}],"is_trial":false,"path_per_floor":["M","?","?","$","?","M","R","E","T","?","?","E","M","M","R","B",null,"M","?","T","?","?","E","R","E","T","E","R","E","M","?","R","B",null,"M","?","?","M","$","E","R","E","T","E","R","M","M","$","R","B",null,"R","$","E","B",null],"character_chosen":"IRONCLAD","items_purchased":["Uppercut","Vajra","Medical Kit","Dramatic Entrance","Membership Card","Anchor","LiquidBronze","Ornamental Fan","Centennial Puzzle","Sling","Dark Shackles"],"campfire_rested":1,"item_purchase_floors":[4,39,39,39,48,48,53,53,53,53,53],"current_hp_per_floor":[58,75,57,57,62,57,57,11,11,11,11,3,5,7,31,7,62,61,40,40,34,28,30,30,31,31,47,47,49,51,49,49,47,52,54,46,36,38,38,39,39,37,37,39,39,41,43,43,43,54,54,54,54,45,54],"gold":253,"neow_bonus":"BOSS_RELIC","is_daily":false,"chose_seed":false,"campfire_upgraded":4,"win_rate":0.0,"timestamp":1612394980,"path_taken":["M","?","?","$","?","M","R","E","T","?","?","E","M","M","R","BOSS","M","?","?","?","?","E","R","E","T","E","R","E","?","?","R","BOSS","M","?","?","M","$","E","R","E","T","E","R","M","M","$","R","BOSS","R","$","E","BOSS"],"items_purchased_type":["Card","Relic","Relic","Card","Relic","Relic","Potion","Relic","Relic","Relic","Card"],"build_version":"2020-12-22","purchased_purges":3,"victory":true,"max_hp_per_floor":[75,75,75,75,80,80,80,80,80,80,80,80,80,80,80,80,80,80,40,40,40,40,40,40,40,40,54,54,54,54,54,54,54,54,54,54,54,54,54,54,54,54,54,54,54,54,54,54,54,54,54,54,54,54,54],"card_choices":[{"not_picked":["Searing Blow","Anger"],"picked":"Clash","floor":1.0},{"not_picked":["Uppercut","Whirlwind"],"picked":"Armaments","floor":6.0},{"not_picked":["Havoc","Shockwave"],"picked":"Second Wind","floor":8.0},{"not_picked":["Ghostly Armor","Uppercut"],"picked":"Power Through","floor":12.0},{"not_picked":["Pommel Strike","Body Slam"],"picked":"Shrug It Off","floor":13.0},{"not_picked":["Cleave","Rupture"],"picked":"Corruption","floor":14.0},{"not_picked":["Feed","Limit Break"],"picked":"Immolate","floor":16.0},{"not_picked":["Twin Strike","Anger"],"picked":"Metallicize","floor":18.0},{"not_picked":["Combust","Iron Wave"],"picked":"Flame Barrier","floor":22.0},{"not_picked":["Fire Breathing","Sword Boomerang","Spot Weakness"],"picked":"SKIP","floor":23.0},{"not_picked":["Heavy Blade","Blood for Blood"],"picked":"True Grit+1","floor":25.0},{"not_picked":["Sentinel","Armaments","Ghostly Armor"],"picked":"Intimidate+1","floor":27},{"not_picked":["Ghostly Armor","Clothesline","Shockwave"],"picked":"Dropkick+1","floor":29},{"not_picked":["Havoc","Corruption","Whirlwind","Combust"],"picked":"SKIP","floor":30},{"not_picked":["Clash","Armaments","Perfected Strike","Clothesline"],"picked":"SKIP","floor":30},{"not_picked":["Evolve+1","Sentinel","Clash"],"picked":"Demon Form+1","floor":31},{"not_picked":["Berserk+1","Feed","Double Tap"],"picked":"Barricade+1","floor":33},{"not_picked":["Wild Strike","Iron Wave","Pommel Strike+1"],"picked":"Battle Trance","floor":35},{"not_picked":["Thunderclap+1","Flex","True Grit","Uppercut"],"picked":"SKIP","floor":35},{"not_picked":["Clothesline","Wild Strike","Blood for Blood"],"picked":"Armaments+1","floor":36},{"not_picked":["Enlightenment","Panacea","Magnetism+1"],"picked":"Flash of Steel","floor":37},{"not_picked":["Enlightenment","Secret Technique","Secret Weapon"],"picked":"Flash of Steel","floor":37},{"not_picked":["Impatience","Secret Weapon","Good Instincts"],"picked":"Madness","floor":37},{"not_picked":["Sword Boomerang","Thunderclap","Pommel Strike","Dropkick"],"picked":"SKIP","floor":38},{"not_picked":["Headbutt","Warcry","Wild Strike+1","Rupture+1"],"picked":"SKIP","floor":38},{"not_picked":["Fiend Fire","Sword Boomerang","Ghostly Armor","Searing Blow"],"picked":"SKIP","floor":40},{"not_picked":["Anger","Thunderclap","Havoc"],"picked":"Berserk+1","floor":42},{"not_picked":["Intimidate","Armaments+1","Feed"],"picked":"Shrug It Off","floor":44},{"not_picked":["Uppercut","Wild Strike","Intimidate"],"picked":"Pommel Strike+1","floor":46},{"not_picked":["Clash+1","Twin Strike","Shockwave","Anger"],"picked":"SKIP","floor":46},{"not_picked":["Headbutt","Iron Wave+1","Sever Soul+1"],"picked":"Reaper","floor":47},{"not_picked":["Pummel","Blood for Blood","Heavy Blade","Warcry"],"picked":"SKIP","floor":47},{"not_picked":["Rupture+1","Pommel Strike","Body Slam"],"picked":"Entrench+1","floor":54}],"player_experience":546882,"relics_obtained":[{"floor":8.0,"key":"Mercury Hourglass"},{"floor":8.0,"key":"Blood Vial"},{"floor":9.0,"key":"Matryoshka"},{"floor":12.0,"key":"Darkstone Periapt"},{"floor":12.0,"key":"CeramicFish"},{"floor":20.0,"key":"Art of War"},{"floor":20.0,"key":"Pen Nib"},{"floor":22.0,"key":"Red Mask"},{"floor":23.0,"key":"HornCleat"},{"floor":23.0,"key":"Self Forming Clay"},{"floor":25.0,"key":"Smiling Mask"},{"floor":25.0,"key":"Question Card"},{"floor":26.0,"key":"Boot"},{"floor":26.0,"key":"Calipers"},{"floor":27,"key":"Mango"},{"floor":27,"key":"Bottled Flame"},{"floor":29,"key":"Prayer Wheel"},{"floor":29,"key":"Toy Ornithopter"},{"floor":31,"key":"Old Coin"},{"floor":31,"key":"Frozen Egg 2"},{"floor":36,"key":"Girya"},{"floor":40,"key":"Happy Flower"},{"floor":40,"key":"StrikeDummy"},{"floor":42,"key":"Orichalcum"},{"floor":42,"key":"Omamori"},{"floor":44,"key":"White Beast Statue"},{"floor":44,"key":"Bag of Preparation"},{"floor":54,"key":"Red Skull"},{"floor":54,"key":"FossilizedHelix"}],"event_choices":[{"damage_healed":18.0,"max_hp_gain":0.0,"max_hp_loss":0.0,"gold_gain":0.0,"event_name":"The Cleric","player_choice":"Healed","floor":2.0,"gold_loss":35.0,"damage_taken":0.0},{"damage_healed":0.0,"max_hp_gain":0.0,"max_hp_loss":0.0,"gold_gain":0.0,"event_name":"Scrap Ooze","player_choice":"Fled","floor":3.0,"gold_loss":0.0,"damage_taken":18.0},{"damage_healed":0.0,"max_hp_gain":5.0,"max_hp_loss":0.0,"gold_gain":0.0,"event_name":"Big Fish","player_choice":"Donut","floor":5.0,"gold_loss":0.0,"damage_taken":0.0},{"damage_healed":0.0,"max_hp_gain":0.0,"max_hp_loss":0.0,"gold_gain":0.0,"event_name":"Dead Adventurer","player_choice":"Searched \u00271\u0027 times","floor":10.0,"gold_loss":0.0,"damage_taken":0.0,"relics_obtained":["Bag of Marbles"]},{"damage_healed":0.0,"max_hp_gain":0.0,"max_hp_loss":0.0,"gold_gain":0.0,"event_name":"Living Wall","player_choice":"Grow","floor":11.0,"gold_loss":0.0,"damage_taken":0.0,"cards_upgraded":["Uppercut"]},{"damage_healed":0.0,"max_hp_gain":0.0,"max_hp_loss":40.0,"gold_gain":0.0,"event_name":"Ghosts","player_choice":"Became a Ghost","floor":19.0,"gold_loss":0.0,"damage_taken":0.0,"cards_obtained":["Ghostly","Ghostly","Ghostly"]},{"damage_healed":0.0,"max_hp_gain":0.0,"max_hp_loss":0.0,"gold_gain":0.0,"event_name":"Nest","player_choice":"Joined the Cult","floor":21.0,"gold_loss":0.0,"damage_taken":6.0,"cards_obtained":["RitualDagger"]},{"damage_healed":0.0,"max_hp_gain":0.0,"max_hp_loss":0.0,"gold_gain":0.0,"event_name":"Masked Bandits","player_choice":"Fought Bandits","floor":22.0,"gold_loss":0.0,"damage_taken":0.0},{"damage_healed":0,"gold_gain":0,"player_choice":"Fight","damage_taken":0,"max_hp_gain":0,"max_hp_loss":0,"event_name":"Colosseum","floor":31,"gold_loss":0},{"damage_healed":0,"gold_gain":0,"player_choice":"Fought Nobs","damage_taken":0,"max_hp_gain":0,"max_hp_loss":0,"event_name":"Colosseum","floor":31,"gold_loss":0},{"damage_healed":0,"gold_gain":0,"player_choice":"Fight","damage_taken":0,"max_hp_gain":0,"max_hp_loss":0,"event_name":"Mysterious Sphere","floor":36,"gold_loss":0},{"damage_healed":0,"gold_gain":0,"player_choice":"Memory 3","damage_taken":10,"max_hp_gain":0,"max_hp_loss":0,"event_name":"SensoryStone","floor":37,"gold_loss":0}],"is_beta":false,"boss_relics":[{"not_picked":["Runic Pyramid","Calling Bell"],"picked":"Coffee Dripper"},{"not_picked":["Runic Dome","Mark of Pain"],"picked":"Astrolabe"}],"items_purged_floors":[39,48,53],"is_endless":false,"potions_floor_spawned":[8,22,23,31,31,33,35,36,44,46,47,54],"ascension_level":15}}