{"host":"pgm1p3lvdjflie30","time":1612365897,"event":{"mods":["ATMod(阿瑾Mod)","AchievementEnabler","Aspiration","BaseMod","Challenge The Spire","Colored Map","Colored Powertips","Conspire","Dark Map","Dota2Spire","Downfall","Energized Spire","GungeonMod","Hermit","Highlight Path","HornydragonMod","Minty Spire (QoL Compilation)","MostiFishMod","Quarter Circle Forward PUNCH!","Quick Restart","Reimu（博???）","Relic Stats","Replay The Spire","Robot Space Explorer","Spicy Shops","StSLib","TestMod","The Blackbeard","The Bug Knight","The Cursed","The Hayseed","The IronCluck","The Jungle","The Runesmith","Waifu the Spire","Yakumo Yukari mod","【?物卡牌】REMEMod","篝火指南"],"gold_per_floor":[119,135,135,153,172,200,19,29,99,99,174,174,186,186,186,282,282,293,306,306,318,318,122,152,27,27,27,27,41,41,56,56,56,56,155,155,165,165,177,253,315,315,379,379,427,427,476,537,130,130,130,174,174,174,48,116,188],"floor_reached":58,"language":"ZHS","playtime":4264,"items_purged":["ReplayTheSpireMod:Doomed","Shame","Shame"],"score":1539,"play_id":"dbf94780-ef49-45a5-9be4-6a95ae70aa2e","local_time":"20210203232457","is_ascension_mode":true,"campfire_choices":[{"floor":10,"key":"RECALL"},{"data":"TheSimpletonMod:FlashPasteurize","floor":12,"key":"SMITH"},{"data":"TheSimpletonMod:VineRipen","floor":15,"key":"SMITH"},{"data":"TheSimpletonMod:SaltTheEarth","floor":32,"key":"SMITH"},{"data":"TheSimpletonMod:FanTheFlames","floor":34,"key":"SMITH"},{"data":"Glass Knife","floor":42,"key":"SMITH"},{"data":"TheSimpletonMod:CloseScrape","floor":44,"key":"SMITH"},{"data":"TheSimpletonMod:BirdFeeder","floor":46,"key":"SMITH"},{"data":"theJungle:Gourd","floor":51,"key":"PURGE"},{"data":"TheSimpletonMod:VolatileFumes","floor":54,"key":"SMITH"}],"circlet_count":0,"master_deck":["TheSimpletonMod:Strike_TheSimpleton","TheSimpletonMod:Strike_TheSimpleton","TheSimpletonMod:Strike_TheSimpleton","TheSimpletonMod:Strike_TheSimpleton","TheSimpletonMod:Haymaker+1","TheSimpletonMod:ReapAndSow","Glass Knife+1","AT_FamilyPortrait","TheSimpletonMod:ReekAndSow","TheSimpletonMod:DoubleBarrel","TheSimpletonMod:OnionBloom","TheSimpletonMod:Fertilaser","TheSimpletonMod:CloseScrape+1","TheSimpletonMod:FlashPasteurize+1","TheSimpletonMod:PestManagement","TheSimpletonMod:VineRipen+1","TheSimpletonMod:FanTheFlames+1","TheSimpletonMod:SlashAndBurn","TheSimpletonMod:CloseScrape","theJungle:Gourd","theJungle:Gourd","theJungle:Gourd","theJungle:Gourd","TheSimpletonMod:RootDown","TheSimpletonMod:SaltTheEarth+1","TheSimpletonMod:KeenEdge+1","TheSimpletonMod:Squash","TheSimpletonMod:VolatileFumes+1","TheSimpletonMod:Sunseed+1","TheSimpletonMod:Pruning","TheSimpletonMod:Sunchoke+1","TheSimpletonMod:SaltTheEarth+1","TheSimpletonMod:SlashAndBurn+1","TheSimpletonMod:PestManagement+1","TheSimpletonMod:BirdFeeder+1","TheSimpletonMod:Sunseed+1","TheSimpletonMod:HitTheSack+1","TheSimpletonMod:Swelter"],"relics":["TheSimpletonMod:SpudOfTheInnocent","TheSimpletonMod:NightSoil","TheSimpletonMod:TheHarvester","AT_ATBox","REME_ComplimentaryCards","DaveBox","testmod-TestBox","ThornShield","testmod-HeartOfStrike","Dota2Spire:Satanic","SynthV:TestCard","Anchor","ReplayTheSpireMod:CursedCoin","DemoMod:MeltedRock","PatriotShield","theJungle:SneckoAutograph","testmod-Hope","conspire:GiftBox","conspire:DeflatedDodgeball","Molten Egg 2","ChewingGum","Replay:Bandana","aspiration:HiddenCompartment","testmod-Maize","aspiration:SeaSaltIceCream","Snake Skull","Lee\u0027s Waffle","Pear","AT_SunfireAegis","Mirror"],"acts_visited":["Exordium","Exordium","TheBeyond","TheEnding"],"potions_floor_usage":[6,16,18,31,35,39,43,43,52],"damage_taken":[{"damage":0,"enemies":"Cultist","floor":1,"turns":2},{"damage":0,"enemies":"2 Louse","floor":2,"turns":1},{"damage":1,"enemies":"Small Slimes","floor":4,"turns":2},{"damage":0,"enemies":"3 Louse","floor":5,"turns":2},{"damage":0,"enemies":"HollowMod:MossKnight","floor":6,"turns":2},{"damage":2,"enemies":"Red Slaver","floor":8,"turns":2},{"damage":0,"enemies":"Exordium Thugs","floor":13,"turns":2},{"damage":43,"enemies":"Hexaghost","floor":16,"turns":7},{"damage":0,"enemies":"theJungle:Flameango_and_Byrd","floor":18,"turns":2},{"damage":0,"enemies":"theJungle:GiantWrat","floor":19,"turns":2},{"damage":21,"enemies":"theJungle:SlimyTreeVines","floor":21,"turns":3},{"damage":0,"enemies":"theJungle:Cassacara","floor":24,"turns":2},{"damage":0,"enemies":"theJungle:2_Snecko_Cultists","floor":29,"turns":2},{"damage":0,"enemies":"theJungle:JungleHuntersEncounter","floor":31,"turns":2},{"damage":19,"enemies":"theJungle:QueenSpyder","floor":35,"turns":5},{"damage":0,"enemies":"Orb Walker","floor":37,"turns":1},{"damage":0,"enemies":"3 Darklings","floor":39,"turns":2},{"damage":0,"enemies":"Maw","floor":41,"turns":3},{"damage":0,"enemies":"R_Hoarder","floor":43,"turns":3},{"damage":0,"enemies":"Writhing Mass","floor":45,"turns":3},{"damage":0,"enemies":"Reptomancer","floor":47,"turns":2},{"damage":0,"enemies":"Writhing Mass","floor":48,"turns":2},{"damage":23,"enemies":"Time Eater","floor":52,"turns":4},{"damage":0,"enemies":"Shield and Spear","floor":56,"turns":2},{"damage":35,"enemies":"The Heart","floor":57,"turns":4}],"seed_played":"6685025893489014251","potions_obtained":[{"floor":4,"key":"DemoMod:LeadSkinPotion"},{"floor":5,"key":"AttackPotion"},{"floor":6,"key":"Toxic Potion"},{"floor":16,"key":"Fire Potion"},{"floor":18,"key":"SpeedPotion"},{"floor":21,"key":"Ancient Potion"},{"floor":24,"key":"TheSimpletonMod:KindlingPotion"},{"floor":35,"key":"Weak Potion"},{"floor":37,"key":"Fire Potion"},{"floor":39,"key":"Elixir"},{"floor":41,"key":"ColorlessPotion"},{"floor":47,"key":"Guardian:BlockOnCardUsePotion"}],"is_trial":false,"path_per_floor":["M","M","?","M","M","E","$","M","T","R","?","R","M","?","R","B",null,"M","M","?","M","?","R","E","R","PTL","PTL","T","M","?","M","R","T","R","B",null,"M","?","M","?","M","R","E","R","T","R","E","M","$","?","R_BF","B",null,"R","$","E","B",null],"character_chosen":"THE_SIMPLETON","items_purchased":["ReplayTheSpireMod:CursedCoin","DemoMod:MeltedRock","testmod-Hope","Lee\u0027s Waffle","Pear","AT_SunfireAegis","BlessingOfTheForge"],"campfire_rested":0,"item_purchase_floors":[7,7,23,49,49,55,55],"current_hp_per_floor":[75,75,75,74,74,74,74,72,72,72,61,61,61,61,61,36,75,75,75,75,66,66,66,66,66,66,66,66,66,66,66,66,66,66,47,75,75,85,85,85,85,85,85,85,85,85,85,85,102,102,102,83,102,102,102,102,67],"gold":188,"neow_bonus":"ONE_RARE_RELIC","is_daily":false,"chose_seed":false,"campfire_upgraded":8,"win_rate":0.0,"timestamp":1612365897,"path_taken":["M","M","?","M","M","E","$","M","T","R","?","R","M","?","R","BOSS","M","M","?","M","?","R","E","R","PTL","PTL","T","M","?","?","R","?","R","BOSS","M","?","?","?","?","R","E","R","T","R","E","M","?","?","R_BF","BOSS","R","$","E","BOSS"],"items_purchased_type":["Relic","Relic","Relic","Relic","Relic","Relic","Potion"],"build_version":"2020-12-22","purchased_purges":3,"victory":true,"max_hp_per_floor":[75,75,75,75,75,75,75,75,75,75,75,75,75,75,75,75,75,75,75,75,75,75,75,75,75,75,75,75,75,75,75,75,75,75,75,75,75,85,85,85,85,85,85,85,85,85,85,85,102,102,102,102,102,102,102,102,102],"relic_stats":{"Lee\u0027s Waffle":7,"counters":[25,63],"Snake Skull":[0],"obtain_stats":[{"testmod-HeartOfStrike":0,"PatriotShield":17,"AT_ATBox":0,"DaveBox":0,"DemoMod:GlassGuonStoneRelic":2,"Snake Skull":47,"TheSimpletonMod:TheHarvester":0,"Dota2Spire:Satanic":0,"theJungle:SneckoAutograph":22,"Replay:Bandana":40,"DemoMod:MeltedRock":7,"TheSimpletonMod:SpudOfTheInnocent":0,"TheSimpletonMod:NightSoil":0,"testmod-Maize":45,"Lee\u0027s Waffle":49,"testmod-TestBox":0,"Pear":49,"ReplayTheSpireMod:CursedCoin":7,"aspiration:SeaSaltIceCream":47,"ThornShield":0,"aspiration:HiddenCompartment":43,"Anchor":6,"conspire:GiftBox":24,"SynthV:TestCard":1,"testmod-Hope":23,"Molten Egg 2":33,"ChewingGum":36,"conspire:DeflatedDodgeball":28,"AT_SunfireAegis":55,"Mirror":56,"REME_ComplimentaryCards":0},{"testmod-HeartOfStrike":0,"PatriotShield":8,"AT_ATBox":0,"DaveBox":0,"DemoMod:GlassGuonStoneRelic":2,"Snake Skull":21,"TheSimpletonMod:TheHarvester":0,"Dota2Spire:Satanic":0,"theJungle:SneckoAutograph":11,"Replay:Bandana":17,"DemoMod:MeltedRock":5,"TheSimpletonMod:SpudOfTheInnocent":0,"TheSimpletonMod:NightSoil":0,"testmod-Maize":20,"Lee\u0027s Waffle":22,"testmod-TestBox":0,"Pear":22,"ReplayTheSpireMod:CursedCoin":5,"aspiration:SeaSaltIceCream":21,"ThornShield":0,"aspiration:HiddenCompartment":19,"Anchor":5,"conspire:GiftBox":12,"SynthV:TestCard":1,"testmod-Hope":11,"Molten Egg 2":14,"ChewingGum":15,"conspire:DeflatedDodgeball":12,"AT_SunfireAegis":23,"Mirror":24,"REME_ComplimentaryCards":0},{"testmod-HeartOfStrike":0,"PatriotShield":20,"AT_ATBox":0,"DaveBox":0,"DemoMod:GlassGuonStoneRelic":3,"Snake Skull":51,"TheSimpletonMod:TheHarvester":0,"Dota2Spire:Satanic":0,"theJungle:SneckoAutograph":26,"Replay:Bandana":40,"DemoMod:MeltedRock":9,"TheSimpletonMod:SpudOfTheInnocent":0,"TheSimpletonMod:NightSoil":0,"testmod-Maize":49,"Lee\u0027s Waffle":53,"testmod-TestBox":0,"Pear":53,"ReplayTheSpireMod:CursedCoin":9,"aspiration:SeaSaltIceCream":51,"ThornShield":0,"aspiration:HiddenCompartment":46,"Anchor":9,"conspire:GiftBox":28,"SynthV:TestCard":2,"testmod-Hope":26,"Molten Egg 2":32,"ChewingGum":37,"conspire:DeflatedDodgeball":28,"AT_SunfireAegis":57,"Mirror":59,"REME_ComplimentaryCards":0}]},"card_choices":[{"not_picked":["TheSimpletonMod:DigIn","TheSimpletonMod:Pruning"],"picked":"TheSimpletonMod:DoubleBarrel","floor":1},{"not_picked":["TheSimpletonMod:DigIn","TheSimpletonMod:Mulch","TheSimpletonMod:Germinate","TheSimpletonMod:Fertilaser"],"picked":"TheSimpletonMod:OnionBloom","floor":2},{"not_picked":["TheSimpletonMod:Aerate","TheSimpletonMod:BumperCrop","TheSimpletonMod:CloseScrape","TheSimpletonMod:Rototilling"],"picked":"TheSimpletonMod:Fertilaser","floor":4},{"not_picked":["TheSimpletonMod:Rototilling","TheSimpletonMod:Mulch","TheSimpletonMod:Innovate","TheSimpletonMod:DoubleBarrel"],"picked":"TheSimpletonMod:CloseScrape","floor":5},{"not_picked":["TheSimpletonMod:Germinate","TheSimpletonMod:Aerate","TheSimpletonMod:BumperCrop","TheSimpletonMod:Sunchoke"],"picked":"TheSimpletonMod:FlashPasteurize","floor":6},{"not_picked":["TheSimpletonMod:Ferment","TheSimpletonMod:Innovate","TheSimpletonMod:Sunchoke","TheSimpletonMod:Germinate"],"picked":"TheSimpletonMod:PestManagement","floor":8},{"not_picked":["TheSimpletonMod:SeedCoat","TheSimpletonMod:ToughenUp","TheSimpletonMod:Swelter","TheSimpletonMod:DigIn"],"picked":"TheSimpletonMod:VineRipen","floor":13},{"not_picked":["TheSimpletonMod:ResistantStrain","TheSimpletonMod:ResearchGrant","TheSimpletonMod:DesperatePlunge","TheSimpletonMod:BirdFeeder"],"picked":"TheSimpletonMod:FanTheFlames","floor":16},{"not_picked":["TheSimpletonMod:Innovate+1","TheSimpletonMod:Sunseed","TheSimpletonMod:SeedCoat","TheSimpletonMod:BumperCrop"],"picked":"TheSimpletonMod:SlashAndBurn","floor":18},{"not_picked":["TheSimpletonMod:CropRotation+1","TheSimpletonMod:Innovate","TheSimpletonMod:Pruning","TheSimpletonMod:Aerate"],"picked":"TheSimpletonMod:CloseScrape","floor":19},{"not_picked":["TheSimpletonMod:Ferment","TheSimpletonMod:SoilSample","TheSimpletonMod:DigIn+1","TheSimpletonMod:Pruning"],"picked":"TheSimpletonMod:RootDown","floor":21},{"not_picked":["TheSimpletonMod:CrackOfDawn","TheSimpletonMod:ResearchGrant"],"picked":"TheSimpletonMod:SaltTheEarth","floor":24},{"not_picked":["TheSimpletonMod:Pruning","TheSimpletonMod:ToughenUp","TheSimpletonMod:Swelter","TheSimpletonMod:Aerate"],"picked":"TheSimpletonMod:Photosynthesis","floor":24},{"not_picked":["TheSimpletonMod:Pruning+1","TheSimpletonMod:DoubleBarrel","TheSimpletonMod:SpiceUp","TheSimpletonMod:Rototilling"],"picked":"TheSimpletonMod:KeenEdge+1","floor":29},{"not_picked":["TheSimpletonMod:Rake","TheSimpletonMod:ToughenUp+1","TheSimpletonMod:Biorefinement","TheSimpletonMod:Rototilling"],"picked":"TheSimpletonMod:Squash","floor":31},{"not_picked":["TheSimpletonMod:ErosionControl","TheSimpletonMod:FanTheFlames","TheSimpletonMod:FlashPasteurize+1","TheSimpletonMod:ResistantStrain"],"picked":"TheSimpletonMod:VolatileFumes","floor":35},{"not_picked":["TheSimpletonMod:Ferment+1","TheSimpletonMod:OnionBloom+1","TheSimpletonMod:Mulch+1","TheSimpletonMod:CropRotation+1"],"picked":"TheSimpletonMod:Sunseed+1","floor":37},{"not_picked":["TheSimpletonMod:Squash","TheSimpletonMod:DigIn+1","TheSimpletonMod:StockTheCellar+1","TheSimpletonMod:BumperCrop"],"picked":"TheSimpletonMod:Pruning","floor":39},{"not_picked":["TheSimpletonMod:OnionBloom","TheSimpletonMod:Innovate+1","TheSimpletonMod:SeedCoat+1","TheSimpletonMod:Pruning+1"],"picked":"TheSimpletonMod:Sunchoke+1","floor":40},{"not_picked":["TheSimpletonMod:Sunchoke+1","TheSimpletonMod:ToughenUp+1","TheSimpletonMod:ControlledBurn","TheSimpletonMod:KeenEdge+1"],"picked":"TheSimpletonMod:SaltTheEarth+1","floor":40},{"not_picked":["TheSimpletonMod:OnionBloom","TheSimpletonMod:Rototilling","TheSimpletonMod:Swelter","TheSimpletonMod:Squash"],"picked":"TheSimpletonMod:SlashAndBurn+1","floor":41},{"not_picked":["TheSimpletonMod:Fertilaser+1","TheSimpletonMod:Squash","TheSimpletonMod:ToughenUp+1","TheSimpletonMod:Sunseed+1"],"picked":"TheSimpletonMod:PestManagement+1","floor":43},{"not_picked":["TheSimpletonMod:SoilSample+1","TheSimpletonMod:StockTheCellar+1","TheSimpletonMod:SaladShooter+1","TheSimpletonMod:BumperCrop+1"],"picked":"TheSimpletonMod:BirdFeeder","floor":45},{"not_picked":["TheSimpletonMod:ToughenUp+1","TheSimpletonMod:Swelter+1","TheSimpletonMod:Aerate","TheSimpletonMod:CropRotation+1"],"picked":"TheSimpletonMod:Sunseed+1","floor":47},{"not_picked":["TheSimpletonMod:SpiceUp","TheSimpletonMod:Sunchoke+1","TheSimpletonMod:Rake+1","TheSimpletonMod:StockTheCellar+1"],"picked":"TheSimpletonMod:HitTheSack+1","floor":48},{"not_picked":["TheSimpletonMod:ToughenUp+1","TheSimpletonMod:Ferment+1","TheSimpletonMod:Rototilling","TheSimpletonMod:SpiceUp+1"],"picked":"TheSimpletonMod:Swelter","floor":56}],"player_experience":376278,"relics_obtained":[{"floor":1,"key":"SynthV:TestCard"},{"floor":6,"key":"Anchor"},{"floor":24,"key":"conspire:GiftBox"},{"floor":28,"key":"conspire:DeflatedDodgeball"},{"floor":33,"key":"Molten Egg 2"},{"floor":40,"key":"Replay:Bandana"},{"floor":43,"key":"aspiration:HiddenCompartment"},{"floor":45,"key":"testmod-Maize"},{"floor":47,"key":"aspiration:SeaSaltIceCream"},{"floor":56,"key":"Mirror"}],"event_choices":[{"damage_healed":0,"gold_gain":75,"player_choice":"Gather Gold","damage_taken":11,"max_hp_gain":0,"max_hp_loss":0,"event_name":"World of Goop","floor":11,"gold_loss":0},{"cards_removed":["HollowMod:FocusHealStart"],"damage_healed":0,"gold_gain":0,"player_choice":"Purged","damage_taken":0,"max_hp_gain":0,"max_hp_loss":0,"event_name":"Purifier","floor":14,"gold_loss":0},{"damage_healed":0,"gold_gain":0,"player_choice":"Got Potions","damage_taken":0,"max_hp_gain":0,"max_hp_loss":0,"event_name":"Lab","floor":30,"gold_loss":0},{"cards_removed":["TheSimpletonMod:Photosynthesis"],"damage_healed":0,"gold_gain":0,"player_choice":"Offered Rare","damage_taken":0,"max_hp_gain":10,"max_hp_loss":0,"event_name":"Bonfire Elementals","floor":38,"gold_loss":0},{"damage_healed":0,"gold_gain":0,"player_choice":"Ignored","damage_taken":0,"max_hp_gain":0,"max_hp_loss":0,"event_name":"?自己的盒子","floor":50,"gold_loss":0}],"is_beta":false,"boss_relics":[{"not_picked":["GreenFoldingFan","aspiration:RunesmithSkillbook"],"picked":"PatriotShield"},{"not_picked":["Replay:Bronze Core","testmod-TimeTraveler"],"picked":"ChewingGum"}],"items_purged_floors":[7,23,25],"is_endless":false,"potions_floor_spawned":[4,5,6,16,18,21,24,35,37,39,41,47],"ascension_level":1}}