{"host":"idjwbq71yrpkph1r","time":1612395569,"event":{"mods":["AchievementEnabler","Alarm Clock","BaseMod","Block Reminder","Colored Map","Colored Powertips","Minty Spire (QoL Compilation)","Morshu Shopkeeper","Rare Cards Sparkle","StSLib","everything is the same but u backflip on backflip"],"gold_per_floor":[117,217,234,248,266,300,8,34,61,74,74,106,106,125,125,224,224,242,258,258,7,24,24,24,44,44,44,77,77,89,100,100,205,205,221,240,240,159,159,159],"floor_reached":39,"language":"ENG","playtime":2056,"items_purged":[],"score":515,"play_id":"9ad1702e-c168-45d3-a3d5-5d735c804f13","local_time":"20210204003929","is_ascension_mode":true,"campfire_choices":[{"floor":11,"key":"REST"},{"floor":13,"key":"REST"},{"data":"Footwork","floor":15,"key":"SMITH"},{"floor":23,"key":"REST"},{"data":"Bite","floor":29,"key":"SMITH"},{"floor":32,"key":"REST"}],"circlet_count":0,"master_deck":["Defend_G","Defend_G","Defend_G","Defend_G","Survivor","Neutralize","Blade Dance","Dodge and Roll","Dagger Spray","Footwork+1","Corpse Explosion","Caltrops+1","Cloak And Dagger","Caltrops+1","Outmaneuver","Malaise","Dagger Throw+1","Predator","Bite+1","Bite","Bite","Bite","Bite","Dagger Spray","Shame","Distraction+1","Dagger Spray","Blade Dance","Doppelganger","Blade Dance+1","Accuracy+1"],"relics":["Empty Cage","Darkstone Periapt","Frozen Egg 2","Regal Pillow","PreservedInsect","Philosopher\u0027s Stone","Bottled Tornado","Gremlin Horn","Paper Crane","Shuriken","Fusion Hammer"],"acts_visited":["Exordium","TheCity","TheBeyond"],"potions_floor_usage":[6,12,12,16,30,33],"damage_taken":[{"damage":5,"enemies":"Small Slimes","floor":1,"turns":3},{"damage":2,"enemies":"Cultist","floor":3,"turns":4},{"damage":4,"enemies":"Jaw Worm","floor":4,"turns":4},{"damage":0,"enemies":"Blue Slaver","floor":5,"turns":5},{"damage":13,"enemies":"3 Sentries","floor":6,"turns":9},{"damage":35,"enemies":"Lagavulin","floor":8,"turns":9},{"damage":0,"enemies":"2 Fungi Beasts","floor":10,"turns":3},{"damage":39,"enemies":"Gremlin Nob","floor":12,"turns":5},{"damage":3,"enemies":"Exordium Wildlife","floor":14,"turns":4},{"damage":24,"enemies":"The Guardian","floor":16,"turns":11},{"damage":18,"enemies":"Shell Parasite","floor":18,"turns":6},{"damage":35,"enemies":"2 Thieves","floor":19,"turns":5},{"damage":8,"enemies":"Centurion and Healer","floor":22,"turns":8},{"damage":16,"enemies":"Sentry and Sphere","floor":25,"turns":5},{"damage":12,"enemies":"Gremlin Leader","floor":28,"turns":6},{"damage":25,"enemies":"Shelled Parasite and Fungi","floor":30,"turns":5},{"damage":10,"enemies":"Snecko","floor":31,"turns":4},{"damage":94,"enemies":"Champ","floor":33,"turns":12},{"damage":23,"enemies":"Orb Walker","floor":35,"turns":3},{"damage":30,"enemies":"3 Shapes","floor":36,"turns":3},{"damage":57,"enemies":"Writhing Mass","floor":39,"turns":5}],"seed_played":"-8711477934736420506","potions_obtained":[{"floor":3,"key":"Fruit Juice"},{"floor":6,"key":"Explosive Potion"},{"floor":10,"key":"SteroidPotion"},{"floor":14,"key":"Weak Potion"},{"floor":22,"key":"Dexterity Potion"},{"floor":25,"key":"ColorlessPotion"},{"floor":36,"key":"DuplicationPotion"}],"is_trial":false,"path_per_floor":["M","?","M","M","M","E","$","E","T","M","R","E","R","M","R","B",null,"M","M","?","$","M","R","?","M","T","?","E","R","M","M","R","B",null,"M","M","?","$","M"],"character_chosen":"THE_SILENT","items_purchased":["Frozen Egg 2","Caltrops+1","Bottled Tornado","Accuracy+1"],"campfire_rested":4,"item_purchase_floors":[7,7,21,38],"current_hp_per_floor":[65,65,63,59,59,51,51,16,16,18,55,18,55,54,54,32,75,57,24,24,24,36,73,59,55,55,61,61,61,49,46,86,9,86,67,44,44,44,0,0],"gold":159,"neow_bonus":"BOSS_RELIC","is_daily":false,"chose_seed":false,"campfire_upgraded":2,"win_rate":0.0,"timestamp":1612395569,"path_taken":["M","?","?","M","M","E","?","E","T","M","R","E","R","M","R","BOSS","M","?","?","$","M","R","?","M","T","?","E","R","M","M","R","BOSS","M","M","?","$","M"],"items_purchased_type":["Relic","Card","Relic","Card"],"build_version":"2020-12-22","purchased_purges":0,"victory":false,"max_hp_per_floor":[70,70,70,70,70,75,75,75,75,75,75,75,75,75,75,75,75,75,75,75,75,75,75,80,80,80,86,86,86,86,86,86,86,86,86,86,86,86,86,86],"card_choices":[{"not_picked":["Backflip","Leg Sweep"],"picked":"Blade Dance","floor":1},{"not_picked":["Poisoned Stab","Blur"],"picked":"Dodge and Roll","floor":3},{"not_picked":["Poisoned Stab","Prepared"],"picked":"Dagger Spray","floor":4},{"not_picked":["Concentrate","Outmaneuver"],"picked":"Footwork","floor":5},{"not_picked":["Concentrate","Prepared"],"picked":"Corpse Explosion","floor":6},{"not_picked":["Outmaneuver","Deadly Poison"],"picked":"Cloak And Dagger","floor":8},{"not_picked":["Deflect","Sucker Punch"],"picked":"Caltrops+1","floor":10},{"not_picked":["Die Die Die","Deflect","Flechettes"],"picked":"SKIP","floor":12},{"not_picked":["Bane","Deadly Poison"],"picked":"Outmaneuver","floor":14},{"not_picked":["Glass Knife","Grand Finale"],"picked":"Malaise","floor":16},{"not_picked":["Backflip","Reflex+1"],"picked":"Dagger Throw+1","floor":18},{"not_picked":["PiercingWail","Poisoned Stab"],"picked":"Predator","floor":19},{"not_picked":["Noxious Fumes+1","All Out Attack","Predator"],"picked":"SKIP","floor":22},{"not_picked":["Endless Agony","Riddle With Holes"],"picked":"Dagger Spray","floor":25},{"not_picked":["Expertise","Riddle With Holes"],"picked":"Distraction+1","floor":28},{"not_picked":["Tactician+1","Deflect"],"picked":"Dagger Spray","floor":30},{"not_picked":["Escape Plan","Eviscerate"],"picked":"Blade Dance","floor":31},{"not_picked":["Glass Knife","Tools of the Trade+1"],"picked":"Doppelganger","floor":33},{"not_picked":["Accuracy+1","Bouncing Flask+1"],"picked":"Blade Dance+1","floor":35},{"not_picked":["Underhanded Strike","PiercingWail","Prepared"],"picked":"SKIP","floor":36}],"player_experience":324754,"relics_obtained":[{"floor":6,"key":"Darkstone Periapt"},{"floor":8,"key":"Regal Pillow"},{"floor":9,"key":"Blood Vial"},{"floor":12,"key":"PreservedInsect"},{"floor":26,"key":"Gremlin Horn"},{"floor":28,"key":"Shuriken"}],"event_choices":[{"damage_healed":0,"gold_gain":100,"player_choice":"Pray","damage_taken":0,"max_hp_gain":0,"max_hp_loss":0,"event_name":"Golden Shrine","floor":2,"gold_loss":0},{"damage_healed":0,"gold_gain":0,"player_choice":"Became a vampire (Vial)","damage_taken":0,"max_hp_gain":0,"max_hp_loss":0,"event_name":"Vampires","floor":20,"relics_lost":["Blood Vial"],"gold_loss":0,"cards_obtained":["Bite","Bite","Bite","Bite","Bite"]},{"damage_healed":0,"gold_gain":0,"player_choice":"Shed Blood","damage_taken":19,"max_hp_gain":5,"max_hp_loss":0,"event_name":"Forgotten Altar","floor":24,"gold_loss":0},{"damage_healed":0,"gold_gain":0,"player_choice":"Stole Relic","damage_taken":0,"relics_obtained":["Paper Crane"],"max_hp_gain":0,"max_hp_loss":0,"event_name":"Addict","floor":27,"gold_loss":0,"cards_obtained":["Shame"]},{"damage_healed":0,"gold_gain":0,"player_choice":"Ignored","damage_taken":0,"max_hp_gain":0,"max_hp_loss":0,"event_name":"Tomb of Lord Red Mask","floor":37,"gold_loss":0}],"is_beta":false,"boss_relics":[{"not_picked":["HoveringKite","Snecko Eye"],"picked":"Philosopher\u0027s Stone"},{"not_picked":["Pandora\u0027s Box","Runic Pyramid"],"picked":"Fusion Hammer"}],"items_purged_floors":[],"is_endless":false,"potions_floor_spawned":[3,6,10,14,22,25,36],"killed_by":"Writhing Mass","ascension_level":2}}