{"host":"onfdonezo2qmaex3","time":1612384832,"event":{"mods":["2.2 Compatiblity","AchievementEnabler","Aspiration","BaseMod","Colored Powertips","Downfall","Friendly Minions","Hermit","Highlight Path","Jorbs\u0027s Wanderer Trilogy","Marisa????????","Marked Mod","Minty Spire (QoL Compilation)","Quick Restart","Reliquary","Shop Mod","StSLib","The Disciple","The Hayseed","The Marked","The Runesmith"],"gold_per_floor":[99,118,2,17,17,45,45,57,57,73,73,83,75,93,119,226,226,126,146,167,77,77,77,77],"floor_reached":22,"language":"ENG","playtime":2819,"items_purged":["hexamod:Strike"],"score":188,"play_id":"6edadf8a-4980-4347-a5d7-106c169281f8","local_time":"20210203214032","is_ascension_mode":false,"campfire_choices":[{"data":"hexamod:Float","floor":1.0,"key":"SMITH"},{"data":"hexamod:InspiringFlames","floor":11.0,"key":"SMITH"},{"floor":18,"key":"RECALL"}],"circlet_count":0,"master_deck":["hexamod:Strike","hexamod:Strike","hexamod:Strike","hexamod:Defend","hexamod:Defend","hexamod:Defend","hexamod:Defend","hexamod:Sear","hexamod:Float+1","hexamod:ThermalTransfer","hexamod:DynamicBlow","hexamod:NightmareGuise","hexamod:ThirdSeal","hexamod:SpectersWail","hexamod:FourthSeal","hexamod:FirstSeal","hexamod:FlamesFromBeyond","hexamod:WildfireWeapon","hexamod:InspiringFlames+1","hexamod:GhostflameInferno","hexamod:SecondSeal","hexamod:Rewind","hexamod:FifthSeal","hexamod:GhostOfSpirePast+1","hexamod:ForkedFlame"],"relics":["hexamod:SpiritBrand","downfall:BrokenWingStatue","Akabeko","Juzu Bracelet","reliquary:BoilingFlask","aspiration:PoetsPen_weak","downfall:HeartBlessingGreen"],"acts_visited":["Exordium","TheCity"],"potions_floor_usage":[21],"damage_taken":[{"damage":0.0,"enemies":"Small Slimes","floor":2.0,"turns":3.0},{"damage":0.0,"enemies":"downfall:FleeingMerchant","floor":3.0,"turns":4.0},{"damage":1.0,"enemies":"Jaw Worm","floor":4.0,"turns":4.0},{"damage":38.0,"enemies":"Lagavulin","floor":6.0,"turns":8.0},{"damage":0.0,"enemies":"2 Louse","floor":8.0,"turns":2.0},{"damage":5.0,"enemies":"Exordium Thugs","floor":10.0,"turns":3.0},{"damage":1.0,"enemies":"Lots of Slimes","floor":12.0,"turns":3.0},{"damage":2.0,"enemies":"Blue Slaver","floor":14.0,"turns":3.0},{"damage":0,"enemies":"Exordium Thugs","floor":15,"turns":5},{"damage":11,"enemies":"IC_STATUS_ARCHETYPE","floor":16,"turns":7},{"damage":57,"enemies":"3 Byrds","floor":19,"turns":6},{"damage":15,"enemies":"Spheric Guardian","floor":20,"turns":5},{"damage":0,"enemies":"downfall:FleeingMerchant","floor":21,"turns":4},{"damage":32,"enemies":"Snake Plant","floor":22,"turns":4}],"seed_played":"-441026556077604812","potions_obtained":[{"floor":4.0,"key":"Swift Potion"},{"floor":8.0,"key":"DistilledChaos"},{"floor":10.0,"key":"AttackPotion"}],"is_trial":false,"path_per_floor":["R","M","$","M","?","E","T","M","T","M","R","M","?","M","M","B",null,"R","M","M","$","M"],"character_chosen":"THE_SPIRIT","items_purchased":["hexamod:NightmareGuise","hexamod:ThirdSeal"],"campfire_rested":0,"item_purchase_floors":[3,3],"current_hp_per_floor":[77,77,77,76,76,38,38,45,45,40,40,46,46,51,58,47,77,77,27,19,26,0,0,0],"gold":77,"neow_bonus":"TEN_PERCENT_HP_BONUS","is_daily":false,"chose_seed":false,"campfire_upgraded":2,"win_rate":0.0,"timestamp":1612384832,"path_taken":["R","M","$","M","?","E","T","M","?","M","R","M","?","M","M","BOSS","R","M","M","$","M"],"items_purchased_type":["Card","Card"],"build_version":"2020-12-22","purchased_purges":1,"victory":false,"max_hp_per_floor":[77,77,77,77,77,77,77,77,77,77,77,77,77,77,77,77,77,77,77,77,77,77,77,77],"card_choices":[{"not_picked":["hexamod:AdvancingGuard","hexamod:GhostShield"],"picked":"hexamod:ThermalTransfer","floor":2.0},{"not_picked":["hexamod:RainOfEmbers","hexamod:SuperheatedStrike"],"picked":"hexamod:DynamicBlow","floor":3.0},{"not_picked":["hexamod:Hexaguard","hexamod:SkipABeat"],"picked":"hexamod:SpectersWail","floor":4.0},{"not_picked":["hexamod:GhostLash","hexamod:GhostflameBarrier"],"picked":"hexamod:FourthSeal","floor":4.0},{"not_picked":["hexamod:NecessarySacrifice","hexamod:GhostLash"],"picked":"hexamod:FirstSeal","floor":6.0},{"not_picked":["hexamod:ChargedBarrage","hexamod:SpectralSpark"],"picked":"hexamod:FlamesFromBeyond","floor":6.0},{"not_picked":["hexamod:AdvancingGuard","hexamod:PowerFromBeyond"],"picked":"hexamod:WildfireWeapon","floor":8.0},{"not_picked":["hexamod:BacktrackSmack","hexamod:FastForward","hexamod:HeatShield"],"picked":"SKIP","floor":8.0},{"not_picked":["hexamod:PhantomFireball","hexamod:SwordOfDarkness"],"picked":"hexamod:InspiringFlames","floor":10.0},{"not_picked":["hexamod:FlamesFromBeyond","hexamod:ShieldOfDarkness","hexamod:GhostOfSpireFuture"],"picked":"SKIP","floor":10.0},{"not_picked":["hexamod:SwordOfDarkness","hexamod:HauntingEcho"],"picked":"hexamod:GhostflameInferno","floor":12.0},{"not_picked":["hexamod:SwordOfDarkness","hexamod:ShieldOfDarkness","hexamod:Firestarter"],"picked":"SKIP","floor":12.0},{"not_picked":["hexamod:FlamesFromBeyond","hexamod:SoulSteal","hexamod:BurningTouch"],"picked":"SKIP","floor":14},{"not_picked":["hexamod:FlamesFromBeyond","hexamod:SoulSteal","hexamod:BurningTouch"],"picked":"SKIP","floor":14},{"not_picked":["hexamod:ShieldOfDarkness","hexamod:SuperheatedStrike"],"picked":"hexamod:Rewind","floor":15},{"not_picked":["hexamod:UnlimitedPower","hexamod:Toasty"],"picked":"hexamod:FifthSeal","floor":16},{"not_picked":["hexamod:InspiringFlames+1","hexamod:HeatCrush"],"picked":"hexamod:GhostOfSpirePast+1","floor":19},{"not_picked":["hexamod:GhostLash","hexamod:BurningTouch","hexamod:SecondSeal"],"picked":"SKIP","floor":19},{"not_picked":["hexamod:SpectersWail+1","hexamod:ThermalTransfer"],"picked":"hexamod:ForkedFlame","floor":20},{"not_picked":["hexamod:GhostLash","hexamod:AdvancingGuard+1","hexamod:Rewind"],"picked":"SKIP","floor":20},{"not_picked":["hexamod:FastForward","hexamod:Haunt+1","hexamod:Firestarter"],"picked":"SKIP","floor":21}],"player_experience":156836,"relics_obtained":[{"floor":6.0,"key":"Akabeko"},{"floor":7.0,"key":"Juzu Bracelet"},{"floor":9.0,"key":"reliquary:BoilingFlask"}],"event_choices":[],"is_beta":false,"boss_relics":[{"not_picked":["hexamod:UnbrokenSoul","Philosopher\u0027s Stone"],"picked":"aspiration:PoetsPen_weak"}],"items_purged_floors":[21],"is_endless":false,"potions_floor_spawned":[4,8,10,12,15,19],"killed_by":"Snake Plant","ascension_level":0}}