{"host":"6rz02yiipefhcw4r","time":1612391662,"event":{"mods":["2.2 Compatiblity","Arknights","BaseMod","Better Match","Better Third Choice","Better Vampires","BetterRewards","Block Reminder","Colored Map","Curses Come First","DeckTracker","Googly Eyes","Hubris","Minty Spire (QoL Compilation)","Quick Restart","Rare Cards Sparkle","Reliquary","Shade Mod","Spicy Shops","StSLib","The Bladedancer","The Cursed","The Marked","The Necromancer","The Runesmith"],"gold_per_floor":[110,31,47,57,83,110,110,110,110,122,149,191,203,235,247,336,348,377,389,326,326],"floor_reached":20,"language":"ENG","playtime":4933,"items_purged":[],"score":364,"play_id":"3a6ee9d4-34bf-47e5-acc4-403d42b582f1","local_time":"20210203203422","is_ascension_mode":true,"campfire_choices":[{"floor":8,"key":"REST"},{"floor":10,"key":"REST"},{"floor":13,"key":"REST"},{"floor":15,"key":"RECALL"}],"circlet_count":0,"master_deck":["AscendersBane","Strike_R","Strike_R","Strike_R","Defend_R","Defend_R","Defend_R","Defend_R","Bash","Anger","Armaments","Iron Wave","Shrug It Off","Cleave","Limit Break","Ghostly Armor","Flame Barrier","Exhume","Inflame"],"relics":["Runesmith:UraniumAnvil","Bag of Marbles","hubris:GlazedTorus","MawBank","hubris:Potato","hubris:ScarierMask"],"acts_visited":["Exordium","TheCity"],"potions_floor_usage":[],"damage_taken":[{"damage":0.0,"enemies":"Cultist","floor":1.0,"turns":3.0},{"damage":0.0,"enemies":"Small Slimes","floor":3.0,"turns":5.0},{"damage":7,"enemies":"Jaw Worm","floor":4,"turns":2},{"damage":39,"enemies":"Lagavulin","floor":6,"turns":6},{"damage":6,"enemies":"Looter","floor":11,"turns":2},{"damage":17,"enemies":"3 Sentries","floor":12,"turns":7},{"damage":0,"enemies":"Exordium Wildlife","floor":14,"turns":3},{"damage":20,"enemies":"Hexaghost","floor":16,"turns":9},{"damage":19,"enemies":"Shell Parasite","floor":18,"turns":8}],"seed_played":"8554734370267576478","potions_obtained":[{"floor":3.0,"key":"FairyPotion"},{"floor":14,"key":"Weak Potion"}],"is_trial":false,"path_per_floor":["M","$","M","M","T","E","?","R","T","R","M","E","R","M","R","B",null,"M","?","?"],"character_chosen":"IRONCLAD","items_purchased":["Armaments","Iron Wave"],"campfire_rested":3,"item_purchase_floors":[2,2],"current_hp_per_floor":[68,68,68,61,61,22,22,44,44,66,60,43,65,65,65,45,68,49,49,49,49],"gold":326,"neow_bonus":"BOSS_RELIC","is_daily":false,"chose_seed":false,"campfire_upgraded":0,"win_rate":0.0,"timestamp":1612391662,"path_taken":["M","$","?","M","?","E","?","R","T","R","M","E","R","?","R","BOSS","M","?","?"],"items_purchased_type":["Card","Card"],"build_version":"2020-12-22","purchased_purges":0,"victory":false,"max_hp_per_floor":[75,75,75,75,75,75,75,75,75,75,75,75,75,75,75,75,75,75,75,75,75],"card_choices":[{"not_picked":["Clash","Twin Strike"],"picked":"Anger","floor":1.0},{"not_picked":["Combust","Thunderclap"],"picked":"Shrug It Off","floor":3.0},{"not_picked":["Entrench","Wild Strike"],"picked":"Cleave","floor":4},{"not_picked":["Clothesline","Clash"],"picked":"Limit Break","floor":6},{"not_picked":["Feel No Pain","Dropkick"],"picked":"Ghostly Armor","floor":11},{"not_picked":["Bloodletting","Perfected Strike","Dual Wield"],"picked":"SKIP","floor":12},{"not_picked":["Feel No Pain","Sever Soul"],"picked":"Flame Barrier","floor":14},{"not_picked":["hubris:StunningStrike","Feed"],"picked":"Exhume","floor":16},{"not_picked":["Clash","Dual Wield"],"picked":"Inflame","floor":18}],"player_experience":794497,"relics_obtained":[{"floor":5,"key":"Bag of Marbles"},{"floor":6,"key":"hubris:GlazedTorus"},{"floor":9,"key":"MawBank"},{"floor":12,"key":"hubris:Potato"}],"event_choices":[{"cards_removed":["Strike_R"],"damage_healed":0,"gold_gain":0,"player_choice":"Offered Basic","damage_taken":0,"max_hp_gain":0,"max_hp_loss":0,"event_name":"Bonfire Elementals","floor":7,"gold_loss":0},{"damage_healed":0,"gold_gain":0,"player_choice":"Ignored","damage_taken":0,"max_hp_gain":0,"max_hp_loss":0,"event_name":"Ghosts","floor":19,"gold_loss":0},{"cards_removed":["Strike_R"],"damage_healed":0,"gold_gain":0,"player_choice":"Gave Gold","damage_taken":0,"max_hp_gain":0,"max_hp_loss":0,"event_name":"Beggar","floor":20,"gold_loss":75}],"is_beta":false,"boss_relics":[{"not_picked":["SacredBark","Cursed Key"],"picked":"hubris:ScarierMask"}],"items_purged_floors":[],"is_endless":false,"potions_floor_spawned":[3,14,16],"ascension_level":20}}