{"host":"clgpak7dimivr1r3","time":1612362269,"event":{"mods":["BaseMod","Colored Map","Colored Powertips","Curses Come First","Minty Spire (QoL Compilation)","Relic Stats","Say the Spire","StSLib"],"gold_per_floor":[110,110,285,28,38,38,66,66,93,93,93,133,151,166,166,286,286,301,314,347,361,71,107,35,35,62,187,210,251,272,291,291,410,410,434,459,459,142,158,199,199,234,260,281,300,300,335,62,62,62],"floor_reached":51,"language":"ENG","playtime":3187,"items_purged":["Doubt","Strike_R","Strike_R"],"score":1316,"play_id":"9b244a3d-7066-4c81-bb4d-3b692767b986","local_time":"20210203172429","is_ascension_mode":true,"campfire_choices":[{"data":"Feed","floor":6,"key":"SMITH"},{"data":"Uppercut","floor":8,"key":"SMITH"},{"data":"Pommel Strike","floor":11,"key":"SMITH"},{"data":"Infernal Blade","floor":15,"key":"SMITH"},{"floor":25,"key":"REST"},{"data":"Pommel Strike","floor":32,"key":"SMITH"},{"data":"Shockwave","floor":41,"key":"SMITH"},{"data":"Flame Barrier","floor":49,"key":"SMITH"}],"circlet_count":0,"master_deck":["AscendersBane","Strike_R","Defend_R+1","Defend_R+1","Defend_R","Defend_R","Bash","Clothesline","Feed+1","Pommel Strike+1","Combust","Uppercut+1","Reaper","Infernal Blade+1","Pommel Strike+1","Immolate","Spot Weakness","Flame Barrier+1","Immolate","Warcry+1","Shrug It Off+1","Spot Weakness","Metallicize","Shockwave+1","Reckless Charge"],"relics":["Burning Blood","NeowsBlessing","Bag of Preparation","Omamori","Golden Idol","Matryoshka","Snecko Eye","Red Mask","Dead Branch","Singing Bowl","Anchor","Blood Vial","Prayer Wheel","Darkstone Periapt","War Paint","Busted Crown","Orrery","Lantern","Blue Candle","Oddly Smooth Stone","Nunchaku","PreservedInsect","Vajra"],"acts_visited":["Exordium","TheCity","TheBeyond"],"potions_floor_usage":[12,16,16,20,23,27,29,33,39,39,50,50],"damage_taken":[{"damage":0,"enemies":"2 Louse","floor":1,"turns":1},{"damage":0,"enemies":"Small Slimes","floor":5,"turns":1},{"damage":0,"enemies":"Lagavulin","floor":7,"turns":1},{"damage":14,"enemies":"Gremlin Nob","floor":12,"turns":4},{"damage":7,"enemies":"Jaw Worm","floor":13,"turns":3},{"damage":5,"enemies":"Red Slaver","floor":14,"turns":2},{"damage":47,"enemies":"Slime Boss","floor":16,"turns":8},{"damage":2,"enemies":"Chosen","floor":18,"turns":3},{"damage":13,"enemies":"3 Byrds","floor":19,"turns":4},{"damage":37,"enemies":"Masked Bandits","floor":20,"turns":5},{"damage":12,"enemies":"Centurion and Healer","floor":21,"turns":3},{"damage":41,"enemies":"Slavers","floor":23,"turns":5},{"damage":1,"enemies":"Colosseum Slavers","floor":27,"turns":2},{"damage":3,"enemies":"Colosseum Nobs","floor":27,"turns":3},{"damage":5,"enemies":"Shelled Parasite and Fungi","floor":28,"turns":3},{"damage":1,"enemies":"Gremlin Leader","floor":29,"turns":4},{"damage":3,"enemies":"Cultist and Chosen","floor":30,"turns":3},{"damage":6,"enemies":"Chosen and Byrds","floor":31,"turns":4},{"damage":59,"enemies":"Champ","floor":33,"turns":9},{"damage":2,"enemies":"Orb Walker","floor":35,"turns":2},{"damage":17,"enemies":"3 Shapes","floor":36,"turns":2},{"damage":14,"enemies":"Jaw Worm Horde","floor":39,"turns":3},{"damage":6,"enemies":"Reptomancer","floor":40,"turns":4},{"damage":9,"enemies":"Giant Head","floor":42,"turns":5},{"damage":44,"enemies":"Spire Growth","floor":44,"turns":5},{"damage":0,"enemies":"Sphere and 2 Shapes","floor":45,"turns":3},{"damage":33,"enemies":"Nemesis","floor":47,"turns":7},{"damage":90,"enemies":"Donu and Deca","floor":50,"turns":6}],"seed_played":"-9115936743136646050","potions_obtained":[{"floor":1,"key":"Block Potion"},{"floor":5,"key":"Explosive Potion"},{"floor":13,"key":"DistilledChaos"},{"floor":19,"key":"Fire Potion"},{"floor":21,"key":"Ancient Potion"},{"floor":23,"key":"Fruit Juice"},{"floor":28,"key":"PowerPotion"},{"floor":31,"key":"DistilledChaos"},{"floor":33,"key":"Weak Potion"},{"floor":36,"key":"Weak Potion"},{"floor":40,"key":"CultistPotion"},{"floor":45,"key":"Strength Potion"}],"is_trial":false,"path_per_floor":["M","?","?","$","M","R","E","R","T","?","R","E","M","M","R","B",null,"M","M","?","M","$","E","$","R","T","?","M","E","M","M","R","B",null,"M","M","?","$","M","E","R","E","T","M","M","?","E","$","R","B",null],"character_chosen":"IRONCLAD","items_purchased":["Feed","Pommel Strike","Dead Branch","Immolate","Shockwave","Orrery","Vajra"],"campfire_rested":1,"item_purchase_floors":[4,4,22,24,38,38,48],"current_hp_per_floor":[78,71,71,71,77,77,80,80,80,80,80,76,75,80,80,59,84,92,93,81,75,75,47,47,80,80,112,115,123,127,129,129,95,122,137,134,130,140,138,142,142,169,169,145,161,161,143,143,143,93],"gold":62,"neow_bonus":"THREE_ENEMY_KILL","is_daily":false,"chose_seed":false,"campfire_upgraded":7,"win_rate":0.0,"timestamp":1612362269,"path_taken":["M","?","?","?","?","R","E","R","T","?","R","E","M","M","R","BOSS","M","M","?","M","$","E","$","R","T","?","M","E","M","M","R","BOSS","M","M","?","$","M","E","R","E","T","M","M","?","E","$","R","BOSS"],"items_purchased_type":["Card","Card","Relic","Card","Card","Relic","Relic"],"build_version":"2020-12-22","purchased_purges":3,"victory":true,"max_hp_per_floor":[80,80,80,80,80,80,80,80,80,80,80,84,84,88,88,92,92,96,100,104,104,104,111,111,111,111,117,117,123,127,129,129,131,131,137,145,151,161,165,167,167,169,169,173,181,181,187,187,187,187],"relic_stats":{"Darkstone Periapt":0,"Singing Bowl":54,"counters":[28,105],"Golden Idol":200,"Dead Branch":[80],"Blue Candle":[0],"PreservedInsect":0,"Bag of Preparation":[50],"War Paint":["Defend_R","Defend_R"],"Burning Blood":150,"Blood Vial":22,"Nunchaku":[5],"Busted Crown":42,"Snecko Eye":[166,165,170,170],"Prayer Wheel":8,"obtain_stats":[{"Darkstone Periapt":27,"Lantern":40,"NeowsBlessing":0,"Singing Bowl":23,"Golden Idol":10,"Dead Branch":22,"Blue Candle":42,"Oddly Smooth Stone":43,"Vajra":48,"PreservedInsect":47,"Bag of Preparation":7,"Omamori":9,"War Paint":29,"Burning Blood":0,"Blood Vial":26,"Anchor":26,"Nunchaku":43,"Matryoshka":12,"Busted Crown":34,"Snecko Eye":17,"Orrery":38,"Prayer Wheel":27,"Red Mask":20},{"Darkstone Periapt":14,"Lantern":23,"NeowsBlessing":0,"Singing Bowl":12,"Golden Idol":3,"Dead Branch":11,"Blue Candle":24,"Oddly Smooth Stone":24,"Vajra":27,"PreservedInsect":27,"Bag of Preparation":3,"Omamori":3,"War Paint":16,"Burning Blood":0,"Blood Vial":12,"Anchor":12,"Nunchaku":24,"Matryoshka":4,"Busted Crown":19,"Snecko Eye":7,"Orrery":21,"Prayer Wheel":14,"Red Mask":10},{"Darkstone Periapt":45,"Lantern":79,"NeowsBlessing":0,"Singing Bowl":40,"Golden Idol":3,"Dead Branch":35,"Blue Candle":84,"Oddly Smooth Stone":84,"Vajra":99,"PreservedInsect":99,"Bag of Preparation":3,"Omamori":3,"War Paint":52,"Burning Blood":0,"Blood Vial":40,"Anchor":40,"Nunchaku":84,"Matryoshka":7,"Busted Crown":68,"Snecko Eye":20,"Orrery":72,"Prayer Wheel":45,"Red Mask":32}]},"card_choices":[{"not_picked":["Sentinel","Iron Wave"],"picked":"Clothesline","floor":1},{"not_picked":["Rupture","Clash"],"picked":"Combust","floor":5},{"not_picked":["Disarm","Clothesline"],"picked":"Uppercut","floor":7},{"not_picked":["Ghostly Armor","Feel No Pain"],"picked":"Reaper","floor":12},{"not_picked":["Flex","Clothesline"],"picked":"Infernal Blade","floor":13},{"not_picked":["Twin Strike","Ghostly Armor"],"picked":"Pommel Strike","floor":14},{"not_picked":["Bludgeon","Offering"],"picked":"Immolate","floor":16},{"not_picked":["Havoc","Body Slam"],"picked":"Spot Weakness","floor":18},{"not_picked":["Body Slam","Cleave","Wild Strike"],"picked":"SKIP","floor":19},{"not_picked":["Clothesline","Headbutt"],"picked":"Flame Barrier","floor":20},{"not_picked":["Flex","Combust","Intimidate"],"picked":"SKIP","floor":21},{"not_picked":["Bloodletting","Clothesline","Twin Strike"],"picked":"Singing Bowl","floor":23},{"not_picked":["Thunderclap","Power Through","Armaments"],"picked":"Singing Bowl","floor":27},{"not_picked":["Wild Strike","Heavy Blade"],"picked":"Warcry+1","floor":28},{"not_picked":["Iron Wave","Ghostly Armor"],"picked":"Shrug It Off+1","floor":28},{"not_picked":["Reaper","Flame Barrier","Headbutt"],"picked":"Singing Bowl","floor":29},{"not_picked":["Clothesline","Armaments","Rupture"],"picked":"Singing Bowl","floor":30},{"not_picked":["Headbutt","Cleave","Warcry"],"picked":"Singing Bowl","floor":30},{"not_picked":["Evolve","Rupture","Dark Embrace"],"picked":"Singing Bowl","floor":31},{"not_picked":["Dark Embrace","Second Wind"],"picked":"Spot Weakness","floor":31},{"not_picked":["Fiend Fire","Bludgeon","Corruption"],"picked":"Singing Bowl","floor":33},{"not_picked":[],"picked":"Metallicize","floor":35},{"not_picked":["Power Through"],"picked":"Singing Bowl","floor":35},{"not_picked":["Pommel Strike"],"picked":"Singing Bowl","floor":36},{"not_picked":["Havoc"],"picked":"Singing Bowl","floor":36},{"not_picked":["Jack Of All Trades"],"picked":"Singing Bowl","floor":37},{"not_picked":["Flash of Steel"],"picked":"Singing Bowl","floor":37},{"not_picked":["Finesse"],"picked":"Singing Bowl","floor":37},{"not_picked":["Havoc"],"picked":"Singing Bowl","floor":38},{"not_picked":["Entrench"],"picked":"Singing Bowl","floor":38},{"not_picked":["Clothesline"],"picked":"Singing Bowl","floor":38},{"not_picked":["Dark Embrace"],"picked":"Singing Bowl","floor":38},{"not_picked":["Armaments"],"picked":"Singing Bowl","floor":38},{"not_picked":["Seeing Red+1"],"picked":"Singing Bowl","floor":39},{"not_picked":["Wild Strike"],"picked":"Singing Bowl","floor":39},{"not_picked":["Carnage"],"picked":"Singing Bowl","floor":40},{"not_picked":["Searing Blow"],"picked":"Singing Bowl","floor":42},{"not_picked":["Warcry"],"picked":"Singing Bowl","floor":44},{"not_picked":["Clothesline"],"picked":"Singing Bowl","floor":44},{"not_picked":["Armaments"],"picked":"Singing Bowl","floor":45},{"not_picked":["Blood for Blood+1"],"picked":"Singing Bowl","floor":45},{"not_picked":["Armaments"],"picked":"Singing Bowl","floor":47}],"player_experience":121177,"relics_obtained":[{"floor":7,"key":"Bag of Preparation"},{"floor":9,"key":"Omamori"},{"floor":12,"key":"Matryoshka"},{"floor":20,"key":"Red Mask"},{"floor":23,"key":"Singing Bowl"},{"floor":26,"key":"Anchor"},{"floor":26,"key":"Blood Vial"},{"floor":27,"key":"Prayer Wheel"},{"floor":27,"key":"Darkstone Periapt"},{"floor":29,"key":"War Paint"},{"floor":40,"key":"Lantern"},{"floor":42,"key":"Blue Candle"},{"floor":43,"key":"Oddly Smooth Stone"},{"floor":43,"key":"Nunchaku"},{"floor":47,"key":"PreservedInsect"}],"event_choices":[{"cards_removed":["Strike_R"],"damage_healed":0,"gold_gain":0,"player_choice":"Card Removal","damage_taken":7,"max_hp_gain":0,"max_hp_loss":0,"event_name":"Golden Wing","floor":2,"gold_loss":0},{"damage_healed":0,"gold_gain":175,"player_choice":"AGREE","damage_taken":0,"max_hp_gain":0,"max_hp_loss":0,"event_name":"Liars Game","floor":3,"gold_loss":0,"cards_obtained":["Doubt"]},{"damage_healed":0,"gold_gain":0,"player_choice":"Take Wound","damage_taken":0,"relics_obtained":["Golden Idol"],"max_hp_gain":0,"max_hp_loss":0,"event_name":"Golden Idol","floor":10,"gold_loss":0,"cards_obtained":["Injury"]},{"damage_healed":0,"gold_gain":0,"player_choice":"Fought Bandits","damage_taken":0,"max_hp_gain":0,"max_hp_loss":0,"event_name":"Masked Bandits","floor":20,"gold_loss":0},{"damage_healed":0,"gold_gain":0,"player_choice":"Fight","damage_taken":0,"max_hp_gain":0,"max_hp_loss":0,"event_name":"Colosseum","floor":27,"gold_loss":0},{"damage_healed":0,"gold_gain":0,"player_choice":"Fought Nobs","damage_taken":0,"max_hp_gain":0,"max_hp_loss":0,"event_name":"Colosseum","floor":27,"gold_loss":0},{"damage_healed":0,"gold_gain":0,"player_choice":"Memory 3","damage_taken":10,"max_hp_gain":0,"max_hp_loss":0,"event_name":"SensoryStone","floor":37,"gold_loss":0},{"damage_healed":0,"gold_gain":0,"cards_transformed":["Strike_R"],"player_choice":"Transformed","damage_taken":0,"max_hp_gain":0,"max_hp_loss":0,"event_name":"Transmorgrifier","floor":46,"gold_loss":0,"cards_obtained":["Reckless Charge"]}],"is_beta":false,"boss_relics":[{"not_picked":["SacredBark","Cursed Key"],"picked":"Snecko Eye"},{"not_picked":["Calling Bell","Mark of Pain"],"picked":"Busted Crown"}],"items_purged_floors":[4,38,48],"is_endless":false,"potions_floor_spawned":[1,5,13,19,21,23,28,31,33,36,40,45],"ascension_level":12}}