{"host":"8by3m8mve9y2rhh4","time":1612387285,"event":{"mods":["BaseMod","Minty Spire (QoL Compilation)","Quick Restart"],"gold_per_floor":[111,126,301,301,301,335,37,55,79,79,117,117,150,169,169,297,297,311,347,347,361,377,403,154,154,154,154,172,199,229,229,229,333,333,344,344,83,103,40,66,101,134,208,208,208,240,240,266,266,266,266,266,116,145,145,145],"floor_reached":55,"language":"ENG","playtime":3079,"items_purged":["Strike_G","Strike_G","Strike_G+1","Writhe"],"score":1010,"play_id":"9e5d9cae-2333-4916-9f03-ab132bde176b","local_time":"20210203212125","is_ascension_mode":true,"campfire_choices":[{"floor":10,"key":"REST"},{"floor":15,"key":"REST"},{"floor":25,"key":"REST"},{"floor":27,"key":"RECALL"},{"floor":32,"key":"REST"},{"data":"Accuracy","floor":47,"key":"SMITH"},{"data":"Envenom","floor":49,"key":"SMITH"},{"data":"Envenom","floor":52,"key":"SMITH"}],"circlet_count":0,"master_deck":["Strike_G+1","Defend_G+1","Defend_G+1","Defend_G+1","Defend_G+1","Defend_G+1","Survivor+1","Neutralize","Backflip","Envenom+1","Infinite Blades","PiercingWail","Blade Dance","Accuracy+1","Venomology+1","Blur","Cloak And Dagger","Riddle With Holes","Dodge and Roll+1","Blur+1","Footwork+1","Dodge and Roll+1","Cloak And Dagger","Blur+1","Adrenaline","CurseOfTheBell","Envenom+1","Accuracy+1","Infinite Blades"],"relics":["Ring of the Snake","Omamori","Juzu Bracelet","Bloody Idol","StoneCalendar","Sling","Anchor","Blue Candle","Darkstone Periapt","WristBlade","Red Mask","Blood Vial","Orrery","Oddly Smooth Stone","Toy Ornithopter","Calling Bell","Happy Flower","Ninja Scroll","WingedGreaves","Bag of Marbles","Calipers","War Paint","Bag of Preparation","Meat on the Bone","HornCleat","Ancient Tea Set","Art of War"],"acts_visited":["Exordium","TheCity","TheBeyond","TheEnding"],"potions_floor_usage":[6,13,16,18,18,19,19,21,22,23,23,28,30,30,33,35,38,40,40,41,46,48,50,54,55,55,55],"damage_taken":[{"damage":0,"enemies":"2 Louse","floor":1,"turns":4},{"damage":1,"enemies":"Small Slimes","floor":2,"turns":4},{"damage":36,"enemies":"Lagavulin","floor":6,"turns":8},{"damage":1,"enemies":"Jaw Worm","floor":8,"turns":5},{"damage":12,"enemies":"3 Sentries","floor":11,"turns":7},{"damage":16,"enemies":"Lagavulin","floor":13,"turns":5},{"damage":3,"enemies":"Exordium Wildlife","floor":14,"turns":4},{"damage":20,"enemies":"The Guardian","floor":16,"turns":10},{"damage":19,"enemies":"Spheric Guardian","floor":18,"turns":4},{"damage":15,"enemies":"Masked Bandits","floor":19,"turns":6},{"damage":1,"enemies":"Chosen","floor":21,"turns":5},{"damage":21,"enemies":"Sentry and Sphere","floor":22,"turns":4},{"damage":2,"enemies":"Gremlin Leader","floor":23,"turns":7},{"damage":8,"enemies":"Snecko","floor":28,"turns":6},{"damage":5,"enemies":"Book of Stabbing","floor":30,"turns":4},{"damage":3,"enemies":"Automaton","floor":33,"turns":13},{"damage":0,"enemies":"3 Darklings","floor":35,"turns":6},{"damage":0,"enemies":"3 Shapes","floor":38,"turns":7},{"damage":50,"enemies":"Nemesis","floor":40,"turns":7},{"damage":4,"enemies":"Reptomancer","floor":41,"turns":7},{"damage":1,"enemies":"Giant Head","floor":42,"turns":8},{"damage":1,"enemies":"Reptomancer","floor":46,"turns":7},{"damage":3,"enemies":"Nemesis","floor":48,"turns":7},{"damage":11,"enemies":"Time Eater","floor":50,"turns":8},{"damage":1,"enemies":"Shield and Spear","floor":54,"turns":6},{"damage":121,"enemies":"The Heart","floor":55,"turns":12}],"seed_played":"6521464440585724449","potions_obtained":[{"floor":2,"key":"DuplicationPotion"},{"floor":11,"key":"SkillPotion"},{"floor":14,"key":"AttackPotion"},{"floor":16,"key":"ColorlessPotion"},{"floor":18,"key":"SneckoOil"},{"floor":21,"key":"GamblersBrew"},{"floor":22,"key":"Swift Potion"},{"floor":30,"key":"Weak Potion"},{"floor":36,"key":"CultistPotion"},{"floor":36,"key":"DuplicationPotion"},{"floor":42,"key":"Ancient Potion"}],"is_trial":false,"path_per_floor":["M","M","?","?","?","E","$","M","T","R","E","?","E","M","R","B",null,"M","?","?","M","M","E","$","R","T","R","M","T","E","?","R","B",null,"M","?","$","M","?","E","E","E","T","?","?","E","R","E","R","B",null,"R","$","E","B"],"character_chosen":"THE_SILENT","items_purchased":["Infinite Blades","Sling","Orrery","Envenom"],"campfire_rested":4,"item_purchase_floors":[7,7,24,37],"current_hp_per_floor":[70,69,69,62,62,26,26,25,25,46,34,27,11,8,29,9,70,51,36,36,40,24,27,27,48,48,48,47,52,54,54,70,70,76,76,76,76,76,76,34,42,48,53,78,78,82,82,82,82,71,82,82,82,82,0,0],"gold":145,"neow_bonus":"RANDOM_COMMON_RELIC","is_daily":false,"chose_seed":false,"campfire_upgraded":3,"win_rate":0.0,"timestamp":1612387285,"path_taken":["M","M","?","?","?","E","$","M","T","R","E","?","E","M","R","BOSS","M","?","?","M","M","E","?","R","T","R","M","?","E","?","R","BOSS","M","?","$","M","?","E","E","E","T","?","?","E","R","E","R","BOSS","R","$","E","BOSS"],"items_purchased_type":["Card","Relic","Relic","Card"],"build_version":"2020-12-22","purchased_purges":4,"victory":false,"max_hp_per_floor":[70,70,70,70,70,70,70,70,70,70,70,70,70,70,70,70,70,70,70,70,70,70,70,70,70,70,70,70,70,70,70,70,70,76,76,76,76,76,76,76,76,76,76,82,82,82,82,82,82,82,82,82,82,82,82,82],"card_choices":[{"not_picked":["Dodge and Roll","Underhanded Strike"],"picked":"Backflip","floor":1},{"not_picked":["Accuracy","Slice"],"picked":"Poisoned Stab","floor":2},{"not_picked":["Expertise","Quick Slash"],"picked":"Envenom","floor":6},{"not_picked":["Underhanded Strike","Expertise","Quick Slash"],"picked":"SKIP","floor":8},{"not_picked":["Prepared","Slice"],"picked":"PiercingWail","floor":11},{"not_picked":["Accuracy","Venomology"],"picked":"Blade Dance","floor":13},{"not_picked":["PiercingWail","Crippling Poison"],"picked":"Accuracy","floor":14},{"not_picked":["Wraith Form v2","Die Die Die"],"picked":"Venomology","floor":16},{"not_picked":["PiercingWail","Deadly Poison"],"picked":"Blur","floor":18},{"not_picked":["Backflip+1","Slice"],"picked":"Cloak And Dagger","floor":19},{"not_picked":["Dagger Throw+1","Skewer"],"picked":"Riddle With Holes","floor":21},{"not_picked":["Endless Agony+1","Slice"],"picked":"Dodge and Roll+1","floor":22},{"not_picked":["Accuracy","Skewer"],"picked":"Blur+1","floor":23},{"not_picked":["Masterful Stab","Poisoned Stab"],"picked":"Footwork+1","floor":24},{"not_picked":["Flying Knee+1","Underhanded Strike"],"picked":"Dodge and Roll+1","floor":24},{"not_picked":["All Out Attack","Underhanded Strike"],"picked":"Cloak And Dagger","floor":24},{"not_picked":["Grand Finale","Backflip+1","Dagger Throw"],"picked":"SKIP","floor":28},{"not_picked":["Underhanded Strike","Unload"],"picked":"Blur+1","floor":30},{"not_picked":["Wraith Form v2","Grand Finale"],"picked":"Adrenaline","floor":33},{"not_picked":["Slice+1","Flying Knee+1","Prepared+1"],"picked":"SKIP","floor":35},{"not_picked":["Concentrate","Reflex","Acrobatics+1"],"picked":"SKIP","floor":38},{"not_picked":["Choke","Eviscerate+1","Slice+1"],"picked":"SKIP","floor":40},{"not_picked":["Slice","Outmaneuver","Wraith Form v2"],"picked":"SKIP","floor":41},{"not_picked":["PiercingWail","Predator+1"],"picked":"Accuracy+1","floor":42},{"not_picked":["Flechettes+1","Deflect"],"picked":"Infinite Blades","floor":46},{"not_picked":["Concentrate","Caltrops","Riddle With Holes+1"],"picked":"SKIP","floor":48},{"not_picked":["Deflect","Masterful Stab","Quick Slash"],"picked":"SKIP","floor":54}],"player_experience":750724,"relics_obtained":[{"floor":6,"key":"StoneCalendar"},{"floor":9,"key":"Anchor"},{"floor":11,"key":"Blue Candle"},{"floor":13,"key":"Darkstone Periapt"},{"floor":19,"key":"Red Mask"},{"floor":23,"key":"Blood Vial"},{"floor":29,"key":"Oddly Smooth Stone"},{"floor":30,"key":"Toy Ornithopter"},{"floor":34,"key":"Happy Flower"},{"floor":34,"key":"Ninja Scroll"},{"floor":34,"key":"WingedGreaves"},{"floor":40,"key":"Calipers"},{"floor":41,"key":"War Paint"},{"floor":42,"key":"Bag of Preparation"},{"floor":43,"key":"Meat on the Bone"},{"floor":46,"key":"HornCleat"},{"floor":48,"key":"Ancient Tea Set"},{"floor":54,"key":"Art of War"}],"event_choices":[{"damage_healed":0,"gold_gain":175,"player_choice":"AGREE","damage_taken":0,"max_hp_gain":0,"max_hp_loss":0,"event_name":"Liars Game","floor":3,"gold_loss":0,"cards_obtained":["Doubt"]},{"damage_healed":0,"gold_gain":0,"player_choice":"Success","damage_taken":7,"relics_obtained":["Juzu Bracelet"],"max_hp_gain":0,"max_hp_loss":0,"event_name":"Scrap Ooze","floor":4,"gold_loss":0},{"damage_healed":0,"gold_gain":0,"player_choice":"Take Wound","damage_taken":0,"relics_obtained":["Golden Idol"],"max_hp_gain":0,"max_hp_loss":0,"event_name":"Golden Idol","floor":5,"gold_loss":0,"cards_obtained":["Injury"]},{"cards_removed":["Strike_G"],"damage_healed":0,"gold_gain":0,"player_choice":"Card Removal","damage_taken":7,"max_hp_gain":0,"max_hp_loss":0,"event_name":"Golden Wing","floor":12,"gold_loss":0},{"damage_healed":0,"gold_gain":0,"player_choice":"Fought Bandits","damage_taken":0,"max_hp_gain":0,"max_hp_loss":0,"event_name":"Masked Bandits","floor":19,"gold_loss":0},{"damage_healed":0,"gold_gain":0,"player_choice":"Gave Idol","damage_taken":0,"relics_obtained":["Bloody Idol"],"max_hp_gain":0,"max_hp_loss":0,"event_name":"Forgotten Altar","floor":20,"relics_lost":["Golden Idol"],"gold_loss":0},{"damage_healed":0,"gold_gain":0,"player_choice":"Simplicity","damage_taken":0,"max_hp_gain":0,"max_hp_loss":0,"event_name":"Back to Basics","floor":31,"gold_loss":0,"cards_upgraded":["Strike_G","Strike_G","Defend_G","Defend_G","Defend_G","Defend_G","Defend_G"]},{"damage_healed":0,"gold_gain":0,"player_choice":"Got Potions","damage_taken":0,"max_hp_gain":0,"max_hp_loss":0,"event_name":"Lab","floor":36,"gold_loss":0},{"damage_healed":0,"gold_gain":0,"player_choice":"Paid Gold","damage_taken":0,"relics_obtained":["Bag of Marbles"],"max_hp_gain":0,"max_hp_loss":0,"event_name":"WeMeetAgain","floor":39,"gold_loss":63},{"damage_healed":19,"gold_gain":0,"player_choice":"Writhe","damage_taken":0,"max_hp_gain":0,"max_hp_loss":0,"event_name":"Winding Halls","floor":44,"gold_loss":0,"cards_obtained":["Writhe"]},{"cards_removed":["Poisoned Stab"],"damage_healed":0,"gold_gain":0,"player_choice":"Removed Attack","damage_taken":0,"max_hp_gain":0,"max_hp_loss":0,"event_name":"Falling","floor":45,"gold_loss":0}],"is_beta":false,"boss_relics":[{"not_picked":["HoveringKite","Tiny House"],"picked":"WristBlade"},{"not_picked":["Sozu","Pandora\u0027s Box"],"picked":"Calling Bell"}],"items_purged_floors":[7,24,37,53],"is_endless":false,"potions_floor_spawned":[2,11,14,16,18,21,22,30,38,42,48,54],"killed_by":"The Heart","ascension_level":1}}