{"host":"5hsgormuu0lj4iiq","time":1612389988,"event":{"mods":["AchievementEnabler","BaseMod","Colored Map","Colored Powertips","Minty Spire (QoL Compilation)","Quick Restart","Relic Stats","SuperFastMode","everything is the same but u backflip on backflip","slay the spire mod where everything is the same but ironclad has a cowboy hat"],"gold_per_floor":[110,123,139,155,170,202,221,233,233,233,233,233,259,269,269,269,269],"floor_reached":16,"language":"ENG","playtime":739,"items_purged":[],"score":174,"play_id":"34a9fa00-f362-44ad-a6b0-86e9adcbac35","local_time":"20210203170628","is_ascension_mode":true,"campfire_choices":[{"data":"Reaper","floor":10,"key":"SMITH"},{"data":"Clothesline","floor":12,"key":"SMITH"},{"data":"Flame Barrier","floor":15,"key":"SMITH"}],"circlet_count":0,"master_deck":["AscendersBane","Strike_R","Strike_R","Strike_R","Strike_R","Defend_R","Defend_R","Defend_R","Defend_R","Bash","Wild Strike","Armaments","Clothesline+1","Flame Barrier+1","Thunderclap","Reaper+1","True Grit","Exhume"],"relics":["Burning Blood","Centennial Puzzle","Charon\u0027s Ashes","Tiny Chest"],"acts_visited":["Exordium"],"potions_floor_usage":[5,6,8],"damage_taken":[{"damage":1,"enemies":"Cultist","floor":1,"turns":3},{"damage":4,"enemies":"Small Slimes","floor":2,"turns":4},{"damage":2,"enemies":"Jaw Worm","floor":3,"turns":4},{"damage":13,"enemies":"Exordium Wildlife","floor":4,"turns":5},{"damage":19,"enemies":"3 Louse","floor":5,"turns":3},{"damage":29,"enemies":"Lagavulin","floor":6,"turns":8},{"damage":21,"enemies":"Red Slaver","floor":7,"turns":4},{"damage":0,"enemies":"Lots of Slimes","floor":8,"turns":1},{"damage":31,"enemies":"Gremlin Nob","floor":13,"turns":6},{"damage":9,"enemies":"2 Fungi Beasts","floor":14,"turns":3},{"damage":32,"enemies":"The Guardian","floor":16,"turns":11}],"seed_played":"858175173472448176","potions_obtained":[{"floor":3,"key":"SmokeBomb"},{"floor":5,"key":"EntropicBrew"},{"floor":6,"key":"Ancient Potion"},{"floor":8,"key":"BlessingOfTheForge"}],"is_trial":false,"path_per_floor":["M","M","M","M","M","E","M","M","T","R","?","R","E","M","R","B"],"character_chosen":"IRONCLAD","items_purchased":[],"campfire_rested":0,"item_purchase_floors":[],"current_hp_per_floor":[77,79,80,73,60,37,26,62,62,62,62,62,42,44,44,12,12],"gold":269,"neow_bonus":"THREE_CARDS","is_daily":false,"chose_seed":false,"campfire_upgraded":3,"win_rate":0.0,"timestamp":1612389988,"path_taken":["M","M","M","?","M","E","M","M","T","R","?","R","E","M","R","BOSS"],"items_purchased_type":[],"build_version":"2020-12-22","purchased_purges":0,"victory":false,"max_hp_per_floor":[80,80,80,80,80,80,80,80,80,80,80,80,80,80,80,80,80],"relic_stats":{"Centennial Puzzle":[12],"counters":[11,52],"Tiny Chest":0,"Charon\u0027s Ashes":[15],"obtain_stats":[{"Centennial Puzzle":6,"Tiny Chest":13,"Charon\u0027s Ashes":9,"Burning Blood":0},{"Centennial Puzzle":6,"Tiny Chest":9,"Charon\u0027s Ashes":8,"Burning Blood":0},{"Centennial Puzzle":27,"Tiny Chest":38,"Charon\u0027s Ashes":32,"Burning Blood":0}],"Burning Blood":57},"card_choices":[{"not_picked":["Body Slam","Reckless Charge"],"picked":"Wild Strike","floor":0},{"not_picked":["Heavy Blade","Headbutt"],"picked":"Armaments","floor":1},{"not_picked":["Armaments","Bloodletting","Flex"],"picked":"SKIP","floor":2},{"not_picked":["Second Wind","True Grit"],"picked":"Clothesline","floor":3},{"not_picked":["Pommel Strike","Clothesline"],"picked":"Flame Barrier","floor":4},{"not_picked":["Warcry","Sword Boomerang"],"picked":"Thunderclap","floor":5},{"not_picked":["Intimidate","Sentinel"],"picked":"Reaper","floor":6},{"not_picked":["Cleave","Heavy Blade"],"picked":"True Grit","floor":7},{"not_picked":["Warcry","Rage","Metallicize"],"picked":"SKIP","floor":8},{"not_picked":["Rage","Flex","Blood for Blood"],"picked":"SKIP","floor":13},{"not_picked":["Thunderclap","Body Slam"],"picked":"Exhume","floor":14}],"player_experience":719569,"relics_obtained":[{"floor":6,"key":"Centennial Puzzle"},{"floor":9,"key":"Charon\u0027s Ashes"},{"floor":13,"key":"Tiny Chest"}],"event_choices":[{"cards_removed":["Strike_R"],"damage_healed":0,"gold_gain":0,"player_choice":"Card Removal","damage_taken":0,"max_hp_gain":0,"max_hp_loss":0,"event_name":"Wheel of Change","floor":11,"gold_loss":0}],"is_beta":false,"boss_relics":[],"items_purged_floors":[],"is_endless":false,"potions_floor_spawned":[3,5,6,8],"killed_by":"The Guardian","ascension_level":10}}