{"host":"jx3f6ezc0g3s9edc","time":1612319390,"event":{"mods":["AchievementEnabler","BaseMod","Bestiary","Colored Map","Highlight Path","Minty Spire (QoL Compilation)","StSLib"],"gold_per_floor":[211,225,245,262,280,280,305,305,329,372,99,99,61,99,99,209,218,238,247,264,3,18,18,51,64,64,64,91,91,46,59,59,170,170,197,197,206,229,243,243,284,284,361,361,375,389,416,436,436,436],"floor_reached":51,"language":"ENG","playtime":4564,"items_purged":["Strike_G","Defend_G"],"score":1041,"play_id":"f061b6de-4437-465a-9daa-3065b711f31b","local_time":"20210202212950","is_ascension_mode":true,"campfire_choices":[{"data":"Blade Dance","floor":6.0,"key":"SMITH"},{"floor":8.0,"key":"REST"},{"data":"Infinite Blades","floor":12.0,"key":"SMITH"},{"data":"Footwork","floor":15.0,"key":"SMITH"},{"floor":23.0,"key":"DIG"},{"floor":27.0,"key":"DIG"},{"floor":29.0,"key":"REST"},{"floor":32.0,"key":"DIG"},{"data":"Tools of the Trade","floor":40.0,"key":"SMITH"},{"floor":42.0,"key":"DIG"},{"floor":44.0,"key":"DIG"},{"floor":49.0,"key":"REST"}],"circlet_count":0,"master_deck":["AscendersBane","Strike_G+1","Strike_G","Strike_G","Defend_G","Defend_G","Defend_G","Defend_G","Survivor","Neutralize+1","Cloak And Dagger","Dagger Spray","Blade Dance+1","Tools of the Trade+1","Infinite Blades+1","Footwork+1","Deflect","PiercingWail","Infinite Blades","Burst","CurseOfTheBell","Blur+1","Blade Dance+1","Cloak And Dagger+1","PiercingWail+1","Malaise+1","Blade Dance+1","Backstab","Blur+1","Cloak And Dagger+1","Accuracy+1"],"relics":["Ring of the Snake","Boot","CeramicFish","Oddly Smooth Stone","Lantern","Odd Mushroom","Calling Bell","Bag of Marbles","Toxic Egg 2","Shovel","Sling","Vajra","Whetstone","StrikeDummy","Shuriken","Tiny Chest","Nunchaku","Runic Pyramid","Potion Belt","Pantograph","Paper Crane","Letter Opener","Blood Vial"],"acts_visited":["Exordium","TheCity","TheBeyond"],"potions_floor_usage":[50,50],"damage_taken":[{"damage":0.0,"enemies":"Cultist","floor":1.0,"turns":6.0},{"damage":2.0,"enemies":"Jaw Worm","floor":2.0,"turns":5.0},{"damage":0.0,"enemies":"Small Slimes","floor":3.0,"turns":3.0},{"damage":16.0,"enemies":"Gremlin Gang","floor":4.0,"turns":6.0},{"damage":5.0,"enemies":"Looter","floor":5.0,"turns":4.0},{"damage":12.0,"enemies":"3 Sentries","floor":7.0,"turns":7.0},{"damage":27.0,"enemies":"Gremlin Nob","floor":10.0,"turns":4.0},{"damage":3.0,"enemies":"The Mushroom Lair","floor":14.0,"turns":5.0},{"damage":2.0,"enemies":"Hexaghost","floor":16.0,"turns":11.0},{"damage":0.0,"enemies":"3 Byrds","floor":18.0,"turns":4.0},{"damage":7.0,"enemies":"2 Thieves","floor":20.0,"turns":4.0},{"damage":8.0,"enemies":"Shelled Parasite and Fungi","floor":22.0,"turns":7.0},{"damage":22.0,"enemies":"Slavers","floor":24.0,"turns":8.0},{"damage":0.0,"enemies":"Centurion and Healer","floor":25.0,"turns":7.0},{"damage":5.0,"enemies":"Book of Stabbing","floor":28.0,"turns":5.0},{"damage":7.0,"enemies":"3 Cultists","floor":31.0,"turns":5.0},{"damage":22.0,"enemies":"Automaton","floor":33.0,"turns":10.0},{"damage":2.0,"enemies":"Orb Walker","floor":35.0,"turns":4.0},{"damage":7.0,"enemies":"3 Darklings","floor":38.0,"turns":3.0},{"damage":0.0,"enemies":"Writhing Mass","floor":39.0,"turns":7.0},{"damage":10.0,"enemies":"Reptomancer","floor":41.0,"turns":6.0},{"damage":19.0,"enemies":"Maw","floor":45.0,"turns":6.0},{"damage":19.0,"enemies":"Sphere and 2 Shapes","floor":46.0,"turns":4.0},{"damage":1.0,"enemies":"4 Shapes","floor":48.0,"turns":6.0},{"damage":28,"enemies":"Time Eater","floor":50,"turns":8}],"seed_played":"-8113346512817671165","potions_obtained":[{"floor":2.0,"key":"Poison Potion"},{"floor":4.0,"key":"BlessingOfTheForge"},{"floor":5.0,"key":"PowerPotion"},{"floor":14.0,"key":"Fire Potion"},{"floor":20.0,"key":"ColorlessPotion"},{"floor":24.0,"key":"Regen Potion"},{"floor":31.0,"key":"Swift Potion"},{"floor":33.0,"key":"GhostInAJar"},{"floor":38.0,"key":"Swift Potion"},{"floor":46.0,"key":"FearPotion"},{"floor":48.0,"key":"CunningPotion"}],"is_trial":false,"path_per_floor":["M","M","M","M","M","R","E","R","T","E","$","R","$","?","R","B",null,"M","?","M","$","M","R","E","M","T","R","E","R","$","M","R","B",null,"M","?","?","M","M","R","E","R","T","R","M","M","T","M","R","B",null],"character_chosen":"THE_SILENT","items_purchased":["Lantern","Block Potion","PiercingWail","Sling","Cloak And Dagger+1","PiercingWail+1"],"campfire_rested":3,"item_purchase_floors":[11,11,13,21,21,30],"current_hp_per_floor":[63,61,61,45,40,40,28,49,49,22,22,22,22,19,19,17,57,57,57,50,50,42,42,20,35,35,35,30,51,51,44,44,22,58,56,56,56,49,49,49,39,39,39,39,20,1,1,2,23,22],"gold":436,"neow_bonus":"HUNDRED_GOLD","is_daily":false,"chose_seed":false,"campfire_upgraded":4,"win_rate":0.0,"timestamp":1612319390,"path_taken":["M","M","M","?","M","R","E","R","T","E","$","R","?","?","R","BOSS","M","?","M","$","M","R","E","?","T","R","E","R","$","M","R","BOSS","M","?","?","M","?","R","E","R","T","R","M","M","?","M","R","BOSS"],"items_purchased_type":["Relic","Potion","Card","Relic","Card","Card"],"build_version":"2020-12-22","purchased_purges":2,"victory":true,"max_hp_per_floor":[70,70,70,70,70,70,70,70,70,70,70,70,70,70,70,70,70,70,70,70,70,70,70,70,70,70,70,70,70,70,70,70,70,70,70,70,70,70,70,70,70,70,70,70,70,70,70,70,70,70],"card_choices":[{"not_picked":["Underhanded Strike","Crippling Poison"],"picked":"Cloak And Dagger","floor":1.0},{"not_picked":["Outmaneuver","Choke"],"picked":"Dagger Spray","floor":2.0},{"not_picked":["Expertise","Poisoned Stab"],"picked":"Blade Dance","floor":3.0},{"not_picked":["Bouncing Flask","Dagger Spray"],"picked":"Tools of the Trade","floor":4.0},{"not_picked":["Blur","Cloak And Dagger"],"picked":"Infinite Blades","floor":5.0},{"not_picked":["Storm of Steel","Sucker Punch"],"picked":"Footwork","floor":7.0},{"not_picked":["Outmaneuver","Dagger Spray"],"picked":"Deflect","floor":10.0},{"not_picked":["Outmaneuver","Catalyst"],"picked":"Infinite Blades","floor":14.0},{"not_picked":["Doppelganger","Wraith Form v2"],"picked":"Burst","floor":16.0},{"not_picked":["Dagger Spray","Underhanded Strike"],"picked":"Blur+1","floor":18.0},{"not_picked":["Dagger Throw","Dagger Spray","Quick Slash"],"picked":"SKIP","floor":20.0},{"not_picked":["Caltrops","Tactician+1","Dodge and Roll+1"],"picked":"SKIP","floor":22.0},{"not_picked":["Sucker Punch","Poisoned Stab","Heel Hook"],"picked":"SKIP","floor":24.0},{"not_picked":["Deflect+1","Setup+1","Bane+1"],"picked":"SKIP","floor":25.0},{"not_picked":["Noxious Fumes","Caltrops","Endless Agony"],"picked":"SKIP","floor":28.0},{"not_picked":["Dagger Throw","Caltrops","Dodge and Roll+1"],"picked":"SKIP","floor":31.0},{"not_picked":["Glass Knife","Storm of Steel+1"],"picked":"Malaise+1","floor":33.0},{"not_picked":["Well Laid Plans+1","Expertise+1"],"picked":"Blade Dance+1","floor":35.0},{"not_picked":["Flying Knee","Outmaneuver+1"],"picked":"Blur+1","floor":38.0},{"not_picked":["Expertise+1","Dagger Throw+1","Sucker Punch+1"],"picked":"SKIP","floor":39.0},{"not_picked":["Outmaneuver+1","Well Laid Plans"],"picked":"Cloak And Dagger+1","floor":41.0},{"not_picked":["Slice","Underhanded Strike+1","Cloak And Dagger+1"],"picked":"SKIP","floor":45.0},{"not_picked":["Choke","Bouncing Flask+1","Bullet Time+1"],"picked":"SKIP","floor":46.0},{"not_picked":["Bane+1","Quick Slash+1"],"picked":"Accuracy+1","floor":48.0}],"player_experience":813282,"relics_obtained":[{"floor":7.0,"key":"Boot"},{"floor":9.0,"key":"CeramicFish"},{"floor":10.0,"key":"Oddly Smooth Stone"},{"floor":14.0,"key":"Odd Mushroom"},{"floor":17.0,"key":"Bag of Marbles"},{"floor":17.0,"key":"Toxic Egg 2"},{"floor":17.0,"key":"Shovel"},{"floor":23.0,"key":"Vajra"},{"floor":24.0,"key":"Whetstone"},{"floor":26.0,"key":"StrikeDummy"},{"floor":27.0,"key":"Shuriken"},{"floor":28.0,"key":"Tiny Chest"},{"floor":32.0,"key":"Nunchaku"},{"floor":41.0,"key":"Potion Belt"},{"floor":42.0,"key":"Pantograph"},{"floor":43.0,"key":"Paper Crane"},{"floor":44.0,"key":"Letter Opener"},{"floor":47.0,"key":"Blood Vial"}],"event_choices":[{"damage_healed":0.0,"max_hp_gain":0.0,"max_hp_loss":0.0,"gold_gain":0.0,"event_name":"Mushrooms","player_choice":"Fought Mushrooms","floor":14.0,"gold_loss":0.0,"damage_taken":0.0},{"damage_healed":0.0,"max_hp_gain":0.0,"max_hp_loss":0.0,"gold_gain":0.0,"event_name":"Duplicator","player_choice":"Copied","floor":19.0,"gold_loss":0.0,"damage_taken":0.0,"cards_obtained":["Blade Dance"]},{"damage_healed":0.0,"max_hp_gain":0.0,"max_hp_loss":0.0,"gold_gain":0.0,"event_name":"Tomb of Lord Red Mask","player_choice":"Ignored","floor":36.0,"gold_loss":0.0,"damage_taken":0.0},{"damage_healed":0.0,"max_hp_gain":0.0,"max_hp_loss":0.0,"gold_gain":0.0,"cards_transformed":["Strike_G"],"event_name":"Transmorgrifier","player_choice":"Transformed","floor":37.0,"gold_loss":0.0,"damage_taken":0.0,"cards_obtained":["Backstab"]}],"is_beta":false,"boss_relics":[{"not_picked":["Empty Cage","SacredBark"],"picked":"Calling Bell"},{"not_picked":["Snecko Eye","Black Star"],"picked":"Runic Pyramid"}],"items_purged_floors":[11,21],"is_endless":false,"potions_floor_spawned":[2,4,5,14,20,24,31,33,38,46,48],"ascension_level":10}}