{"host":"crmowuwgj9wiiaqp","time":1612388104,"event":{"mods":["BaseMod","Downfall","Minty Spire (QoL Compilation)","Spire Arcade","StSLib"],"gold_per_floor":[109,127,144,144,144,174,174,199,224,9,51,70,70,90,90,200,200,220,252,252,252,252],"floor_reached":20,"language":"ENG","playtime":1597,"items_purged":[],"score":205,"play_id":"18b825c9-2654-469e-99bc-c363eb066258","local_time":"20210203143504","is_ascension_mode":true,"campfire_choices":[{"floor":13,"key":"REST"},{"floor":15,"key":"REST"}],"circlet_count":0,"master_deck":["bronze:Strike","bronze:Strike","bronze:Strike","bronze:Defend","bronze:Defend","bronze:Defend","bronze:Defend","bronze:Replicate","bronze:Verify","bronze:Deprecate","bronze:Constructor","bronze:HardenedForm","bronze:Flail","bronze:HardenedForm","bronze:WhirlingStrike","bronze:Turbo","bronze:Terminator","bronze:FunctionCard","bronze:NullPointer+1"],"relics":["bronze:BronzeCore","bronze:BottledCode","Mercury Hourglass","Mummified Hand","CeramicFish","OrangePellets","Dead Branch","SacredBark"],"acts_visited":["Exordium","TheCity"],"potions_floor_usage":[6,16,19,19],"damage_taken":[{"damage":2,"enemies":"2 Louse","floor":1,"turns":4},{"damage":9,"enemies":"Jaw Worm","floor":2,"turns":4},{"damage":1,"enemies":"Small Slimes","floor":3,"turns":5},{"damage":13,"enemies":"3 Sentries","floor":6,"turns":6},{"damage":8,"enemies":"Exordium Wildlife","floor":9,"turns":4},{"damage":0,"enemies":"downfall:FleeingMerchant","floor":10,"turns":4},{"damage":20,"enemies":"Gremlin Nob","floor":11,"turns":4},{"damage":2,"enemies":"3 Louse","floor":12,"turns":2},{"damage":0,"enemies":"Blue Slaver","floor":14,"turns":2},{"damage":15,"enemies":"DF_ARCHETYPE_STREAMLINE","floor":16,"turns":6},{"damage":59,"enemies":"Spheric Guardian","floor":18,"turns":8},{"damage":0,"enemies":"Chosen","floor":19,"turns":5},{"damage":27,"enemies":"Snecko","floor":20,"turns":4}],"seed_played":"1448469913673017839","potions_obtained":[{"floor":1,"key":"SneckoOil"},{"floor":8,"key":"Explosive Potion"},{"floor":9,"key":"ColorlessPotion"},{"floor":11,"key":"bronze:FreeFunctionsPotion"},{"floor":16,"key":"PowerPotion"},{"floor":19,"key":"Energy Potion"}],"is_trial":false,"path_per_floor":["M","M","M","?","?","E","T","?","M","$","E","M","R","M","R","B",null,"M","M","M"],"character_chosen":"THE_AUTOMATON","items_purchased":["bronze:Boost","OrangePellets"],"campfire_rested":2,"item_purchase_floors":[10,10],"current_hp_per_floor":[68,59,58,58,55,42,42,42,34,34,14,12,30,30,48,33,60,1,1,0,0,0],"gold":252,"neow_bonus":"TRANSFORM_CARD","is_daily":false,"chose_seed":false,"campfire_upgraded":0,"win_rate":0.0,"timestamp":1612388104,"path_taken":["M","M","M","?","?","E","T","?","M","$","E","?","R","M","R","BOSS","M","M","M"],"items_purchased_type":["Card","Relic"],"build_version":"2020-12-22","purchased_purges":0,"victory":false,"max_hp_per_floor":[70,70,70,60,60,60,60,60,60,60,60,60,60,60,60,60,60,60,60,60,60,60],"card_choices":[{"not_picked":["bronze:Overheat","bronze:BugBarrage"],"picked":"bronze:Deprecate","floor":1},{"not_picked":["bronze:Deprecate","bronze:Shield"],"picked":"bronze:Constructor","floor":2},{"not_picked":["bronze:FineTuning","bronze:DelayedGuard"],"picked":"bronze:HardenedForm","floor":3},{"not_picked":["bronze:ForLoop","bronze:OilSpill","bronze:BitShift"],"picked":"SKIP","floor":6},{"not_picked":["bronze:Separator","bronze:WildBeam"],"picked":"bronze:Iterate","floor":9},{"not_picked":["bronze:FineTuning","bronze:BitShift"],"picked":"bronze:Flail","floor":10},{"not_picked":["bronze:BugBarrage","bronze:NullPointer"],"picked":"bronze:HardenedForm","floor":11},{"not_picked":["bronze:BugBarrage","bronze:DelayedSlice"],"picked":"bronze:WhirlingStrike","floor":12},{"not_picked":["bronze:BitShift","bronze:Deprecate"],"picked":"bronze:Turbo","floor":14},{"not_picked":["bronze:SpaghettiCode","bronze:HyperBeam"],"picked":"bronze:Hardcode","floor":16},{"not_picked":["bronze:WildBeam+1","bronze:Flail"],"picked":"bronze:Terminator","floor":18},{"not_picked":["bronze:Backtrace","bronze:Constructor"],"picked":"bronze:NullPointer+1","floor":19}],"player_experience":1386217,"relics_obtained":[{"floor":6,"key":"Mummified Hand"},{"floor":7,"key":"CeramicFish"},{"floor":11,"key":"Dead Branch"}],"event_choices":[{"damage_healed":0,"gold_gain":0,"player_choice":"Success","damage_taken":3,"relics_obtained":["Mercury Hourglass"],"max_hp_gain":0,"max_hp_loss":0,"event_name":"Scrap Ooze","floor":5,"gold_loss":0}],"is_beta":false,"boss_relics":[{"not_picked":["Coffee Dripper","Empty Cage"],"picked":"SacredBark"}],"items_purged_floors":[],"is_endless":false,"potions_floor_spawned":[1,9,11,16,19],"killed_by":"Snecko","ascension_level":2}}