{"host":"6p0attdrtjqaih7v","time":1612378357,"event":{"mods":["2.2 Compatiblity","AchievementEnabler","Bard","BaseMod","Better Skull","Better Third Choice","Colored Powertips","Downfall","Hermit","Highlight Path","Key Reminder","Minty Spire (QoL Compilation)","Permanent Neow","Quick Restart","Random Character Button","Relic Stats","Replay The Spire","Robot Space Explorer","StSLib","The Witch"],"gold_per_floor":[116,116,134,134,153,180,180,211,279,279,279,17,42,60,60,137,137,148,159,175,210,228,228,258,41,41,55,105,105,5,24,24,98,98,115,38,56,71,87,87,105,105,131,166,166,211,220,220],"floor_reached":47,"language":"ENG","playtime":3343,"items_purged":["Strike_G","Strike_G"],"score":1063,"play_id":"80e0cfab-0880-445e-b8bd-4635baa265af","local_time":"20210203135237","is_ascension_mode":true,"campfire_choices":[{"floor":7,"key":"REST"},{"data":"Bouncing Flask","floor":10,"key":"SMITH"},{"data":"Footwork","floor":15,"key":"SMITH"},{"floor":23,"key":"REST"},{"floor":29,"key":"REST"},{"data":"Burst","floor":32,"key":"SMITH"},{"floor":40,"key":"REST"},{"data":"Wraith Form v2","floor":42,"key":"SMITH"},{"floor":45,"key":"REST"}],"circlet_count":0,"master_deck":["AscendersBane","Strike_G","Defend_G","Defend_G","Defend_G","Defend_G","Survivor","Neutralize+1","Tools of the Trade","Poisoned Stab+1","Well Laid Plans","Tools of the Trade+1","PiercingWail","Endless Agony","Bouncing Flask+1","Footwork+1","Dagger Spray","Tactician","Burst+1","Eviscerate","Blur","Backstab+1","Tactician+1","Predator","Deflect+1","Dash","Wraith Form v2+1","Cloak And Dagger+1","Reflex+1","Deadly Poison+1","Deadly Poison+1","Parasite","Leg Sweep+1","Reflex+1","Acrobatics+1","Deflect+1"],"relics":["Ring of the Snake","Byrd Skull","Ancient Tea Set","Onion Ring","Lee\u0027s Waffle","Replay:Rubber Ducky","SlaversCollar","Red Mask","Paper Crane","Toxic Egg 2","Empty Cage","Replay:Bandana"],"acts_visited":["Exordium","TheCity","TheBeyond"],"potions_floor_usage":[6,8,19,20,21,24,27,31,33,35,39,41,44],"damage_taken":[{"damage":2,"enemies":"Small Slimes","floor":1,"turns":4},{"damage":4,"enemies":"2 Louse","floor":3,"turns":3},{"damage":1,"enemies":"Cultist","floor":5,"turns":4},{"damage":33,"enemies":"3 Sentries","floor":6,"turns":11},{"damage":2,"enemies":"Replay:BlueRogue","floor":8,"turns":8},{"damage":8,"enemies":"Gremlin Nob","floor":13,"turns":3},{"damage":0,"enemies":"Blue Slaver","floor":14,"turns":6},{"damage":0,"enemies":"The Guardian","floor":16,"turns":9},{"damage":8,"enemies":"Shell Parasite","floor":18,"turns":5},{"damage":4,"enemies":"Chosen","floor":19,"turns":5},{"damage":8,"enemies":"Centurion and Healer","floor":20,"turns":12},{"damage":1,"enemies":"Masked Bandits","floor":21,"turns":4},{"damage":20,"enemies":"Cultist and Chosen","floor":22,"turns":7},{"damage":7,"enemies":"Replay:Snechameleon","floor":24,"turns":6},{"damage":12,"enemies":"Shelled Parasite and Fungi","floor":27,"turns":6},{"damage":7,"enemies":"Sentry and Sphere","floor":31,"turns":5},{"damage":2,"enemies":"Collector","floor":33,"turns":12},{"damage":48,"enemies":"3 Darklings","floor":35,"turns":10},{"damage":0,"enemies":"3 Shapes","floor":37,"turns":6},{"damage":12,"enemies":"Jaw Worm Horde","floor":38,"turns":7},{"damage":0,"enemies":"Writhing Mass","floor":39,"turns":6},{"damage":2,"enemies":"Maw","floor":41,"turns":10},{"damage":18,"enemies":"Spire Growth","floor":44,"turns":8},{"damage":5,"enemies":"Jaw Worm Horde","floor":46,"turns":8},{"damage":40,"enemies":"Reptomancer","floor":47,"turns":7}],"seed_played":"7255918628191926045","potions_obtained":[{"floor":3,"key":"PowerPotion"},{"floor":6,"key":"FearPotion"},{"floor":13,"key":"SteroidPotion"},{"floor":14,"key":"ColorlessPotion"},{"floor":19,"key":"SneckoOil"},{"floor":22,"key":"ColorlessPotion"},{"floor":27,"key":"Flashbang"},{"floor":31,"key":"Venom Potion"},{"floor":37,"key":"Reflective Coating"},{"floor":38,"key":"Fruit Juice"},{"floor":39,"key":"Toxic Potion"}],"is_trial":false,"path_per_floor":["M","?","M","?","M","E","R","E","T","R","?","$","E","M","R","B",null,"M","M","M","?","M","R","E","$","T","M","?","R","$","M","R","B",null,"M","$","M","M","M","R","M","R","T","M","R","M","E"],"character_chosen":"THE_SILENT","items_purchased":["Lee\u0027s Waffle","Footwork","Dagger Spray","SkillPotion","DistilledChaos","Reflex+1"],"campfire_rested":5,"item_purchase_floors":[12,12,12,25,25,36],"current_hp_per_floor":[57,57,53,53,52,19,38,36,36,36,36,73,65,65,65,65,71,63,59,51,50,30,51,44,44,44,32,32,53,53,46,46,44,66,18,18,18,6,11,34,32,32,32,14,37,32,0,0],"gold":220,"neow_bonus":"ONE_RANDOM_RARE_CARD","is_daily":false,"chose_seed":false,"campfire_upgraded":4,"win_rate":0.0,"timestamp":1612378357,"path_taken":["M","?","M","?","M","E","R","E","T","R","?","$","E","M","R","BOSS","M","M","M","?","M","R","E","$","T","M","?","R","$","M","R","BOSS","M","$","M","M","?","R","?","R","T","?","R","M","E"],"items_purchased_type":["Relic","Card","Card","Potion","Potion","Card"],"build_version":"2020-12-22","purchased_purges":2,"victory":false,"max_hp_per_floor":[66,66,66,66,66,66,66,66,66,66,66,73,73,73,73,73,73,73,73,73,73,73,73,73,73,73,73,73,73,73,73,73,73,73,73,73,73,73,78,78,78,78,78,78,78,78,78,78],"relic_stats":{"Lee\u0027s Waffle":37,"counters":[25,172],"obtain_stats":[{"SlaversCollar":17,"Lee\u0027s Waffle":12,"Replay:Bandana":43,"Onion Ring":9,"Red Mask":21,"Paper Crane":24,"Toxic Egg 2":26,"Byrd Skull":6,"Ancient Tea Set":8,"Empty Cage":34,"Ring of the Snake":0,"Replay:Rubber Ducky":13},{"SlaversCollar":8,"Lee\u0027s Waffle":5,"Replay:Bandana":22,"Onion Ring":5,"Red Mask":12,"Paper Crane":14,"Toxic Egg 2":14,"Byrd Skull":4,"Ancient Tea Set":5,"Empty Cage":17,"Ring of the Snake":0,"Replay:Rubber Ducky":6},{"SlaversCollar":48,"Lee\u0027s Waffle":30,"Replay:Bandana":149,"Onion Ring":30,"Red Mask":74,"Paper Crane":87,"Toxic Egg 2":87,"Byrd Skull":22,"Ancient Tea Set":30,"Empty Cage":110,"Ring of the Snake":0,"Replay:Rubber Ducky":33}],"Ring of the Snake":[54]},"card_choices":[{"not_picked":["Infinite Blades","Dagger Spray"],"picked":"Poisoned Stab","floor":1},{"not_picked":["Bane","Dodge and Roll"],"picked":"Well Laid Plans","floor":3},{"not_picked":["Bane","Catalyst"],"picked":"PiercingWail","floor":5},{"not_picked":["PiercingWail","Finisher"],"picked":"Endless Agony","floor":6},{"not_picked":["Infinite Blades","A Thousand Cuts"],"picked":"Bouncing Flask","floor":8},{"not_picked":["Outmaneuver","Prepared","Flying Knee"],"picked":"SKIP","floor":13},{"not_picked":["All Out Attack","Heel Hook"],"picked":"Tactician","floor":14},{"not_picked":["Unload","Grand Finale"],"picked":"Burst","floor":16},{"not_picked":["Poisoned Stab","Dagger Spray"],"picked":"Eviscerate","floor":18},{"not_picked":["Slice+1","Masterful Stab+1"],"picked":"Blur","floor":19},{"not_picked":["Dagger Throw","Envenom"],"picked":"Backstab+1","floor":20},{"not_picked":["Blur","Quick Slash"],"picked":"Tactician+1","floor":21},{"not_picked":["Accuracy","Cloak And Dagger"],"picked":"Predator","floor":22},{"not_picked":["Choke","Dagger Spray","Dagger Throw+1"],"picked":"SKIP","floor":24},{"not_picked":["Riddle With Holes","Endless Agony"],"picked":"Deflect+1","floor":27},{"not_picked":["Flechettes","Escape Plan+1"],"picked":"Dash","floor":31},{"not_picked":["Replay:Bag of Tricks+1","Tools of the Trade"],"picked":"Wraith Form v2","floor":33},{"not_picked":["Outmaneuver+1","Terror+1"],"picked":"Cloak And Dagger+1","floor":35},{"not_picked":["Prepared+1","Backstab"],"picked":"Deadly Poison+1","floor":37},{"not_picked":["Outmaneuver+1","Acrobatics+1"],"picked":"Deadly Poison+1","floor":38},{"not_picked":["Doppelganger+1","Blade Dance+1"],"picked":"Leg Sweep+1","floor":39},{"not_picked":["PiercingWail+1","Slice"],"picked":"Reflex+1","floor":41},{"not_picked":["Distraction+1","Accuracy"],"picked":"Acrobatics+1","floor":44},{"not_picked":["Finisher","Flying Knee"],"picked":"Deflect+1","floor":46}],"player_experience":1023519,"relics_obtained":[{"floor":6,"key":"Byrd Skull"},{"floor":8,"key":"Ancient Tea Set"},{"floor":9,"key":"Onion Ring"},{"floor":13,"key":"Replay:Rubber Ducky"},{"floor":21,"key":"Red Mask"},{"floor":24,"key":"Paper Crane"},{"floor":26,"key":"Toxic Egg 2"},{"floor":43,"key":"Replay:Bandana"}],"event_choices":[{"damage_healed":0,"gold_gain":0,"player_choice":"Grow","damage_taken":0,"max_hp_gain":0,"max_hp_loss":0,"event_name":"Living Wall","floor":2,"gold_loss":0,"cards_upgraded":["Neutralize"]},{"damage_healed":0,"gold_gain":0,"player_choice":"Upgraded","damage_taken":0,"max_hp_gain":0,"max_hp_loss":0,"event_name":"Upgrade Shrine","floor":11,"gold_loss":0,"cards_upgraded":["Poisoned Stab"]},{"damage_healed":0,"gold_gain":0,"player_choice":"Fought Bandits","damage_taken":0,"max_hp_gain":0,"max_hp_loss":0,"event_name":"Masked Bandits","floor":21,"gold_loss":0},{"damage_healed":0,"gold_gain":50,"player_choice":"Pray","damage_taken":0,"max_hp_gain":0,"max_hp_loss":0,"event_name":"Golden Shrine","floor":28,"gold_loss":0}],"is_beta":false,"boss_relics":[{"not_picked":["Ring of the Serpent","SacredBark"],"picked":"SlaversCollar"},{"not_picked":["Honey Jar","Snecko Heart"],"picked":"Empty Cage"}],"items_purged_floors":[25,30],"is_endless":false,"potions_floor_spawned":[3,6,13,14,19,22,27,31,37,38,39],"killed_by":"Reptomancer","ascension_level":20}}