{"host":"u1ja96cwu1wu8jpx","time":1612386429,"event":{"mods":["BaseMod","Better Match","Colored Map","Minty Spire (QoL Compilation)","Permanent Neow","StSLib"],"gold_per_floor":[361,372,372,372,390,390,426,438,501,544,577,589,589],"floor_reached":12,"language":"ENG","playtime":1184,"items_purged":[],"score":92,"play_id":"634e45fe-b19c-4960-b2ee-883b82268f2a","local_time":"20210203160709","is_ascension_mode":true,"campfire_choices":[{"floor":6,"key":"REST"},{"floor":8,"key":"REST"}],"circlet_count":0,"master_deck":["Strike_G","Strike_G","Strike_G","Strike_G","Defend_G","Defend_G","Defend_G","Defend_G","Defend_G","Survivor","Neutralize","Dash","Bouncing Flask","Prepared","Deadly Poison","Calculated Gamble","Poisoned Stab"],"relics":["Ring of the Snake","Golden Idol","MawBank","Gambling Chip"],"acts_visited":["Exordium"],"potions_floor_usage":[12],"damage_taken":[{"damage":1,"enemies":"Cultist","floor":1,"turns":6},{"damage":0,"enemies":"Small Slimes","floor":2,"turns":4},{"damage":0,"enemies":"Jaw Worm","floor":5,"turns":3},{"damage":25,"enemies":"3 Sentries","floor":7,"turns":13},{"damage":23,"enemies":"Lagavulin","floor":10,"turns":5},{"damage":3,"enemies":"Red Slaver","floor":11,"turns":4},{"damage":32,"enemies":"Gremlin Nob","floor":12,"turns":4}],"seed_played":"4487361541600365385","potions_obtained":[{"floor":7,"key":"Dexterity Potion"},{"floor":11,"key":"Block Potion"}],"is_trial":false,"path_per_floor":["M","M","?","?","M","R","E","R","T","E","M","E"],"character_chosen":"THE_SILENT","items_purchased":[],"campfire_rested":2,"item_purchase_floors":[],"current_hp_per_floor":[48,48,31,31,31,52,27,48,48,25,22,0,0],"gold":589,"neow_bonus":"TWO_FIFTY_GOLD","is_daily":false,"chose_seed":false,"campfire_upgraded":0,"win_rate":0.0,"timestamp":1612386429,"path_taken":["M","?","?","?","M","R","E","R","T","E","M","E"],"items_purchased_type":[],"build_version":"2020-12-22","purchased_purges":0,"victory":false,"max_hp_per_floor":[70,70,70,70,70,70,70,70,70,70,70,70,70],"card_choices":[{"not_picked":["Bane","Sucker Punch","Leg Sweep"],"picked":"SKIP","floor":1},{"not_picked":["Dagger Spray","Dodge and Roll"],"picked":"Dash","floor":2},{"not_picked":["All Out Attack","Cloak And Dagger"],"picked":"Prepared","floor":5},{"not_picked":["Catalyst","Unload"],"picked":"Deadly Poison","floor":7},{"not_picked":["Deflect","Flechettes"],"picked":"Calculated Gamble","floor":10},{"not_picked":["Cloak And Dagger","Caltrops"],"picked":"Poisoned Stab","floor":11}],"player_experience":461120,"relics_obtained":[{"floor":7,"key":"MawBank"},{"floor":10,"key":"Gambling Chip"}],"event_choices":[{"damage_healed":0,"gold_gain":0,"player_choice":"Take Damage","damage_taken":17,"relics_obtained":["Golden Idol"],"max_hp_gain":0,"max_hp_loss":0,"event_name":"Golden Idol","floor":3,"gold_loss":0},{"damage_healed":0,"gold_gain":0,"cards_transformed":["Strike_G"],"player_choice":"Transformed","damage_taken":0,"max_hp_gain":0,"max_hp_loss":0,"event_name":"Transmorgrifier","floor":4,"gold_loss":0,"cards_obtained":["Bouncing Flask"]}],"is_beta":false,"boss_relics":[],"items_purged_floors":[],"is_endless":false,"potions_floor_spawned":[7,11],"killed_by":"Gremlin Nob","ascension_level":1}}