{"host":"ftw8honmdnhsve3j","time":1612388379,"event":{"mods":["BaseMod","Colored Powertips","Minty Spire (QoL Compilation)","StSLib","The Wild Card"],"gold_per_floor":[112,123,48,123,123,123,133,153,153,183,183,194,194,210,210,210,210],"floor_reached":16,"language":"ENG","playtime":611,"items_purged":["theWildCard:Arsene"],"score":115,"play_id":"83fa4031-50fd-4b0a-bcfc-e5fe866a6df3","local_time":"20210203223939","is_ascension_mode":true,"campfire_choices":[{"data":"theWildCard:CallToAdventure","floor":6,"key":"SMITH"},{"data":"theWildCard:Unburden","floor":11,"key":"SMITH"},{"data":"theWildCard:Impatience","floor":13,"key":"SMITH"},{"data":"theWildCard:Salvation","floor":15,"key":"SMITH"}],"circlet_count":0,"master_deck":["theWildCard:BasicStrike","theWildCard:BasicStrike","theWildCard:BasicStrike","theWildCard:BasicStrike","theWildCard:BasicDefend","theWildCard:BasicDefend","theWildCard:BasicDefend","theWildCard:BasicDefend","theWildCard:CallToAdventure+1","theWildCard:Unburden+1","theWildCard:Impatience+1","theWildCard:Salvation+1"],"relics":["theWildCard:VelvetContract","Meat on the Bone","Odd Mushroom"],"acts_visited":["Exordium"],"potions_floor_usage":[7,16],"damage_taken":[{"damage":2,"enemies":"Jaw Worm","floor":1,"turns":3},{"damage":2,"enemies":"2 Louse","floor":2,"turns":3},{"damage":0,"enemies":"Cultist","floor":7,"turns":2},{"damage":7,"enemies":"2 Fungi Beasts","floor":8,"turns":4},{"damage":26,"enemies":"The Mushroom Lair","floor":10,"turns":9},{"damage":29,"enemies":"Large Slime","floor":12,"turns":15},{"damage":5,"enemies":"Gremlin Gang","floor":14,"turns":9},{"damage":29,"enemies":"Hexaghost","floor":16,"turns":9}],"seed_played":"7651912286282391241","potions_obtained":[{"floor":2,"key":"SteroidPotion"},{"floor":10,"key":"Dexterity Potion"},{"floor":12,"key":"ColorlessPotion"}],"is_trial":false,"path_per_floor":["M","M","$","?","?","R","M","M","T","?","R","M","R","M","R","B"],"character_chosen":"THE_WILD_CARD","items_purchased":[],"campfire_rested":0,"item_purchase_floors":[],"current_hp_per_floor":[64,62,62,51,56,56,56,49,49,35,35,18,18,25,25,0,0],"gold":210,"neow_bonus":"TEN_PERCENT_HP_BONUS","is_daily":false,"chose_seed":false,"campfire_upgraded":4,"win_rate":0.0,"timestamp":1612388379,"path_taken":["M","M","$","?","?","R","M","?","T","?","R","M","R","M","R","BOSS"],"items_purchased_type":[],"build_version":"2020-12-22","purchased_purges":1,"victory":false,"max_hp_per_floor":[66,66,66,66,66,66,66,66,66,66,66,66,66,66,66,66,66],"card_choices":[{"not_picked":["theWildCard:SeveringSlash","theWildCard:StalwartBlade","theWildCard:Patience"],"picked":"SKIP","floor":1},{"not_picked":["theWildCard:StalwartBlade","theWildCard:BladeOfGenerations"],"picked":"theWildCard:ArcaneArts","floor":2},{"not_picked":["theWildCard:EnergyTheft","theWildCard:Scathach","theWildCard:Proficiency"],"picked":"SKIP","floor":7},{"not_picked":["theWildCard:EnergizedStroke","theWildCard:UnendingRitual"],"picked":"theWildCard:Unburden","floor":8},{"not_picked":["theWildCard:StingingStrike","theWildCard:PowerOfTheArcana"],"picked":"theWildCard:Impatience","floor":10},{"not_picked":["theWildCard:MagicalMight","theWildCard:ManOfManyFaces","theWildCard:ArcaneArts"],"picked":"SKIP","floor":12},{"not_picked":["theWildCard:ArcaneArts","theWildCard:UnderLockAndKey"],"picked":"theWildCard:Salvation","floor":14}],"player_experience":554229,"relics_obtained":[{"floor":9,"key":"Meat on the Bone"},{"floor":10,"key":"Odd Mushroom"}],"event_choices":[{"damage_healed":0,"gold_gain":75,"player_choice":"Gather Gold","damage_taken":11,"max_hp_gain":0,"max_hp_loss":0,"event_name":"World of Goop","floor":4,"gold_loss":0},{"cards_removed":["theWildCard:ArcaneArts"],"damage_healed":5,"gold_gain":0,"player_choice":"Offered Common","damage_taken":0,"max_hp_gain":0,"max_hp_loss":0,"event_name":"Bonfire Elementals","floor":5,"gold_loss":0},{"cards_removed":["theWildCard:ArcaneArts"],"damage_healed":5,"gold_gain":0,"player_choice":"Offered Special","damage_taken":0,"max_hp_gain":0,"max_hp_loss":0,"event_name":"Bonfire Elementals","floor":5,"gold_loss":0},{"damage_healed":0,"gold_gain":0,"player_choice":"Fought Mushrooms","damage_taken":0,"max_hp_gain":0,"max_hp_loss":0,"event_name":"Mushrooms","floor":10,"gold_loss":0}],"is_beta":false,"boss_relics":[],"items_purged_floors":[3],"is_endless":false,"potions_floor_spawned":[2,10,12],"killed_by":"Hexaghost","ascension_level":5}}