{"host":"6q94iy5iz6612v89","time":1612377555,"event":{"mods":["2.2 Compatiblity","AchievementEnabler","BaseMod","Colored Map","DeckTracker","Keyboard Shortcuts","Minty Spire (QoL Compilation)","Permanent Neow","StSLib","SuperFastMode"],"gold_per_floor":[114,124,136,61,74,74,74,99,99,115,115,129,129,29,29,104,104,116,128,143,18,34,66,66,86,162,162,177,209,209,221,221,295,295,306,156,167,182,7,39,39,69,69,69,99,111,111,111,111,111,111,111,111,111,143,143],"floor_reached":57,"language":"KOR","playtime":1855,"items_purged":["Strike_P","Strike_P","Vigilance","Defend_P","Defend_P"],"score":3493,"play_id":"bb382a11-6d65-4b3d-9c9f-995a9f011e87","local_time":"20210204033915","is_ascension_mode":true,"campfire_choices":[{"data":"Eruption","floor":6.0,"key":"SMITH"},{"floor":11.0,"key":"REST"},{"data":"Tantrum","floor":15.0,"key":"SMITH"},{"data":"MentalFortress","floor":24.0,"key":"SMITH"},{"floor":32.0,"key":"RECALL"},{"data":"Adaptation","floor":41,"key":"SMITH"},{"data":"Vault","floor":44,"key":"SMITH"},{"data":"FearNoEvil","floor":47,"key":"SMITH"},{"data":"Scrawl","floor":49,"key":"SMITH"},{"data":"InnerPeace","floor":53,"key":"SMITH"}],"circlet_count":0,"master_deck":["AscendersBane","Defend_P","Eruption+1","ClearTheMind","Protect","Adaptation+1","Tantrum+1","Adaptation","InnerPeace+1","Vault+1","MentalFortress+1","Scrawl+1","FearNoEvil+1"],"relics":["HolyWater","Bag of Preparation","Bottled Tornado","Mummified Hand","Sozu","Singing Bowl","Pen Nib","Oddly Smooth Stone","Darkstone Periapt","HornCleat","Bronze Scales","Happy Flower"],"acts_visited":["Exordium","TheCity","TheBeyond","TheEnding"],"potions_floor_usage":[],"damage_taken":[{"damage":9.0,"enemies":"2 Louse","floor":1.0,"turns":4.0},{"damage":0.0,"enemies":"Cultist","floor":2.0,"turns":2.0},{"damage":0.0,"enemies":"Jaw Worm","floor":3.0,"turns":4.0},{"damage":3.0,"enemies":"Lots of Slimes","floor":5.0,"turns":8.0},{"damage":35.0,"enemies":"3 Sentries","floor":8.0,"turns":9.0},{"damage":12.0,"enemies":"Gremlin Gang","floor":10.0,"turns":3.0},{"damage":0.0,"enemies":"Exordium Wildlife","floor":12.0,"turns":2.0},{"damage":0.0,"enemies":"Slime Boss","floor":16.0,"turns":5.0},{"damage":0.0,"enemies":"2 Thieves","floor":18.0,"turns":3.0},{"damage":9.0,"enemies":"Chosen","floor":19.0,"turns":6.0},{"damage":2.0,"enemies":"Snake Plant","floor":20.0,"turns":3.0},{"damage":0.0,"enemies":"Shelled Parasite and Fungi","floor":22.0,"turns":3.0},{"damage":0.0,"enemies":"Slavers","floor":23.0,"turns":5.0},{"damage":0.0,"enemies":"3 Cultists","floor":25.0,"turns":4.0},{"damage":0.0,"enemies":"Centurion and Healer","floor":28.0,"turns":2.0},{"damage":0.0,"enemies":"Gremlin Leader","floor":29.0,"turns":3.0},{"damage":18.0,"enemies":"Snake Plant","floor":31.0,"turns":5.0},{"damage":0.0,"enemies":"Automaton","floor":33.0,"turns":1.0},{"damage":0.0,"enemies":"Orb Walker","floor":35.0,"turns":1.0},{"damage":0.0,"enemies":"3 Darklings","floor":37.0,"turns":1.0},{"damage":0.0,"enemies":"Spire Growth","floor":38.0,"turns":2.0},{"damage":0,"enemies":"Giant Head","floor":40,"turns":1},{"damage":0,"enemies":"Nemesis","floor":42,"turns":1},{"damage":0,"enemies":"Giant Head","floor":45,"turns":1},{"damage":0,"enemies":"Jaw Worm Horde","floor":46,"turns":1},{"damage":3,"enemies":"Awakened One","floor":50,"turns":3},{"damage":0,"enemies":"Donu and Deca","floor":51,"turns":2},{"damage":0,"enemies":"Shield and Spear","floor":55,"turns":1},{"damage":64,"enemies":"The Heart","floor":56,"turns":5}],"seed_played":"4662674262478852788","potions_obtained":[{"floor":1.0,"key":"BottledMiracle"},{"floor":12.0,"key":"SteroidPotion"},{"floor":16.0,"key":"Ambrosia"}],"is_trial":false,"path_per_floor":["M","M","M","$","M","R","?","E","T","M","R","M","T","$","R","B",null,"M","M","M","$","M","E","R","M","T","?","M","E","?","M","R","B",null,"M","$","M","M","$","E","R","E","T","R","E","M","R","$","R","B","B",null,"R","$","E","B",null],"character_chosen":"WATCHER","items_purchased":[],"campfire_rested":1,"item_purchase_floors":[],"current_hp_per_floor":[52,52,52,52,49,49,49,14,14,2,22,22,22,22,22,22,57,57,48,46,46,46,48,48,50,50,50,52,54,54,36,36,38,68,70,70,72,72,72,74,74,76,76,76,78,80,80,80,80,77,77,87,87,87,89,25],"gold":143,"neow_bonus":"TRANSFORM_CARD","is_daily":false,"chose_seed":false,"campfire_upgraded":8,"win_rate":0.0,"timestamp":1612377555,"path_taken":["M","M","M","$","M","R","?","E","T","M","R","?","?","?","R","BOSS","M","?","M","$","?","E","R","M","T","?","M","E","?","?","R","BOSS","M","$","M","M","$","E","R","E","T","R","E","M","R","?","R","BOSS","BOSS","R","$","E","BOSS"],"items_purchased_type":[],"build_version":"2020-12-22","purchased_purges":5,"victory":true,"max_hp_per_floor":[68,68,68,68,68,68,68,68,68,68,68,68,68,68,68,68,68,68,68,68,68,68,70,70,72,72,72,74,76,76,76,76,78,78,80,80,82,82,82,84,84,86,86,86,88,90,90,90,90,90,90,90,90,90,92,92],"card_choices":[{"not_picked":["FearNoEvil","LikeWater"],"picked":"EmptyFist","floor":1.0},{"not_picked":["EmptyFist","Worship"],"picked":"Protect","floor":2.0},{"not_picked":["CarveReality","Swivel","PathToVictory"],"picked":"SKIP","floor":3.0},{"not_picked":["JustLucky","Worship"],"picked":"Adaptation","floor":5.0},{"not_picked":["Conclude","ForeignInfluence"],"picked":"Adaptation","floor":8.0},{"not_picked":["PathToVictory","Halt"],"picked":"InnerPeace","floor":10.0},{"not_picked":["EmptyFist","Vengeance","BowlingBash"],"picked":"SKIP","floor":12.0},{"not_picked":["Brilliance","Omniscience"],"picked":"Vault","floor":16.0},{"not_picked":["ForeignInfluence","Wireheading","Evaluate+1"],"picked":"SKIP","floor":18.0},{"not_picked":["WindmillStrike","LikeWater","Prostrate+1"],"picked":"SKIP","floor":19.0},{"not_picked":["SashWhip+1","BowlingBash","Prostrate"],"picked":"SKIP","floor":20.0},{"not_picked":["Consecrate+1","Prostrate"],"picked":"MentalFortress","floor":22.0},{"not_picked":["ClearTheMind","FlyingSleeves","SashWhip"],"picked":"Singing Bowl","floor":23.0},{"not_picked":["PathToVictory","JustLucky","BowlingBash"],"picked":"Singing Bowl","floor":25.0},{"not_picked":["FlurryOfBlows","SandsOfTime","EmptyBody+1"],"picked":"Singing Bowl","floor":28.0},{"not_picked":["BattleHymn","WheelKick","Tantrum"],"picked":"Singing Bowl","floor":29.0},{"not_picked":["FlyingSleeves","BowlingBash"],"picked":"Scrawl","floor":31.0},{"not_picked":["Brilliance","Scrawl","Establishment"],"picked":"Singing Bowl","floor":33.0},{"not_picked":["PathToVictory","WindmillStrike","Crescendo+1"],"picked":"Singing Bowl","floor":35.0},{"not_picked":["FollowUp","Swivel","ClearTheMind"],"picked":"Singing Bowl","floor":37.0},{"not_picked":["FollowUp","Wireheading"],"picked":"FearNoEvil","floor":38},{"not_picked":["FearNoEvil","CrushJoints","Pray"],"picked":"Singing Bowl","floor":40},{"not_picked":["Ragnarok","ThirdEye+1","Swivel"],"picked":"Singing Bowl","floor":42},{"not_picked":["WreathOfFlame+1","Collect+1","WindmillStrike"],"picked":"Singing Bowl","floor":45},{"not_picked":["DeceiveReality","EmptyMind+1","ClearTheMind"],"picked":"Singing Bowl","floor":46},{"not_picked":["Vengeance","FlurryOfBlows","MentalFortress+1"],"picked":"Singing Bowl","floor":55}],"player_experience":1457861,"relics_obtained":[{"floor":8.0,"key":"Bag of Preparation"},{"floor":9.0,"key":"Bottled Tornado"},{"floor":13.0,"key":"Mummified Hand"},{"floor":23.0,"key":"Singing Bowl"},{"floor":29.0,"key":"Pen Nib"},{"floor":40,"key":"Oddly Smooth Stone"},{"floor":42,"key":"Darkstone Periapt"},{"floor":43,"key":"HornCleat"},{"floor":45,"key":"Bronze Scales"},{"floor":55,"key":"Happy Flower"}],"event_choices":[{"damage_healed":0.0,"max_hp_gain":0.0,"max_hp_loss":0.0,"gold_gain":0.0,"cards_transformed":["Strike_P"],"event_name":"Transmorgrifier","player_choice":"Transformed","floor":7.0,"gold_loss":0.0,"damage_taken":0.0,"cards_obtained":["Tantrum"]},{"cards_removed":["Defend_P"],"damage_healed":0.0,"max_hp_gain":0.0,"max_hp_loss":0.0,"gold_gain":0.0,"event_name":"Back to Basics","player_choice":"Elegance","floor":27.0,"gold_loss":0.0,"damage_taken":0.0},{"cards_removed":["EmptyFist"],"damage_healed":0.0,"max_hp_gain":0.0,"max_hp_loss":0.0,"gold_gain":0.0,"event_name":"Purifier","player_choice":"Purged","floor":30.0,"gold_loss":0.0,"damage_taken":0.0}],"is_beta":false,"boss_relics":[{"not_picked":["Cursed Key","Runic Dome"],"picked":"Sozu"},{"not_picked":["Snecko Eye","Fusion Hammer"],"picked":"HolyWater"}],"items_purged_floors":[4,14,21,36,39],"is_endless":false,"potions_floor_spawned":[1,12,16,20,22,23,29,33,35,37,40,55],"ascension_level":20}}