{"host":"0m8zx4nh2snqg8t8","time":1612395322,"event":{"mods":["BaseMod","Colored Map","Hermit","Infinite Spire","Jorbs\u0027s Wanderer Trilogy","Minty Spire (QoL Compilation)","Replay The Spire","StSLib","The Cursed","The Jungle"],"gold_per_floor":[109,109,125,141,141,166,178,196,251,267,301,311,331,347,347,347,347],"floor_reached":16,"language":"ENG","playtime":697,"items_purged":[],"score":148,"play_id":"d4135e5d-e8f8-4813-9486-ca430b121f68","local_time":"20210203153522","is_ascension_mode":true,"campfire_choices":[{"data":"ReplayTheSpireMod:Muscle Training","floor":15,"key":"SMITH"}],"circlet_count":0,"master_deck":["Strike_R","Strike_R","Strike_R","Strike_R","Defend_R","Defend_R","Defend_R","Defend_R","Bash+1","Power Through","Heavy Blade","Pummel","Rage","Sword Boomerang","ReplayTheSpireMod:Muscle Training+1","Offering","Uppercut","Hemokinesis","Feel No Pain","ReplayReversal"],"relics":["Burning Blood","NeowsBlessing","Vajra","Replay:Baseball","infinitespire:Eraser"],"acts_visited":["Exordium"],"potions_floor_usage":[6,7,8,16,16],"damage_taken":[{"damage":0,"enemies":"2 Louse","floor":1,"turns":1},{"damage":0,"enemies":"infinitespire:Voidling","floor":3,"turns":1},{"damage":0,"enemies":"Jaw Worm","floor":4,"turns":1},{"damage":20,"enemies":"Gremlin Nob","floor":6,"turns":5},{"damage":14,"enemies":"Gremlin Gang","floor":7,"turns":4},{"damage":1,"enemies":"Large Slime","floor":8,"turns":4},{"damage":1,"enemies":"3 Louse","floor":10,"turns":2},{"damage":9,"enemies":"Replay:BlueRogue","floor":11,"turns":4},{"damage":10,"enemies":"Exordium Thugs","floor":12,"turns":3},{"damage":6,"enemies":"Looter","floor":13,"turns":2},{"damage":3,"enemies":"2 Fungi Beasts","floor":14,"turns":3},{"damage":74,"enemies":"Fading Forest","floor":16,"turns":7}],"seed_played":"-6285665807903800037","potions_obtained":[{"floor":3,"key":"Flashbang"},{"floor":4,"key":"DuplicationPotion"},{"floor":7,"key":"AttackPotion"},{"floor":13,"key":"PowerPotion"},{"floor":14,"key":"Swift Potion"}],"is_trial":false,"path_per_floor":["M","?","M","M","?","E","M","M","T","M","E","M","M","M","R_BF","B"],"character_chosen":"IRONCLAD","items_purchased":[],"campfire_rested":0,"item_purchase_floors":[],"current_hp_per_floor":[80,80,80,80,80,66,58,63,63,68,65,61,61,64,64,0,0],"gold":347,"neow_bonus":"THREE_ENEMY_KILL","is_daily":false,"chose_seed":false,"campfire_upgraded":1,"win_rate":0.0,"timestamp":1612395322,"path_taken":["M","?","?","M","?","E","M","M","T","M","E","M","M","M","R_BF","BOSS"],"items_purchased_type":[],"build_version":"2020-12-22","purchased_purges":0,"victory":false,"max_hp_per_floor":[80,80,80,80,80,80,80,80,80,80,80,80,80,80,80,80,80],"card_choices":[{"not_picked":["Clash","ReplayTheSpireMod:Strike From Hell"],"picked":"Power Through","floor":1},{"not_picked":["Wild Strike","Perfected Strike"],"picked":"Heavy Blade","floor":3},{"not_picked":["Iron Wave","Twin Strike"],"picked":"Pummel","floor":4},{"not_picked":["Run Through","Fire Breathing"],"picked":"Sword Boomerang","floor":6},{"not_picked":["Run Through","Sword Boomerang"],"picked":"ReplayTheSpireMod:Muscle Training","floor":7},{"not_picked":["Pommel Strike","ReplayTheSpireMod:Strike From Hell"],"picked":"Offering","floor":8},{"not_picked":["Evolve","Clothesline"],"picked":"Uppercut","floor":10},{"not_picked":["Inflame","ReplayTheSpireMod:Muscle Training"],"picked":"Hemokinesis","floor":11},{"not_picked":["Iron Wave","Sword Boomerang","Twin Strike"],"picked":"SKIP","floor":12},{"not_picked":["Hemogenesis","Dropkick"],"picked":"Feel No Pain","floor":13},{"not_picked":["ReplayTheSpireMod:Stacked","ReplayTheSpireMod:Strike From Hell"],"picked":"ReplayReversal","floor":14}],"player_experience":320019,"relics_obtained":[{"floor":6,"key":"Vajra"},{"floor":9,"key":"Replay:Baseball"},{"floor":11,"key":"infinitespire:Eraser"}],"event_choices":[{"damage_healed":0,"gold_gain":0,"player_choice":"Forge","damage_taken":0,"max_hp_gain":0,"max_hp_loss":0,"event_name":"Accursed Blacksmith","floor":2,"gold_loss":0,"cards_upgraded":["Bash"]},{"damage_healed":0,"gold_gain":0,"cards_transformed":["Strike_R"],"player_choice":"Transformed","damage_taken":0,"max_hp_gain":0,"max_hp_loss":0,"event_name":"Transmorgrifier","floor":5,"gold_loss":0,"cards_obtained":["Rage"]}],"is_beta":false,"boss_relics":[],"items_purged_floors":[],"is_endless":false,"potions_floor_spawned":[3,4,7,13,14],"killed_by":"Fading Forest","ascension_level":5}}