{"host":"xc18ixkpjvqrt8st","time":1612364851,"event":{"mods":["Act Like it!","BaseMod","Better Match","Better Third Choice","Conspire","Downfall","Hallownest","Hermit","Hubris","Infinite Spire","JesterMod","Minty Spire (QoL Compilation)","Reliquary","Replay The Spire","Robot Space Explorer","Shop Mod","Spicy Shops","Spire Arcade","StSLib","The Animator","The Edgeheg","The Jungle","The Marked","The Sage"],"gold_per_floor":[225,225,237,174,174,174,200,210,261,288,288,52,64,94,94,193,193,209,239,239,239,17,17,43,43,70,87,97,97,112,112,112,208,208,227,277,507,170,207,207,217,298,298,298,298,298,298],"floor_reached":46,"language":"ENG","playtime":3040,"items_purged":[],"score":618,"play_id":"675c885c-143d-4bc7-98f5-dfa602d18d22","local_time":"20210203090731","is_ascension_mode":true,"campfire_choices":[{"floor":6.0,"key":"RECALL"},{"data":"animator:Rena","floor":11.0,"key":"SMITH"},{"floor":13.0,"key":"REST"},{"data":"animator:MisakiNakahara","floor":15.0,"key":"SMITH"},{"data":"animator:HarukoHaruhara","floor":23.0,"key":"SMITH"},{"data":"animator:EmiyaShirou","floor":40,"key":"SMITH"},{"data":"hubris:Fate","floor":44,"key":"SMITH"}],"circlet_count":0,"master_deck":["animator:Strike_Fate","animator:Defend_Fate","animator:Strike","animator:Strike","animator:Strike","animator:Defend","animator:Defend","animator:Defend","animator:Alexander","animator:Rider","animator:Raven","animator:RoyMustang","animator:Benimaru+1","animator:Eris+1","animator:Eris","animator:Rena+1","animator:Vanir","animator:GazelDwargon","animator:Shuna+1","animator:HarukoHaruhara+1","animator:MisakiNakahara+1","animator:LimeBell","animator:Verdia","animator:Caster","animator:SwordMaiden","animator:Witch","animator:Ara","hubris:Fate+1","animator:RinTohsaka","Pot Of Greed","Pot Of Greed","Pot Of Greed","animator:PinaCoLada","animator:Priestess","animator:LizardPriest","animator:SakuraMatou+1","Writhe","animator:Shizu","animator:Aqua","Pot Of Greed","animator:Ciel+1","animator:Archer","animator:EmiyaShirou+1","animator:Mitsurugi","animator:Shuna","animator:Ara+1","infinitespire:Execution","animator:Strike","animator:Hakurou","animator:WinryRockbell","animator:Wiz","animator:MisakiNakahara","downfall:Bewildered","infinitespire:Punishment","hubris:Rewind"],"relics":["hermit:PetGhost","Hallownest:KingsIdolRelic","hubris:MedicalManual","Guardian:ModeShifterPlus","animator:Rinne","sneckomod:SuperSneckoSoul","Slimebound:AbsorbEndCombat","Pocketwatch","downfall:GremlinSack","hubris:KleinBottle","Mark of Pain","Calipers","Cauldron","Ring of Fangs","infinitespire:Chaos"],"acts_visited":["Exordium","TheCity","TheBeyond"],"potions_floor_usage":[36],"damage_taken":[{"damage":6.0,"enemies":"Small Slimes","floor":1.0,"turns":5.0},{"damage":0.0,"enemies":"2 Louse","floor":3.0,"turns":4.0},{"damage":8.0,"enemies":"3 Sentries","floor":7.0,"turns":6.0},{"damage":0.0,"enemies":"Cultist","floor":8.0,"turns":3.0},{"damage":21.0,"enemies":"Lagavulin","floor":10.0,"turns":7.0},{"damage":0.0,"enemies":"3 Louse","floor":14.0,"turns":4.0},{"damage":23.0,"enemies":"The Guardian","floor":16.0,"turns":12.0},{"damage":6.0,"enemies":"Spheric Guardian","floor":18.0,"turns":6.0},{"damage":18.0,"enemies":"2 Thieves","floor":19.0,"turns":5.0},{"damage":2.0,"enemies":"Centurion and Healer","floor":21.0,"turns":5.0},{"damage":1.0,"enemies":"Book of Stabbing","floor":24.0,"turns":2.0},{"damage":9.0,"enemies":"Snake Plant","floor":27.0,"turns":7.0},{"damage":15.0,"enemies":"Snecko","floor":28.0,"turns":8.0},{"damage":3.0,"enemies":"Sentry and Sphere","floor":30.0,"turns":5.0},{"damage":6.0,"enemies":"conspire:MysteriousRune","floor":33.0,"turns":10.0},{"damage":37,"enemies":"3 Darklings","floor":35,"turns":8},{"damage":0,"enemies":"Mind Bloom Boss Battle","floor":36,"turns":8},{"damage":9,"enemies":"3 Shapes","floor":39,"turns":5},{"damage":0,"enemies":"Spire Growth","floor":41,"turns":6},{"damage":4,"enemies":"4 Shapes","floor":46,"turns":1}],"seed_played":"712048074389553634","potions_obtained":[{"floor":1.0,"key":"Block Potion"},{"floor":7.0,"key":"SmokeBomb"},{"floor":8.0,"key":"Ancient Potion"},{"floor":18.0,"key":"ColorlessPotion"},{"floor":28.0,"key":"hexamod:SoulburnPotion"},{"floor":36,"key":"ColorlessPotion"},{"floor":37,"key":"Flashbang"},{"floor":41,"key":"SpeedPotion"},{"floor":45,"key":"AttackPotion"}],"is_trial":false,"path_per_floor":["M","?","M","?","?","R","E","M","T","E","R","$","R","M","R","B",null,"M","M","AVR","M","$","R","E","?","T","M","M","?","M","?","R","B",null,"M","?","?","$","M","R","M","?","T","R","AVR","M"],"character_chosen":"THE_ANIMATOR","items_purchased":["ReplayTheSpireMod:ShopPack","animator:GazelDwargon","animator:Shuna+1","Vajra","animator:RinTohsaka","ReplayTheSpireMod:TigerMarble","animator:Archer","animator:EmiyaShirou"],"campfire_rested":1,"item_purchase_floors":[12,12,12,22,22,38,38,38],"current_hp_per_floor":[60,60,60,60,60,60,58,67,67,56,56,56,68,68,68,45,68,62,53,53,60,60,60,59,59,59,59,50,68,66,66,66,68,69,42,63,63,63,71,71,71,71,71,71,71,67,67],"gold":298,"neow_bonus":"HUNDRED_GOLD","is_daily":false,"chose_seed":false,"campfire_upgraded":5,"win_rate":0.0,"timestamp":1612364851,"path_taken":["M","?","M","?","?","R","E","?","T","E","R","$","R","M","R","BOSS","M","M","AVR","M","$","R","E","?","T","M","M","?","?","?","R","BOSS","M","?","?","$","M","R","M","?","T","R","AVR","?"],"items_purchased_type":["Relic","Card","Card","Relic","Card","Relic","Card","Card"],"build_version":"2020-12-22","purchased_purges":0,"victory":false,"max_hp_per_floor":[66,66,66,66,66,66,66,67,67,68,68,68,68,68,68,68,68,68,68,68,68,68,68,68,68,68,68,68,68,69,69,69,69,69,70,71,71,71,71,71,71,71,71,71,71,71,71],"card_choices":[{"not_picked":["animator:Alexander","animator:Add"],"picked":"animator:Raven","floor":1.0},{"not_picked":["animator:YaoHaDucy","animator:Gluttony"],"picked":"animator:RoyMustang","floor":3.0},{"not_picked":["animator:Raven+1","animator:Verdia+1"],"picked":"animator:Benimaru+1","floor":4.0},{"not_picked":["animator:Envy+1","animator:Elesis+1"],"picked":"animator:Eris+1","floor":4.0},{"not_picked":["animator:Pride","animator:Ain"],"picked":"animator:Eris","floor":7.0},{"not_picked":["animator:Ara","animator:Ain"],"picked":"animator:Rena","floor":8.0},{"not_picked":["animator:Rimuru","animator:ElricAlphonse"],"picked":"animator:Vanir","floor":10.0},{"not_picked":["animator:TakanashiRikka","animator:Lelouch"],"picked":"animator:HarukoHaruhara","floor":12.0},{"not_picked":["animator:TakanashiRikka","animator:Magilou"],"picked":"animator:MisakiNakahara","floor":12.0},{"not_picked":["animator:TakanashiRikka","animator:Magilou"],"picked":"animator:LimeBell","floor":12.0},{"not_picked":["animator:Spearman","animator:Scar"],"picked":"animator:Verdia","floor":13.0},{"not_picked":["animator:Benimaru","animator:Rider"],"picked":"animator:Caster","floor":14.0},{"not_picked":["animator:Rimuru","animator:Wiz"],"picked":"animator:SwordMaiden","floor":16.0},{"not_picked":["animator:Vanir+1","animator:ElricEdward"],"picked":"animator:Witch","floor":18.0},{"not_picked":["animator:Raven","animator:Ain"],"picked":"animator:Ara","floor":19.0},{"not_picked":["animator:YunYun","animator:Shuna"],"picked":"animator:PinaCoLada","floor":24.0},{"not_picked":["animator:Laby+1","animator:Spearman"],"picked":"animator:Priestess","floor":27.0},{"not_picked":["animator:SwordMaiden","animator:Spearman"],"picked":"animator:LizardPriest","floor":28.0},{"not_picked":["animator:Assassin","animator:Sloth"],"picked":"animator:SakuraMatou+1","floor":30.0},{"not_picked":["animator:Wiz","animator:GoblinSlayer"],"picked":"animator:Shizu","floor":33.0},{"not_picked":["animator:Shion","animator:Millim+1"],"picked":"animator:Aqua","floor":35},{"not_picked":["animator:Megumin","animator:Rena"],"picked":"animator:Ciel+1","floor":36},{"not_picked":["animator:WinryRockbell","animator:Aisha"],"picked":"animator:Mitsurugi","floor":39},{"not_picked":["animator:Souei","animator:Hakurou"],"picked":"animator:Shuna","floor":41},{"not_picked":["animator:GazelDwargon","animator:Spearman+1"],"picked":"animator:Ara+1","floor":42},{"not_picked":["infinitespire:Collect","infinitespire:Menacing"],"picked":"infinitespire:Punishment","floor":45}],"player_experience":696701,"relics_obtained":[{"floor":7.0,"key":"reliquary:PrincelyHelmet"},{"floor":9.0,"key":"Replay:Baseball"},{"floor":10.0,"key":"Dream Catcher"},{"floor":24.0,"key":"Grinning Jar"},{"floor":36,"key":"Replay:Towering Pillar of Hats"},{"floor":42,"key":"reliquary:Knoch"}],"event_choices":[{"damage_healed":0.0,"max_hp_gain":0.0,"max_hp_loss":0.0,"gold_gain":0.0,"event_name":"conspire:LoneGhost","player_choice":"Disagree","floor":2.0,"gold_loss":0.0,"damage_taken":0.0},{"damage_healed":0.0,"max_hp_gain":0.0,"max_hp_loss":0.0,"gold_gain":0.0,"event_name":"betterMatch:BetterMatch","player_choice":"2","floor":4.0,"gold_loss":0.0,"damage_taken":0.0,"cards_obtained":["betterMatch:CommonCard","betterMatch:RareCard"]},{"damage_healed":0.0,"max_hp_gain":0.0,"max_hp_loss":0.0,"gold_gain":0.0,"event_name":"Purifier","player_choice":"Ignored","floor":5.0,"gold_loss":0.0,"damage_taken":0.0},{"damage_healed":18.0,"max_hp_gain":0.0,"max_hp_loss":0.0,"gold_gain":0.0,"event_name":"Wheel of Change","player_choice":"Full Heal","floor":29.0,"gold_loss":0.0,"damage_taken":0.0},{"damage_healed":0.0,"max_hp_gain":0.0,"max_hp_loss":0.0,"gold_gain":0.0,"event_name":"The Mausoleum","player_choice":"Opened","floor":32.0,"gold_loss":0.0,"damage_taken":0.0,"relics_obtained":["infinitespire:Satchel"],"cards_obtained":["Writhe"]},{"damage_healed":0,"gold_gain":0,"player_choice":"Fight","damage_taken":0,"max_hp_gain":0,"max_hp_loss":0,"event_name":"MindBloom","floor":36,"gold_loss":0}],"is_beta":false,"boss_relics":[{"not_picked":["Replay:Bronze Core","bronze:MakeshiftBattery"],"picked":"Replay:Fungal Core"},{"not_picked":["Busted Crown","conspire:RunicOctahedron","animator:RacePiece"]}],"items_purged_floors":[],"is_endless":false,"potions_floor_spawned":[1,7,8,18,21,28,36,41],"killed_by":"4 Shapes","ascension_level":2}}