{"host":"xp5rvh2jwe2ejyfm","time":1612327189,"event":{"mods":["Aspiration","BaseMod","BetterRewards","Colored Powertips","Conspire","Downfall","Duelist Mod","GifTheSpireLib","Gremlin Mod","Hermit","Hubris","Minty Spire (QoL Compilation)","Robot Space Explorer","StSLib","The Blackbeard","The Clintock","The Construct","The Cursed","The Disciple","The Forsaken","The Hierophant","The Necromancer","The Runesmith","The Servant 0.9.4"],"gold_per_floor":[116,135,135,152,152,152,166,192,245,255,110,129,129,144,144,239,239,277,66,47,47,47,78,78,130,153,183,203,223,235,14,14,142,142,157,157,170,189,204,204,221,11,56,56,56,76,107,107,107],"floor_reached":48,"language":"ENG","playtime":2051,"items_purged":["conspire:Blindness"],"score":706,"play_id":"f69baa47-0c0d-4d8b-92e2-07f7e1d14b92","local_time":"20210202233949","is_ascension_mode":false,"campfire_choices":[{"floor":6,"key":"REST"},{"floor":13,"key":"REST"},{"floor":15,"key":"RECALL"},{"floor":24,"key":"REST"},{"floor":32,"key":"REST"},{"floor":40,"key":"REST"},{"data":"Transmutation","floor":45,"key":"SMITH"}],"circlet_count":0,"master_deck":["RobotSpaceExplorer:Strike","RobotSpaceExplorer:Strike","RobotSpaceExplorer:Strike","RobotSpaceExplorer:Strike","RobotSpaceExplorer:Defend","RobotSpaceExplorer:Defend","RobotSpaceExplorer:Defend","RobotSpaceExplorer:Defend","RobotSpaceExplorer:Scan","RobotSpaceExplorer:MiniLasers","Transmutation+1","RobotSpaceExplorer:StunGrenade","RobotSpaceExplorer:SurgingShield","RobotSpaceExplorer:StunGrenade","RobotSpaceExplorer:MiniDrones","RobotSpaceExplorer:TrailblazerForm","RobotSpaceExplorer:MiniDrones","RobotSpaceExplorer:StunGrenade","RobotSpaceExplorer:MiniDrones","RobotSpaceExplorer:Probe","RobotSpaceExplorer:Pulsar","RobotSpaceExplorer:PowerGlove","RobotSpaceExplorer:ChargingLaser","RobotSpaceExplorer:Comet","RobotSpaceExplorer:MiniDrones","RobotSpaceExplorer:StarLightning","RobotSpaceExplorer:Discharger","RobotSpaceExplorer:GlueShot+1","RobotSpaceExplorer:SurgingShield","RobotSpaceExplorer:Reload+1","RobotSpaceExplorer:Pulsar","RobotSpaceExplorer:Electropulse","RobotSpaceExplorer:TrailblazerForm","RobotSpaceExplorer:MiniBoosters+1","RobotSpaceExplorer:FreezeRay","RobotSpaceExplorer:FreezeRay","RobotSpaceExplorer:Comet","RobotSpaceExplorer:StarLightning+1","Madness","Madness","Ball Lightning","RobotSpaceExplorer:StarLightning","Parasite","RobotSpaceExplorer:FreezeRay","RobotSpaceExplorer:Reload","RobotSpaceExplorer:PowerGlove","conspire:Banana","RobotSpaceExplorer:MiniDrones+1","RobotSpaceExplorer:DroneSwarm"],"relics":["RobotSpaceExplorer:RoboCore","aspiration:FrozenJewel","RobotSpaceExplorer:SlideRule","Matryoshka","Orichalcum","MealTicket","conspire:SpecialSausage","Blue Candle","Vajra","War Paint","RobotSpaceExplorer:BottledGravity","theForsaken:Lifeblossom","aspiration:DefectSkillbook","Membership Card","aspiration:HiddenCompartment","Toy Ornithopter"],"acts_visited":["Exordium","TheCity","TheBeyond"],"potions_floor_usage":[8,14,16,20,23,30,41,47],"damage_taken":[{"damage":1,"enemies":"2 Louse","floor":1,"turns":3},{"damage":16,"enemies":"conspire:RoseBush","floor":2,"turns":3},{"damage":2,"enemies":"Cultist","floor":4,"turns":5},{"damage":21,"enemies":"Gremlin Gang","floor":7,"turns":4},{"damage":9,"enemies":"Gremlin Nob","floor":8,"turns":5},{"damage":0,"enemies":"Blue Slaver","floor":10,"turns":2},{"damage":0,"enemies":"Exordium Wildlife","floor":12,"turns":2},{"damage":0,"enemies":"Exordium Thugs","floor":14,"turns":3},{"damage":41,"enemies":"The Guardian","floor":16,"turns":11},{"damage":15,"enemies":"Spheric Guardian","floor":18,"turns":6},{"damage":0,"enemies":"2 Thieves","floor":20,"turns":5},{"damage":20,"enemies":"theDuelist:KaibaA2","floor":23,"turns":6},{"damage":6,"enemies":"conspire:SneckoGhost","floor":27,"turns":7},{"damage":18,"enemies":"3 Cultists","floor":28,"turns":5},{"damage":5,"enemies":"Chosen and Byrds","floor":29,"turns":6},{"damage":2,"enemies":"Snecko","floor":30,"turns":6},{"damage":28,"enemies":"Automaton","floor":33,"turns":10},{"damage":2,"enemies":"Orb Walker","floor":35,"turns":4},{"damage":23,"enemies":"3 Darklings","floor":37,"turns":4},{"damage":0,"enemies":"Maw","floor":38,"turns":7},{"damage":3,"enemies":"Writhing Mass","floor":39,"turns":6},{"damage":6,"enemies":"Jaw Worm Horde","floor":41,"turns":5},{"damage":19,"enemies":"3 Darklings","floor":46,"turns":5},{"damage":47,"enemies":"Nemesis","floor":47,"turns":6},{"damage":28,"enemies":"Spire Growth","floor":48,"turns":4}],"seed_played":"-4511995377856251125","potions_obtained":[{"floor":7,"key":"champ:CounterPotion"},{"floor":8,"key":"DuplicationPotion"},{"floor":12,"key":"Explosive Potion"},{"floor":16,"key":"Weak Potion"},{"floor":20,"key":"Explosive Potion"},{"floor":23,"key":"DuplicationPotion"},{"floor":29,"key":"champ:CounterPotion"},{"floor":39,"key":"SkillPotion"},{"floor":41,"key":"LiquidBronze"}],"is_trial":false,"path_per_floor":["M","M","?","M","?","R","M","E","T","M","$","M","R","M","R","B",null,"M","$","M","?","$","E","R","T","T","E","M","M","M","$","R","B",null,"M","?","M","M","M","R","M","$","T","$","R","M","E","M"],"character_chosen":"RobotSpaceExplorer","items_purchased":["aspiration:FrozenJewel","RobotSpaceExplorer:SlideRule","Transmutation","RobotSpaceExplorer:StunGrenade","RobotSpaceExplorer:Probe","RobotSpaceExplorer:Pulsar","RobotSpaceExplorer:StarLightning","RobotSpaceExplorer:Discharger","RobotSpaceExplorer:GlueShot","RobotSpaceExplorer:SurgingShield","theForsaken:Lifeblossom","RobotSpaceExplorer:FreezeRay","Membership Card","RobotSpaceExplorer:PowerGlove","conspire:Banana"],"campfire_rested":5,"item_purchase_floors":[0,0,0,0,11,11,19,19,19,19,31,31,42,42,42],"current_hp_per_floor":[52,36,36,34,34,56,35,26,26,26,41,41,63,63,63,22,75,60,75,75,75,75,55,75,75,75,69,51,46,44,59,75,48,75,74,65,48,54,57,75,69,75,75,75,75,60,20,0,0],"gold":107,"neow_bonus":"","is_daily":false,"chose_seed":false,"campfire_upgraded":1,"win_rate":0.0,"timestamp":1612327189,"path_taken":["M","M","?","M","?","R","?","E","T","M","$","M","R","M","R","BOSS","M","$","?","?","$","E","R","?","T","E","M","?","M","$","R","BOSS","M","?","M","M","M","R","M","$","T","$","R","M","E","M"],"items_purchased_type":["Relic","Relic","Card","Card","Card","Card","Card","Card","Card","Card","Relic","Card","Relic","Card","Card"],"build_version":"2020-12-22","purchased_purges":1,"victory":false,"max_hp_per_floor":[75,75,75,75,75,75,75,75,75,75,75,75,75,75,75,75,75,75,75,75,75,75,75,75,75,75,75,75,75,75,75,75,75,75,75,75,75,75,75,75,75,75,75,75,75,76,77,77,77],"card_choices":[{"not_picked":["RobotSpaceExplorer:ScrapMissile","RobotSpaceExplorer:Reload"],"picked":"RobotSpaceExplorer:SurgingShield","floor":1},{"not_picked":["RobotSpaceExplorer:Counterblock","RobotSpaceExplorer:Probe"],"picked":"RobotSpaceExplorer:StunGrenade","floor":2},{"not_picked":["RobotSpaceExplorer:SurgingStrike","RobotSpaceExplorer:LuckyStrike"],"picked":"RobotSpaceExplorer:MiniDrones","floor":4},{"not_picked":["RobotSpaceExplorer:Counterblock","RobotSpaceExplorer:Probe"],"picked":"RobotSpaceExplorer:MiniDrones","floor":7},{"not_picked":["RobotSpaceExplorer:Electroshield","RobotSpaceExplorer:Pulsar"],"picked":"RobotSpaceExplorer:StunGrenade","floor":8},{"not_picked":["RobotSpaceExplorer:FrostMissile","RobotSpaceExplorer:ShovelStrike"],"picked":"RobotSpaceExplorer:MiniDrones","floor":10},{"not_picked":["RobotSpaceExplorer:SwiftStep","RobotSpaceExplorer:SurgingStrike"],"picked":"RobotSpaceExplorer:PowerGlove","floor":12},{"not_picked":["RobotSpaceExplorer:ImprovisedAttack","RobotSpaceExplorer:ScrapMissile"],"picked":"RobotSpaceExplorer:ChargingLaser","floor":14},{"not_picked":["RobotSpaceExplorer:BlastShield","RobotSpaceExplorer:Explosion"],"picked":"RobotSpaceExplorer:Comet","floor":16},{"not_picked":["RobotSpaceExplorer:SwiftStep","RobotSpaceExplorer:TurboDodge+1"],"picked":"RobotSpaceExplorer:MiniDrones","floor":18},{"not_picked":["RobotSpaceExplorer:SwiftStep","RobotSpaceExplorer:Ammunition"],"picked":"RobotSpaceExplorer:Reload","floor":20},{"not_picked":["RobotSpaceExplorer:StunGrenade","RobotSpaceExplorer:IronShell+1"],"picked":"RobotSpaceExplorer:Pulsar","floor":23},{"not_picked":["RobotSpaceExplorer:SlimeMissile+1","RobotSpaceExplorer:ShovelStrike"],"picked":"RobotSpaceExplorer:Electropulse","floor":27},{"not_picked":["RobotSpaceExplorer:Counterblock","RobotSpaceExplorer:ShovelStrike"],"picked":"RobotSpaceExplorer:TrailblazerForm","floor":28},{"not_picked":["RobotSpaceExplorer:SlimeMissile","RobotSpaceExplorer:Ammunition"],"picked":"RobotSpaceExplorer:MiniBoosters+1","floor":29},{"not_picked":["RobotSpaceExplorer:ScrapShield","RobotSpaceExplorer:Electroshield"],"picked":"RobotSpaceExplorer:FreezeRay","floor":30},{"not_picked":["RobotSpaceExplorer:Blaster","RobotSpaceExplorer:Multitool"],"picked":"RobotSpaceExplorer:Comet","floor":33},{"not_picked":["RobotSpaceExplorer:Jetpack","RobotSpaceExplorer:LaserBurst+1","RobotSpaceExplorer:PlasmaMissile"],"picked":"RobotSpaceExplorer:StarLightning+1","floor":35},{"not_picked":["RobotSpaceExplorer:BigMissile+1","conspire:SharedLibrary+1","RobotSpaceExplorer:SwiftStep+1"],"picked":"Ball Lightning","floor":37},{"not_picked":["RobotSpaceExplorer:GearShield","RobotSpaceExplorer:SurgingStrike+1","Barrage"],"picked":"RobotSpaceExplorer:StarLightning","floor":38},{"not_picked":["RobotSpaceExplorer:ImprovisedAttack","Hologram","Skim"],"picked":"RobotSpaceExplorer:FreezeRay","floor":39},{"not_picked":["RobotSpaceExplorer:MiniDrones","RobotSpaceExplorer:SurgingShield","RobotSpaceExplorer:Counterblock+1"],"picked":"RobotSpaceExplorer:Reload","floor":41},{"not_picked":["RobotSpaceExplorer:SurgingStrike+1","RobotSpaceExplorer:ImprovisedAttack","Heatsinks"],"picked":"RobotSpaceExplorer:MiniDrones+1","floor":46},{"not_picked":["RobotSpaceExplorer:ScrapMissile+1","RobotSpaceExplorer:MetalStrike","Leap+1"],"picked":"RobotSpaceExplorer:DroneSwarm","floor":47}],"player_experience":389796,"relics_obtained":[{"floor":8,"key":"Matryoshka"},{"floor":9,"key":"Orichalcum"},{"floor":9,"key":"MealTicket"},{"floor":23,"key":"Blue Candle"},{"floor":25,"key":"Vajra"},{"floor":26,"key":"War Paint"},{"floor":27,"key":"RobotSpaceExplorer:BottledGravity"},{"floor":43,"key":"aspiration:HiddenCompartment"},{"floor":47,"key":"Toy Ornithopter"}],"event_choices":[{"damage_healed":0,"gold_gain":0,"player_choice":"Disagree","damage_taken":0,"max_hp_gain":0,"max_hp_loss":0,"event_name":"conspire:LoneGhost","floor":3,"gold_loss":0},{"damage_healed":0,"gold_gain":0,"player_choice":"2 cards matched","damage_taken":0,"max_hp_gain":0,"max_hp_loss":0,"event_name":"Match and Keep!","floor":5,"gold_loss":0,"cards_obtained":["conspire:Blindness","RobotSpaceExplorer:TrailblazerForm"]},{"damage_healed":0,"gold_gain":0,"player_choice":"Ignored","damage_taken":0,"max_hp_gain":0,"max_hp_loss":0,"event_name":"Ghosts","floor":21,"gold_loss":0},{"damage_healed":0,"gold_gain":0,"player_choice":"Embrace Madness","damage_taken":9,"max_hp_gain":0,"max_hp_loss":0,"event_name":"Winding Halls","floor":36,"gold_loss":0,"cards_obtained":["Madness","Madness"]}],"is_beta":false,"boss_relics":[{"not_picked":["construct:ClawGrip","conspire:SeveredTorchhead"],"picked":"conspire:SpecialSausage"},{"not_picked":["conspire:SlowCooker","Astrolabe"],"picked":"aspiration:DefectSkillbook"}],"items_purged_floors":[11],"is_endless":false,"potions_floor_spawned":[7,8,12,16,20,23,29,39,41],"killed_by":"Spire Growth","ascension_level":0}}