{"host":"pj9728vwklfk95x8","time":1612351595,"event":{"mods":["BaseMod","GifTheSpireLib","Grow up Mod","Minty Spire (QoL Compilation)","StSLib","Stuff the Spire"],"gold_per_floor":[117,131,14,14,33,33,63,63,63,63,75,107,127,2,2,104,104,118,118,131,158,177,210,210,223,223,223,223,223,237,137,137,239,239,253,253,253,266,316,344,358,358,412,412,427,427,454,470,470,470],"floor_reached":51,"language":"ENG","playtime":3547,"items_purged":["Regret"],"score":854,"play_id":"23013ff1-9420-4b4c-93b8-b8426c9a3547","local_time":"20210203122635","is_ascension_mode":true,"campfire_choices":[{"data":"Infinite Blades","floor":6,"key":"SMITH"},{"floor":15,"key":"REST"},{"floor":24,"key":"REST"},{"floor":32,"key":"RECALL"},{"data":"Accuracy","floor":42,"key":"SMITH"},{"data":"Accuracy","floor":44,"key":"SMITH"},{"data":"Blade Dance","floor":49,"key":"SMITH"}],"circlet_count":0,"master_deck":["Strike_G","Strike_G","Strike_G","Strike_G","Strike_G","Defend_G","Defend_G","Defend_G","Defend_G","Defend_G","Survivor","Neutralize","Outmaneuver","Blade Dance+1","Infinite Blades+1","Deadly Poison","Accuracy+1","Regret","StuffTheSpire:BumpUp","Dagger Spray","Flying Knee","Accuracy+1","Deadly Poison","Die Die Die","Cloak And Dagger+1","Cloak And Dagger","Blade Dance+1","Distraction","Poisoned Stab","Catalyst+1","StuffTheSpire:PestControl","Bouncing Flask","PiercingWail","Unload","Poisoned Stab+1","Poisoned Stab+1","Slice+1","Tactician","Endless Agony","StuffTheSpire:MirrorStance+1","StuffTheSpire:CuriosityCurse","Riddle With Holes","Bane","Blade Dance"],"relics":["Ring of the Snake","Toy Ornithopter","Potion Belt","StuffTheSpire:Gunfinga","StuffTheSpire:RedRose","Thread and Needle","Black Star","Red Mask","InkBottle","Ornamental Fan","Eternal Feather","WristBlade","Bird Faced Urn","StuffTheSpire:CocoNut","White Beast Statue","PreservedInsect","Kunai","StuffTheSpire:Wildfire","StuffTheSpire:Mouthbags"],"acts_visited":["Exordium","TheCity","TheBeyond"],"potions_floor_usage":[7,13,21,22,33,33,39,40,45,45,50,50,50,50],"damage_taken":[{"damage":0,"enemies":"Cultist","floor":1,"turns":5},{"damage":5,"enemies":"2 Louse","floor":2,"turns":4},{"damage":10,"enemies":"Small Slimes","floor":5,"turns":4},{"damage":26,"enemies":"3 Sentries","floor":7,"turns":6},{"damage":11,"enemies":"Looter","floor":11,"turns":3},{"damage":25,"enemies":"Lagavulin","floor":12,"turns":5},{"damage":28,"enemies":"Gremlin Gang","floor":13,"turns":4},{"damage":42,"enemies":"Slime Boss","floor":16,"turns":8},{"damage":16,"enemies":"Chosen","floor":18,"turns":4},{"damage":26,"enemies":"Shell Parasite","floor":20,"turns":3},{"damage":7,"enemies":"Masked Bandits","floor":21,"turns":2},{"damage":3,"enemies":"3 Cultists","floor":22,"turns":4},{"damage":72,"enemies":"Gremlin Leader","floor":23,"turns":6},{"damage":7,"enemies":"Centurion and Healer","floor":25,"turns":5},{"damage":24,"enemies":"Snake Plant","floor":30,"turns":2},{"damage":49,"enemies":"Automaton","floor":33,"turns":7},{"damage":8,"enemies":"3 Darklings","floor":35,"turns":4},{"damage":18,"enemies":"3 Shapes","floor":38,"turns":3},{"damage":1,"enemies":"Mind Bloom Boss Battle","floor":39,"turns":4},{"damage":36,"enemies":"Nemesis","floor":40,"turns":5},{"damage":2,"enemies":"3 Darklings","floor":41,"turns":4},{"damage":24,"enemies":"Sphere and 2 Shapes","floor":45,"turns":4},{"damage":5,"enemies":"Giant Head","floor":47,"turns":4},{"damage":24,"enemies":"Jaw Worm Horde","floor":48,"turns":3},{"damage":77,"enemies":"Time Eater","floor":50,"turns":8}],"seed_played":"6588420149146566446","potions_obtained":[{"floor":2,"key":"BlessingOfTheForge"},{"floor":11,"key":"FearPotion"},{"floor":12,"key":"Energy Potion"},{"floor":19,"key":"Explosive Potion"},{"floor":19,"key":"ColorlessPotion"},{"floor":19,"key":"BlessingOfTheForge"},{"floor":23,"key":"Dexterity Potion"},{"floor":30,"key":"Block Potion"},{"floor":33,"key":"Swift Potion"},{"floor":35,"key":"GhostInAJar"},{"floor":41,"key":"PowerPotion"},{"floor":45,"key":"LiquidMemories"},{"floor":47,"key":"Energy Potion"},{"floor":48,"key":"EssenceOfSteel"}],"is_trial":false,"path_per_floor":["M","M","$","$","M","R","E","?","T","?","M","E","M","$","R","B",null,"M","?","M","?","M","E","R","M","T","?","?","T","M","$","R","B",null,"M","?","?","M","?","E","M","R","T","R","M","?","E","M","R","B",null],"character_chosen":"THE_SILENT","items_purchased":["Infinite Blades","Deadly Poison","Accuracy","Deadly Poison","PiercingWail"],"campfire_rested":2,"item_purchase_floors":[3,3,14,14,31],"current_hp_per_floor":[97,102,112,122,122,132,116,126,136,146,145,130,117,127,205,173,257,251,261,245,253,265,203,308,311,321,311,321,331,317,327,355,326,427,429,419,429,421,435,427,439,473,483,517,517,527,538,528,562,523],"gold":470,"neow_bonus":"TEN_PERCENT_HP_BONUS","is_daily":false,"chose_seed":false,"campfire_upgraded":4,"win_rate":0.0,"timestamp":1612351595,"path_taken":["M","M","?","$","M","R","E","?","T","?","M","E","M","$","R","BOSS","M","?","?","?","M","E","R","M","T","?","?","?","M","$","R","BOSS","M","?","?","?","?","E","M","R","T","R","M","?","E","M","R","BOSS"],"items_purchased_type":["Card","Card","Card","Card","Card"],"build_version":"2020-12-22","purchased_purges":1,"victory":true,"max_hp_per_floor":[97,107,117,127,137,147,157,167,177,187,197,207,217,227,237,247,257,267,277,287,297,307,317,327,337,347,357,367,377,387,397,407,417,427,437,447,457,467,477,494,504,514,524,534,544,554,564,574,584,594],"card_choices":[{"not_picked":["Deflect","Slice"],"picked":"Outmaneuver","floor":1},{"not_picked":["Cloak And Dagger","Underhanded Strike"],"picked":"Blade Dance","floor":2},{"not_picked":["Blade Dance","Well Laid Plans"],"picked":"Riddle With Holes","floor":5},{"not_picked":["Blur","Outmaneuver"],"picked":"Accuracy","floor":7},{"not_picked":["Flechettes","Prepared"],"picked":"StuffTheSpire:BumpUp","floor":11},{"not_picked":["Reflex","Backflip"],"picked":"Dagger Spray","floor":12},{"not_picked":["StuffTheSpire:Repulse","Sucker Punch"],"picked":"Flying Knee","floor":13},{"not_picked":["Wraith Form v2","Bullet Time"],"picked":"Die Die Die","floor":16},{"not_picked":["Prepared+1","Bane"],"picked":"Cloak And Dagger+1","floor":18},{"not_picked":["Quick Slash","Backstab"],"picked":"Cloak And Dagger","floor":20},{"not_picked":["StuffTheSpire:DoubleShiv+1","StuffTheSpire:BumpUp+1"],"picked":"Blade Dance+1","floor":21},{"not_picked":["Heel Hook+1","Acrobatics"],"picked":"Distraction","floor":22},{"not_picked":["Backflip","StuffTheSpire:Incantation"],"picked":"Poisoned Stab","floor":23},{"not_picked":["Backflip","Flying Knee"],"picked":"Catalyst+1","floor":25},{"not_picked":["Dodge and Roll+1","Quick Slash"],"picked":"Bouncing Flask","floor":30},{"not_picked":["Wraith Form v2","Malaise"],"picked":"Unload","floor":33},{"not_picked":["Underhanded Strike+1","Dash+1"],"picked":"Poisoned Stab+1","floor":35},{"not_picked":["StuffTheSpire:Injection","StuffTheSpire:Incantation+1"],"picked":"Poisoned Stab+1","floor":38},{"not_picked":["Deflect","StuffTheSpire:BrimstoneBlast+1"],"picked":"Slice+1","floor":39},{"not_picked":["Choke+1","Eviscerate"],"picked":"Tactician","floor":40},{"not_picked":["Underhanded Strike","Heel Hook"],"picked":"Endless Agony","floor":41},{"not_picked":["Leg Sweep+1","Bane+1"],"picked":"StuffTheSpire:MirrorStance+1","floor":45},{"not_picked":["Deflect","StuffTheSpire:Python+1"],"picked":"Bane","floor":47},{"not_picked":["Poisoned Stab+1","Crippling Poison+1"],"picked":"Blade Dance","floor":48}],"player_experience":95210,"relics_obtained":[{"floor":7,"key":"Toy Ornithopter"},{"floor":9,"key":"StuffTheSpire:Gunfinga"},{"floor":12,"key":"Thread and Needle"},{"floor":21,"key":"Red Mask"},{"floor":23,"key":"InkBottle"},{"floor":23,"key":"Ornamental Fan"},{"floor":26,"key":"Eternal Feather"},{"floor":39,"key":"Bird Faced Urn"},{"floor":40,"key":"StuffTheSpire:CocoNut"},{"floor":40,"key":"White Beast Statue"},{"floor":43,"key":"PreservedInsect"},{"floor":47,"key":"StuffTheSpire:Wildfire"},{"floor":47,"key":"StuffTheSpire:Mouthbags"}],"event_choices":[{"damage_healed":0,"gold_gain":0,"player_choice":"Box","damage_taken":0,"relics_obtained":["Potion Belt"],"max_hp_gain":0,"max_hp_loss":0,"event_name":"Big Fish","floor":8,"gold_loss":0,"cards_obtained":["Regret"]},{"damage_healed":0,"gold_gain":0,"player_choice":"Got Potions","damage_taken":0,"max_hp_gain":0,"max_hp_loss":0,"event_name":"Lab","floor":19,"gold_loss":0},{"damage_healed":0,"gold_gain":0,"player_choice":"Fought Bandits","damage_taken":0,"max_hp_gain":0,"max_hp_loss":0,"event_name":"Masked Bandits","floor":21,"gold_loss":0},{"damage_healed":0,"gold_gain":0,"player_choice":"Ignored","damage_taken":0,"max_hp_gain":0,"max_hp_loss":0,"event_name":"Vampires","floor":28,"gold_loss":0},{"damage_healed":0,"gold_gain":0,"player_choice":"Ignored","damage_taken":0,"max_hp_gain":0,"max_hp_loss":0,"event_name":"SecretPortal","floor":37,"gold_loss":0},{"damage_healed":0,"gold_gain":0,"player_choice":"Fight","damage_taken":0,"max_hp_gain":0,"max_hp_loss":0,"event_name":"MindBloom","floor":39,"gold_loss":0}],"is_beta":false,"boss_relics":[{"not_picked":["SlaversCollar","Fusion Hammer"],"picked":"Black Star"},{"not_picked":["StuffTheSpire:RunicConfusion","Velvet Choker"],"picked":"WristBlade"}],"items_purged_floors":[31],"is_endless":false,"potions_floor_spawned":[2,11,12,23,30,33,35,41,45,47,48],"ascension_level":2}}