{"host":"1c52r9kaxdyo25eq","time":1612357387,"event":{"mods":["AchievementEnabler","BaseMod","DeckTracker","Minty Spire (QoL Compilation)","Rare Cards Sparkle","SuperFastMode","everything is the same but u backflip on backflip"],"gold_per_floor":[111,124,124,40,40,40,74,86,86,86,86,161,161,176,176,250,250,267,283,198,248,173,199,199,199,226,4,37,52,52,52],"floor_reached":30,"language":"KOR","playtime":559,"items_purged":[],"score":488,"play_id":"09e2b872-f6a3-41c6-bd39-187aa327af55","local_time":"20210203220307","is_ascension_mode":true,"campfire_choices":[{"data":"Fire Breathing","floor":6.0,"key":"SMITH"},{"data":"Pommel Strike","floor":10.0,"key":"SMITH"},{"floor":13.0,"key":"REST"},{"data":"Battle Trance","floor":15.0,"key":"SMITH"},{"data":"Corruption","floor":24.0,"key":"SMITH"}],"circlet_count":0,"master_deck":["AscendersBane","Strike_R+1","Defend_R","Defend_R+1","Defend_R+1","Bash","Fire Breathing+1","Pommel Strike+1","Battle Trance+1","Corruption+1","Fiend Fire+1","Sword Boomerang+1","Infernal Blade+1","Blood for Blood+1"],"relics":["Burning Blood","Eternal Feather","Whetstone","The Courier","Astrolabe","War Paint","Pen Nib","Happy Flower","Molten Egg 2","Art of War"],"acts_visited":["Exordium","TheCity"],"potions_floor_usage":[28,28,30,30],"damage_taken":[{"damage":4.0,"enemies":"Small Slimes","floor":1.0,"turns":4.0},{"damage":1.0,"enemies":"Cultist","floor":2.0,"turns":3.0},{"damage":56.0,"enemies":"Gremlin Nob","floor":7.0,"turns":6.0},{"damage":6.0,"enemies":"2 Louse","floor":8.0,"turns":3.0},{"damage":5.0,"enemies":"2 Fungi Beasts","floor":14.0,"turns":3.0},{"damage":5.0,"enemies":"Slime Boss","floor":16.0,"turns":6.0},{"damage":20.0,"enemies":"Chosen","floor":18.0,"turns":4.0},{"damage":0.0,"enemies":"Spheric Guardian","floor":19.0,"turns":1.0},{"damage":41.0,"enemies":"Book of Stabbing","floor":23.0,"turns":4.0},{"damage":28,"enemies":"Slavers","floor":28,"turns":5},{"damage":5,"enemies":"Centurion and Healer","floor":29,"turns":4},{"damage":11,"enemies":"Sentry and Sphere","floor":30,"turns":3}],"seed_played":"-4168171944072412236","potions_obtained":[{"floor":7.0,"key":"LiquidMemories"},{"floor":8.0,"key":"AttackPotion"},{"floor":23.0,"key":"Fruit Juice"},{"floor":28,"key":"PowerPotion"},{"floor":29,"key":"ColorlessPotion"}],"is_trial":false,"path_per_floor":["M","M","?","$","$","R","E","M","T","R","?","?","R","M","R","B",null,"M","M","?","?","?","E","R","?","T","$","E","M","M"],"character_chosen":"IRONCLAD","items_purchased":["Fire Breathing","Molten Egg 2"],"campfire_rested":1,"item_purchase_floors":[4,27],"current_hp_per_floor":[70,75,75,75,75,75,25,25,25,31,24,13,41,42,48,49,69,55,61,61,61,61,26,32,32,32,32,15,16,5,5],"gold":52,"neow_bonus":"TRANSFORM_CARD","is_daily":false,"chose_seed":false,"campfire_upgraded":4,"win_rate":0.0,"timestamp":1612357387,"path_taken":["M","M","?","?","$","R","E","M","T","R","?","?","R","M","R","BOSS","M","M","?","?","?","E","R","?","T","?","E","M","?"],"items_purchased_type":["Card","Relic"],"build_version":"2020-12-22","purchased_purges":0,"victory":false,"max_hp_per_floor":[75,75,75,75,75,75,75,75,75,75,75,75,75,75,75,75,75,75,75,75,75,75,75,75,75,75,75,80,80,80,80],"card_choices":[{"not_picked":["Body Slam","Reckless Charge","Iron Wave"],"picked":"SKIP","floor":1.0},{"not_picked":["Body Slam","Reckless Charge","Iron Wave"],"picked":"SKIP","floor":1.0},{"not_picked":["Pummel","Wild Strike"],"picked":"Perfected Strike","floor":2.0},{"not_picked":["Shockwave","Ghostly Armor"],"picked":"Pommel Strike","floor":7.0},{"not_picked":["Hemokinesis","Barricade"],"picked":"Battle Trance","floor":8.0},{"not_picked":["Battle Trance","Sword Boomerang","Sever Soul"],"picked":"SKIP","floor":14.0},{"not_picked":["Limit Break","Fiend Fire"],"picked":"Corruption","floor":16.0},{"not_picked":["Twin Strike","Metallicize","Warcry"],"picked":"SKIP","floor":18.0},{"not_picked":["Perfected Strike","Heavy Blade","Carnage"],"picked":"SKIP","floor":19.0},{"not_picked":["Dual Wield","Blood for Blood","True Grit"],"picked":"SKIP","floor":23.0},{"not_picked":["Cleave+1","Intimidate","Searing Blow+1"],"picked":"SKIP","floor":28},{"not_picked":["Perfected Strike+1","Warcry"],"picked":"Blood for Blood+1","floor":29}],"player_experience":636348,"relics_obtained":[{"floor":7.0,"key":"Whetstone"},{"floor":9.0,"key":"The Courier"},{"floor":23.0,"key":"Pen Nib"},{"floor":26.0,"key":"Happy Flower"},{"floor":28,"key":"Art of War"}],"event_choices":[{"cards_removed":["Perfected Strike"],"damage_healed":0.0,"max_hp_gain":0.0,"max_hp_loss":0.0,"gold_gain":0.0,"event_name":"WeMeetAgain","player_choice":"Gave Card","floor":3.0,"gold_loss":0.0,"damage_taken":0.0,"relics_obtained":["Eternal Feather"]},{"cards_removed":["Strike_R"],"damage_healed":0.0,"max_hp_gain":0.0,"max_hp_loss":0.0,"gold_gain":0.0,"event_name":"Golden Wing","player_choice":"Card Removal","floor":11.0,"gold_loss":0.0,"damage_taken":7.0},{"damage_healed":0.0,"max_hp_gain":0.0,"max_hp_loss":0.0,"gold_gain":75.0,"event_name":"World of Goop","player_choice":"Gather Gold","floor":12.0,"gold_loss":0.0,"damage_taken":11.0},{"damage_healed":0.0,"max_hp_gain":0.0,"max_hp_loss":0.0,"gold_gain":0.0,"event_name":"Addict","player_choice":"Obtained Relic","floor":20.0,"gold_loss":85.0,"damage_taken":0.0,"relics_obtained":["War Paint"]},{"damage_healed":0.0,"max_hp_gain":0.0,"max_hp_loss":0.0,"gold_gain":50.0,"event_name":"Nest","player_choice":"Stole From Cult","floor":21.0,"gold_loss":0.0,"damage_taken":0.0},{"cards_removed":["Defend_R"],"damage_healed":0.0,"max_hp_gain":0.0,"max_hp_loss":0.0,"gold_gain":0.0,"event_name":"Beggar","player_choice":"Gave Gold","floor":22.0,"gold_loss":75.0,"damage_taken":0.0},{"damage_healed":0.0,"max_hp_gain":0.0,"max_hp_loss":0.0,"gold_gain":0.0,"event_name":"The Mausoleum","player_choice":"Ignored","floor":25.0,"gold_loss":0.0,"damage_taken":0.0}],"is_beta":false,"boss_relics":[{"not_picked":["Black Blood","SacredBark"],"picked":"Astrolabe"}],"items_purged_floors":[],"is_endless":false,"potions_floor_spawned":[7,8,23,28,29],"killed_by":"Sentry and Sphere","ascension_level":17}}