{"host":"uc8wz0q199a7d901","time":1612335381,"event":{"mods":["2.2 Compatiblity","BaseMod","Colored Map","DeckTracker","Highlight Path","Minty Spire (QoL Compilation)","Permanent Neow","Quick Restart","SuperFastMode"],"gold_per_floor":[134,174,214,137,177,177,207,207,232,272,627,325,290,355,355,480,480,520,50,65,105,120,120,120],"floor_reached":23,"language":"KOR","playtime":796,"items_purged":["Defend_B"],"score":230,"play_id":"2628af72-cd35-42d3-8e9e-5beaa12e0f95","local_time":"20210203155621","daily_mods":["Allstar","Purple Cards","Lethality"],"is_ascension_mode":false,"campfire_choices":[{"data":"Apotheosis","floor":6.0,"key":"SMITH"},{"floor":15.0,"key":"REST"}],"circlet_count":0,"master_deck":["Strike_B","Strike_B","Strike_B","Strike_B","Defend_B+1","Defend_B","Defend_B","Zap","Dualcast","Bandage Up","Apotheosis+1","Secret Weapon","Secret Technique","HandOfGreed","Coolheaded","ClearTheMind","Lockon","Consume+1","MentalFortress","DevaForm","Leap","Loop","Echo Form","EmptyMind","Capacitor","Barrage","Master of Strategy","Scrawl"],"relics":["Cracked Core","Ornamental Fan","Omamori","Old Coin","Runic Capacitor","Nuclear Battery","Orrery","Lantern"],"acts_visited":["Exordium","TheCity"],"potions_floor_usage":[22,22],"damage_taken":[{"damage":0.0,"enemies":"Cultist","floor":1.0,"turns":2.0},{"damage":9.0,"enemies":"2 Louse","floor":2.0,"turns":2.0},{"damage":12.0,"enemies":"Jaw Worm","floor":3.0,"turns":3.0},{"damage":0.0,"enemies":"Large Slime","floor":5.0,"turns":2.0},{"damage":0.0,"enemies":"Gremlin Nob","floor":7.0,"turns":2.0},{"damage":6.0,"enemies":"Red Slaver","floor":10.0,"turns":3.0},{"damage":35.0,"enemies":"3 Sentries","floor":11.0,"turns":5.0},{"damage":24.0,"enemies":"Lots of Slimes","floor":14.0,"turns":6.0},{"damage":5.0,"enemies":"The Guardian","floor":16.0,"turns":9.0},{"damage":17.0,"enemies":"Spheric Guardian","floor":18.0,"turns":4.0},{"damage":42.0,"enemies":"2 Thieves","floor":20.0,"turns":3.0},{"damage":15.0,"enemies":"Sentry and Sphere","floor":21.0,"turns":4.0},{"damage":12,"enemies":"Cultist and Chosen","floor":22,"turns":4},{"damage":18,"enemies":"Book of Stabbing","floor":23,"turns":1}],"seed_played":"4031875728642390749","potions_obtained":[{"floor":2.0,"key":"SkillPotion"},{"floor":5.0,"key":"CultistPotion"},{"floor":16.0,"key":"FocusPotion"},{"floor":18.0,"key":"LiquidBronze"},{"floor":22,"key":"LiquidBronze"}],"is_trial":false,"path_per_floor":["M","M","M","$","M","R","E","?","T","M","E","$","?","M","R","B",null,"M","$","M","M","M","E"],"character_chosen":"DEFECT","items_purchased":["Consume","Runic Capacitor","PowerPotion","Leap","Orrery","Lantern","Master of Strategy"],"campfire_rested":1,"item_purchase_floors":[4,12,12,12,19,19,19],"current_hp_per_floor":[75,66,60,60,60,60,60,45,45,45,16,16,34,16,38,39,75,63,63,33,18,12,0,0],"gold":120,"neow_bonus":"","is_daily":true,"chose_seed":false,"campfire_upgraded":1,"win_rate":0.0,"timestamp":1612335381,"path_taken":["M","M","?","$","M","R","E","?","T","M","E","$","?","M","R","BOSS","M","$","M","M","M","E"],"items_purchased_type":["Card","Relic","Potion","Card","Relic","Relic","Card"],"build_version":"2020-12-22","purchased_purges":1,"victory":false,"max_hp_per_floor":[75,75,75,75,75,75,75,75,75,75,75,75,75,75,75,75,75,75,75,75,75,75,75,75],"card_choices":[{"not_picked":["Conserve Battery","Stack"],"picked":"Coolheaded","floor":1.0},{"not_picked":["Ball Lightning","Swivel"],"picked":"ClearTheMind","floor":2.0},{"not_picked":["Cold Snap","Coolheaded"],"picked":"Lockon","floor":3.0},{"not_picked":["Halt","Beam Cell","Ball Lightning"],"picked":"SKIP","floor":5.0},{"not_picked":["Sanctity","Doom and Gloom"],"picked":"MentalFortress","floor":7.0},{"not_picked":["PathToVictory","Crescendo","Doom and Gloom"],"picked":"SKIP","floor":10.0},{"not_picked":["Halt","SashWhip"],"picked":"DevaForm","floor":11.0},{"not_picked":["Redo","Crescendo"],"picked":"Loop","floor":14.0},{"not_picked":["Rainbow","All For One"],"picked":"Echo Form","floor":16.0},{"not_picked":["SashWhip","Go for the Eyes+1","Steam+1"],"picked":"SKIP","floor":18.0},{"not_picked":["EmptyBody+1","Weave+1"],"picked":"EmptyMind","floor":19.0},{"not_picked":["Beam Cell","ThirdEye"],"picked":"Capacitor","floor":19.0},{"not_picked":["Hello World+1","SashWhip"],"picked":"Barrage","floor":19.0},{"not_picked":["Wireheading","EmptyBody","Consecrate"],"picked":"SKIP","floor":20.0},{"not_picked":["Evaluate","BattleHymn+1","FlurryOfBlows"],"picked":"SKIP","floor":21.0},{"not_picked":["Redo","Coolheaded"],"picked":"Scrawl","floor":22}],"player_experience":716668,"relics_obtained":[{"floor":7.0,"key":"Ornamental Fan"},{"floor":9.0,"key":"Omamori"},{"floor":11.0,"key":"Old Coin"}],"event_choices":[{"damage_healed":0.0,"max_hp_gain":0.0,"max_hp_loss":0.0,"gold_gain":0.0,"event_name":"Shining Light","player_choice":"Entered Light","floor":8.0,"gold_loss":0.0,"damage_taken":15.0,"cards_upgraded":["Defend_B","Consume"]},{"damage_healed":18.0,"max_hp_gain":0.0,"max_hp_loss":0.0,"gold_gain":0.0,"event_name":"The Cleric","player_choice":"Healed","floor":13.0,"gold_loss":35.0,"damage_taken":0.0}],"is_beta":false,"boss_relics":[{"not_picked":["Busted Crown","Snecko Eye"],"picked":"Nuclear Battery"}],"items_purged_floors":[12],"is_endless":false,"potions_floor_spawned":[2,5,16,18,22],"killed_by":"Book of Stabbing","ascension_level":0}}