{"host":"mnpd8gh7cwxsn5kh","time":1612370459,"event":{"mods":["BaseMod","Bestiary","Block Reminder","Colored Map","Colored Powertips","Highlight Path","Minty Spire (QoL Compilation)","Relic Sorter","Relic Stats"],"gold_per_floor":[360,136,155,171,185,185,218,218,218,218,393,49,83,20,20,123,123,143,143,156,156,71,400,418,448,474,474,505,81,81,99,99,198,198,215,256,306,306,306,341,21,21,21,21,47,76,104,104,104,104,104],"floor_reached":50,"language":"ENG","playtime":7445,"items_purged":["Pain","Doubt","Writhe","Strike_P"],"score":988,"play_id":"dbd831fc-cb0f-4ce7-a0ba-705b2ddc81b3","local_time":"20210203174059","is_ascension_mode":true,"campfire_choices":[{"data":"Eruption","floor":6,"key":"SMITH"},{"data":"Crescendo","floor":8,"key":"SMITH"},{"data":"Vault","floor":15,"key":"SMITH"},{"floor":27,"key":"REST"},{"floor":30,"key":"RECALL"},{"floor":32,"key":"REST"},{"floor":44,"key":"REST"},{"floor":49,"key":"REST"}],"circlet_count":0,"master_deck":["Strike_P","Strike_P","Defend_P","Defend_P","Defend_P","Eruption+1","Vigilance","FearNoEvil+1","CutThroughFate","Crescendo+1","Sanctity","CutThroughFate","Consecrate","EmptyMind","Tantrum+1","TalkToTheHand","Protect","EmptyFist+1","Tantrum","WindmillStrike","Vault+1","Blasphemy","Protect+1","Perseverance+1","Meditate","Establishment","CrushJoints+1","Fasting2","LessonLearned","BattleHymn","DeceiveReality+1","TalkToTheHand","Wireheading","Wish","EmptyMind+1","Dark Shackles","CutThroughFate+1","Nirvana","Perseverance","ClearTheMind","SpiritShield+1"],"relics":["PureWater","The Courier","Gremlin Horn","Question Card","Fusion Hammer","Matryoshka","Eternal Feather","Old Coin","Gambling Chip","Strawberry","Bag of Preparation","Unceasing Top","DollysMirror","VioletLotus","WingedGreaves","Potion Belt","Whetstone","StrikeDummy","Bottled Flame","Sundial","Toxic Egg 2"],"acts_visited":["Exordium","TheCity","TheBeyond"],"potions_floor_usage":[7,23,24,28,37,40,45,50,50,50,50,50],"damage_taken":[{"damage":1,"enemies":"Cultist","floor":1,"turns":4},{"damage":2,"enemies":"2 Louse","floor":3,"turns":3},{"damage":3,"enemies":"Jaw Worm","floor":4,"turns":4},{"damage":0,"enemies":"Looter","floor":5,"turns":2},{"damage":20,"enemies":"3 Sentries","floor":7,"turns":3},{"damage":0,"enemies":"Gremlin Nob","floor":13,"turns":2},{"damage":28,"enemies":"The Guardian","floor":16,"turns":11},{"damage":0,"enemies":"Spheric Guardian","floor":18,"turns":1},{"damage":0,"enemies":"Chosen","floor":20,"turns":4},{"damage":19,"enemies":"Gremlin Leader","floor":23,"turns":5},{"damage":14,"enemies":"Snake Plant","floor":24,"turns":4},{"damage":10,"enemies":"Book of Stabbing","floor":25,"turns":4},{"damage":13,"enemies":"Slavers","floor":28,"turns":6},{"damage":0,"enemies":"Centurion and Healer","floor":31,"turns":7},{"damage":4,"enemies":"Collector","floor":33,"turns":6},{"damage":0,"enemies":"3 Darklings","floor":35,"turns":4},{"damage":9,"enemies":"3 Shapes","floor":36,"turns":5},{"damage":0,"enemies":"Mind Bloom Boss Battle","floor":37,"turns":7},{"damage":41,"enemies":"Nemesis","floor":40,"turns":7},{"damage":11,"enemies":"Giant Head","floor":45,"turns":8},{"damage":0,"enemies":"Reptomancer","floor":46,"turns":4},{"damage":12,"enemies":"Nemesis","floor":47,"turns":11},{"damage":85,"enemies":"Awakened One","floor":50,"turns":5}],"seed_played":"-2321768214961668930","potions_obtained":[{"floor":4,"key":"Explosive Potion"},{"floor":16,"key":"AttackPotion"},{"floor":23,"key":"FearPotion"},{"floor":25,"key":"Weak Potion"},{"floor":28,"key":"SpeedPotion"},{"floor":31,"key":"BlessingOfTheForge"},{"floor":36,"key":"Dexterity Potion"},{"floor":37,"key":"DuplicationPotion"},{"floor":45,"key":"Dexterity Potion"},{"floor":47,"key":"SkillPotion"}],"is_trial":false,"path_per_floor":["M","$","M","M","M","R","E","R","T","?","?","$","E","$","R","B",null,"M","?","M","?","?","E","M","E","T","R","E","$","R","M","R","B",null,"M","M","?","?","?","E","$","T","T","R","E","E","E","$","R","B"],"character_chosen":"WATCHER","items_purchased":["CutThroughFate","Crescendo","Sanctity","Tantrum","TalkToTheHand","Protect","EmptyFist","Tantrum","Vault","LessonLearned","BattleHymn","DeceiveReality","DollysMirror","Strength Potion","Nirvana","Perseverance","Energy Potion"],"campfire_rested":4,"item_purchase_floors":[2,2,2,12,12,12,12,12,14,29,29,29,29,41,41,41,41],"current_hp_per_floor":[64,64,62,59,59,59,39,39,39,32,32,32,32,32,32,4,55,55,55,55,55,55,36,22,12,19,60,47,47,65,65,79,75,78,78,69,69,69,69,28,28,28,28,72,61,61,49,49,79,0,0],"gold":104,"neow_bonus":"TWO_FIFTY_GOLD","is_daily":false,"chose_seed":false,"campfire_upgraded":3,"win_rate":0.0,"timestamp":1612370459,"path_taken":["M","$","?","M","M","R","E","R","T","?","?","?","E","$","R","BOSS","M","?","M","?","?","E","?","E","T","R","E","$","R","M","R","BOSS","M","?","?","?","?","E","$","?","T","R","E","E","E","?","R","BOSS"],"items_purchased_type":["Card","Card","Card","Card","Card","Card","Card","Card","Card","Card","Card","Card","Relic","Potion","Card","Card","Potion"],"build_version":"2020-12-22","purchased_purges":4,"victory":false,"max_hp_per_floor":[72,72,72,72,72,72,72,72,72,72,72,72,72,72,72,72,72,72,72,72,72,72,72,72,72,79,79,79,79,79,79,79,79,79,79,79,79,79,79,79,79,79,79,79,79,79,79,79,79,79,79],"relic_stats":{"Gremlin Horn":[18,18],"counters":[23,117],"Sundial":[0],"Gambling Chip":[47],"Eternal Feather":95,"VioletLotus":[15],"Bag of Preparation":[22],"Whetstone":["FearNoEvil","EmptyFist"],"Question Card":17,"obtain_stats":[{"Potion Belt":40,"Gremlin Horn":9,"Eternal Feather":22,"The Courier":7,"Bag of Preparation":26,"Whetstone":42,"Question Card":13,"Old Coin":23,"Bottled Flame":45,"Matryoshka":19,"DollysMirror":29,"Sundial":46,"Gambling Chip":25,"Strawberry":26,"Fusion Hammer":17,"VioletLotus":34,"WingedGreaves":37,"PureWater":0,"Toxic Egg 2":47,"StrikeDummy":43,"Unceasing Top":28},{"Potion Belt":19,"Gremlin Horn":5,"Eternal Feather":9,"The Courier":5,"Bag of Preparation":12,"Whetstone":19,"Question Card":6,"Old Coin":10,"Bottled Flame":20,"Matryoshka":8,"DollysMirror":13,"Sundial":21,"Gambling Chip":12,"Strawberry":12,"Fusion Hammer":7,"VioletLotus":15,"WingedGreaves":18,"PureWater":0,"Toxic Egg 2":22,"StrikeDummy":19,"Unceasing Top":13},{"Potion Belt":89,"Gremlin Horn":16,"Eternal Feather":34,"The Courier":16,"Bag of Preparation":47,"Whetstone":89,"Question Card":18,"Old Coin":39,"Bottled Flame":97,"Matryoshka":30,"DollysMirror":53,"Sundial":101,"Gambling Chip":47,"Strawberry":47,"Fusion Hammer":29,"VioletLotus":66,"WingedGreaves":82,"PureWater":0,"Toxic Egg 2":112,"StrikeDummy":89,"Unceasing Top":53}],"Unceasing Top":[0]},"card_choices":[{"not_picked":["Perseverance","EmptyFist"],"picked":"FearNoEvil","floor":1},{"not_picked":["CrushJoints","FlyingSleeves"],"picked":"CutThroughFate","floor":3},{"not_picked":["ForeignInfluence","Pray","Indignation"],"picked":"SKIP","floor":4},{"not_picked":["FlyingSleeves","CrushJoints"],"picked":"Consecrate","floor":5},{"not_picked":["Weave","Protect"],"picked":"EmptyMind","floor":7},{"not_picked":["WaveOfTheHand","WreathOfFlame"],"picked":"WindmillStrike","floor":13},{"not_picked":["Establishment","Devotion","DeusExMachina"],"picked":"Blasphemy","floor":16},{"not_picked":["BattleHymn","Indignation+1","Tantrum"],"picked":"Protect+1","floor":18},{"not_picked":["Halt","SashWhip","WreathOfFlame+1"],"picked":"Perseverance","floor":20},{"not_picked":["SashWhip","Halt","BowlingBash"],"picked":"Establishment","floor":23},{"not_picked":["Evaluate","BowlingBash","FollowUp"],"picked":"CrushJoints+1","floor":24},{"not_picked":["PathToVictory+1","Sanctity","WaveOfTheHand","CrushJoints"],"picked":"SKIP","floor":25},{"not_picked":["Ragnarok","Halt","Nirvana"],"picked":"Fasting2","floor":28},{"not_picked":["Halt","Vengeance+1","FollowUp"],"picked":"Wireheading","floor":31},{"not_picked":["DeusExMachina","DevaForm","SpiritShield"],"picked":"Wish","floor":33},{"not_picked":["Tantrum+1","Indignation+1","WreathOfFlame+1","EmptyFist+1"],"picked":"SKIP","floor":35},{"not_picked":["Conclude","Vengeance","EmptyFist+1","FlyingSleeves"],"picked":"SKIP","floor":36},{"not_picked":["WreathOfFlame+1","CrushJoints","Adaptation+1"],"picked":"EmptyMind+1","floor":37},{"not_picked":["Purity","Dramatic Entrance","The Bomb"],"picked":"Dark Shackles","floor":39},{"not_picked":["Meditate+1","SignatureMove+1","FlyingSleeves"],"picked":"CutThroughFate+1","floor":40},{"not_picked":["Crescendo","Vengeance+1","EmptyFist+1","BowlingBash+1"],"picked":"SKIP","floor":45},{"not_picked":["WindmillStrike+1","EmptyFist+1","JustLucky"],"picked":"ClearTheMind","floor":46},{"not_picked":["BattleHymn+1","PathToVictory+1","CutThroughFate"],"picked":"SpiritShield+1","floor":47}],"player_experience":258161,"relics_obtained":[{"floor":7,"key":"The Courier"},{"floor":9,"key":"Gremlin Horn"},{"floor":13,"key":"Question Card"},{"floor":23,"key":"Old Coin"},{"floor":25,"key":"Gambling Chip"},{"floor":26,"key":"Strawberry"},{"floor":26,"key":"Bag of Preparation"},{"floor":28,"key":"Unceasing Top"},{"floor":37,"key":"WingedGreaves"},{"floor":40,"key":"Potion Belt"},{"floor":42,"key":"Whetstone"},{"floor":43,"key":"StrikeDummy"},{"floor":45,"key":"Bottled Flame"},{"floor":46,"key":"Sundial"},{"floor":47,"key":"Toxic Egg 2"}],"event_choices":[{"cards_removed":["Strike_P"],"damage_healed":0,"gold_gain":0,"player_choice":"Card Removal","damage_taken":7,"max_hp_gain":0,"max_hp_loss":0,"event_name":"Golden Wing","floor":10,"gold_loss":0},{"damage_healed":0,"gold_gain":175,"player_choice":"AGREE","damage_taken":0,"max_hp_gain":0,"max_hp_loss":0,"event_name":"Liars Game","floor":11,"gold_loss":0,"cards_obtained":["Doubt"]},{"damage_healed":0,"gold_gain":0,"player_choice":"Opened","damage_taken":0,"relics_obtained":["Matryoshka"],"max_hp_gain":0,"max_hp_loss":0,"event_name":"The Mausoleum","floor":19,"gold_loss":0,"cards_obtained":["Writhe"]},{"damage_healed":0,"gold_gain":0,"player_choice":"Read","damage_taken":0,"max_hp_gain":0,"max_hp_loss":0,"event_name":"The Library","floor":21,"gold_loss":0,"cards_obtained":["Meditate"]},{"damage_healed":0,"gold_gain":0,"player_choice":"Obtained Relic","damage_taken":0,"relics_obtained":["Eternal Feather"],"max_hp_gain":0,"max_hp_loss":0,"event_name":"Addict","floor":22,"gold_loss":85},{"damage_healed":0,"gold_gain":0,"player_choice":"Fight","damage_taken":0,"max_hp_gain":0,"max_hp_loss":0,"event_name":"MindBloom","floor":37,"gold_loss":0},{"cards_removed":["Defend_P"],"damage_healed":0,"gold_gain":0,"player_choice":"Removed Skill","damage_taken":0,"max_hp_gain":0,"max_hp_loss":0,"event_name":"Falling","floor":38,"gold_loss":0},{"damage_healed":0,"gold_gain":0,"player_choice":"Memory 1","damage_taken":0,"max_hp_gain":0,"max_hp_loss":0,"event_name":"SensoryStone","floor":39,"gold_loss":0}],"is_beta":false,"boss_relics":[{"not_picked":["Snecko Eye","Runic Dome"],"picked":"Fusion Hammer"},{"not_picked":["SlaversCollar","Astrolabe"],"picked":"VioletLotus"}],"items_purged_floors":[2,12,29,41],"is_endless":false,"potions_floor_spawned":[4,16,23,25,28,31,36,37,45,47],"killed_by":"Awakened One","ascension_level":7}}