{"host":"5spr8tig1ba228ju","time":1612340785,"event":{"mods":["BaseMod","Bestiary","Colored Map","Colored Powertips","Curses Come First","Energized Spire","Highlight Path","Hubris","Minty Spire (QoL Compilation)","Quick Restart","Relic Stats","Reliquary","Replay The Spire","Shop Mod","Spicy Shops","StSLib","SuperFastMode","The Jungle","¡¾ÒÅÎï¿¨ÅÆ¡¿REMEMod"],"gold_per_floor":[117,117,131,131,144,278,278,148,148,165,182,131,131,166,166,166,166],"floor_reached":16,"language":"ZHS","playtime":971,"items_purged":[],"score":193,"play_id":"cd9b0df2-6530-4da9-8fdd-11a38e50af21","local_time":"20210203162625","is_ascension_mode":true,"campfire_choices":[{"floor":7.0,"key":"REST"},{"data":"Accuracy","floor":15.0,"key":"SMITH"}],"circlet_count":0,"master_deck":["AscendersBane","Strike_G","Strike_G","Strike_G","Strike_G","Strike_G","Defend_G","Defend_G","Defend_G","Defend_G","Defend_G","Survivor","Neutralize","Replay:Bag of Tricks","Replay:Poison Smokescreen","PiercingWail","Cloak And Dagger","Toxin Wave","Dodge and Roll","ReplayTheSpireMod:Shiv Toss","ReplayTheSpireMod:Scrap Shanks","ReplayTheSpireMod:Scrap Shanks","Accuracy+1"],"relics":["REME_ComplimentaryCards","hubris:Towel","hubris:Icosahedron","reliquary:QuartzCube","Replay:Accelerometer","reliquary:NewFriend","Sizzling Blood","Unceasing Top"],"acts_visited":["Exordium"],"potions_floor_usage":[],"damage_taken":[{"damage":0.0,"enemies":"2 Louse","floor":1.0,"turns":4.0},{"damage":1.0,"enemies":"Jaw Worm","floor":3.0,"turns":4.0},{"damage":0.0,"enemies":"Cultist","floor":5.0,"turns":3.0},{"damage":46.0,"enemies":"Gremlin Nob","floor":6.0,"turns":5.0},{"damage":15.0,"enemies":"Large Slime","floor":10.0,"turns":7.0},{"damage":0.0,"enemies":"3 Louse","floor":11.0,"turns":4.0},{"damage":20.0,"enemies":"Lagavulin","floor":14.0,"turns":7.0},{"damage":64,"enemies":"Slime Boss","floor":16,"turns":8}],"seed_played":"6536568622023664975","potions_obtained":[{"floor":1.0,"key":"FearPotion"},{"floor":6.0,"key":"Dexterity Potion"}],"is_trial":false,"path_per_floor":["M","?","M","?","M","E","R","$","T","M","M","$","?","E","R","B"],"character_chosen":"THE_SILENT","items_purchased":["Replay:Accelerometer","ReplayTheSpireMod:Scrap Shanks"],"campfire_rested":1,"item_purchase_floors":[8,12],"current_hp_per_floor":[65,65,64,64,64,18,39,39,39,24,24,24,28,60,60,0,0],"gold":166,"neow_bonus":"TEN_PERCENT_HP_BONUS","is_daily":false,"chose_seed":false,"campfire_upgraded":1,"win_rate":0.0,"timestamp":1612340785,"path_taken":["M","?","M","?","M","E","R","?","T","M","M","$","?","E","R","BOSS"],"items_purchased_type":["Relic","Card"],"build_version":"2020-12-22","purchased_purges":0,"victory":false,"max_hp_per_floor":[72,72,72,72,72,72,72,72,72,72,72,72,76,76,76,76,76],"relic_stats":{"counters":[8,42],"obtain_stats":[{"Replay:Accelerometer":8,"hubris:Icosahedron":4,"reliquary:NewFriend":9,"Sizzling Blood":13,"hubris:Towel":2,"reliquary:QuartzCube":6,"Unceasing Top":14,"Ring of the Snake":0,"REME_ComplimentaryCards":0},{"Replay:Accelerometer":4,"hubris:Icosahedron":2,"reliquary:NewFriend":4,"Sizzling Blood":6,"hubris:Towel":1,"reliquary:QuartzCube":4,"Unceasing Top":7,"Ring of the Snake":0,"REME_ComplimentaryCards":0},{"Replay:Accelerometer":16,"hubris:Icosahedron":8,"reliquary:NewFriend":16,"Sizzling Blood":27,"hubris:Towel":4,"reliquary:QuartzCube":16,"Unceasing Top":34,"Ring of the Snake":0,"REME_ComplimentaryCards":0}],"Unceasing Top":[2]},"card_choices":[{"not_picked":["Blade Dance","Hidden Blade"],"picked":"Replay:Poison Smokescreen","floor":1.0},{"not_picked":["Bane","Underhanded Strike"],"picked":"PiercingWail","floor":3.0},{"not_picked":["Predator","Sucker Punch"],"picked":"Cloak And Dagger","floor":5.0},{"not_picked":["Prepared","Outmaneuver"],"picked":"Toxin Wave","floor":6.0},{"not_picked":["Slice","hubris:SlightOfHand"],"picked":"Dodge and Roll","floor":10.0},{"not_picked":["Underhanded Strike","Dagger Spray"],"picked":"ReplayTheSpireMod:Shiv Toss","floor":11.0},{"not_picked":["ReplayTheSpireMod:Shiv Toss","Slice"],"picked":"Accuracy","floor":14.0}],"player_experience":627672,"relics_obtained":[{"floor":6.0,"key":"reliquary:QuartzCube"},{"floor":9.0,"key":"reliquary:NewFriend"},{"floor":14.0,"key":"Unceasing Top"}],"event_choices":[],"is_beta":false,"boss_relics":[],"items_purged_floors":[],"is_endless":false,"potions_floor_spawned":[1,6],"killed_by":"Slime Boss","ascension_level":15}}