{"host":"nxma0dbhh74lxenq","time":1612350328,"event":{"mods":["Astrologer","BaseMod","Beaked The Cultist","CapriCore","Colored Map","DeckTracker","Gremlin Mod","HololiveMod","KinomotoSakuraMod(ñÿîVñ{?)","Koishi","Mad Scientist","Minty Spire (QoL Compilation)","Prisma Mod","StSLib","SuperFastMode","The Bladedancer","The Cursed","The Immortal","The Mystic","YoumuÅiç∞ÈÆódöÎÅj"],"gold_per_floor":[113,133,133,133,133,167,167,185,210,210,210],"floor_reached":10,"language":"JPN","playtime":321,"items_purged":[],"score":116,"play_id":"d73b66d9-f4b6-42f4-8867-545aa665f99c","local_time":"20210203200528","is_ascension_mode":true,"campfire_choices":[{"floor":7,"key":"REST"}],"circlet_count":0,"master_deck":["AscendersBane","Koishi:BasicStrike","Koishi:BasicStrike","Koishi:BasicStrike","Koishi:BasicStrike","Koishi:BasicDefend","Koishi:BasicDefend","Koishi:BasicDefend","Koishi:BasicDefend","Koishi:Provoke+1","Koishi:HauntingSlash","Koishi:SpiritedAway","Koishi:JumpScare","Koishi:JumpScare+1","Koishi:HeartAttack"],"relics":["Koishi:ImaginaryFriend","Golden Idol","Toxic Egg 2","Pantograph","Pen Nib"],"acts_visited":["Exordium"],"potions_floor_usage":[10,10],"damage_taken":[{"damage":0,"enemies":"Cultist","floor":1,"turns":4},{"damage":4,"enemies":"Jaw Worm","floor":2,"turns":5},{"damage":51,"enemies":"Lagavulin","floor":6,"turns":15},{"damage":8,"enemies":"Small Slimes","floor":8,"turns":4},{"damage":27,"enemies":"Gremlin Nob","floor":10,"turns":3}],"seed_played":"-7350311328307086430","potions_obtained":[{"floor":6,"key":"AttackPotion"},{"floor":8,"key":"SkillPotion"}],"is_trial":false,"path_per_floor":["M","M","?","T","?","E","R","M","T","E"],"character_chosen":"KOISHI","items_purchased":[],"campfire_rested":1,"item_purchase_floors":[],"current_hp_per_floor":[53,52,52,52,52,10,25,23,23,0,0],"gold":210,"neow_bonus":"UPGRADE_CARD","is_daily":false,"chose_seed":false,"campfire_upgraded":0,"win_rate":0.0,"timestamp":1612350328,"path_taken":["M","M","?","?","?","E","R","?","T","E"],"items_purchased_type":[],"build_version":"2020-12-22","purchased_purges":0,"victory":false,"max_hp_per_floor":[57,57,52,52,52,52,52,52,52,52,52],"card_choices":[{"not_picked":["Koishi:ReflexRadar","Koishi:HeartfeltFancy"],"picked":"Koishi:SpiritedAway","floor":1},{"not_picked":["Koishi:UnansweredLove","Koishi:HeartfeltFancy"],"picked":"Koishi:JumpScare","floor":2},{"not_picked":["Koishi:UnansweredLove+1","Koishi:FidgetySnatcher"],"picked":"Koishi:JumpScare+1","floor":6},{"not_picked":["Koishi:BloodcurdlingScream","Koishi:FourthEye+1"],"picked":"Koishi:HeartAttack","floor":8}],"player_experience":573128,"relics_obtained":[{"floor":4,"key":"Toxic Egg 2"},{"floor":6,"key":"Pantograph"},{"floor":9,"key":"Pen Nib"}],"event_choices":[{"damage_healed":0,"gold_gain":0,"player_choice":"Lose Max HP","damage_taken":0,"relics_obtained":["Golden Idol"],"max_hp_gain":0,"max_hp_loss":5,"event_name":"Golden Idol","floor":3,"gold_loss":0},{"damage_healed":0,"gold_gain":0,"player_choice":"Ignored","damage_taken":0,"max_hp_gain":0,"max_hp_loss":0,"event_name":"Liars Game","floor":5,"gold_loss":0}],"is_beta":false,"boss_relics":[],"items_purged_floors":[],"is_endless":false,"potions_floor_spawned":[6,8],"killed_by":"Gremlin Nob","ascension_level":15}}