{"host":"xc18ixkpjvqrt8st","time":1612384846,"event":{"mods":["Act Like it!","BaseMod","Better Match","Better Third Choice","Conspire","Downfall","Hallownest","Hermit","Hubris","Infinite Spire","Minty Spire (QoL Compilation)","Reliquary","Replay The Spire","Robot Space Explorer","Shop Mod","Spicy Shops","Spire Arcade","StSLib","The Animator","The Edgeheg","The Jungle","The Marked","The Sage","TheWitcher"],"gold_per_floor":[128,163,163,183,212,212,238,259,259,259,259,276,304,315,315,315,315],"floor_reached":16,"language":"ENG","playtime":629,"items_purged":[],"score":112,"play_id":"3469d792-a2ac-4d07-ae09-429fec7ce523","local_time":"20210203144046","is_ascension_mode":false,"campfire_choices":[{"floor":6,"key":"RECALL"},{"floor":11,"key":"REST"},{"floor":15,"key":"REST"}],"circlet_count":0,"master_deck":["SnafuTest:DefaultCommonAttack","SnafuTest:DefaultCommonAttack","SnafuTest:DefaultCommonAttack","SnafuTest:BountyHunt","SnafuTest:DefaultCommonSkill","SnafuTest:DefaultCommonSkill","SnafuTest:DefaultCommonSkill","SnafuTest:SignAard","SnafuTest:SpellHellfire","SnafuTest:Kick","SnafuTest:MercilessReaper","SnafuTest:FirstAid","SnafuTest:PowerFireDamnation","SnafuTest:SwiftAssault","SnafuTest:SpellArcaneDomain","SnafuTest:MCSuccubusSeduction","SnafuTest:CareTaker"],"relics":["SnafuTest:UnstableMutagenRelic","NeowsBlessing","The Courier","Turnip","infinitespire:EmpoweringShard","Nunchaku"],"acts_visited":["Exordium"],"potions_floor_usage":[13,16],"damage_taken":[{"damage":0,"enemies":"Small Slimes","floor":1,"turns":1},{"damage":0,"enemies":"conspire:MimicChest","floor":2,"turns":1},{"damage":0,"enemies":"Jaw Worm","floor":4,"turns":1},{"damage":1,"enemies":"2 Louse","floor":5,"turns":2},{"damage":15,"enemies":"Replay:BlueRogue","floor":7,"turns":7},{"damage":22,"enemies":"Exordium Wildlife","floor":8,"turns":5},{"damage":0,"enemies":"Looter","floor":12,"turns":2},{"damage":28,"enemies":"3 Sentries","floor":13,"turns":6},{"damage":6,"enemies":"Blue Slaver","floor":14,"turns":4},{"damage":0,"enemies":"Hexaghost","floor":16,"turns":2}],"seed_played":"-7987381152778926498","potions_obtained":[{"floor":1,"key":"Explosive Potion"},{"floor":2,"key":"EssenceOfSteel"},{"floor":4,"key":"Fire Potion"},{"floor":8,"key":"Energy Potion"},{"floor":12,"key":"bronze:BurnAndBuffPotion"},{"floor":14,"key":"sagemod:Wine"}],"is_trial":false,"path_per_floor":["M","?","?","M","M","R","E","M","T","T","R","M","E","M","R","B"],"character_chosen":"THE_WITCHER","items_purchased":[],"campfire_rested":2,"item_purchase_floors":[],"current_hp_per_floor":[75,75,80,80,79,79,64,42,42,42,66,66,38,32,56,56,56],"gold":315,"neow_bonus":"THREE_ENEMY_KILL","is_daily":false,"chose_seed":false,"campfire_upgraded":0,"win_rate":0.0,"timestamp":1612384846,"path_taken":["M","?","?","M","M","R","E","M","T","?","R","M","E","M","R","BOSS"],"items_purchased_type":[],"build_version":"2020-12-22","purchased_purges":0,"victory":false,"max_hp_per_floor":[75,75,80,80,80,80,80,80,80,80,80,80,80,80,80,80,80],"card_choices":[{"not_picked":["SnafuTest:RecklessBlow","SnafuTest:PayHappyHour"],"picked":"SnafuTest:SpellHellfire","floor":1},{"not_picked":["SnafuTest:PayArmorSmith","SnafuTest:RecklessBlow"],"picked":"SnafuTest:Kick","floor":2},{"not_picked":["SnafuTest:PaySaddlery","SnafuTest:MCSuccubusSeduction"],"picked":"SnafuTest:MercilessReaper","floor":4},{"not_picked":["SnafuTest:PayGnomePedlar","SnafuTest:PayHappyHour"],"picked":"SnafuTest:FirstAid","floor":5},{"not_picked":["SnafuTest:ExcessiveLevies","SnafuTest:WitchHunt"],"picked":"SnafuTest:PowerFireDamnation","floor":7},{"not_picked":["SnafuTest:WitchHunt","SnafuTest:SpellHellfire"],"picked":"SnafuTest:SwiftAssault","floor":8},{"not_picked":["SnafuTest:SpellTortoise","SnafuTest:PowerAlwaysOnRoads"],"picked":"SnafuTest:SpellArcaneDomain","floor":12},{"not_picked":["SnafuTest:SpellButterflyIllusion","SnafuTest:BombMoonDust"],"picked":"SnafuTest:MCSuccubusSeduction","floor":13},{"not_picked":["SnafuTest:MCFeignDeath","SnafuTest:PowerVainGlory"],"picked":"SnafuTest:CareTaker","floor":14}],"player_experience":692893,"relics_obtained":[{"floor":2,"key":"The Courier"},{"floor":7,"key":"Turnip"},{"floor":10,"key":"infinitespire:EmpoweringShard"},{"floor":13,"key":"Nunchaku"}],"event_choices":[{"damage_healed":0,"gold_gain":0,"player_choice":"Donut","damage_taken":0,"max_hp_gain":5,"max_hp_loss":0,"event_name":"Big Fish","floor":3,"gold_loss":0}],"is_beta":false,"boss_relics":[],"items_purged_floors":[],"is_endless":false,"potions_floor_spawned":[1,2,4,8,12,14],"killed_by":"Hexaghost","ascension_level":0}}