{"host":"0jile2yd1dg679g0","time":1612326852,"event":{"mods":["AchievementEnabler","Act Like it!","BaseMod","Better Third Choice","Colored Map","Colored Powertips","Gensokyo","Hermit","Luminous","Marisa????????","Minty Spire (QoL Compilation)","Random Character Button","Spicy Shops","StSLib","The Servant 0.9.4","Transform Curses","Waifu the Spire"],"gold_per_floor":[115,115,115,65,65,97,111,111,111,139,158,176,30,49,49,146,146,160,173,187,200,227,262,113,130,130,130,205,205,218,241,253,362,374,400,435,447,40,88,115,126,126,126,137,147,174,13,50,50,50],"floor_reached":51,"language":"ENG","playtime":3890,"items_purged":["Clumsy","Regret"],"score":1173,"play_id":"45d4b7fd-dc79-4cb7-ae18-39babb85d3b0","local_time":"20210202233412","is_ascension_mode":true,"campfire_choices":[{"data":"Spot Weakness","floor":15,"key":"SMITH"},{"floor":27,"key":"REST"},{"floor":29,"key":"REST"},{"floor":32,"key":"REST"},{"data":"Seeing Red","floor":42,"key":"SMITH"},{"data":"Flex","floor":49,"key":"SMITH"}],"circlet_count":0,"master_deck":["Strike_R+1","Strike_R","Strike_R","Defend_R+1","Defend_R","Defend_R","Defend_R","Bash+1","Flex","Clash","Anger","Flame Barrier","Clash","Headbutt","Juggernaut","Spot Weakness+1","Reaper","Heavy Blade+1","Headbutt+1","Flex+1","Heavy Blade","Seeing Red+1","Heavy Blade","Heavy Blade+1","Impervious","Inflame","Headbutt+1","Battle Trance","Flame Barrier+1"],"relics":["Burning Blood","NeowsBlessing","Ancient Tea Set","Pocketwatch","Odd Mushroom","Toolbox","SlaversCollar","Blood Vial","Whetstone","Tiny Chest","Sundial","MawBank","Busted Crown","Centennial Puzzle","Brimstone","Akabeko","Thread and Needle","Potion Belt","Bronze Scales","TungstenRod","Red Skull"],"acts_visited":["Exordium","TheCity","TheBeyond"],"potions_floor_usage":[19,25,33,33,33,33,39,39,44],"damage_taken":[{"damage":0,"enemies":"2 Louse","floor":1,"turns":1},{"damage":0,"enemies":"Lagavulin","floor":6,"turns":2},{"damage":0,"enemies":"Jaw Worm","floor":7,"turns":1},{"damage":8,"enemies":"The Mushroom Lair","floor":10,"turns":5},{"damage":1,"enemies":"Small Slimes","floor":11,"turns":3},{"damage":7,"enemies":"2 Fungi Beasts","floor":12,"turns":4},{"damage":8,"enemies":"Lots of Slimes","floor":14,"turns":2},{"damage":0,"enemies":"Slime Boss","floor":16,"turns":4},{"damage":9,"enemies":"Chosen","floor":18,"turns":5},{"damage":12,"enemies":"3 Byrds","floor":19,"turns":4},{"damage":32,"enemies":"3 Cultists","floor":20,"turns":5},{"damage":17,"enemies":"Centurion and Healer","floor":21,"turns":7},{"damage":68,"enemies":"Slavers","floor":23,"turns":6},{"damage":38,"enemies":"Sentry and Sphere","floor":25,"turns":5},{"damage":34,"enemies":"Shelled Parasite and Fungi","floor":30,"turns":5},{"damage":73,"enemies":"Collector","floor":33,"turns":7},{"damage":6,"enemies":"Orb Walker","floor":35,"turns":3},{"damage":17,"enemies":"2 Orb Walkers","floor":39,"turns":3},{"damage":21,"enemies":"Giant Head","floor":40,"turns":5},{"damage":22,"enemies":"3 Shapes","floor":41,"turns":2},{"damage":0,"enemies":"Jaw Worm Horde","floor":44,"turns":3},{"damage":28,"enemies":"Writhing Mass","floor":45,"turns":3},{"damage":0,"enemies":"Reptomancer","floor":46,"turns":3},{"damage":1,"enemies":"4 Shapes","floor":48,"turns":6},{"damage":23,"enemies":"Time Eater","floor":50,"turns":5}],"seed_played":"5201268570295046951","potions_obtained":[{"floor":7,"key":"Regen Potion"},{"floor":10,"key":"EntropicBrew"},{"floor":11,"key":"SkillPotion"},{"floor":14,"key":"Fire Potion"},{"floor":20,"key":"Explosive Potion"},{"floor":25,"key":"Strength Potion"},{"floor":35,"key":"LiquidMemories"},{"floor":41,"key":"Energy Potion"},{"floor":46,"key":"SpeedPotion"}],"is_trial":false,"path_per_floor":["M","?","?","?","?","E","M","?","T","?","M","M","$","M","R","B",null,"M","M","M","M","T","E","$","M","T","R","?","R","M","T","R","B",null,"M","T","?","$","?","E","M","R","T","M","M","E","$","M","R","B",null],"character_chosen":"IRONCLAD","items_purchased":["Toolbox","Tiny Chest","Inflame","Brimstone","Akabeko","BloodPotion","Red Skull"],"campfire_rested":3,"item_purchase_floors":[13,24,38,38,38,38,47],"current_hp_per_floor":[78,62,55,55,55,61,67,72,72,70,75,74,74,72,72,78,83,85,79,69,70,70,40,40,10,10,35,27,52,26,26,51,18,68,70,70,70,70,61,48,69,69,69,77,69,85,85,85,85,68],"gold":50,"neow_bonus":"THREE_ENEMY_KILL","is_daily":false,"chose_seed":false,"campfire_upgraded":3,"win_rate":0.0,"timestamp":1612326852,"path_taken":["M","?","?","?","?","E","?","?","T","?","?","M","$","M","R","BOSS","M","M","M","M","?","E","$","M","T","R","?","R","?","?","R","BOSS","M","?","?","$","?","E","?","R","T","M","M","E","$","M","R","BOSS"],"items_purchased_type":["Relic","Relic","Card","Relic","Relic","Potion","Relic"],"build_version":"2020-12-22","purchased_purges":2,"victory":true,"max_hp_per_floor":[80,80,80,80,80,80,80,85,85,85,85,85,85,85,85,85,85,85,85,85,85,85,85,85,85,85,85,85,85,85,85,85,85,85,85,85,85,85,85,85,85,85,85,85,85,85,85,85,85,85],"card_choices":[{"not_picked":["Sword Boomerang","Body Slam"],"picked":"Flex","floor":1},{"not_picked":["Uppercut","Clash"],"picked":"Anger","floor":6},{"not_picked":["Hemokinesis","Warcry"],"picked":"Flame Barrier","floor":7},{"not_picked":["True Grit","Cleave"],"picked":"Clash","floor":10},{"not_picked":["Flex","Blood for Blood"],"picked":"Headbutt","floor":11},{"not_picked":["Iron Wave","Perfected Strike"],"picked":"Juggernaut","floor":12},{"not_picked":["Iron Wave","Sever Soul"],"picked":"Spot Weakness","floor":14},{"not_picked":["Double Tap","Barricade"],"picked":"Reaper","floor":16},{"not_picked":["Ghostly Armor+1","Combust+1"],"picked":"Heavy Blade+1","floor":18},{"not_picked":["Cleave","Rampage"],"picked":"Headbutt","floor":19},{"not_picked":["Shrug It Off","Iron Wave+1"],"picked":"Flex","floor":20},{"not_picked":["Flex","Twin Strike"],"picked":"Heavy Blade","floor":21},{"not_picked":["Thunderclap","Sword Boomerang"],"picked":"Seeing Red","floor":23},{"not_picked":["Body Slam","Iron Wave+1"],"picked":"Heavy Blade","floor":25},{"not_picked":["Dual Wield+1","Armaments"],"picked":"Heavy Blade+1","floor":30},{"not_picked":["Bludgeon","Offering"],"picked":"Impervious","floor":33},{"not_picked":["Havoc"],"picked":"SKIP","floor":35},{"not_picked":[],"picked":"Headbutt+1","floor":39},{"not_picked":[],"picked":"Battle Trance","floor":40},{"not_picked":[],"picked":"Flame Barrier+1","floor":41},{"not_picked":["Cleave+1"],"picked":"SKIP","floor":44},{"not_picked":["Sword Boomerang"],"picked":"SKIP","floor":45},{"not_picked":["Second Wind+1"],"picked":"SKIP","floor":46},{"not_picked":["Dropkick"],"picked":"SKIP","floor":48}],"player_experience":303162,"relics_obtained":[{"floor":6,"key":"Ancient Tea Set"},{"floor":9,"key":"Pocketwatch"},{"floor":10,"key":"Odd Mushroom"},{"floor":22,"key":"Blood Vial"},{"floor":23,"key":"Whetstone"},{"floor":26,"key":"Sundial"},{"floor":31,"key":"MawBank"},{"floor":36,"key":"Centennial Puzzle"},{"floor":39,"key":"Thread and Needle"},{"floor":40,"key":"Potion Belt"},{"floor":43,"key":"Bronze Scales"},{"floor":46,"key":"TungstenRod"}],"event_choices":[{"damage_healed":78,"gold_gain":0,"player_choice":"Upgrade","damage_taken":16,"max_hp_gain":0,"max_hp_loss":80,"event_name":"betterThird:BetterShining","floor":2,"gold_loss":0,"cards_upgraded":["Strike_R","Defend_R"]},{"cards_removed":["Strike_R"],"damage_healed":0,"gold_gain":0,"player_choice":"Card Removal","damage_taken":7,"max_hp_gain":0,"max_hp_loss":0,"event_name":"Golden Wing","floor":3,"gold_loss":0},{"cards_removed":["Strike_R"],"damage_healed":0,"gold_gain":0,"player_choice":"Card Removal","damage_taken":0,"max_hp_gain":0,"max_hp_loss":0,"event_name":"The Cleric","floor":4,"gold_loss":50},{"damage_healed":0,"gold_gain":0,"player_choice":"2 cards matched","damage_taken":0,"max_hp_gain":0,"max_hp_loss":0,"event_name":"Match and Keep!","floor":5,"gold_loss":0,"cards_obtained":["Clumsy","Clash"]},{"damage_healed":0,"gold_gain":0,"player_choice":"Donut","damage_taken":0,"max_hp_gain":5,"max_hp_loss":0,"event_name":"Big Fish","floor":8,"gold_loss":0},{"damage_healed":0,"gold_gain":0,"player_choice":"Fought Mushrooms","damage_taken":0,"max_hp_gain":0,"max_hp_loss":0,"event_name":"Mushrooms","floor":10,"gold_loss":0},{"damage_healed":0,"gold_gain":75,"player_choice":"Touch","damage_taken":8,"max_hp_gain":0,"max_hp_loss":0,"event_name":"FaceTrader","floor":28,"gold_loss":0},{"damage_healed":0,"gold_gain":0,"player_choice":"Ignored","damage_taken":0,"max_hp_gain":0,"max_hp_loss":0,"event_name":"Tomb of Lord Red Mask","floor":37,"gold_loss":0},{"damage_healed":0,"gold_gain":0,"player_choice":"Fight","damage_taken":0,"max_hp_gain":0,"max_hp_loss":0,"event_name":"Mysterious Sphere","floor":39,"gold_loss":0}],"is_beta":false,"boss_relics":[{"not_picked":["Snecko Eye","Ectoplasm"],"picked":"SlaversCollar"},{"not_picked":["Astrolabe","Sozu"],"picked":"Busted Crown"}],"items_purged_floors":[24,47],"is_endless":false,"potions_floor_spawned":[7,10,11,14,18,20,25,35,41,46],"ascension_level":8}}