{"host":"oewe6473mh2zp5ss","time":1612327017,"event":{"mods":["AchievementEnabler","Aspiration","Bard","BaseMod","Challenge The Spire","Conspire","Curses Come First","Custom Start","Downfall","Emptier Cage","Gremlin Mod","Halation","Hubris","Infinite Spire","Minty Spire (QoL Compilation)","Permanent Neow","Reliquary","Replay The Spire","Robot Space Explorer","Somnambulant","Spikes Relics","StSLib","The Cursed","The Disciple","The Jungle","The Senshi","thorton"],"gold_per_floor":[116,86,10,22,42,67,67,13,13,23,23,34,45,56,56,56,56],"floor_reached":16,"language":"ENG","playtime":1425,"items_purged":[],"score":104,"play_id":"1fc5a02a-1de7-475c-a7ac-656e9b0e84a0","local_time":"20210202203657","is_ascension_mode":false,"campfire_choices":[{"floor":7,"key":"REST"},{"floor":15,"key":"REST"}],"circlet_count":0,"master_deck":["Strike_P","Strike_P","Strike_P","Strike_P","Defend_P","Defend_P","Defend_P","Defend_P","Eruption","Vigilance","JustLucky","Crescendo","EmptyFist","ClearTheMind","Sanctity","JustLucky","FlurryOfBlows","Perseverance","Replay:ManipulateFuture","Halt","Pray"],"relics":["PureWater","infinitespire:Beetle Shell","reliquary:OuijaBoard"],"acts_visited":["Exordium"],"potions_floor_usage":[6,6,16,16,16],"damage_taken":[{"damage":7,"enemies":"2 Louse","floor":1,"turns":4},{"damage":0,"enemies":"Cultist","floor":4,"turns":3},{"damage":11,"enemies":"Jaw Worm","floor":5,"turns":2},{"damage":41,"enemies":"3 Sentries","floor":6,"turns":6},{"damage":5,"enemies":"Exordium Thugs","floor":10,"turns":5},{"damage":5,"enemies":"Large Slime","floor":12,"turns":6},{"damage":20,"enemies":"Gremlin Gang","floor":13,"turns":4},{"damage":1,"enemies":"2 Fungi Beasts","floor":14,"turns":3},{"damage":35,"enemies":"The Guardian","floor":16,"turns":3}],"seed_played":"5473985065791357921","potions_obtained":[{"floor":1,"key":"Strength Potion"},{"floor":2,"key":"EntropicBrew"},{"floor":2,"key":"Block Potion"},{"floor":11,"key":"SteroidPotion"},{"floor":11,"key":"LiquidMemories"},{"floor":11,"key":"Toxic Potion"}],"is_trial":false,"path_per_floor":["M","?","$","M","M","E","R","$","T","M","?","M","M","M","R","B"],"character_chosen":"WATCHER","items_purchased":["Crescendo","EmptyFist","FlurryOfBlows"],"campfire_rested":2,"item_purchase_floors":[3,3,8],"current_hp_per_floor":[72,72,72,72,61,20,43,43,43,38,38,33,13,12,35,0,0],"gold":56,"neow_bonus":"TEN_PERCENT_HP_BONUS","is_daily":false,"chose_seed":false,"campfire_upgraded":0,"win_rate":0.0,"timestamp":1612327017,"path_taken":["M","?","$","M","M","E","R","$","T","?","?","M","M","M","R","BOSS"],"items_purchased_type":["Card","Card","Card"],"build_version":"2020-12-22","purchased_purges":0,"victory":false,"max_hp_per_floor":[79,79,79,79,79,79,79,79,79,79,79,79,79,79,79,79,79],"card_choices":[{"not_picked":["Nirvana","Replay:Vibes"],"picked":"JustLucky","floor":1},{"not_picked":["EmptyFist","Indignation"],"picked":"ClearTheMind","floor":4},{"not_picked":["EmptyFist","FearNoEvil"],"picked":"Sanctity","floor":5},{"not_picked":["Protect","Adaptation"],"picked":"JustLucky","floor":6},{"not_picked":["InnerPeace","Adaptation"],"picked":"Perseverance","floor":10},{"not_picked":["Crescendo","Evaluate"],"picked":"Replay:ManipulateFuture","floor":12},{"not_picked":["CutThroughFate","EmptyFist"],"picked":"Halt","floor":13},{"not_picked":["PathToVictory","JustLucky"],"picked":"Pray","floor":14}],"player_experience":60897,"relics_obtained":[{"floor":6,"key":"infinitespire:Beetle Shell"},{"floor":9,"key":"reliquary:OuijaBoard"}],"event_choices":[{"damage_healed":0,"gold_gain":0,"player_choice":"Bought 2 Potions","damage_taken":0,"max_hp_gain":0,"max_hp_loss":0,"event_name":"The Woman in Blue","floor":2,"gold_loss":0},{"damage_healed":0,"gold_gain":0,"player_choice":"Got Potions","damage_taken":0,"max_hp_gain":0,"max_hp_loss":0,"event_name":"Lab","floor":11,"gold_loss":0}],"is_beta":false,"boss_relics":[],"items_purged_floors":[],"is_endless":false,"potions_floor_spawned":[1,12],"killed_by":"The Guardian","ascension_level":0}}