{"host":"fuszjwm6fqgjjp4d","time":1612395528,"event":{"mods":["BaseMod","Bestiary","Colored Map","DeckTracker","Minty Spire (QoL Compilation)","Permanent Neow","Relic Sorter","Relic Stats","StSLib"],"gold_per_floor":[360,412,412,22,42,42,42,42,69,80,91,91,91,107,107,178,178,189,199,229,245,261,291,291,319,319,319,346,346,361,361,361,438,438,451,461,461,683,683,126,126,159,459,485,497,538,565,594,606,618,630],"floor_reached":52,"language":"ENG","playtime":1527,"items_purged":["Decay"],"score":2301,"play_id":"fc96d9bf-cb63-42e3-9276-7e9cac80a0bf","local_time":"20210203173848","is_ascension_mode":true,"campfire_choices":[{"data":"Defragment","floor":6,"key":"SMITH"},{"data":"Dualcast","floor":8,"key":"SMITH"},{"data":"Defragment","floor":12,"key":"SMITH"},{"data":"Lockon","floor":15,"key":"SMITH"},{"data":"Buffer","floor":24,"key":"SMITH"},{"data":"Self Repair","floor":29,"key":"SMITH"},{"data":"Biased Cognition","floor":32,"key":"SMITH"},{"floor":41,"key":"REST"},{"data":"Defragment","floor":45,"key":"SMITH"},{"data":"Storm","floor":49,"key":"SMITH"}],"circlet_count":0,"master_deck":["AscendersBane","Strike_B","Strike_B","Strike_B+1","Defend_B+1","Defend_B","Defend_B","Defend_B","Zap+1","Dualcast+1","Defragment+1","Ball Lightning","Defragment+1","Lockon+1","Electrodynamics","Glacier","Self Repair+1","FTL+1","Machine Learning","Buffer+1","Coolheaded","Biased Cognition+1","Defragment+1","Consume+1","Loop","Consume","Core Surge","Loop+1","Glacier+1","Force Field","Storm+1"],"relics":["Cracked Core","War Paint","Orichalcum","Thread and Needle","Akabeko","Bag of Preparation","Black Star","Red Mask","Happy Flower","Prayer Wheel","Ornamental Fan","Regal Pillow","Ginger","The Courier","Blood Vial","DataDisk","Inserter","Vajra","HornCleat","Pen Nib","Smiling Mask","Old Coin","MawBank","Whetstone","CaptainsWheel","Mercury Hourglass"],"acts_visited":["Exordium","TheCity","TheBeyond"],"potions_floor_usage":[20,21,28,36,50],"damage_taken":[{"damage":1,"enemies":"Cultist","floor":1,"turns":3},{"damage":0,"enemies":"Small Slimes","floor":5,"turns":3},{"damage":0,"enemies":"2 Louse","floor":10,"turns":2},{"damage":5,"enemies":"Large Slime","floor":11,"turns":5},{"damage":3,"enemies":"Blue Slaver","floor":14,"turns":2},{"damage":0,"enemies":"Hexaghost","floor":16,"turns":7},{"damage":0,"enemies":"3 Byrds","floor":18,"turns":3},{"damage":0,"enemies":"Chosen","floor":19,"turns":2},{"damage":0,"enemies":"Masked Bandits","floor":20,"turns":3},{"damage":14,"enemies":"Snake Plant","floor":21,"turns":3},{"damage":0,"enemies":"Centurion and Healer","floor":22,"turns":4},{"damage":14,"enemies":"Slavers","floor":23,"turns":3},{"damage":19,"enemies":"Gremlin Leader","floor":25,"turns":4},{"damage":7,"enemies":"Book of Stabbing","floor":28,"turns":7},{"damage":8,"enemies":"Cultist and Chosen","floor":30,"turns":4},{"damage":14,"enemies":"Collector","floor":33,"turns":6},{"damage":0,"enemies":"Orb Walker","floor":35,"turns":4},{"damage":27,"enemies":"3 Darklings","floor":36,"turns":3},{"damage":0,"enemies":"Reptomancer","floor":42,"turns":5},{"damage":15,"enemies":"Nemesis","floor":44,"turns":5},{"damage":0,"enemies":"Giant Head","floor":46,"turns":8},{"damage":0,"enemies":"Transient","floor":47,"turns":6},{"damage":0,"enemies":"4 Shapes","floor":48,"turns":4},{"damage":107,"enemies":"Awakened One","floor":50,"turns":12},{"damage":0,"enemies":"Time Eater","floor":51,"turns":15}],"seed_played":"-2595807911341857171","potions_obtained":[{"floor":1,"key":"DistilledChaos"},{"floor":5,"key":"PowerPotion"},{"floor":14,"key":"DuplicationPotion"},{"floor":20,"key":"FairyPotion"},{"floor":25,"key":"Swift Potion"},{"floor":30,"key":"SpeedPotion"},{"floor":35,"key":"LiquidMemories"},{"floor":48,"key":"FocusPotion"}],"is_trial":false,"path_per_floor":["M","T","?","$","M","R","?","R","T","M","M","R","?","M","R","B",null,"M","M","?","M","M","E","R","E","T","T","E","R","M","?","R","B",null,"M","M","?","?","?","$","R","E","T","E","R","E","M","M","R","B","B",null],"character_chosen":"DEFECT","items_purchased":["Thread and Needle","Ball Lightning","Core Surge","Vajra","HornCleat","ColorlessPotion"],"campfire_rested":1,"item_purchase_floors":[4,4,40,40,40,40],"current_hp_per_floor":[45,45,34,34,34,34,27,27,27,27,22,22,22,19,19,19,58,58,58,58,58,65,58,58,39,39,39,39,39,43,43,43,41,64,66,41,41,41,41,41,71,71,71,66,66,71,71,71,71,11,23],"gold":642,"neow_bonus":"TWO_FIFTY_GOLD","is_daily":false,"chose_seed":false,"campfire_upgraded":9,"win_rate":0.0,"timestamp":1612395528,"path_taken":["M","?","?","$","M","R","?","R","T","M","M","R","?","?","R","BOSS","M","M","?","M","M","E","R","E","T","?","E","R","M","?","R","BOSS","M","M","?","?","?","$","R","E","T","E","R","E","M","M","R","BOSS","BOSS"],"items_purchased_type":["Relic","Card","Card","Relic","Relic","Potion"],"build_version":"2020-12-22","purchased_purges":1,"victory":true,"max_hp_per_floor":[71,71,71,71,71,71,71,71,71,71,71,71,71,71,71,71,71,71,71,71,71,71,71,71,71,71,71,71,71,71,71,71,71,71,71,71,71,71,71,71,71,71,71,71,71,71,71,71,71,71,71],"relic_stats":{"Regal Pillow":9,"Inserter":[31],"Happy Flower":[27],"counters":[25,122],"Pen Nib":[3],"Bag of Preparation":[42],"Ginger":[11],"Whetstone":["Strike_B","FTL"],"War Paint":["Defend_B","Zap"],"Orichalcum":[306],"Smiling Mask":0,"MawBank":96,"Mercury Hourglass":[147],"Blood Vial":12,"Ornamental Fan":[20],"Prayer Wheel":5,"Black Star":6,"obtain_stats":[{"Regal Pillow":25,"Vajra":40,"Bag of Preparation":13,"Ginger":26,"Whetstone":44,"Smiling Mask":42,"Old Coin":43,"Blood Vial":28,"HornCleat":40,"Prayer Wheel":23,"Red Mask":20,"Cracked Core":0,"Inserter":34,"Happy Flower":23,"Thread and Needle":4,"The Courier":27,"Pen Nib":42,"War Paint":2,"Orichalcum":3,"MawBank":44,"Akabeko":9,"Mercury Hourglass":46,"DataDisk":28,"CaptainsWheel":46,"Ornamental Fan":25,"Black Star":17},{"Regal Pillow":13,"Vajra":18,"Bag of Preparation":4,"Ginger":13,"Whetstone":20,"Smiling Mask":19,"Old Coin":19,"Blood Vial":14,"HornCleat":18,"Prayer Wheel":12,"Red Mask":9,"Cracked Core":0,"Inserter":16,"Happy Flower":12,"Thread and Needle":1,"The Courier":13,"Pen Nib":19,"War Paint":1,"Orichalcum":1,"MawBank":20,"Akabeko":2,"Mercury Hourglass":21,"DataDisk":14,"CaptainsWheel":21,"Ornamental Fan":13,"Black Star":6},{"Regal Pillow":44,"Vajra":68,"Bag of Preparation":13,"Ginger":44,"Whetstone":78,"Smiling Mask":73,"Old Coin":73,"Blood Vial":51,"HornCleat":68,"Prayer Wheel":40,"Red Mask":30,"Cracked Core":0,"Inserter":61,"Happy Flower":40,"Thread and Needle":3,"The Courier":44,"Pen Nib":73,"War Paint":3,"Orichalcum":3,"MawBank":78,"Akabeko":6,"Mercury Hourglass":86,"DataDisk":51,"CaptainsWheel":86,"Ornamental Fan":44,"Black Star":22}]},"card_choices":[{"not_picked":["Loop","Streamline"],"picked":"Defragment","floor":1},{"not_picked":["Stack","Ball Lightning"],"picked":"Cold Snap","floor":5},{"not_picked":["Barrage","Auto Shields"],"picked":"Defragment","floor":10},{"not_picked":["Redo","Stack"],"picked":"Lockon","floor":11},{"not_picked":["Heatsinks","Rebound","Beam Cell"],"picked":"SKIP","floor":14},{"not_picked":["Thunder Strike","Machine Learning"],"picked":"Electrodynamics","floor":16},{"not_picked":["Ball Lightning","Melter"],"picked":"Glacier","floor":18},{"not_picked":["Streamline","Conserve Battery"],"picked":"Self Repair","floor":19},{"not_picked":["Streamline","Reinforced Body"],"picked":"FTL","floor":20},{"not_picked":["Sweeping Beam+1","Reprogram"],"picked":"Machine Learning","floor":21},{"not_picked":["Go for the Eyes+1","Conserve Battery","Gash+1"],"picked":"SKIP","floor":22},{"not_picked":["Leap","Compile Driver"],"picked":"Buffer","floor":23},{"not_picked":["Leap","Skim","Steam"],"picked":"SKIP","floor":25},{"not_picked":["Compile Driver","Ball Lightning+1"],"picked":"Coolheaded","floor":28},{"not_picked":["Turbo","Sunder","Tempest"],"picked":"SKIP","floor":30},{"not_picked":["Darkness","Recycle","Doom and Gloom"],"picked":"SKIP","floor":30},{"not_picked":["Hello World","Compile Driver+1"],"picked":"Defragment","floor":35},{"not_picked":["Streamline","Beam Cell","Melter"],"picked":"SKIP","floor":35},{"not_picked":["Barrage","Chill"],"picked":"Consume+1","floor":36},{"not_picked":["Steam","Turbo"],"picked":"Loop","floor":36},{"not_picked":["Rebound","Aggregate"],"picked":"Loop+1","floor":42},{"not_picked":["Auto Shields+1","Chill"],"picked":"Glacier+1","floor":44},{"not_picked":["Barrage","Reinforced Body","BootSequence"],"picked":"SKIP","floor":46},{"not_picked":["Cold Snap","Beam Cell","FTL"],"picked":"SKIP","floor":47},{"not_picked":["Conserve Battery","Sweeping Beam","FTL"],"picked":"SKIP","floor":47},{"not_picked":["Barrage","Hologram"],"picked":"Force Field","floor":48},{"not_picked":["Go for the Eyes","Cold Snap"],"picked":"Storm","floor":48}],"player_experience":1427975,"relics_obtained":[{"floor":2,"key":"War Paint"},{"floor":9,"key":"Akabeko"},{"floor":20,"key":"Red Mask"},{"floor":23,"key":"Happy Flower"},{"floor":23,"key":"Prayer Wheel"},{"floor":25,"key":"Ornamental Fan"},{"floor":25,"key":"Regal Pillow"},{"floor":26,"key":"Ginger"},{"floor":27,"key":"The Courier"},{"floor":28,"key":"Blood Vial"},{"floor":28,"key":"DataDisk"},{"floor":42,"key":"Pen Nib"},{"floor":42,"key":"Smiling Mask"},{"floor":43,"key":"Old Coin"},{"floor":44,"key":"MawBank"},{"floor":44,"key":"Whetstone"},{"floor":46,"key":"CaptainsWheel"},{"floor":46,"key":"Mercury Hourglass"}],"event_choices":[{"damage_healed":0,"gold_gain":0,"player_choice":"Success","damage_taken":11,"relics_obtained":["Orichalcum"],"max_hp_gain":0,"max_hp_loss":0,"event_name":"Scrap Ooze","floor":3,"gold_loss":0},{"cards_removed":["Strike_B"],"damage_healed":0,"gold_gain":0,"player_choice":"Card Removal","damage_taken":7,"max_hp_gain":0,"max_hp_loss":0,"event_name":"Golden Wing","floor":7,"gold_loss":0},{"damage_healed":0,"gold_gain":0,"player_choice":"Searched \u00271\u0027 times","damage_taken":0,"relics_obtained":["Bag of Preparation"],"max_hp_gain":0,"max_hp_loss":0,"event_name":"Dead Adventurer","floor":13,"gold_loss":0},{"damage_healed":0,"gold_gain":0,"player_choice":"Fought Bandits","damage_taken":0,"max_hp_gain":0,"max_hp_loss":0,"event_name":"Masked Bandits","floor":20,"gold_loss":0},{"damage_healed":0,"gold_gain":0,"player_choice":"Read","damage_taken":0,"max_hp_gain":0,"max_hp_loss":0,"event_name":"The Library","floor":31,"gold_loss":0,"cards_obtained":["Biased Cognition"]},{"cards_removed":["Cold Snap"],"damage_healed":0,"gold_gain":0,"player_choice":"Removed Attack","damage_taken":0,"max_hp_gain":0,"max_hp_loss":0,"event_name":"Falling","floor":37,"gold_loss":0},{"damage_healed":0,"gold_gain":222,"player_choice":"Wore Mask","damage_taken":0,"max_hp_gain":0,"max_hp_loss":0,"event_name":"Tomb of Lord Red Mask","floor":38,"gold_loss":0},{"damage_healed":0,"gold_gain":0,"player_choice":"2 cards matched","damage_taken":0,"max_hp_gain":0,"max_hp_loss":0,"event_name":"Match and Keep!","floor":39,"gold_loss":0,"cards_obtained":["Decay","Consume"]}],"is_beta":false,"boss_relics":[{"not_picked":["Busted Crown","Runic Dome"],"picked":"Black Star"},{"not_picked":["Cursed Key","Calling Bell"],"picked":"Inserter"}],"items_purged_floors":[40],"is_endless":false,"potions_floor_spawned":[1,5,14,16,19,20,25,30,35,46,48],"ascension_level":20}}