{"host":"mw3dmj42qtkbha4b","time":1612341007,"event":{"mods":["BaseMod","Colored Map","Colored Powertips","DeckTracker","Minty Spire (QoL Compilation)","StSLib","SuperFastMode"],"gold_per_floor":[118,118,135,149,149,184,184,218,218,218,238,253,253,253,253],"floor_reached":14,"language":"KOR","playtime":254,"items_purged":[],"score":200,"play_id":"7e9c359d-862c-4f51-97c3-ad477256c502","local_time":"20210203173007","is_ascension_mode":true,"campfire_choices":[{"data":"Eruption","floor":7.0,"key":"SMITH"},{"floor":10.0,"key":"DIG"}],"circlet_count":0,"master_deck":["AscendersBane","Strike_P","Strike_P","Strike_P","Strike_P+1","Defend_P","Defend_P","Defend_P","Eruption+1","Vigilance+1"],"relics":["PureWater","NeowsBlessing","TungstenRod","Singing Bowl","Shovel","StoneCalendar"],"acts_visited":["Exordium"],"potions_floor_usage":[],"damage_taken":[{"damage":0.0,"enemies":"Cultist","floor":1.0,"turns":1.0},{"damage":0.0,"enemies":"Small Slimes","floor":3.0,"turns":1.0},{"damage":0.0,"enemies":"2 Louse","floor":4.0,"turns":1.0},{"damage":20.0,"enemies":"3 Sentries","floor":6.0,"turns":3.0},{"damage":9.0,"enemies":"Lagavulin","floor":8.0,"turns":5.0},{"damage":11.0,"enemies":"Exordium Wildlife","floor":11.0,"turns":4.0},{"damage":0.0,"enemies":"Blue Slaver","floor":12.0,"turns":2.0},{"damage":7,"enemies":"Gremlin Nob","floor":14,"turns":2}],"seed_played":"1763067003791703558","potions_obtained":[{"floor":1.0,"key":"EntropicBrew"},{"floor":4.0,"key":"SmokeBomb"}],"is_trial":false,"path_per_floor":["M","?","M","M","?","E","R","E","T","R","M","M","?","E"],"character_chosen":"WATCHER","items_purchased":[],"campfire_rested":0,"item_purchase_floors":[],"current_hp_per_floor":[61,61,61,61,41,21,21,14,14,14,5,7,7,0,0],"gold":253,"neow_bonus":"THREE_ENEMY_KILL","is_daily":false,"chose_seed":false,"campfire_upgraded":1,"win_rate":0.0,"timestamp":1612341007,"path_taken":["M","?","?","?","?","E","R","E","T","R","M","M","?","E"],"items_purchased_type":[],"build_version":"2020-12-22","purchased_purges":0,"victory":false,"max_hp_per_floor":[68,68,68,68,68,68,68,70,70,70,72,74,74,74,74],"card_choices":[{"not_picked":["ThirdEye","CrushJoints","SashWhip"],"picked":"SKIP","floor":1.0},{"not_picked":["JustLucky","EmptyMind","FlyingSleeves"],"picked":"SKIP","floor":3.0},{"not_picked":["Evaluate","BowlingBash","FollowUp"],"picked":"SKIP","floor":4.0},{"not_picked":["DeceiveReality","WaveOfTheHand","ThirdEye"],"picked":"SKIP","floor":6.0},{"not_picked":["CrushJoints","WreathOfFlame","Omniscience"],"picked":"Singing Bowl","floor":8.0},{"not_picked":["Study","CrushJoints","Sanctity"],"picked":"Singing Bowl","floor":11.0},{"not_picked":["MentalFortress","EmptyFist","Halt"],"picked":"Singing Bowl","floor":12.0}],"player_experience":1792827,"relics_obtained":[{"floor":6.0,"key":"TungstenRod"},{"floor":8.0,"key":"Singing Bowl"},{"floor":9.0,"key":"Shovel"},{"floor":10.0,"key":"StoneCalendar"}],"event_choices":[{"cards_removed":["Defend_P"],"damage_healed":0.0,"max_hp_gain":0.0,"max_hp_loss":0.0,"gold_gain":0.0,"event_name":"Bonfire Elementals","player_choice":"Offered Basic","floor":2.0,"gold_loss":0.0,"damage_taken":0.0},{"damage_healed":0.0,"max_hp_gain":0.0,"max_hp_loss":0.0,"gold_gain":0.0,"event_name":"Shining Light","player_choice":"Entered Light","floor":5.0,"gold_loss":0.0,"damage_taken":20.0,"cards_upgraded":["Vigilance","Strike_P"]},{"damage_healed":0.0,"max_hp_gain":0.0,"max_hp_loss":0.0,"gold_gain":0.0,"event_name":"Scrap Ooze","player_choice":"Fled","floor":13.0,"gold_loss":0.0,"damage_taken":0.0}],"is_beta":false,"boss_relics":[],"items_purged_floors":[],"is_endless":false,"potions_floor_spawned":[1,4],"killed_by":"Gremlin Nob","ascension_level":20}}