{"host":"6q94iy5iz6612v89","time":1612319885,"event":{"mods":["2.2 Compatiblity","AchievementEnabler","BaseMod","Colored Map","DeckTracker","Keyboard Shortcuts","Minty Spire (QoL Compilation)","Permanent Neow","StSLib","SuperFastMode"],"gold_per_floor":[112,125,138,138,157,183,183,203,278,278,303,318,192,212,212,287,287,304,320,337,237,248,248,22,55,81,96,96,296,329,343,343,417,417,432,432,457,472,489,516,516,542,565,608,630,252,252,252,252,252,252],"floor_reached":50,"language":"KOR","playtime":1656,"items_purged":["Strike_G","Strike_G","Strike_G","Strike_G"],"score":1368,"play_id":"c7f3e720-3030-4c9d-9947-c38ca0f0dbc9","local_time":"20210203113805","is_ascension_mode":true,"campfire_choices":[{"floor":7,"key":"RECALL"},{"floor":10,"key":"REST"},{"data":"Crippling Poison","floor":15,"key":"SMITH"},{"data":"Accuracy","floor":23,"key":"SMITH"},{"data":"A Thousand Cuts","floor":28,"key":"SMITH"},{"data":"Footwork","floor":32,"key":"SMITH"},{"floor":41,"key":"REST"},{"floor":47,"key":"REST"},{"data":"Panache","floor":49,"key":"SMITH"}],"circlet_count":0,"master_deck":["AscendersBane","Strike_G","Defend_G","Defend_G","Defend_G","Defend_G","Defend_G","Survivor","Neutralize","Apotheosis+1","Calculated Gamble","Blade Dance","Poisoned Stab","Dagger Spray","Crippling Poison+1","PiercingWail","Blade Dance","Backflip","A Thousand Cuts+1","Acrobatics","Accuracy+1","Reflex","Finesse","Footwork+1","Panache+1","Prepared+1","Finisher"],"relics":["Ring of the Snake","Centennial Puzzle","Kunai","Thread and Needle","Runic Dome","Orichalcum","Gambling Chip","HoveringKite","Lizard Tail","Turnip","Smiling Mask","MawBank","MealTicket","Du-Vu Doll"],"acts_visited":["Exordium","TheCity","TheBeyond"],"potions_floor_usage":[11,22,25,30,39,45],"damage_taken":[{"damage":4,"enemies":"Small Slimes","floor":1,"turns":4},{"damage":0,"enemies":"Cultist","floor":2,"turns":3},{"damage":3,"enemies":"2 Louse","floor":3,"turns":3},{"damage":4,"enemies":"Red Slaver","floor":5,"turns":5},{"damage":20,"enemies":"3 Sentries","floor":6,"turns":7},{"damage":11,"enemies":"3 Louse","floor":8,"turns":4},{"damage":5,"enemies":"Lagavulin","floor":11,"turns":6},{"damage":0,"enemies":"Large Slime","floor":12,"turns":4},{"damage":0,"enemies":"2 Fungi Beasts","floor":14,"turns":3},{"damage":0,"enemies":"Hexaghost","floor":16,"turns":9},{"damage":1,"enemies":"Shell Parasite","floor":18,"turns":5},{"damage":0,"enemies":"Chosen","floor":19,"turns":4},{"damage":1,"enemies":"Snecko","floor":20,"turns":4},{"damage":2,"enemies":"Cultist and Chosen","floor":22,"turns":5},{"damage":0,"enemies":"Gremlin Leader","floor":25,"turns":4},{"damage":1,"enemies":"Snake Plant","floor":27,"turns":4},{"damage":3,"enemies":"Slavers","floor":30,"turns":4},{"damage":7,"enemies":"Shelled Parasite and Fungi","floor":31,"turns":4},{"damage":19,"enemies":"Champ","floor":33,"turns":13},{"damage":8,"enemies":"3 Darklings","floor":35,"turns":3},{"damage":0,"enemies":"Mind Bloom Boss Battle","floor":37,"turns":5},{"damage":0,"enemies":"Orb Walker","floor":38,"turns":3},{"damage":34,"enemies":"Maw","floor":39,"turns":6},{"damage":0,"enemies":"Reptomancer","floor":40,"turns":4},{"damage":25,"enemies":"Nemesis","floor":42,"turns":5},{"damage":2,"enemies":"Giant Head","floor":44,"turns":4},{"damage":6,"enemies":"Jaw Worm Horde","floor":45,"turns":3},{"damage":48,"enemies":"Donu and Deca","floor":50,"turns":5}],"seed_played":"-3430329790276271189","potions_obtained":[{"floor":3,"key":"AttackPotion"},{"floor":5,"key":"LiquidBronze"},{"floor":8,"key":"CunningPotion"},{"floor":12,"key":"PowerPotion"},{"floor":20,"key":"Block Potion"},{"floor":22,"key":"LiquidBronze"},{"floor":31,"key":"AttackPotion"},{"floor":33,"key":"Weak Potion"},{"floor":35,"key":"ColorlessPotion"},{"floor":37,"key":"Block Potion"},{"floor":39,"key":"SpeedPotion"}],"is_trial":false,"path_per_floor":["M","M","M","?","M","E","R","M","T","R","E","M","$","M","R","B",null,"M","M","M","$","M","R","$","E","T","M","R","?","E","M","R","B",null,"M","?","?","M","M","E","R","E","T","E","M","$","R","?","R","B"],"character_chosen":"THE_SILENT","items_purchased":["Backflip","Finesse","Du-Vu Doll"],"campfire_rested":3,"item_purchase_floors":[13,24,46],"current_hp_per_floor":[55,55,52,52,48,28,28,17,17,35,30,30,30,30,30,30,53,52,52,51,51,49,49,49,49,49,48,48,48,45,38,38,19,50,42,32,32,32,30,30,48,23,23,21,15,30,48,48,48,0,0],"gold":252,"neow_bonus":"RANDOM_COLORLESS_2","is_daily":false,"chose_seed":false,"campfire_upgraded":5,"win_rate":0.0,"timestamp":1612319885,"path_taken":["M","M","M","?","M","E","R","?","T","R","E","M","$","M","R","BOSS","M","M","M","$","M","R","$","E","T","M","R","?","E","?","R","BOSS","M","?","?","M","M","E","R","E","T","E","M","$","R","?","R","BOSS"],"items_purchased_type":["Card","Card","Relic"],"build_version":"2020-12-22","purchased_purges":4,"victory":false,"max_hp_per_floor":[60,60,60,60,60,60,60,60,60,60,60,60,60,60,60,60,60,60,60,60,60,60,60,60,60,60,60,60,60,60,60,60,60,60,60,60,60,60,60,60,60,60,60,60,60,60,60,60,60,60,60],"card_choices":[{"not_picked":["Violence","Secret Weapon"],"picked":"Apotheosis","floor":0},{"not_picked":["Prepared","Expertise"],"picked":"Calculated Gamble","floor":1},{"not_picked":["PiercingWail","Flying Knee"],"picked":"Blade Dance","floor":2},{"not_picked":["Flying Knee","Dodge and Roll"],"picked":"Poisoned Stab","floor":3},{"not_picked":["Bane","Blade Dance"],"picked":"Dagger Spray","floor":5},{"not_picked":["Tactician","Unload"],"picked":"Crippling Poison","floor":6},{"not_picked":["Prepared","Heel Hook"],"picked":"PiercingWail","floor":8},{"not_picked":["Acrobatics","Outmaneuver"],"picked":"Blade Dance","floor":11},{"not_picked":["Cloak And Dagger","Poisoned Stab","Calculated Gamble"],"picked":"SKIP","floor":12},{"not_picked":["Heel Hook","Blade Dance","PiercingWail"],"picked":"SKIP","floor":14},{"not_picked":["Malaise","Grand Finale"],"picked":"A Thousand Cuts","floor":16},{"not_picked":["Quick Slash","Outmaneuver","Caltrops"],"picked":"SKIP","floor":18},{"not_picked":["Well Laid Plans","Quick Slash"],"picked":"Acrobatics","floor":19},{"not_picked":["Backflip","Cloak And Dagger"],"picked":"Accuracy","floor":20},{"not_picked":["Burst","Predator"],"picked":"Reflex","floor":22},{"not_picked":["Skewer","Poisoned Stab","Underhanded Strike"],"picked":"SKIP","floor":25},{"not_picked":["Infinite Blades","Deflect","Bane"],"picked":"SKIP","floor":27},{"not_picked":["Heel Hook","Dagger Throw","Escape Plan"],"picked":"SKIP","floor":30},{"not_picked":["Poisoned Stab","Dagger Throw"],"picked":"Footwork","floor":31},{"not_picked":["Slice+1","Sucker Punch","Leg Sweep+1"],"picked":"SKIP","floor":35},{"not_picked":["Secret Technique","Bandage Up"],"picked":"Panache","floor":36},{"not_picked":["PiercingWail+1","Dagger Throw+1","Blade Dance"],"picked":"SKIP","floor":38},{"not_picked":["Distraction","Deadly Poison"],"picked":"Prepared+1","floor":39},{"not_picked":["Corpse Explosion","Bouncing Flask","Noxious Fumes"],"picked":"SKIP","floor":40},{"not_picked":["Dodge and Roll","Concentrate","Finisher+1"],"picked":"SKIP","floor":42},{"not_picked":["Flying Knee","Storm of Steel"],"picked":"Finisher","floor":44},{"not_picked":["Endless Agony","Predator","Sucker Punch"],"picked":"SKIP","floor":45}],"player_experience":1455065,"relics_obtained":[{"floor":6,"key":"Centennial Puzzle"},{"floor":9,"key":"Kunai"},{"floor":11,"key":"Thread and Needle"},{"floor":25,"key":"Orichalcum"},{"floor":30,"key":"Gambling Chip"},{"floor":37,"key":"Lizard Tail"},{"floor":40,"key":"Turnip"},{"floor":42,"key":"Smiling Mask"},{"floor":43,"key":"MawBank"},{"floor":44,"key":"MealTicket"}],"event_choices":[{"damage_healed":0,"gold_gain":0,"player_choice":"Upgraded","damage_taken":0,"max_hp_gain":0,"max_hp_loss":0,"event_name":"Upgrade Shrine","floor":4,"gold_loss":0,"cards_upgraded":["Apotheosis"]},{"damage_healed":0,"gold_gain":200,"player_choice":"Gold","damage_taken":0,"max_hp_gain":0,"max_hp_loss":0,"event_name":"Wheel of Change","floor":29,"gold_loss":0},{"damage_healed":0,"gold_gain":0,"player_choice":"Memory 3","damage_taken":10,"max_hp_gain":0,"max_hp_loss":0,"event_name":"SensoryStone","floor":36,"gold_loss":0},{"damage_healed":0,"gold_gain":0,"player_choice":"Fight","damage_taken":0,"max_hp_gain":0,"max_hp_loss":0,"event_name":"MindBloom","floor":37,"gold_loss":0},{"damage_healed":0,"gold_gain":0,"player_choice":"Ignored","damage_taken":0,"max_hp_gain":0,"max_hp_loss":0,"event_name":"Tomb of Lord Red Mask","floor":48,"gold_loss":0}],"is_beta":false,"boss_relics":[{"not_picked":["Velvet Choker","Pandora\u0027s Box"],"picked":"Runic Dome"},{"not_picked":["Cursed Key","Calling Bell"],"picked":"HoveringKite"}],"items_purged_floors":[13,21,24,46],"is_endless":false,"potions_floor_spawned":[3,5,8,12,19,20,22,31,33,35,37,39,42],"killed_by":"Donu and Deca","ascension_level":20}}