{"host":"rtw1tnr74gozsrw1","time":1612380868,"event":{"mods":["BaseMod","Colored Map","Colored Powertips","Highlight Path","Minty Spire (QoL Compilation)","StSLib"],"gold_per_floor":[118,131,19,33,52,52,81,81,81,81,95,122,22,51,51,149,149,167,167,186,285,200,228,178,53,76,76,103,103,103,103],"floor_reached":30,"language":"ENG","playtime":984,"items_purged":["Strike_G","Strike_G","Defend_G"],"score":349,"play_id":"3c37565b-96db-463e-a8c9-cd2e4c205cdc","local_time":"20210203203428","is_ascension_mode":true,"campfire_choices":[{"data":"Footwork","floor":6,"key":"SMITH"},{"data":"Noxious Fumes","floor":8,"key":"SMITH"},{"data":"Catalyst","floor":15,"key":"SMITH"},{"data":"Bouncing Flask","floor":27,"key":"SMITH"},{"floor":29,"key":"REST"}],"circlet_count":0,"master_deck":["Defend_G","Defend_G","Defend_G","Survivor","Neutralize","Endless Agony","Bouncing Flask+1","Catalyst+1","Poisoned Stab","Footwork+1","Noxious Fumes+1","Bane","Deflect+1","Adrenaline+1","Bane+1","Bite","Bite","Bite","Bite","Bite","Noxious Fumes+1"],"relics":["Ring of the Snake","NeowsBlessing","Bottled Lightning","Torii","Toxic Egg 2","Empty Cage","Potion Belt","InkBottle","Lantern","Bottled Flame"],"acts_visited":["Exordium","TheCity"],"potions_floor_usage":[12,23,28,28,28],"damage_taken":[{"damage":0,"enemies":"Jaw Worm","floor":1,"turns":1},{"damage":0,"enemies":"Cultist","floor":2,"turns":1},{"damage":0,"enemies":"Small Slimes","floor":4,"turns":1},{"damage":4,"enemies":"Red Slaver","floor":5,"turns":3},{"damage":0,"enemies":"Lagavulin","floor":7,"turns":5},{"damage":0,"enemies":"Exordium Wildlife","floor":11,"turns":4},{"damage":4,"enemies":"3 Sentries","floor":12,"turns":7},{"damage":9,"enemies":"Lagavulin","floor":14,"turns":6},{"damage":19,"enemies":"The Guardian","floor":16,"turns":6},{"damage":2,"enemies":"Shell Parasite","floor":18,"turns":4},{"damage":11,"enemies":"2 Thieves","floor":20,"turns":3},{"damage":18,"enemies":"Book of Stabbing","floor":23,"turns":5},{"damage":43,"enemies":"Gremlin Leader","floor":28,"turns":5},{"damage":0,"enemies":"Shelled Parasite and Fungi","floor":30,"turns":1}],"seed_played":"5749472396659255356","potions_obtained":[{"floor":2,"key":"Ancient Potion"},{"floor":4,"key":"SkillPotion"},{"floor":14,"key":"EssenceOfSteel"},{"floor":20,"key":"Poison Potion"},{"floor":23,"key":"Poison Potion"}],"is_trial":false,"path_per_floor":["M","M","$","M","M","R","E","R","T","?","M","E","$","E","R","B",null,"M","?","M","?","?","E","?","$","T","R","E","R","M"],"character_chosen":"THE_SILENT","items_purchased":["Catalyst"],"campfire_rested":1,"item_purchase_floors":[3],"current_hp_per_floor":[70,70,70,70,66,66,66,66,66,66,66,62,62,53,53,36,70,68,68,59,59,59,53,53,53,53,53,24,45,47,47],"gold":103,"neow_bonus":"THREE_ENEMY_KILL","is_daily":false,"chose_seed":false,"campfire_upgraded":4,"win_rate":0.0,"timestamp":1612380868,"path_taken":["M","M","$","M","M","R","E","R","T","?","?","E","$","E","R","BOSS","M","?","M","?","?","E","?","$","T","R","E","R","?"],"items_purchased_type":["Card"],"build_version":"2020-12-22","purchased_purges":3,"victory":false,"max_hp_per_floor":[70,70,70,70,70,70,70,70,70,70,70,70,70,70,70,70,70,70,70,70,70,70,70,70,70,70,70,70,70,70,70],"card_choices":[{"not_picked":["Sucker Punch","Deadly Poison"],"picked":"Endless Agony","floor":1},{"not_picked":["Poisoned Stab","Underhanded Strike"],"picked":"Bouncing Flask","floor":2},{"not_picked":["Expertise","Well Laid Plans"],"picked":"Poisoned Stab","floor":4},{"not_picked":["All Out Attack","Blur"],"picked":"Footwork","floor":5},{"not_picked":["Poisoned Stab","Outmaneuver"],"picked":"Noxious Fumes","floor":7},{"not_picked":["Flying Knee","Sucker Punch"],"picked":"Bane","floor":11},{"not_picked":["Slice","Prepared+1","Malaise+1"],"picked":"SKIP","floor":12},{"not_picked":["Bane","Flying Knee"],"picked":"Deflect+1","floor":14},{"not_picked":["A Thousand Cuts","Wraith Form v2"],"picked":"Adrenaline+1","floor":16},{"not_picked":["Choke","All Out Attack+1"],"picked":"Bane+1","floor":18},{"not_picked":["Cloak And Dagger+1","Heel Hook"],"picked":"Noxious Fumes+1","floor":20},{"not_picked":["Cloak And Dagger+1","Dagger Throw","PiercingWail+1"],"picked":"SKIP","floor":23},{"not_picked":["PiercingWail+1","Bane","Deflect+1"],"picked":"SKIP","floor":28}],"player_experience":78827,"relics_obtained":[{"floor":7,"key":"Bottled Lightning"},{"floor":10,"key":"Torii"},{"floor":12,"key":"Toxic Egg 2"},{"floor":14,"key":"Blood Vial"},{"floor":23,"key":"InkBottle"},{"floor":26,"key":"Lantern"},{"floor":28,"key":"Bottled Flame"}],"event_choices":[{"damage_healed":0,"gold_gain":0,"player_choice":"Relic","damage_taken":0,"max_hp_gain":0,"max_hp_loss":0,"event_name":"Wheel of Change","floor":10,"gold_loss":0},{"damage_healed":0,"gold_gain":0,"player_choice":"Became a vampire (Vial)","damage_taken":0,"max_hp_gain":0,"max_hp_loss":0,"event_name":"Vampires","floor":19,"relics_lost":["Blood Vial"],"gold_loss":0,"cards_obtained":["Bite","Bite","Bite","Bite","Bite"]},{"damage_healed":0,"gold_gain":99,"player_choice":"Stole From Cult","damage_taken":0,"max_hp_gain":0,"max_hp_loss":0,"event_name":"Nest","floor":21,"gold_loss":0},{"damage_healed":0,"gold_gain":0,"player_choice":"Obtained Relic","damage_taken":0,"relics_obtained":["Potion Belt"],"max_hp_gain":0,"max_hp_loss":0,"event_name":"Addict","floor":22,"gold_loss":85},{"damage_healed":0,"gold_gain":0,"player_choice":"Bet on Owner","damage_taken":0,"max_hp_gain":0,"max_hp_loss":0,"event_name":"The Joust","floor":24,"gold_loss":50}],"is_beta":false,"boss_relics":[{"not_picked":["Snecko Eye","Coffee Dripper"],"picked":"Empty Cage"}],"items_purged_floors":[3,13,25],"is_endless":false,"potions_floor_spawned":[2,4,14,20,23],"killed_by":"Shelled Parasite and Fungi","ascension_level":1}}