{"host":"y8lj6eu4rxnc2qvr","time":1612327370,"event":{"mods":["BaseMod","Minty Spire (QoL Compilation)","StSLib"],"gold_per_floor":[115,115,129,129,129,129,170,170,196,212,8,8,8,29,29,152,152,177,196,220,235,260,260,298,318,318,362,382,382,382,382,382,508,508,524,218,238,238,238,238,39,39,39,39,57,82,32,76,76,76,76,76,2,46,46,46],"floor_reached":55,"language":"ENG","playtime":9827,"items_purged":["Defend_B","Zap","Strike_B","Injury"],"score":760,"play_id":"ad265466-5776-4362-8fea-57bee75ccd3c","local_time":"20210202234250","is_ascension_mode":false,"campfire_choices":[{"data":"Defragment","floor":6,"key":"SMITH"},{"data":"Glacier","floor":8,"key":"SMITH"},{"data":"Dualcast","floor":15,"key":"SMITH"},{"data":"Cold Snap","floor":23,"key":"SMITH"},{"data":"Cold Snap","floor":29,"key":"SMITH"},{"floor":32,"key":"REST"},{"data":"Blizzard","floor":40,"key":"SMITH"},{"floor":49,"key":"RECALL"},{"data":"Blizzard","floor":52,"key":"SMITH"}],"circlet_count":0,"master_deck":["Strike_B","Strike_B+1","Strike_B","Defend_B+1","Defend_B+1","Defend_B+1","Dualcast+1","Defragment+1","Glacier+1","Loop+1","Blizzard+1","Cold Snap+1","Capacitor+1","Rip and Tear","Seek","Barrage","Coolheaded","Conserve Battery","Glacier+1","Beam Cell+1","Coolheaded+1","Cold Snap+1","Streamline","Buffer+1","Loop+1","Blizzard+1","Redo+1","Blizzard+1","Streamline+1","Rebound","Defragment+1"],"relics":["FrozenCore","NeowsBlessing","Golden Idol","Frozen Egg 2","Tiny Chest","Velvet Choker","MealTicket","Strawberry","War Paint","Sundial","Smiling Mask","Bag of Marbles","Bronze Scales"],"acts_visited":["Exordium","TheCity","TheBeyond","TheEnding"],"potions_floor_usage":[16,50,50,54],"damage_taken":[{"damage":0,"enemies":"Small Slimes","floor":1,"turns":1},{"damage":0,"enemies":"2 Louse","floor":3,"turns":2},{"damage":0,"enemies":"3 Sentries","floor":7,"turns":2},{"damage":0,"enemies":"Jaw Worm","floor":10,"turns":3},{"damage":3,"enemies":"3 Louse","floor":14,"turns":3},{"damage":21,"enemies":"The Guardian","floor":16,"turns":11},{"damage":2,"enemies":"Chosen","floor":18,"turns":5},{"damage":0,"enemies":"Shell Parasite","floor":19,"turns":5},{"damage":5,"enemies":"Centurion and Healer","floor":20,"turns":8},{"damage":0,"enemies":"Chosen and Byrds","floor":21,"turns":7},{"damage":6,"enemies":"Snecko","floor":22,"turns":5},{"damage":2,"enemies":"Book of Stabbing","floor":24,"turns":8},{"damage":3,"enemies":"Centurion and Healer","floor":25,"turns":7},{"damage":28,"enemies":"Slavers","floor":27,"turns":6},{"damage":1,"enemies":"Chosen and Byrds","floor":28,"turns":7},{"damage":26,"enemies":"Champ","floor":33,"turns":12},{"damage":0,"enemies":"Orb Walker","floor":35,"turns":5},{"damage":0,"enemies":"3 Shapes","floor":37,"turns":4},{"damage":5,"enemies":"Transient","floor":45,"turns":5},{"damage":4,"enemies":"Maw","floor":46,"turns":9},{"damage":0,"enemies":"Giant Head","floor":48,"turns":11},{"damage":37,"enemies":"Awakened One","floor":50,"turns":17},{"damage":66,"enemies":"Shield and Spear","floor":54,"turns":11},{"damage":31,"enemies":"The Heart","floor":55,"turns":2}],"seed_played":"-7085352230995548433","potions_obtained":[{"floor":3,"key":"FocusPotion"},{"floor":7,"key":"SpeedPotion"},{"floor":14,"key":"SkillPotion"},{"floor":18,"key":"AttackPotion"},{"floor":33,"key":"DuplicationPotion"},{"floor":54,"key":"Explosive Potion"}],"is_trial":false,"path_per_floor":["M","?","M","$","?","R","E","R","T","M","$","?","?","M","R","B",null,"M","M","M","M","M","R","E","M","T","E","M","R","?","T","R","B",null,"M","$","M","?","?","R","$","?","T","T","M","M","$","E","R","B",null,"R","$","E","B"],"character_chosen":"DEFECT","items_purchased":["Cold Snap","Capacitor+1","Blizzard","Echo Form+1","Blizzard","Defragment+1"],"campfire_rested":1,"item_purchase_floors":[11,11,36,36,41,53],"current_hp_per_floor":[75,60,60,60,60,60,60,60,60,60,60,60,60,57,57,36,69,67,67,62,62,56,56,54,51,58,30,29,29,29,29,51,25,76,76,76,76,76,72,72,72,72,72,72,67,63,72,72,72,35,72,72,72,6,0,0],"gold":46,"neow_bonus":"THREE_ENEMY_KILL","is_daily":false,"chose_seed":false,"campfire_upgraded":7,"win_rate":0.0,"timestamp":1612327370,"path_taken":["M","?","M","$","?","R","E","R","T","M","$","?","?","M","R","BOSS","M","M","M","M","M","R","E","M","T","E","M","R","?","?","R","BOSS","M","$","M","?","?","R","$","?","T","?","M","M","?","E","R","BOSS","R","$","E","BOSS"],"items_purchased_type":["Card","Card","Card","Card","Card","Card"],"build_version":"2020-12-22","purchased_purges":4,"victory":false,"max_hp_per_floor":[75,75,75,75,69,69,69,69,69,69,69,69,69,69,69,69,69,69,69,69,69,69,69,69,69,76,76,76,76,76,76,76,76,76,76,76,76,76,72,72,72,72,72,72,72,72,72,72,72,72,72,72,72,72,72,72],"card_choices":[{"not_picked":["Beam Cell","Auto Shields"],"picked":"Defragment","floor":1},{"not_picked":["Skim","Turbo"],"picked":"Glacier","floor":3},{"not_picked":["Turbo","Barrage"],"picked":"Loop+1","floor":7},{"not_picked":["Melter","Gash"],"picked":"Blizzard","floor":10},{"not_picked":["Hologram","Turbo"],"picked":"Rip and Tear","floor":14},{"not_picked":["Fission","Reboot"],"picked":"Seek","floor":16},{"not_picked":["BootSequence","Sweeping Beam"],"picked":"Barrage","floor":18},{"not_picked":["Hologram","Blizzard+1"],"picked":"Coolheaded","floor":19},{"not_picked":["Leap","Steam","Stack"],"picked":"SKIP","floor":20},{"not_picked":["Leap","Stack"],"picked":"Conserve Battery","floor":21},{"not_picked":["Streamline","Chaos"],"picked":"Glacier+1","floor":22},{"not_picked":["Skim","Cold Snap"],"picked":"Beam Cell+1","floor":24},{"not_picked":["Recycle","Sweeping Beam+1"],"picked":"Coolheaded+1","floor":25},{"not_picked":["Steam Power","Sunder","Heatsinks+1"],"picked":"SKIP","floor":27},{"not_picked":["Beam Cell","Stack"],"picked":"Cold Snap","floor":28},{"not_picked":["Creative AI+1","Core Surge"],"picked":"Buffer+1","floor":33},{"not_picked":["Cold Snap","Beam Cell"],"picked":"Loop+1","floor":35},{"not_picked":["Go for the Eyes","Gash"],"picked":"Redo+1","floor":37},{"not_picked":["Static Discharge+1","Conserve Battery+1"],"picked":"Streamline+1","floor":45},{"not_picked":["Rip and Tear","Turbo+1"],"picked":"Rebound","floor":46},{"not_picked":["Rebound+1","Sweeping Beam","Skim"],"picked":"SKIP","floor":48},{"not_picked":["Streamline","Coolheaded","Double Energy+1"],"picked":"SKIP","floor":54}],"player_experience":47252,"relics_obtained":[{"floor":7,"key":"Frozen Egg 2"},{"floor":9,"key":"Tiny Chest"},{"floor":24,"key":"MealTicket"},{"floor":26,"key":"Strawberry"},{"floor":27,"key":"War Paint"},{"floor":43,"key":"Sundial"},{"floor":44,"key":"Smiling Mask"},{"floor":48,"key":"Bag of Marbles"},{"floor":54,"key":"Bronze Scales"}],"event_choices":[{"damage_healed":0,"gold_gain":0,"player_choice":"Entered Light","damage_taken":15,"max_hp_gain":0,"max_hp_loss":0,"event_name":"Shining Light","floor":2,"gold_loss":0,"cards_upgraded":["Strike_B","Defend_B"]},{"damage_healed":0,"gold_gain":0,"player_choice":"Lose Max HP","damage_taken":0,"relics_obtained":["Golden Idol"],"max_hp_gain":0,"max_hp_loss":6,"event_name":"Golden Idol","floor":5,"gold_loss":0},{"damage_healed":0,"gold_gain":0,"player_choice":"Grow","damage_taken":0,"max_hp_gain":0,"max_hp_loss":0,"event_name":"Living Wall","floor":12,"gold_loss":0,"cards_upgraded":["Blizzard"]},{"damage_healed":0,"gold_gain":0,"player_choice":"Ignored","damage_taken":0,"max_hp_gain":0,"max_hp_loss":0,"event_name":"Transmorgrifier","floor":13,"gold_loss":0},{"damage_healed":0,"gold_gain":0,"player_choice":"Read","damage_taken":0,"max_hp_gain":0,"max_hp_loss":0,"event_name":"The Library","floor":30,"gold_loss":0,"cards_obtained":["Streamline"]},{"cards_removed":["Echo Form"],"damage_healed":0,"gold_gain":0,"player_choice":"Removed Power","damage_taken":0,"max_hp_gain":0,"max_hp_loss":0,"event_name":"Falling","floor":38,"gold_loss":0},{"damage_healed":0,"gold_gain":0,"player_choice":"Max HP","damage_taken":0,"max_hp_gain":0,"max_hp_loss":4,"event_name":"Winding Halls","floor":39,"gold_loss":0},{"damage_healed":0,"gold_gain":0,"player_choice":"1 cards matched","damage_taken":0,"max_hp_gain":0,"max_hp_loss":0,"event_name":"Match and Keep!","floor":42,"gold_loss":0,"cards_obtained":["Injury"]}],"is_beta":false,"boss_relics":[{"not_picked":["Coffee Dripper","Philosopher\u0027s Stone"],"picked":"Velvet Choker"},{"not_picked":["Tiny House","Black Star"],"picked":"FrozenCore"}],"items_purged_floors":[11,36,41,47],"is_endless":false,"potions_floor_spawned":[3,7,14,18,22,25,33,35,37,54],"killed_by":"The Heart","ascension_level":0}}