{"host":"r0e4s450fexxrjel","time":1612369838,"event":{"mods":["AchievementEnabler","Act Like it!","Aspiration","BaseMod","Better Third Choice","Clawfect","Colored Map","Conspire","Dota2Spire","Downfall","Energized Spire","Friendly Minions","GifTheSpireLib","Gold Saver","Hubris","Infinite Spire","Minty Spire (QoL Compilation)","Pale of the Ancients","RRrroohrrRGHHhhh!!","Reliquary","Replay The Spire","Shop Mod","StSLib"],"gold_per_floor":[393,334,82,144,19,31,31,42,42,75,75,105,121,135,135,230,230,249,249,249,265,265,292,292],"floor_reached":23,"language":"DEU","playtime":545,"items_purged":["Defend_B","Defend_B","Defend_B","Defend_B"],"score":244,"play_id":"caef7ff2-c88c-46d5-9e09-956782064325","local_time":"20210203173038","is_ascension_mode":false,"campfire_choices":[{"floor":7,"key":"REST"},{"data":"Gash","floor":11,"key":"SMITH"},{"data":"Clawfect:ClawAndGloom","floor":15,"key":"SMITH"}],"circlet_count":0,"master_deck":["Gash","Gash","Gash+1","Gash","Gash","Defend_B","Clawfect:ClawAndGloom+1","rorgmod:Volatility","FTL+1"],"relics":["NeowsBlessing","BargainBundle","Dota2Spire:Vanguard","infinitespire:BottledMercury","hubris:OldNail","Dota2Spire:DrumOfEndurance","ReplayTheSpireMod:Shallot","Dota2Spire:Mjollnir","Mirror","aspiration:SecretTechniqueScroll","Nloth\u0027s Gift","infinitespire:CursedDice","reliquary:RoseTintedGlasses"],"acts_visited":["Exordium","TheCity"],"potions_floor_usage":[12,16,16],"damage_taken":[{"damage":0,"enemies":"Cultist","floor":1,"turns":1},{"damage":0,"enemies":"Small Slimes","floor":6,"turns":1},{"damage":0,"enemies":"2 Louse","floor":8,"turns":2},{"damage":9,"enemies":"Gremlin Nob","floor":10,"turns":4},{"damage":4,"enemies":"Lagavulin","floor":12,"turns":4},{"damage":0,"enemies":"Red Slaver","floor":13,"turns":4},{"damage":0,"enemies":"2 Fungi Beasts","floor":14,"turns":2},{"damage":24,"enemies":"Hexaghost","floor":16,"turns":5},{"damage":0,"enemies":"Shell Parasite","floor":18,"turns":3},{"damage":3,"enemies":"Chosen","floor":21,"turns":3},{"damage":8,"enemies":"Replay:Snechameleon","floor":23,"turns":6}],"seed_played":"4667001671679069558","potions_obtained":[{"floor":4,"key":"Dota2Spire:Clarity"},{"floor":8,"key":"EssenceOfSteel"},{"floor":12,"key":"Toxic Potion"},{"floor":14,"key":"Dexterity Potion"},{"floor":16,"key":"SteroidPotion"},{"floor":18,"key":"champ:CounterPotion"}],"is_trial":false,"path_per_floor":["M","$","$","?","$","M","R","M","T","E","R","E","M","M","R","B",null,"M","?","?","M","AVR","E"],"character_chosen":"DEFECT","items_purchased":["BargainBundle","Dota2Spire:Vanguard","infinitespire:BottledMercury","hubris:OldNail"],"campfire_rested":1,"item_purchase_floors":[2,2,2,3],"current_hp_per_floor":[75,75,75,45,45,45,67,67,67,58,58,54,54,54,54,30,75,75,75,75,72,72,64,64],"gold":292,"neow_bonus":"THREE_ENEMY_KILL","is_daily":false,"chose_seed":false,"campfire_upgraded":2,"win_rate":0.0,"timestamp":1612369838,"path_taken":["M","?","$","?","$","M","R","M","T","E","R","E","M","?","R","BOSS","M","?","?","?","AVR","E"],"items_purchased_type":["Relic","Relic","Relic","Relic"],"build_version":"2020-12-22","purchased_purges":4,"victory":false,"max_hp_per_floor":[75,75,75,75,75,75,75,75,75,75,75,75,75,75,75,75,75,75,75,75,75,75,75,75],"card_choices":[{"not_picked":["Glacier","Panic Button","rorgmod:Antivirus"],"picked":"SKIP","floor":1},{"not_picked":["Clawfect:ClawpileDriver","Panic Button","BasicCrystalCard"],"picked":"SKIP","floor":6},{"not_picked":["Stack","Redo","rorgmod:Leap"],"picked":"SKIP","floor":8},{"not_picked":["aspiration:Polymerization","Lockon","ReplaySort"],"picked":"SKIP","floor":10},{"not_picked":["Core Surge","rorgmod:Refrigerate","rorgmod:Fuse Blower"],"picked":"SKIP","floor":12},{"not_picked":["Reboot","Clawfect:ScrapingClaw","Clawfect:ClawSnap"],"picked":"SKIP","floor":13},{"not_picked":["rorgmod:LRU Cache","Hologram"],"picked":"Clawfect:ClawAndGloom","floor":14},{"not_picked":["Electrodynamics","Buffer"],"picked":"rorgmod:Volatility","floor":16},{"not_picked":["Capacitor","Steam Power"],"picked":"FTL+1","floor":18},{"not_picked":["Heatsinks","hubris:Prefetch","Undo"],"picked":"SKIP","floor":21}],"player_experience":75945,"relics_obtained":[{"floor":4,"key":"Dota2Spire:DrumOfEndurance"},{"floor":9,"key":"ReplayTheSpireMod:Shallot"},{"floor":10,"key":"Dota2Spire:Mjollnir"},{"floor":12,"key":"Mirror"},{"floor":23,"key":"reliquary:RoseTintedGlasses"}],"event_choices":[{"damage_healed":0,"gold_gain":0,"player_choice":"Ignored","damage_taken":0,"max_hp_gain":0,"max_hp_loss":0,"event_name":"Vampires","floor":19,"gold_loss":0},{"damage_healed":0,"gold_gain":0,"player_choice":"Traded Relic","damage_taken":0,"relics_obtained":["Nloth\u0027s Gift"],"max_hp_gain":0,"max_hp_loss":0,"event_name":"N\u0027loth","floor":20,"relics_lost":["Clawfect:DRClaw"],"gold_loss":0}],"is_beta":false,"boss_relics":[{"not_picked":["Runic Pyramid","hubris:TerracottaHorce"],"picked":"aspiration:SecretTechniqueScroll"}],"items_purged_floors":[2,3,5,22],"is_endless":false,"potions_floor_spawned":[8,12,14,16,18,23],"killed_by":"Replay:Snechameleon","ascension_level":0}}