{"host":"2se5dq1do2gp0x9k","time":1612321656,"event":{"mods":["AchievementEnabler","BaseMod","Block Reminder","Colored Map","Colored Powertips","Minty Spire (QoL Compilation)","Relic Stats","StSLib","SuperFastMode"],"gold_per_floor":[110,127,2,12,30,62,21,21,47,64,81,131,163,182,182,182,182],"floor_reached":16,"language":"ENG","playtime":549,"items_purged":["Strike_B"],"score":228,"play_id":"213fe303-18b4-49ae-acc4-20fecfa7bdf3","local_time":"20210202190736","is_ascension_mode":true,"campfire_choices":[{"data":"Defragment","floor":8,"key":"SMITH"},{"data":"Hologram","floor":15,"key":"SMITH"}],"circlet_count":0,"master_deck":["AscendersBane","Strike_B","Strike_B","Strike_B","Defend_B","Defend_B","Defend_B","Defend_B+1","Zap","Dualcast","Gash","Doom and Gloom","Conserve Battery","Redo","Undo+1","Defragment+1","Hologram+1","Ball Lightning","BootSequence","Skim"],"relics":["Cracked Core","Ancient Tea Set","Pen Nib","War Paint","Centennial Puzzle"],"acts_visited":["Exordium"],"potions_floor_usage":[13,16],"damage_taken":[{"damage":0,"enemies":"Cultist","floor":1,"turns":3},{"damage":2,"enemies":"Jaw Worm","floor":2,"turns":4},{"damage":0,"enemies":"2 Louse","floor":4,"turns":3},{"damage":4,"enemies":"Red Slaver","floor":5,"turns":4},{"damage":18,"enemies":"Lagavulin","floor":6,"turns":7},{"damage":7,"enemies":"Large Slime","floor":10,"turns":5},{"damage":0,"enemies":"Blue Slaver","floor":11,"turns":4},{"damage":11,"enemies":"3 Sentries","floor":13,"turns":5},{"damage":0,"enemies":"Looter","floor":14,"turns":3},{"damage":17,"enemies":"Hexaghost","floor":16,"turns":9}],"seed_played":"6875609469640632567","potions_obtained":[{"floor":2,"key":"Strength Potion"},{"floor":10,"key":"Block Potion"},{"floor":13,"key":"Strength Potion"}],"is_trial":false,"path_per_floor":["M","M","$","M","M","E","$","R","T","M","M","?","E","M","R","B"],"character_chosen":"DEFECT","items_purchased":["Conserve Battery","Defragment"],"campfire_rested":0,"item_purchase_floors":[3,7],"current_hp_per_floor":[64,62,62,62,58,40,40,40,40,33,33,26,15,15,15,0,0],"gold":182,"neow_bonus":"RANDOM_COMMON_RELIC","is_daily":false,"chose_seed":false,"campfire_upgraded":2,"win_rate":0.0,"timestamp":1612321656,"path_taken":["M","M","$","?","M","E","?","R","T","M","?","?","E","?","R","BOSS"],"items_purchased_type":["Card","Card"],"build_version":"2020-12-22","purchased_purges":1,"victory":false,"max_hp_per_floor":[71,71,71,71,71,71,71,71,71,71,71,71,71,71,71,71,71],"relic_stats":{"Centennial Puzzle":[3],"counters":[10,47],"Pen Nib":[2],"War Paint":["Undo","Defend_B"],"obtain_stats":[{"Centennial Puzzle":13,"Pen Nib":6,"War Paint":9,"Cracked Core":0,"Ancient Tea Set":0},{"Centennial Puzzle":8,"Pen Nib":5,"War Paint":5,"Cracked Core":0,"Ancient Tea Set":0},{"Centennial Puzzle":35,"Pen Nib":21,"War Paint":21,"Cracked Core":0,"Ancient Tea Set":0}]},"card_choices":[{"not_picked":["Leap","Sweeping Beam"],"picked":"Gash","floor":1},{"not_picked":["BootSequence","Coolheaded"],"picked":"Doom and Gloom","floor":2},{"not_picked":["Rebound","Compile Driver"],"picked":"Redo","floor":4},{"not_picked":["Steam Power","White Noise"],"picked":"Undo","floor":5},{"not_picked":["Redo","FTL","Steam"],"picked":"SKIP","floor":6},{"not_picked":["Double Energy","Coolheaded"],"picked":"Hologram","floor":10},{"not_picked":["Sunder","Stack"],"picked":"Ball Lightning","floor":11},{"not_picked":["Beam Cell","Rebound"],"picked":"BootSequence","floor":13},{"not_picked":["Steam","Thunder Strike"],"picked":"Skim","floor":14}],"player_experience":4052312,"relics_obtained":[{"floor":6,"key":"Pen Nib"},{"floor":9,"key":"War Paint"},{"floor":13,"key":"Centennial Puzzle"}],"event_choices":[{"damage_healed":0,"gold_gain":50,"player_choice":"Touch","damage_taken":7,"max_hp_gain":0,"max_hp_loss":0,"event_name":"FaceTrader","floor":12,"gold_loss":0}],"is_beta":false,"boss_relics":[],"items_purged_floors":[3],"is_endless":false,"potions_floor_spawned":[2,10,11,13,14],"killed_by":"Hexaghost","ascension_level":20}}