{"host":"1sqx9dmsrxu9kvq7","time":1612385800,"event":{"mods":["2.2 Compatiblity","Act Like it!","BaseMod","CapriCore","Colored Powertips","Custom Start","Friendly Minions","Gensokyo","Highlight Path","Koishi","Marisa（霧雨　魔理沙）","Minty Spire (QoL Compilation)","Quick Restart","Rare Cards Sparkle","Reimu（博??梦）","Relic Stats","Remilia（蕾米莉?）","Shop Mod","Spicy Shops","StSLib","The Administrix","The Blue Laboratory","The Immortal","The Servant 0.9.4","Waifu the Spire","Yakumo Yukari mod","Yuyuko"],"gold_per_floor":[119,138,156,173,173,201,201,220,243,256,256,272,222,222,222,321,321,336,348,368,248,248,248,265,265,265,283,0,0,26,26,26,123,123,142,142,2,2,20,20,32,62,62,74,89,89,89,101,101,101,101,101,31,58,58,58],"floor_reached":55,"language":"ENG","playtime":4942,"items_purged":[],"score":804,"play_id":"a6ec9006-1c9d-499e-b4eb-007ad74761bf","local_time":"20210203145640","is_ascension_mode":true,"campfire_choices":[{"floor":11,"key":"RECALL"},{"floor":15,"key":"REST"},{"data":"OortCloud","floor":23,"key":"SMITH"},{"data":"OortCloud","floor":25,"key":"SMITH"},{"data":"CasketOfStar","floor":29,"key":"SMITH"},{"floor":32,"key":"REST"},{"data":"Gensokyo:BlessingOfConstitution","floor":40,"key":"SMITH"},{"data":"DeepEcoloBomb","floor":46,"key":"SMITH"},{"data":"BlazeAway","floor":49,"key":"SMITH"},{"data":"BinaryStars","floor":52,"key":"SMITH"}],"circlet_count":0,"master_deck":["Strike_MRS","Strike_MRS","Strike_MRS","Strike_MRS+1","Defend_MRS","Defend_MRS","Defend_MRS","Defend_MRS","MasterSpark","BinaryStars+1","PropBag","EnergyFlow","AsteroidBelt","SprinkleStarSeal","Parasite","Parasite","DeepEcoloBomb+1","PropBag","Gensokyo:BlessingOfConstitution+1","CasketOfStar+1","GrandCross+1","PropBag","MilkyWay+1","Dash+1","OortCloud+1","EventHorizon+1","FinalSpark","TreasureHunter","IllusionStar+1","6A+1","JA","RefractionSpark+1","NonDirectionalLaser+1","DragonMeteor","ChargeUpSpray+1","SatelliteIllusion+1","MagicChant","BlazeAway+1","OortCloud+1","MysteriousBeam+1"],"relics":["MiniHakkero","Strawberry","ShroomBag","Gensokyo:Mercy","Philosopher\u0027s Stone","Gensokyo:MaskOfHope","Pocketwatch","Anchor","Gensokyo:ConquerorOfFear","RedLine:ReiMu","Medical Kit","Strawberry","Frozen Egg 2","Prayer Wheel","Unceasing Top","AmplifyWand","Mercury Hourglass","Gremlin Horn"],"acts_visited":["Gensokyo:Gensokyo","Gensokyo:Gensokyoer","Gensokyo:Gensokyoest","TheEnding"],"potions_floor_usage":[30,55,55],"damage_taken":[{"damage":4,"enemies":"Gensokyo:3_Fairies","floor":1,"turns":4},{"damage":0,"enemies":"Gensokyo:Python","floor":2,"turns":3},{"damage":6,"enemies":"Gensokyo:2_Kodama","floor":3,"turns":3},{"damage":7,"enemies":"Gensokyo:Kitsune","floor":4,"turns":5},{"damage":18,"enemies":"Gensokyo:Cirno","floor":6,"turns":7},{"damage":0,"enemies":"Gensokyo:Python_and_Kodama","floor":8,"turns":4},{"damage":0,"enemies":"Gensokyo:LivingMonolith","floor":10,"turns":3},{"damage":0,"enemies":"Gensokyo:Gryphon_and_Rabbit","floor":12,"turns":7},{"damage":37,"enemies":"Gensokyo:Kokoro","floor":16,"turns":14},{"damage":6,"enemies":"Gensokyo:Chomper","floor":18,"turns":5},{"damage":12,"enemies":"Gensokyo:AngelMirror","floor":19,"turns":4},{"damage":1,"enemies":"Gensokyo:Wraith","floor":20,"turns":4},{"damage":26,"enemies":"Gensokyo:Swordslinger","floor":24,"turns":5},{"damage":18,"enemies":"Gensokyo:3_Gloops","floor":27,"turns":6},{"damage":4,"enemies":"Gensokyo:Tenshi","floor":30,"turns":5},{"damage":13,"enemies":"Gensokyo:Eiki","floor":33,"turns":7},{"damage":7,"enemies":"Gensokyo:3_Bats","floor":35,"turns":6},{"damage":8,"enemies":"Gensokyo:AncientGuardian","floor":39,"turns":5},{"damage":4,"enemies":"Gensokyo:4_Bats","floor":41,"turns":4},{"damage":0,"enemies":"Gensokyo:Doremy","floor":42,"turns":9},{"damage":1,"enemies":"Gensokyo:3_Boulders","floor":44,"turns":6},{"damage":15,"enemies":"Gensokyo:SeedOfUnknown","floor":45,"turns":6},{"damage":0,"enemies":"Gensokyo:4_Bats","floor":48,"turns":4},{"damage":19,"enemies":"Gensokyo:Shinki","floor":50,"turns":9},{"damage":19,"enemies":"Shield and Spear","floor":54,"turns":8},{"damage":103,"enemies":"The Heart","floor":55,"turns":8}],"seed_played":"1892787233527701154","potions_obtained":[{"floor":1,"key":"blueLaboratory:LouseDecoction"},{"floor":4,"key":"blueLaboratory:LouseDecoction"},{"floor":6,"key":"blueLaboratory:Moonshine"},{"floor":20,"key":"CultistPotion"},{"floor":33,"key":"blueLaboratory:BottleOfVodka"}],"is_trial":false,"path_per_floor":["M","M","M","M","?","E","?","M","T","M","R","M","?","?","R","B",null,"M","M","M","?","?","R","M","R","T","M","?","R","E","?","R","B",null,"M","?","COS","?","M","R","M","E","T","M","M","R","?","M","R","B",null,"R","$","E","B"],"character_chosen":"MARISA","items_purchased":["OortCloud+1"],"campfire_rested":2,"item_purchase_floors":[53],"current_hp_per_floor":[71,71,65,58,55,37,37,41,41,43,43,47,47,47,71,38,82,76,68,71,71,71,71,49,49,49,47,47,47,47,47,71,62,82,77,77,77,77,73,73,73,84,84,87,75,75,75,79,79,64,89,89,89,72,0,0],"gold":58,"neow_bonus":"ONE_RANDOM_RARE_CARD","is_daily":false,"chose_seed":false,"campfire_upgraded":7,"win_rate":0.0,"timestamp":1612385800,"path_taken":["M","M","M","M","?","E","?","?","T","M","R","?","?","?","R","BOSS","M","M","M","?","?","R","?","R","T","?","?","R","E","?","R","BOSS","M","?","COS","?","M","R","M","E","T","M","M","R","?","?","R","BOSS","R","$","E","BOSS"],"items_purchased_type":["Card"],"build_version":"2020-12-22","purchased_purges":0,"victory":false,"max_hp_per_floor":[75,75,75,75,82,82,82,82,82,82,82,82,82,82,82,82,82,82,82,82,82,82,82,82,82,82,82,82,82,82,82,82,82,82,82,82,82,82,82,82,82,89,89,89,89,89,89,89,89,89,89,89,89,89,89,89],"relic_stats":{"Gremlin Horn":[1,1],"counters":[26,151],"Prayer Wheel":3,"Medical Kit":[27],"obtain_stats":[{"AmplifyWand":12,"Gremlin Horn":3,"Gensokyo:UndefinedDarkness":31,"RedLine:ReiMu":34,"Sundial":18,"Mummified Hand":24,"Strawberry":5,"Philosopher\u0027s Stone":17,"Prayer Wheel":43,"Kunai":12,"Gensokyo:MaskOfHope":21,"Blue Candle":24,"Letter Opener":33,"Gensokyo:ConquerorOfFear":33,"Frozen Egg 2":42,"Medical Kit":37,"Mercury Hourglass":6,"ShroomBag":6,"Anchor":30,"Gensokyo:Mercy":7,"Ornamental Fan":2,"Shuriken":45,"MiniHakkero":0,"Unceasing Top":54,"Meat on the Bone":20,"Pocketwatch":26},{"AmplifyWand":8,"Gremlin Horn":3,"Gensokyo:UndefinedDarkness":15,"RedLine:ReiMu":16,"Sundial":10,"Mummified Hand":13,"Strawberry":4,"Philosopher\u0027s Stone":9,"Prayer Wheel":20,"Kunai":8,"Gensokyo:MaskOfHope":12,"Blue Candle":13,"Letter Opener":16,"Gensokyo:ConquerorOfFear":16,"Frozen Egg 2":20,"Medical Kit":17,"Mercury Hourglass":5,"ShroomBag":5,"Anchor":15,"Gensokyo:Mercy":5,"Ornamental Fan":2,"Shuriken":22,"MiniHakkero":0,"Unceasing Top":25,"Meat on the Bone":12,"Pocketwatch":13},{"AmplifyWand":33,"Gremlin Horn":9,"Gensokyo:UndefinedDarkness":79,"RedLine:ReiMu":86,"Sundial":54,"Mummified Hand":67,"Strawberry":15,"Philosopher\u0027s Stone":50,"Prayer Wheel":110,"Kunai":31,"Gensokyo:MaskOfHope":63,"Blue Candle":67,"Letter Opener":83,"Gensokyo:ConquerorOfFear":86,"Frozen Egg 2":110,"Medical Kit":92,"Mercury Hourglass":16,"ShroomBag":22,"Anchor":79,"Gensokyo:Mercy":22,"Ornamental Fan":6,"Shuriken":117,"MiniHakkero":0,"Unceasing Top":143,"Meat on the Bone":63,"Pocketwatch":68}],"Unceasing Top":[2],"Pocketwatch":[57],"Mercury Hourglass":[139]},"card_choices":[{"not_picked":["ShootTheMoon","SporeBomb"],"picked":"PropBag","floor":1},{"not_picked":["SporeBomb","WitchLeyline"],"picked":"EnergyFlow","floor":2},{"not_picked":["WitchLeyline","EnergyRecoil"],"picked":"AsteroidBelt","floor":3},{"not_picked":["GravityBeat","DarkSpark"],"picked":"SprinkleStarSeal","floor":4},{"not_picked":["SprinkleStarSeal","OneTimeOff"],"picked":"DeepEcoloBomb","floor":6},{"not_picked":["GasGiant","EscapeVelocity"],"picked":"PropBag","floor":8},{"not_picked":["MachineGunSpark","NonDirectionalLaser"],"picked":"OortCloud","floor":10},{"not_picked":["EventHorizon","UnstableBomb"],"picked":"AsteroidBelt","floor":12},{"not_picked":["MillisecondPulsars","StarDustReverie"],"picked":"CasketOfStar","floor":16},{"not_picked":["LuminesStrike","GalacticHalo+1"],"picked":"GrandCross+1","floor":18},{"not_picked":["NonDirectionalLaser","DeepEcoloBomb"],"picked":"PropBag","floor":19},{"not_picked":["GasGiant","ShootTheMoon"],"picked":"MilkyWay+1","floor":20},{"not_picked":["MilkyWay","WitchLeyline"],"picked":"OortCloud","floor":24},{"not_picked":["DoubleSpark","LuminesStrike"],"picked":"EventHorizon","floor":27},{"not_picked":["MachineGunSpark","NonDirectionalLaser"],"picked":"FinalSpark","floor":30},{"not_picked":["UltimateShortwave","ManaRampage"],"picked":"TreasureHunter","floor":33},{"not_picked":["AsteroidBelt+1","DC+1"],"picked":"IllusionStar+1","floor":35},{"not_picked":["DC+1","GrandCross"],"picked":"6A+1","floor":39},{"not_picked":["ShootingEcho+1","ManaConvection+1"],"picked":"JA","floor":41},{"not_picked":["LuminesStrike","MysteriousBeam+1"],"picked":"RefractionSpark+1","floor":42},{"not_picked":["Robbery","GravityBeat+1"],"picked":"NonDirectionalLaser+1","floor":44},{"not_picked":["UnstableBomb","EventHorizon+1"],"picked":"DragonMeteor","floor":44},{"not_picked":["ShootingEcho+1","MysteriousBeam"],"picked":"ChargeUpSpray+1","floor":45},{"not_picked":["AsteroidBelt","MysteriousBeam+1"],"picked":"SatelliteIllusion+1","floor":45},{"not_picked":["6A+1","SporeBomb"],"picked":"MagicChant","floor":48},{"not_picked":["ShootingEcho","Robbery"],"picked":"BlazeAway","floor":48},{"not_picked":["MilkyWay","ShootingEcho"],"picked":"MysteriousBeam+1","floor":54}],"player_experience":213359,"relics_obtained":[{"floor":6,"key":"ShroomBag"},{"floor":26,"key":"Pocketwatch"},{"floor":30,"key":"Anchor"},{"floor":33,"key":"Gensokyo:ConquerorOfFear"},{"floor":42,"key":"Strawberry"},{"floor":42,"key":"Frozen Egg 2"},{"floor":43,"key":"Prayer Wheel"},{"floor":54,"key":"Unceasing Top"}],"event_choices":[],"is_beta":false,"boss_relics":[{"not_picked":["Black Star","Snecko Eye"],"picked":"Philosopher\u0027s Stone"},{"not_picked":["Empty Cage","Velvet Choker"],"picked":"RedLine:ReiMu"}],"items_purged_floors":[],"is_endless":false,"potions_floor_spawned":[1,4,6,10,18,20,33,39,44,45,54],"killed_by":"The Heart","ascension_level":1}}