{"host":"jv6ql3rcplqr94ru","time":1612313475,"event":{"mods":["AchievementEnabler","Act Like it!","BaseMod","Colored Map","Downfall","Hermit","Lobotomy","Minty Spire (QoL Compilation)","Rare Cards Sparkle","Robot Space Explorer","StSLib","The Poker Player","everything is the same but u backflip on backflip","slay the spire mod where everything is the same but ironclad has a cowboy hat"],"gold_per_floor":[99,113,123,123,139,139,218,218,318,337,354,354,354,372,382,480,480,480,496,496,596,596,629,653,685,70,96,96,46,46,63,80,182,232,232,252,237,250,250,266,266,266,295,305,305,315,315,334,347,347,347,347],"floor_reached":50,"language":"ENG","playtime":3007,"items_purged":["Slimebound:Defend_Slimebound"],"score":655,"play_id":"dd0344f4-6632-44f6-817c-d2edaa2bd67e","local_time":"20210203015115","is_ascension_mode":true,"campfire_choices":[{"data":"Slimebound:Split","floor":1,"key":"SMITH"},{"data":"Slimebound:Nibble","floor":6,"key":"SMITH"},{"data":"Slimebound:HauntingLick","floor":13,"key":"SMITH"},{"data":"Slimebound:MegaLick","floor":18,"key":"SMITH"},{"floor":28,"key":"REST"},{"data":"Slimebound:TongueLash","floor":30,"key":"SMITH"},{"floor":35,"key":"RECALL"},{"floor":42,"key":"REST"},{"data":"Slimebound:TongueLash","floor":45,"key":"SMITH"},{"floor":47,"key":"REST"}],"circlet_count":0,"master_deck":["Slimebound:Strike_Slimebound","Slimebound:Strike_Slimebound+1","Slimebound:Strike_Slimebound+1","Slimebound:Tackle+1","Slimebound:Defend_Slimebound","Slimebound:Defend_Slimebound","Slimebound:Defend_Slimebound","Slimebound:Split+1","Slimebound:CorrosiveSpit","Slimebound:GrowthPunch+1","Slimebound:Nibble+1","Slimebound:SlimeTap","Slimebound:TongueLash+1","Slimebound:HauntingLick+1","Slimebound:SamplingLick","Slimebound:MegaLick+1","Slimebound:RejuvenatingLick","Slimebound:RejuvenatingLick","Slimebound:SpikyOuterGoop","Slimebound:Schlurp+1","Slimebound:TongueLash+1","Slimebound:OozeBath","Slimebound:SamplingLick+1","Slimebound:HauntingLick+1","Slimebound:GoopSpray+1","Slimebound:SamplingLick+1","Slimebound:RejuvenatingLick+1","Slimebound:TongueLash+1","Slimebound:ItLooksTasty+1"],"relics":["Slimebound:AbsorbEndCombat","Turnip","WingedGreaves","Bottled Flame","Slimebound:TarBlob","MutagenicStrength","Gremlin Horn","Oddly Smooth Stone","Whetstone","Dream Catcher","Regal Pillow","Strange Spoon","Gambling Chip","Tiny House","Boot"],"acts_visited":["Exordium","TheCity","TheBeyond"],"potions_floor_usage":[16,25,27,33,33,39,40,43,48,50,50,50],"damage_taken":[{"damage":0,"enemies":"Small Slimes","floor":2,"turns":3},{"damage":1,"enemies":"2 Louse","floor":3,"turns":3},{"damage":2,"enemies":"Jaw Worm","floor":5,"turns":3},{"damage":0,"enemies":"Large Slime","floor":10,"turns":4},{"damage":15,"enemies":"3 Louse","floor":11,"turns":3},{"damage":3,"enemies":"Lots of Slimes","floor":14,"turns":2},{"damage":0,"enemies":"3 Louse","floor":15,"turns":2},{"damage":59,"enemies":"IC_STATUS_ARCHETYPE","floor":16,"turns":10},{"damage":8,"enemies":"Spheric Guardian","floor":19,"turns":5},{"damage":0,"enemies":"Chosen","floor":22,"turns":1},{"damage":18,"enemies":"Gremlin Leader","floor":23,"turns":5},{"damage":11,"enemies":"Slavers","floor":25,"turns":5},{"damage":1,"enemies":"downfall:FleeingMerchant","floor":26,"turns":4},{"damage":23,"enemies":"Book of Stabbing","floor":27,"turns":4},{"damage":5,"enemies":"downfall:FleeingMerchant","floor":29,"turns":4},{"damage":0,"enemies":"Sentry and Sphere","floor":31,"turns":3},{"damage":0,"enemies":"Centurion and Healer","floor":32,"turns":4},{"damage":50,"enemies":"DF_ARCHETYPE_CLAW","floor":33,"turns":8},{"damage":6,"enemies":"3 Shapes","floor":36,"turns":4},{"damage":4,"enemies":"downfall:FleeingMerchant","floor":37,"turns":4},{"damage":21,"enemies":"3 Darklings","floor":38,"turns":4},{"damage":30,"enemies":"Writhing Mass","floor":40,"turns":5},{"damage":42,"enemies":"Nemesis","floor":43,"turns":7},{"damage":1,"enemies":"Sphere and 2 Shapes","floor":44,"turns":3},{"damage":3,"enemies":"Jaw Worm Horde","floor":46,"turns":3},{"damage":8,"enemies":"Transient","floor":48,"turns":5},{"damage":13,"enemies":"Writhing Mass","floor":49,"turns":3},{"damage":98,"enemies":"SI_POISON_ARCHETYPE","floor":50,"turns":6}],"seed_played":"742513364744986176","potions_obtained":[{"floor":2,"key":"Ancient Potion"},{"floor":14,"key":"GamblersBrew"},{"floor":15,"key":"Explosive Potion"},{"floor":16,"key":"Slimebound:SlimedPotion"},{"floor":27,"key":"Swift Potion"},{"floor":31,"key":"Weak Potion"},{"floor":33,"key":"Slimebound:SlimedPotion"},{"floor":34,"key":"ColorlessPotion"},{"floor":39,"key":"Fruit Juice"},{"floor":39,"key":"PowerPotion"},{"floor":43,"key":"sneckomod:MuddlingPotion"},{"floor":44,"key":"FearPotion"},{"floor":49,"key":"sneckomod:MuddlingPotion"}],"is_trial":false,"path_per_floor":["R","M","M","?","M","R","T","?","?","M","M","?","R","M","M","B",null,"R","M","?","?","M","E","T","E","$","E","R","$","R","M","M","B",null,"R","M","$","M","?","M","T","R","E","M","R","M","R","M","M","B"],"character_chosen":"SLIMEBOUND","items_purchased":["Slimebound:SpikyOuterGoop","Dream Catcher","Regal Pillow","Strange Spoon","Slimebound:TongueLash"],"campfire_rested":3,"item_purchase_floors":[26,26,26,26,29],"current_hp_per_floor":[47,49,52,52,58,58,58,58,58,64,55,55,55,60,65,9,51,51,51,51,51,51,41,41,38,45,30,64,60,60,65,65,15,58,58,60,64,51,56,34,34,71,37,44,44,49,75,67,62,0,0,0],"gold":347,"neow_bonus":"ONE_RARE_RELIC","is_daily":false,"chose_seed":false,"campfire_upgraded":6,"win_rate":0.0,"timestamp":1612313475,"path_taken":["R","M","M","?","M","R","T","?","?","?","M","?","R","M","M","BOSS","R","M","?","?","M","E","T","E","$","E","R","$","R","M","M","BOSS","R","M","?","M","?","?","T","R","E","M","R","?","R","?","M","BOSS"],"items_purchased_type":["Card","Relic","Relic","Relic","Card"],"build_version":"2020-12-22","purchased_purges":1,"victory":false,"max_hp_per_floor":[65,65,65,65,65,65,65,65,65,65,65,65,65,65,65,65,65,65,65,65,65,65,65,65,65,65,65,65,65,65,65,65,65,70,70,70,70,70,75,75,75,75,75,75,75,75,75,75,75,75,75,75],"card_choices":[{"not_picked":["Slimebound:SlimeSpikes","Slimebound:LeechEnergy"],"picked":"Slimebound:GrowthPunch","floor":2},{"not_picked":["Slimebound:FlameTackle","Slimebound:Dissolve"],"picked":"Slimebound:Nibble","floor":3},{"not_picked":["Slimebound:FinishingTackle","Slimebound:SplitBruiser"],"picked":"Slimebound:SlimeTap","floor":5},{"not_picked":["Slimebound:FinishingTackle","Slimebound:Teamwork"],"picked":"Slimebound:TongueLash","floor":10},{"not_picked":["Slimebound:LeechingTouch","Slimebound:GoopSpray"],"picked":"Slimebound:HauntingLick","floor":11},{"not_picked":["Slimebound:Equalize","Slimebound:ComboTackle"],"picked":"Slimebound:SamplingLick","floor":14},{"not_picked":["Slimebound:HauntingLick","Slimebound:Dissolve"],"picked":"Slimebound:MegaLick","floor":15},{"not_picked":["Slimebound:SplitMire","Slimebound:HauntingLick+1"],"picked":"Slimebound:RejuvenatingLick","floor":19},{"not_picked":["Slimebound:SplitMire","Slimebound:Replication"],"picked":"Slimebound:RejuvenatingLick","floor":22},{"not_picked":["Slimebound:DivideAndConquer+1","Slimebound:Prepare+1","Slimebound:ForwardTackle"],"picked":"SKIP","floor":23},{"not_picked":["Slimebound:FlameTackle","Slimebound:LeechEnergy","Slimebound:SplitLeeching"],"picked":"SKIP","floor":25},{"not_picked":["Slimebound:CheckThePlaybook","Slimebound:LeechEnergy","Slimebound:ViciousTackle"],"picked":"SKIP","floor":26},{"not_picked":["Slimebound:LeechingTouch+1","Slimebound:RallyTheTroops","Slimebound:SlimeBrawl"],"picked":"SKIP","floor":27},{"not_picked":["Slimebound:LeechEnergy","Slimebound:ComboTackle+1"],"picked":"Slimebound:Schlurp+1","floor":28},{"not_picked":["Slimebound:ComboTackle","Slimebound:LivingWall+1","Slimebound:SplitMire+1"],"picked":"SKIP","floor":29},{"not_picked":["Slimebound:FlameTackle","Slimebound:LeechingTouch","Slimebound:SplitMire+1"],"picked":"SKIP","floor":31},{"not_picked":["Slimebound:Dissolve+1","Slimebound:HungryTackle","Slimebound:SplitLeeching"],"picked":"SKIP","floor":32},{"not_picked":["Slimebound:PrepareCrush","Slimebound:MassRepurpose"],"picked":"Slimebound:OozeBath","floor":33},{"not_picked":["Slimebound:Recollect","Slimebound:RollThrough"],"picked":"Slimebound:SamplingLick+1","floor":34},{"not_picked":["Slimebound:LivingWall+1","Slimebound:GoopTackle","Slimebound:HauntingLick"],"picked":"SKIP","floor":36},{"not_picked":["Slimebound:RollThrough","Slimebound:RainOfGoop+1","Slimebound:PrepareCrush"],"picked":"SKIP","floor":37},{"not_picked":["Slimebound:LeechEnergy","Slimebound:SplitAcid+1"],"picked":"Slimebound:HauntingLick+1","floor":38},{"not_picked":["Slimebound:FinishingTackle","Slimebound:SplitLeeching+1"],"picked":"Slimebound:GoopSpray+1","floor":40},{"not_picked":["Slimebound:RainOfGoop+1","Slimebound:SplitMire+1","Slimebound:Schlurp"],"picked":"SKIP","floor":43},{"not_picked":["Slimebound:RainOfGoop","Slimebound:AcidTongue"],"picked":"Slimebound:SamplingLick+1","floor":44},{"not_picked":["Slimebound:SplitLeeching+1","Slimebound:SamplingLick+1"],"picked":"Slimebound:RejuvenatingLick+1","floor":46},{"not_picked":["Slimebound:Replication+1","Slimebound:LivingWall"],"picked":"Slimebound:TongueLash+1","floor":47},{"not_picked":["Slimebound:ViciousTackle+1","Slimebound:PressTheAttack+1"],"picked":"Slimebound:ItLooksTasty+1","floor":48},{"not_picked":["Slimebound:SlimeSpikes+1","Slimebound:ItLooksTasty+1","Slimebound:SamplingLick"],"picked":"SKIP","floor":49}],"player_experience":364151,"relics_obtained":[{"floor":7,"key":"Bottled Flame"},{"floor":23,"key":"Gremlin Horn"},{"floor":24,"key":"Oddly Smooth Stone"},{"floor":25,"key":"Whetstone"},{"floor":27,"key":"Gambling Chip"},{"floor":43,"key":"Boot"}],"event_choices":[{"damage_healed":0,"gold_gain":0,"player_choice":"Grow","damage_taken":0,"max_hp_gain":0,"max_hp_loss":0,"event_name":"Living Wall","floor":8,"gold_loss":0,"cards_upgraded":["Slimebound:GrowthPunch"]},{"damage_healed":0,"gold_gain":0,"player_choice":"Inject Mutagens","damage_taken":0,"relics_obtained":["MutagenicStrength"],"max_hp_gain":0,"max_hp_loss":0,"event_name":"Drug Dealer","floor":20,"gold_loss":0},{"damage_healed":0,"gold_gain":0,"player_choice":"Got Potions","damage_taken":0,"max_hp_gain":0,"max_hp_loss":0,"event_name":"Lab","floor":39,"gold_loss":0}],"is_beta":false,"boss_relics":[{"not_picked":["Calling Bell","Runic Dome"],"picked":"Slimebound:TarBlob"},{"not_picked":["Fusion Hammer","Cursed Key"],"picked":"Tiny House"}],"items_purged_floors":[26],"is_endless":false,"potions_floor_spawned":[2,14,15,16,19,27,31,33,43,44,49],"killed_by":"SI_POISON_ARCHETYPE","ascension_level":5}}