{"host":"bf5upntvbdompq33","time":1612339246,"event":{"mods":["BaseMod","Colored Map","Colored Powertips","Curses Come First","Minty Spire (QoL Compilation)","StSLib","The Hierophant","The Mystic"],"gold_per_floor":[116,92,92,92,102,134,58,74,101,126,144,144,144],"floor_reached":12,"language":"ENG","playtime":4239,"items_purged":[],"score":124,"play_id":"ee1c4664-7dae-4a33-92a8-1bdcb2108ee9","local_time":"20210203010046","is_ascension_mode":true,"campfire_choices":[],"circlet_count":0,"master_deck":["Strike_P","Strike_P","Strike_P","Defend_P","Defend_P","Defend_P","Defend_P","Eruption","Vigilance","Adaptation","CrushJoints","BattleHymn","FlurryOfBlows","WheelKick","FlurryOfBlows","Tantrum","SashWhip"],"relics":["PureWater","NeowsBlessing","MealTicket","Bronze Scales","Akabeko","Matryoshka"],"acts_visited":["Exordium"],"potions_floor_usage":[],"damage_taken":[{"damage":0,"enemies":"Small Slimes","floor":1,"turns":1},{"damage":0,"enemies":"Jaw Worm","floor":5,"turns":1},{"damage":0,"enemies":"Gremlin Nob","floor":6,"turns":1},{"damage":1,"enemies":"Cultist","floor":8,"turns":3},{"damage":62,"enemies":"Lagavulin","floor":10,"turns":4},{"damage":0,"enemies":"Exordium Wildlife","floor":11,"turns":2},{"damage":18,"enemies":"3 Sentries","floor":12,"turns":1}],"seed_played":"-6095037730147565615","potions_obtained":[{"floor":1,"key":"BlessingOfTheForge"},{"floor":8,"key":"Swift Potion"},{"floor":10,"key":"PowerPotion"}],"is_trial":false,"path_per_floor":["M","$","?","?","M","E","$","M","T","E","M","E"],"character_chosen":"WATCHER","items_purchased":["CrushJoints","WheelKick"],"campfire_rested":0,"item_purchase_floors":[2,7],"current_hp_per_floor":[72,72,72,72,72,72,72,71,71,9,9,0,0],"gold":144,"neow_bonus":"THREE_ENEMY_KILL","is_daily":false,"chose_seed":false,"campfire_upgraded":0,"win_rate":0.0,"timestamp":1612339246,"path_taken":["M","$","?","?","M","E","$","M","T","E","M","E"],"items_purchased_type":["Card","Card"],"build_version":"2020-12-22","purchased_purges":0,"victory":false,"max_hp_per_floor":[72,72,72,72,72,72,72,72,72,72,72,72,72],"card_choices":[{"not_picked":["Collect","Swivel"],"picked":"Adaptation","floor":1},{"not_picked":["Weave","Nirvana"],"picked":"BattleHymn","floor":5},{"not_picked":["ForeignInfluence","Wireheading"],"picked":"FlurryOfBlows","floor":6},{"not_picked":["CarveReality","Consecrate"],"picked":"FlurryOfBlows","floor":8},{"not_picked":["Vault","FlyingSleeves"],"picked":"Tantrum","floor":10},{"not_picked":["Worship","SignatureMove"],"picked":"SashWhip","floor":11}],"player_experience":1359054,"relics_obtained":[{"floor":6,"key":"Bronze Scales"},{"floor":9,"key":"Akabeko"},{"floor":10,"key":"Matryoshka"}],"event_choices":[{"cards_removed":["Strike_P"],"damage_healed":0,"gold_gain":0,"player_choice":"Forget","damage_taken":0,"max_hp_gain":0,"max_hp_loss":0,"event_name":"Living Wall","floor":3,"gold_loss":0},{"damage_healed":0,"gold_gain":0,"player_choice":"Gave Potion","damage_taken":0,"relics_obtained":["MealTicket"],"max_hp_gain":0,"max_hp_loss":0,"event_name":"WeMeetAgain","floor":4,"gold_loss":0}],"is_beta":false,"boss_relics":[],"items_purged_floors":[],"is_endless":false,"potions_floor_spawned":[1,8,10],"killed_by":"3 Sentries","ascension_level":2}}