{"host":"4ih4fq53sefgqhvb","time":1612389698,"event":{"mods":["AchievementEnabler","Aspiration","Bard","BaseMod","BetterRewards","Colored Map","Colored Powertips","Conspire","Downfall","Googly Eyes","Hermit","Highlight Path","Hubris","Infinite Spire","Jedi Mod","Jorbs\u0027s Wanderer Trilogy","Marisa????????","Mimic Mod","Minty Spire (QoL Compilation)","Quick Restart","Relic Stats","Replay The Spire","Shop Mod","StSLib","The Animator","The Cursed","The Disciple","The Jungle","The Runesmith","The Servant 0.9.4"],"gold_per_floor":[349,349,349,366,216,233,266,296,47,47,64,64,90,20,33,130,130,30,41,83,102,102,116,140,40,58,77,40,40,40,52,67,169,169,69,80,100,134,153,176,176,237,269,269,269,300,337,373,402,402,402,442,111,111,111,111],"floor_reached":57,"language":"ENG","playtime":3852,"items_purged":[],"score":1313,"play_id":"b936031b-a8c8-4da5-949b-4d68e5711551","local_time":"20210203140138","is_ascension_mode":false,"campfire_choices":[{"floor":1.0,"key":"RECALL"},{"data":"hexamod:SoulSteal","floor":10.0,"key":"SMITH"},{"data":"MysteriousBeam","floor":12.0,"key":"SMITH"},{"floor":18.0,"key":"DIG"},{"floor":25.0,"key":"REST"},{"floor":30.0,"key":"REST"},{"floor":35.0,"key":"REST"},{"floor":45,"key":"REST"},{"floor":54,"key":"REST"}],"circlet_count":0,"master_deck":["hexamod:Strike","hexamod:Strike","hexamod:Strike","hexamod:Strike","hexamod:Defend","hexamod:Defend","hexamod:Defend","hexamod:Defend","hexamod:Sear","hexamod:Float","hexamod:SoulSteal+1","hexamod:SpectralSpark","hexamod:HeatCrush","hexamod:FourthSeal","MysteriousBeam+1","Limit Break","hexamod:RainOfEmbers","hexamod:RainOfEmbers","Spot Weakness","ReapSow","Glacier","hexamod:GhostOfSpireFuture","stsjorbsmod:TrueStrike","Perseverance+1","bard:FirstStrike","Singularity","hexamod:RadiantFlame","hexamod:RecurringNightmare","Replay:Dark Deal","CurseOfTheBell","LikeWater","sneckomod:DiceCrush+1","Finesse","Prepared","champ:Parry+1","InstantArmor","TheCursedMod:SoulCrush+1","bronze:WhirlingStrike","Twin Strike+1","Evaluate+1","hermit:WideOpen+1","Guardian:Orbwalk","bronze:BronzeOrb+1","stsjorbsmod:Clarify","Slimebound:SplitAcid","Runesmith:Refine+1","Replay:SS_hec_1","hexamod:DynamicBlow","Crow Ritual"],"relics":["hexamod:SpiritBrand","downfall:ShatteredFragment","Centennial Puzzle","PrismaticShard","Nunchaku","Fusion Hammer","downfall:HeartBlessingBlue","hubris:ToyBattleship","Happy Flower","downfall:HeartBlessingRed","jedi:firstaidkit","Replay:Grab Bag","ChewingGum","conspire:SlowCooker","Calling Bell","Ancient Tea Set","Pantograph","jedi:kaleidoscope","downfall:HeartBlessingGreen","CeramicFish","conspire:GlowingRock","Prayer Wheel","Regal Pillow","Mercury Hourglass"],"acts_visited":["Exordium","TheCity","TheBeyond","TheEnding"],"potions_floor_usage":[38,48,50,56,56,56,56,56,56,56,56],"damage_taken":[{"damage":0.0,"enemies":"Small Slimes","floor":4.0,"turns":2.0},{"damage":1.0,"enemies":"Jaw Worm","floor":6.0,"turns":3.0},{"damage":0.0,"enemies":"Cultist","floor":7.0,"turns":4.0},{"damage":0.0,"enemies":"downfall:FleeingMerchant","floor":9.0,"turns":4.0},{"damage":0.0,"enemies":"Cultist","floor":11.0,"turns":3.0},{"damage":9.0,"enemies":"3 Sentries","floor":13.0,"turns":5.0},{"damage":5.0,"enemies":"downfall:FleeingMerchant","floor":14.0,"turns":4.0},{"damage":0.0,"enemies":"3 Louse","floor":15.0,"turns":3.0},{"damage":17.0,"enemies":"DF_ARCHETYPE_STREAMLINE","floor":16.0,"turns":5.0},{"damage":0.0,"enemies":"Chosen","floor":19.0,"turns":3.0},{"damage":0.0,"enemies":"Snecko","floor":21.0,"turns":3.0},{"damage":10.0,"enemies":"Chosen and Byrds","floor":23.0,"turns":3.0},{"damage":2.0,"enemies":"Snake Plant","floor":26.0,"turns":3.0},{"damage":0.0,"enemies":"3 Cultists","floor":27.0,"turns":3.0},{"damage":6.0,"enemies":"downfall:FleeingMerchant","floor":28.0,"turns":3.0},{"damage":0.0,"enemies":"Snecko","floor":31.0,"turns":2.0},{"damage":3.0,"enemies":"Centurion and Healer","floor":32.0,"turns":5.0},{"damage":37.0,"enemies":"WA_ARCHETYPE_CALM","floor":33.0,"turns":7.0},{"damage":2,"enemies":"3 Darklings","floor":36,"turns":2},{"damage":4,"enemies":"3 Shapes","floor":37,"turns":2},{"damage":23,"enemies":"conspire:MimicChest","floor":38,"turns":3},{"damage":11,"enemies":"Spire Growth","floor":39,"turns":3},{"damage":0,"enemies":"Transient","floor":40,"turns":5},{"damage":17,"enemies":"2 Orb Walkers","floor":42,"turns":2},{"damage":0,"enemies":"Writhing Mass","floor":43,"turns":2},{"damage":0,"enemies":"Jaw Worm Horde","floor":46,"turns":2},{"damage":7,"enemies":"4 Shapes","floor":47,"turns":2},{"damage":14,"enemies":"Reptomancer","floor":48,"turns":3},{"damage":0,"enemies":"Transient","floor":49,"turns":5},{"damage":5,"enemies":"IC_BLOCK_ARCHETYPE","floor":50,"turns":3},{"damage":0,"enemies":"downfall:CharBossMerchant","floor":52,"turns":1},{"damage":0,"enemies":"downfall:NeowBoss","floor":55,"turns":7},{"damage":0,"enemies":"downfall:NeowBossFinal","floor":56,"turns":5}],"seed_played":"-674354950060684047","potions_obtained":[{"floor":3.0,"key":"jedi:tentaclejuice"},{"floor":3.0,"key":"hexamod:EctoCoolerPotion"},{"floor":3.0,"key":"Adrenaline Potion"},{"floor":11.0,"key":"ColorlessPotion"},{"floor":11.0,"key":"AttackPotion"},{"floor":13.0,"key":"LiquidMemories"},{"floor":13.0,"key":"ColorlessPotion"},{"floor":14.0,"key":"hexamod:EctoCoolerPotion"},{"floor":16.0,"key":"hexamod:InfernoChargePotion"},{"floor":16.0,"key":"BlessingOfTheForge"},{"floor":19.0,"key":"Elixir"},{"floor":21.0,"key":"Reflective Coating"},{"floor":21.0,"key":"DuplicationPotion"},{"floor":23.0,"key":"conspire:TimeTravelPotion"},{"floor":26.0,"key":"DuplicationPotion"},{"floor":39,"key":"Regen Potion"},{"floor":48,"key":"DistilledChaos"},{"floor":49,"key":"EntropicBrew"},{"floor":52,"key":"Languid Potion"}],"is_trial":false,"path_per_floor":["R","?","?","M","?","M","MIM","?","$","R","M","R","E","$","M","B",null,"R_BF","M","?","M","?","M","T","R","M","M","$","?","R","M","M","B",null,"R","M","M","?","M","M","T","?","M","?","R","M","M","E","M","B",null,"E","$","R","B","B",null],"character_chosen":"THE_SPIRIT","items_purchased":["hexamod:FourthSeal","PrismaticShard","hexamod:RainOfEmbers","hexamod:RadiantFlame","jedi:firstaidkit","Replay:SS_hec_1","hexamod:DynamicBlow","Crow Ritual"],"campfire_rested":5,"item_purchase_floors":[9,9,14,28,28,53,53,53],"current_hp_per_floor":[49,28,28,28,80,79,79,79,79,79,79,79,70,65,65,53,80,90,90,68,68,68,58,58,85,83,83,77,77,90,90,87,62,90,90,88,84,90,82,82,82,65,65,65,90,90,83,74,74,85,90,90,90,90,90,90],"gold":111,"neow_bonus":"TWO_FIFTY_GOLD","is_daily":false,"chose_seed":false,"campfire_upgraded":2,"win_rate":0.0,"timestamp":1612389698,"path_taken":["R","?","?","?","?","M","MIM","?","?","R","M","R","E","$","M","BOSS","R_BF","M","?","?","?","M","T","R","M","?","?","?","R","M","M","BOSS","R","M","M","?","M","M","T","?","M","?","R","M","?","E","M","BOSS","E","$","R","BOSS","BOSS"],"items_purchased_type":["Card","Relic","Card","Card","Relic","Card","Card","Card"],"build_version":"2020-12-22","purchased_purges":0,"victory":true,"max_hp_per_floor":[70,70,70,70,80,80,80,80,80,80,80,80,80,80,80,80,80,90,90,90,90,90,90,90,90,90,90,90,90,90,90,90,90,90,90,90,90,90,90,90,90,90,90,90,90,90,90,90,90,90,90,90,90,90,90,90],"relic_stats":{"Centennial Puzzle":[48],"Nunchaku":[22],"Regal Pillow":0,"Happy Flower":[23],"counters":[33,112],"Pantograph":16,"CeramicFish":153,"Prayer Wheel":4,"obtain_stats":[{"Regal Pillow":48,"downfall:ShatteredFragment":2,"Happy Flower":24,"downfall:HeartBlessingRed":25,"Replay:Grab Bag":34,"CeramicFish":38,"downfall:HeartBlessingGreen":35,"conspire:SlowCooker":34,"PrismaticShard":9,"Ancient Tea Set":34,"Mercury Hourglass":52,"Calling Bell":34,"Centennial Puzzle":8,"Nunchaku":13,"conspire:GlowingRock":41,"jedi:kaleidoscope":34,"downfall:HeartBlessingBlue":18,"jedi:firstaidkit":28,"Pantograph":34,"ChewingGum":34,"Prayer Wheel":42,"Fusion Hammer":17,"hubris:ToyBattleship":18,"hexamod:SpiritBrand":0},{"Regal Pillow":28,"downfall:ShatteredFragment":0,"Happy Flower":12,"downfall:HeartBlessingRed":12,"Replay:Grab Bag":18,"CeramicFish":21,"downfall:HeartBlessingGreen":18,"conspire:SlowCooker":18,"PrismaticShard":4,"Ancient Tea Set":18,"Mercury Hourglass":31,"Calling Bell":18,"Centennial Puzzle":3,"Nunchaku":6,"conspire:GlowingRock":23,"jedi:kaleidoscope":18,"downfall:HeartBlessingBlue":9,"jedi:firstaidkit":15,"Pantograph":18,"ChewingGum":18,"Prayer Wheel":24,"Fusion Hammer":9,"hubris:ToyBattleship":9,"hexamod:SpiritBrand":0},{"Regal Pillow":91,"downfall:ShatteredFragment":0,"Happy Flower":42,"downfall:HeartBlessingRed":42,"Replay:Grab Bag":65,"CeramicFish":72,"downfall:HeartBlessingGreen":65,"conspire:SlowCooker":65,"PrismaticShard":13,"Ancient Tea Set":65,"Mercury Hourglass":100,"Calling Bell":65,"Centennial Puzzle":9,"Nunchaku":21,"conspire:GlowingRock":80,"jedi:kaleidoscope":65,"downfall:HeartBlessingBlue":33,"jedi:firstaidkit":51,"Pantograph":65,"ChewingGum":65,"Prayer Wheel":82,"Fusion Hammer":33,"hubris:ToyBattleship":33,"hexamod:SpiritBrand":0}],"Mercury Hourglass":[15]},"card_choices":[{"not_picked":["hexamod:SpectersWail","hexamod:GhostLash"],"picked":"hexamod:SoulSteal","floor":4.0},{"not_picked":["hexamod:SpectersWail","hexamod:EtherealExpedition","hexamod:BacktrackSmack"],"picked":"SKIP","floor":6.0},{"not_picked":["hexamod:AdvancingGuard","hexamod:ApocalypseNow"],"picked":"hexamod:SpectralSpark","floor":7.0},{"not_picked":["hexamod:Hexaguard","hexamod:EtherealExpedition"],"picked":"hexamod:HeatCrush","floor":9.0},{"not_picked":["animator:DolaRiku","Twin Strike"],"picked":"MysteriousBeam","floor":11.0},{"not_picked":["bard:BucklerBash","TheCursedMod:CursedBlade","TheCursedMod:ManaBullet"],"picked":"SKIP","floor":13.0},{"not_picked":["Engulf","sneckomod:UnknownClassRUNESMITH_BEIGE"],"picked":"Limit Break","floor":14.0},{"not_picked":["sneckomod:UnknownClassDEFAULT_GRAY_COLOR","animator:Chung"],"picked":"Spot Weakness","floor":15.0},{"not_picked":["stsjorbsmod:TollTheDead+1","UnstableBomb"],"picked":"ReapSow","floor":19.0},{"not_picked":["animator:YuiTsuruno+1","Tempest"],"picked":"Glacier","floor":20.0},{"not_picked":["champ:Shatter+1","animator:Rider","Tempo"],"picked":"SKIP","floor":21.0},{"not_picked":["Slimebound:Teamwork","Ball Lightning+1"],"picked":"stsjorbsmod:TrueStrike","floor":23.0},{"not_picked":["animator:ZankiKiguchi","DC+1"],"picked":"Perseverance+1","floor":26.0},{"not_picked":["sneckomod:UnknownClassBLUE","ShiftingGears+1"],"picked":"bard:FirstStrike","floor":27.0},{"not_picked":["TheCursedMod:TacticalStrike+1","sneckomod:UnknownClassTHE_UNNAMED"],"picked":"Singularity","floor":28.0},{"not_picked":["stsjorbsmod:Entangle","hermit:SprayPray"],"picked":"hexamod:RecurringNightmare","floor":31.0},{"not_picked":["animator:Millim+1","Replay:Battleflow","Sabotage"],"picked":"SKIP","floor":32.0},{"not_picked":["hermit:FinalCanter","jedi:BurstDark"],"picked":"Replay:Dark Deal","floor":33.0},{"not_picked":["sneckomod:Unknown1Cost","Sabotage"],"picked":"LikeWater","floor":36},{"not_picked":["Conserve Battery+1","champ:BladeFlurry"],"picked":"sneckomod:DiceCrush+1","floor":37},{"not_picked":["stsjorbsmod:Damnation+1","animator:NarberalGamma+1"],"picked":"Finesse","floor":38},{"not_picked":["Bane+1","sneckomod:UnknownClassBARD_COLOR"],"picked":"Prepared","floor":39},{"not_picked":["sneckomod:UnknownDraw+1","BiteCommand"],"picked":"champ:Parry+1","floor":40},{"not_picked":["LockedBell","hexamod:SpectersWail"],"picked":"InstantArmor","floor":42},{"not_picked":["sneckomod:UnknownClassTHE_UNNAMED","animator:Mitsurugi+1"],"picked":"TheCursedMod:SoulCrush+1","floor":43},{"not_picked":["Underhanded Strike+1","stsjorbsmod:ChatteringStrike"],"picked":"bronze:WhirlingStrike","floor":43},{"not_picked":["animator:Assassin","animator:Emonzaemon"],"picked":"Twin Strike+1","floor":46},{"not_picked":["hubris:PowerSurge","sneckomod:UnknownCommonAttack"],"picked":"Evaluate+1","floor":46},{"not_picked":["animator:Shimakaze+1","Slimebound:Repurpose+1"],"picked":"hermit:WideOpen+1","floor":47},{"not_picked":["animator:LeleiLaLalena+1","animator:Urushihara"],"picked":"Guardian:Orbwalk","floor":47},{"not_picked":["DC","PiercingWail+1"],"picked":"bronze:BronzeOrb+1","floor":48},{"not_picked":["stsjorbsmod:SilverStrike+1","hexamod:NightmareGuise+1"],"picked":"stsjorbsmod:Clarify","floor":49},{"not_picked":["bard:HarmoniousVoice","SuperPerseids"],"picked":"Slimebound:SplitAcid","floor":49},{"not_picked":["hexamod:FastForward","TheCursedMod:CursedShiv+1"],"picked":"Runesmith:Refine+1","floor":52}],"player_experience":959032,"relics_obtained":[{"floor":13.0,"key":"Nunchaku"},{"floor":18.0,"key":"hubris:ToyBattleship"},{"floor":24.0,"key":"Happy Flower"},{"floor":34.0,"key":"Ancient Tea Set"},{"floor":34.0,"key":"Pantograph"},{"floor":34.0,"key":"jedi:kaleidoscope"},{"floor":38,"key":"CeramicFish"},{"floor":41,"key":"conspire:GlowingRock"},{"floor":42,"key":"Prayer Wheel"},{"floor":48,"key":"Regal Pillow"},{"floor":52,"key":"Mercury Hourglass"}],"event_choices":[{"damage_healed":0.0,"max_hp_gain":0.0,"max_hp_loss":0.0,"gold_gain":0.0,"event_name":"Lab","player_choice":"Got Potions","floor":3.0,"gold_loss":0.0,"damage_taken":0.0},{"damage_healed":0.0,"max_hp_gain":0.0,"max_hp_loss":0.0,"gold_gain":0.0,"event_name":"conspire:Investor","player_choice":"Leave","floor":29.0,"gold_loss":0.0,"damage_taken":0.0},{"damage_healed":0,"gold_gain":0,"player_choice":"Fight","damage_taken":0,"max_hp_gain":0,"max_hp_loss":0,"event_name":"Mysterious Sphere","floor":42,"gold_loss":0}],"is_beta":false,"boss_relics":[{"not_picked":["Kintsugi","Velvet Choker"],"picked":"Fusion Hammer"},{"not_picked":["hexamod:UnbrokenSoul","aspiration:BardSkillbook"],"picked":"Replay:Grab Bag"},{"not_picked":["hubris:RunicObelisk","aspiration:FutureDiary"],"picked":"ChewingGum"},{"not_picked":["Coffee Dripper","hubris:VirtuousBlindfold"],"picked":"conspire:SlowCooker"},{"not_picked":["hubris:Backtick","aspiration:RitualDagger"],"picked":"Calling Bell"}],"items_purged_floors":[],"is_endless":false,"potions_floor_spawned":[11,13,15,21,26,32,33,36,37,43,46,47,49,52],"ascension_level":0}}