{"host":"e2ju6k0wppswbhbd","time":1612317419,"event":{"mods":["BaseMod","Minty Spire (QoL Compilation)","Rare Cards Sparkle","StSLib"],"gold_per_floor":[114,124,141,152,168,203,203,36,61,26,26,51,126,126,126,230,230,241,241,253,253,269,269,294,310,310,322,357,368,159,178,178,281,281,295,345,363,363,363,401,451,485,508,31,31,73,83,101,101,101,101],"floor_reached":50,"language":"FRA","playtime":7469,"items_purged":["Strike_B","Defend_B","Defend_B"],"score":602,"play_id":"82dca9e8-166d-4a13-8736-1ee0dcf26caf","local_time":"20210203025659","is_ascension_mode":false,"campfire_choices":[{"floor":7.0,"key":"RECALL"},{"data":"Zap","floor":11.0,"key":"SMITH"},{"data":"Genetic Algorithm","floor":15.0,"key":"SMITH"},{"data":"Defragment","floor":23.0,"key":"SMITH"},{"data":"Undo","floor":32.0,"key":"SMITH"},{"data":"Fusion","floor":45,"key":"SMITH"},{"data":"Rainbow","floor":49,"key":"SMITH"}],"circlet_count":0,"master_deck":["Strike_B","Defend_B","Zap+1","Dualcast+1","Flash of Steel","Cold Snap","Redo","Defragment+1","Leap","Ball Lightning","Aggregate","Good Instincts","Genetic Algorithm+1","Seek+1","Compile Driver","Sweeping Beam","Doom and Gloom","Storm+1","Self Repair+1","Undo+1","FTL+1","Streamline+1","Blizzard","BootSequence","Steam+1","Rainbow+1","Go for the Eyes+1","Sunder+1","Leap+1","White Noise+1","Ball Lightning+1","Cold Snap+1","Fusion+1","Finesse","Tempest+1","Reinforced Body+1","Scrape+1","Darkness","Glacier+1","Madness","Madness"],"relics":["FrozenCore","Art of War","Bag of Marbles","PreservedInsect","Bronze Scales","Happy Flower","Bird Faced Urn","Astrolabe","Prayer Wheel","The Courier","CeramicFish","Ice Cream","War Paint","ClockworkSouvenir","Strawberry","Ancient Tea Set","Smiling Mask"],"acts_visited":["Exordium","TheCity","TheBeyond"],"potions_floor_usage":[40,40],"damage_taken":[{"damage":1.0,"enemies":"Cultist","floor":1.0,"turns":3.0},{"damage":0.0,"enemies":"Jaw Worm","floor":2.0,"turns":4.0},{"damage":0.0,"enemies":"2 Louse","floor":3.0,"turns":1.0},{"damage":0.0,"enemies":"Looter","floor":4.0,"turns":4.0},{"damage":3.0,"enemies":"3 Louse","floor":5.0,"turns":4.0},{"damage":23.0,"enemies":"3 Sentries","floor":6.0,"turns":5.0},{"damage":24.0,"enemies":"Gremlin Nob","floor":12.0,"turns":5.0},{"damage":14.0,"enemies":"The Guardian","floor":16.0,"turns":11.0},{"damage":9.0,"enemies":"Spheric Guardian","floor":18.0,"turns":5.0},{"damage":0.0,"enemies":"Shell Parasite","floor":20.0,"turns":6.0},{"damage":3.0,"enemies":"Centurion and Healer","floor":22.0,"turns":7.0},{"damage":12.0,"enemies":"Slavers","floor":24.0,"turns":2.0},{"damage":13.0,"enemies":"Snecko","floor":25.0,"turns":4.0},{"damage":5.0,"enemies":"Sentry and Sphere","floor":27.0,"turns":6.0},{"damage":0.0,"enemies":"Gremlin Leader","floor":28.0,"turns":6.0},{"damage":15.0,"enemies":"Snake Plant","floor":29.0,"turns":5.0},{"damage":0.0,"enemies":"Centurion and Healer","floor":31.0,"turns":5.0},{"damage":28.0,"enemies":"Automaton","floor":33.0,"turns":14.0},{"damage":3,"enemies":"3 Darklings","floor":35,"turns":5},{"damage":11,"enemies":"2 Orb Walkers","floor":36,"turns":5},{"damage":0,"enemies":"Orb Walker","floor":37,"turns":4},{"damage":12,"enemies":"Reptomancer","floor":40,"turns":6},{"damage":0,"enemies":"Mind Bloom Boss Battle","floor":41,"turns":6},{"damage":0,"enemies":"3 Darklings","floor":42,"turns":4},{"damage":17,"enemies":"Nemesis","floor":46,"turns":5},{"damage":2,"enemies":"Spire Growth","floor":47,"turns":4},{"damage":128,"enemies":"Donu and Deca","floor":50,"turns":12}],"seed_played":"8842609046492504378","potions_obtained":[{"floor":5.0,"key":"PowerPotion"},{"floor":6.0,"key":"Ancient Potion"},{"floor":12.0,"key":"Energy Potion"},{"floor":20.0,"key":"FearPotion"},{"floor":27.0,"key":"Dexterity Potion"},{"floor":28.0,"key":"FairyPotion"},{"floor":36,"key":"Block Potion"},{"floor":37,"key":"Dexterity Potion"}],"is_trial":false,"path_per_floor":["M","M","M","M","M","E","R","$","T","?","R","E","?","T","R","B",null,"M","?","M","?","M","R","E","M","T","M","E","M","$","M","R","B",null,"M","?","M","T","?","E","?","M","T","$","R","E","M","?","R","B"],"character_chosen":"DEFECT","items_purchased":["Good Instincts","Blizzard","BootSequence","ClockworkSouvenir","Strawberry","Darkness","Ancient Tea Set"],"campfire_rested":0,"item_purchase_floors":[8,30,30,44,44,44,44],"current_hp_per_floor":[74,74,74,74,71,48,48,48,48,66,66,42,31,31,31,17,75,66,52,52,78,75,75,63,50,50,55,65,64,64,80,80,64,80,80,80,80,80,80,80,80,80,80,87,87,72,76,65,65,0,0],"gold":101,"neow_bonus":"RANDOM_COLORLESS","is_daily":false,"chose_seed":false,"campfire_upgraded":6,"win_rate":0.0,"timestamp":1612317419,"path_taken":["M","M","M","M","M","E","R","?","T","?","R","E","?","?","R","BOSS","M","?","M","?","M","R","E","M","T","M","E","M","$","M","R","BOSS","M","?","M","?","?","E","?","M","T","$","R","E","M","?","R","BOSS"],"items_purchased_type":["Card","Card","Card","Relic","Relic","Card","Relic"],"build_version":"2020-12-22","purchased_purges":3,"victory":false,"max_hp_per_floor":[75,75,75,75,75,75,75,75,75,75,75,75,75,75,75,75,75,75,80,80,80,80,80,80,80,80,80,80,80,80,80,80,80,80,80,80,80,80,80,80,80,80,80,87,87,87,87,87,87,87,87],"card_choices":[{"not_picked":["Impatience","Mind Blast"],"picked":"Flash of Steel","floor":0.0},{"not_picked":["Heatsinks","Streamline"],"picked":"Cold Snap","floor":1.0},{"not_picked":["Tempest","Go for the Eyes"],"picked":"Redo","floor":2.0},{"not_picked":["Sweeping Beam","Ball Lightning"],"picked":"Defragment","floor":3.0},{"not_picked":["Gash","Turbo"],"picked":"Leap","floor":4.0},{"not_picked":["Defragment","Core Surge"],"picked":"Ball Lightning","floor":5.0},{"not_picked":["Reinforced Body","Barrage"],"picked":"Aggregate","floor":6.0},{"not_picked":["Redo","Compile Driver"],"picked":"Genetic Algorithm","floor":12.0},{"not_picked":["Fission","Meteor Strike"],"picked":"Seek","floor":16.0},{"not_picked":["Steam Power","Go for the Eyes"],"picked":"Compile Driver","floor":18.0},{"not_picked":["Conserve Battery","Go for the Eyes"],"picked":"Sweeping Beam","floor":20.0},{"not_picked":["Conserve Battery","Sweeping Beam+1"],"picked":"Doom and Gloom","floor":22.0},{"not_picked":["Defragment+1","Stack"],"picked":"Storm+1","floor":24.0},{"not_picked":["Go for the Eyes+1","Sunder"],"picked":"Self Repair+1","floor":25.0},{"not_picked":["Gash","Force Field"],"picked":"Undo","floor":27.0},{"not_picked":["Doom and Gloom","Compile Driver"],"picked":"FTL+1","floor":28.0},{"not_picked":["Amplify","Hello World+1"],"picked":"Streamline+1","floor":29.0},{"not_picked":["Leap","Consume+1"],"picked":"Steam+1","floor":31.0},{"not_picked":["Seek","Core Surge"],"picked":"Rainbow","floor":33.0},{"not_picked":["Steam","Chaos"],"picked":"White Noise+1","floor":35},{"not_picked":["Steam Power+1","Streamline"],"picked":"Ball Lightning+1","floor":36},{"not_picked":["Steam","Loop+1"],"picked":"Cold Snap+1","floor":37},{"not_picked":["Sweeping Beam+1","Hologram+1"],"picked":"Fusion","floor":37},{"not_picked":["Purity","Good Instincts"],"picked":"Finesse","floor":39},{"not_picked":["Reprogram+1","Sweeping Beam"],"picked":"Tempest+1","floor":40},{"not_picked":["Streamline+1","Coolheaded+1"],"picked":"Reinforced Body+1","floor":42},{"not_picked":["Beam Cell","Turbo"],"picked":"Scrape+1","floor":42},{"not_picked":["Beam Cell","Undo+1"],"picked":"Glacier+1","floor":46},{"not_picked":["Rip and Tear+1","Steam+1","Gash"],"picked":"SKIP","floor":47},{"not_picked":["Self Repair","Doom and Gloom+1","Conserve Battery"],"picked":"SKIP","floor":47}],"player_experience":2770537,"relics_obtained":[{"floor":6.0,"key":"Art of War"},{"floor":9.0,"key":"Bag of Marbles"},{"floor":12.0,"key":"PreservedInsect"},{"floor":14.0,"key":"Bronze Scales"},{"floor":24.0,"key":"Happy Flower"},{"floor":28.0,"key":"Bird Faced Urn"},{"floor":36,"key":"Prayer Wheel"},{"floor":38,"key":"The Courier"},{"floor":40,"key":"CeramicFish"},{"floor":41,"key":"Ice Cream"},{"floor":43,"key":"War Paint"},{"floor":46,"key":"Smiling Mask"}],"event_choices":[{"damage_healed":18.0,"max_hp_gain":0.0,"max_hp_loss":0.0,"gold_gain":0.0,"event_name":"The Cleric","player_choice":"Healed","floor":10.0,"gold_loss":35.0,"damage_taken":0.0},{"damage_healed":0.0,"max_hp_gain":0.0,"max_hp_loss":0.0,"gold_gain":75.0,"event_name":"World of Goop","player_choice":"Gather Gold","floor":13.0,"gold_loss":0.0,"damage_taken":11.0},{"damage_healed":0.0,"max_hp_gain":5.0,"max_hp_loss":0.0,"gold_gain":0.0,"event_name":"Forgotten Altar","player_choice":"Shed Blood","floor":19.0,"gold_loss":0.0,"damage_taken":19.0},{"damage_healed":26.0,"max_hp_gain":0.0,"max_hp_loss":0.0,"gold_gain":0.0,"event_name":"The Library","player_choice":"Heal","floor":21.0,"gold_loss":0.0,"damage_taken":0.0},{"damage_healed":0,"gold_gain":0,"player_choice":"Fight","damage_taken":0,"max_hp_gain":0,"max_hp_loss":0,"event_name":"Mysterious Sphere","floor":36,"gold_loss":0},{"damage_healed":0,"gold_gain":0,"player_choice":"Memory 1","damage_taken":0,"max_hp_gain":0,"max_hp_loss":0,"event_name":"SensoryStone","floor":39,"gold_loss":0},{"damage_healed":0,"gold_gain":0,"player_choice":"Fight","damage_taken":0,"max_hp_gain":0,"max_hp_loss":0,"event_name":"MindBloom","floor":41,"gold_loss":0},{"damage_healed":0,"gold_gain":0,"player_choice":"Embrace Madness","damage_taken":11,"max_hp_gain":0,"max_hp_loss":0,"event_name":"Winding Halls","floor":48,"gold_loss":0,"cards_obtained":["Madness","Madness"]}],"is_beta":false,"boss_relics":[{"not_picked":["Pandora\u0027s Box","Nuclear Battery"],"picked":"FrozenCore"},{"not_picked":["Snecko Eye","Fusion Hammer"],"picked":"Astrolabe"}],"items_purged_floors":[8,30,44],"is_endless":false,"potions_floor_spawned":[5,6,12,20,22,27,28,36,37],"killed_by":"Donu and Deca","ascension_level":0}}