{"host":"qy6st0zp32tctd9l","time":1612347624,"event":{"mods":["BaseMod","Colored Map","Downfall","GifTheSpireLib","Hermit","Marisa£®ÏF”Í°°ƒß¿Ì…≥£©","Minty Spire (QoL Compilation)","Remilia£®¿Ÿ√◊¿Ú—«£©","StSLib","The Cursed","The Servant 0.9.4","UnlockEverythingMod"],"gold_per_floor":[119,134,209,222,235,269,269,269,269],"floor_reached":8,"language":"ZHS","playtime":178,"items_purged":[],"score":90,"play_id":"68c6e5c8-45e4-45d3-af7b-8307079293a6","local_time":"20210203182024","is_ascension_mode":true,"campfire_choices":[],"circlet_count":0,"master_deck":["AscendersBane","Strike_S","Strike_S","Strike_S","Strike_S","Defend_S","Defend_S","Defend_S","Defend_S","KidneyShot","Exchange","Spin","Alleviate","MurderousAura","Potential","BestPractice"],"relics":["Uniform","NeowsBlessing","Pantograph"],"acts_visited":["Exordium"],"potions_floor_usage":[8],"damage_taken":[{"damage":0,"enemies":"Cultist","floor":1,"turns":1},{"damage":0,"enemies":"2 Louse","floor":2,"turns":1},{"damage":0,"enemies":"Small Slimes","floor":4,"turns":1},{"damage":11,"enemies":"2 Fungi Beasts","floor":5,"turns":3},{"damage":30,"enemies":"3 Sentries","floor":6,"turns":5},{"damage":0,"enemies":"Gremlin Nob","floor":8,"turns":2}],"seed_played":"-7541481359158525810","potions_obtained":[{"floor":6,"key":"SpeedPotion"}],"is_trial":false,"path_per_floor":["M","M","?","M","M","E","?","E"],"character_chosen":"THE_SERVANT","items_purchased":[],"campfire_rested":0,"item_purchase_floors":[],"current_hp_per_floor":[59,59,53,53,42,12,12,12,12],"gold":269,"neow_bonus":"THREE_ENEMY_KILL","is_daily":false,"chose_seed":false,"campfire_upgraded":0,"win_rate":0.0,"timestamp":1612347624,"path_taken":["M","?","?","?","M","E","?","E"],"items_purchased_type":[],"build_version":"2020-12-22","purchased_purges":0,"victory":false,"max_hp_per_floor":[65,65,65,65,65,65,65,65,65],"card_choices":[{"not_picked":["ShatteredReality","Alleviate"],"picked":"Spin","floor":1},{"not_picked":["Unruled","ReturningBlade"],"picked":"Alleviate","floor":2},{"not_picked":["Alleviate","FastForward"],"picked":"MurderousAura","floor":4},{"not_picked":["DoubleEdge","WasteNot"],"picked":"Potential","floor":5},{"not_picked":["SpecialFormula","MurderousAura"],"picked":"BestPractice","floor":6}],"player_experience":200791,"relics_obtained":[{"floor":6,"key":"Pantograph"}],"event_choices":[{"damage_healed":0,"gold_gain":75,"player_choice":"Touch","damage_taken":6,"max_hp_gain":0,"max_hp_loss":0,"event_name":"FaceTrader","floor":3,"gold_loss":0},{"damage_healed":0,"gold_gain":0,"player_choice":"Ignored","damage_taken":0,"max_hp_gain":0,"max_hp_loss":0,"event_name":"Liars Game","floor":7,"gold_loss":0}],"is_beta":false,"boss_relics":[],"items_purged_floors":[],"is_endless":false,"potions_floor_spawned":[6],"killed_by":"Gremlin Nob","ascension_level":11}}