{"host":"dhlnk6yox2l1s6up","time":1612387196,"event":{"mods":["BaseMod","Bestiary","Colored Map","Highlight Path","Minty Spire (QoL Compilation)","Relic Stats","StSLib"],"gold_per_floor":[117,127,127,127,145,145,178,198,198,40,40,40],"floor_reached":11,"language":"ENG","playtime":379,"items_purged":[],"score":110,"play_id":"657f9028-37d7-4f71-85c3-74eab8561cda","local_time":"20210203151956","is_ascension_mode":true,"campfire_choices":[{"data":"Doppelganger","floor":6,"key":"SMITH"}],"circlet_count":0,"master_deck":["AscendersBane","Strike_G","Strike_G","Strike_G","Strike_G","Strike_G","Defend_G","Defend_G","Defend_G","Defend_G","Defend_G","Survivor","Neutralize","Slice","Sucker Punch","Doppelganger+1","Backflip","Adrenaline","Slice","Die Die Die"],"relics":["Ring of the Snake","NeowsBlessing","Golden Idol","Centennial Puzzle"],"acts_visited":["Exordium"],"potions_floor_usage":[],"damage_taken":[{"damage":0,"enemies":"Jaw Worm","floor":1,"turns":1},{"damage":0,"enemies":"Small Slimes","floor":2,"turns":1},{"damage":0,"enemies":"Cultist","floor":5,"turns":1},{"damage":31,"enemies":"Gremlin Nob","floor":7,"turns":5},{"damage":2,"enemies":"2 Fungi Beasts","floor":8,"turns":4},{"damage":41,"enemies":"Lagavulin","floor":11,"turns":6}],"seed_played":"-4846275438004079854","potions_obtained":[{"floor":7,"key":"PowerPotion"}],"is_trial":false,"path_per_floor":["M","M","?","?","M","R","E","M","T","$","E"],"character_chosen":"THE_SILENT","items_purchased":["Die Die Die"],"campfire_rested":0,"item_purchase_floors":[10],"current_hp_per_floor":[63,63,63,63,63,63,32,30,30,30,0,0],"gold":40,"neow_bonus":"THREE_ENEMY_KILL","is_daily":false,"chose_seed":false,"campfire_upgraded":1,"win_rate":0.0,"timestamp":1612387196,"path_taken":["M","M","?","?","?","R","E","M","T","$","E"],"items_purchased_type":["Card"],"build_version":"2020-12-22","purchased_purges":0,"victory":false,"max_hp_per_floor":[70,70,65,65,65,65,65,65,65,65,65,65],"relic_stats":{"Centennial Puzzle":[6],"counters":[6,18],"Golden Idol":15,"obtain_stats":[{"Centennial Puzzle":7,"NeowsBlessing":0,"Golden Idol":3,"Ring of the Snake":0},{"Centennial Puzzle":4,"NeowsBlessing":0,"Golden Idol":2,"Ring of the Snake":0},{"Centennial Puzzle":8,"NeowsBlessing":0,"Golden Idol":2,"Ring of the Snake":0}],"Ring of the Snake":[12]},"card_choices":[{"not_picked":["Outmaneuver","Finisher"],"picked":"Slice","floor":1},{"not_picked":["Masterful Stab","Cloak And Dagger"],"picked":"Sucker Punch","floor":2},{"not_picked":["Dodge and Roll","Outmaneuver"],"picked":"Backflip","floor":5},{"not_picked":["Reflex","Slice"],"picked":"Adrenaline","floor":7},{"not_picked":["Poisoned Stab","Deflect"],"picked":"Slice","floor":8}],"player_experience":6092437,"relics_obtained":[{"floor":7,"key":"Centennial Puzzle"}],"event_choices":[{"damage_healed":0,"gold_gain":0,"player_choice":"Lose Max HP","damage_taken":0,"relics_obtained":["Golden Idol"],"max_hp_gain":0,"max_hp_loss":5,"event_name":"Golden Idol","floor":3,"gold_loss":0},{"damage_healed":0,"gold_gain":0,"player_choice":"1 cards matched","damage_taken":0,"max_hp_gain":0,"max_hp_loss":0,"event_name":"Match and Keep!","floor":4,"gold_loss":0,"cards_obtained":["Doppelganger"]}],"is_beta":false,"boss_relics":[],"items_purged_floors":[],"is_endless":false,"potions_floor_spawned":[7],"killed_by":"Lagavulin","ascension_level":10}}