{"host":"bakf0s4odzu8z5xt","time":1612323651,"event":{"mods":["2.2 Compatiblity","BaseMod","Downfall","Friendly Minions","Minty Spire (QoL Compilation)","StSLib"],"gold_per_floor":[349,365,380,396,152,152,152,152,152,152,166,180,213,0,15,111,111,111,129,143,159,173,205,205,205,221,56,56,66,66,81,98,98,98,98],"floor_reached":33,"language":"ENG","playtime":2467,"items_purged":["champ:Strike","champ:Strike","champ:StrikeOfGenius"],"score":298,"play_id":"16fa9196-673e-4282-beca-d9b3a21a4315","local_time":"20210202214051","is_ascension_mode":false,"campfire_choices":[{"data":"champ:Taunt","floor":1.0,"key":"SMITH"},{"data":"champ:FanOfKnives","floor":6.0,"key":"SMITH"},{"data":"champ:Haymaker","floor":10.0,"key":"SMITH"},{"data":"champ:SwordThrow","floor":18.0,"key":"SMITH"},{"data":"champ:BerserkersShout","floor":28.0,"key":"SMITH"},{"data":"champ:EnragedBash","floor":30,"key":"SMITH"}],"circlet_count":0,"master_deck":["champ:Strike","champ:Strike","champ:Defend","champ:Defend","champ:Defend","champ:Defend","champ:Execute","champ:Taunt+1","champ:Haymaker+1","champ:FanOfKnives+1","champ:PreciseThrust","champ:AdrenalArmor","champ:VampiricStrike","champ:Shatter","champ:SwordThrow+1","champ:BringItOn+1","champ:EnragedBash+1","champ:FanOfKnives","champ:BerserkersShout+1","champ:AdrenalArmor","champ:FanOfKnives+1"],"relics":["champ:ChampionCrownUpgraded","Lantern","Gremlin Horn","champ:LiftRelic","Membership Card","Happy Flower","Nloth\u0027s Gift","DollysMirror"],"acts_visited":["Exordium","TheCity"],"potions_floor_usage":[33],"damage_taken":[{"damage":10.0,"enemies":"Jaw Worm","floor":2.0,"turns":3.0},{"damage":10.0,"enemies":"2 Louse","floor":3.0,"turns":3.0},{"damage":25.0,"enemies":"Cultist","floor":4.0,"turns":3.0},{"damage":15.0,"enemies":"downfall:FleeingMerchant","floor":5.0,"turns":4.0},{"damage":0.0,"enemies":"3 Louse","floor":11.0,"turns":1.0},{"damage":10.0,"enemies":"Exordium Thugs","floor":12.0,"turns":2.0},{"damage":12.0,"enemies":"Gremlin Nob","floor":13.0,"turns":3.0},{"damage":10.0,"enemies":"downfall:FleeingMerchant","floor":14.0,"turns":4.0},{"damage":12.0,"enemies":"Blue Slaver","floor":15.0,"turns":3.0},{"damage":58.0,"enemies":"SI_SHIV_ARCHETYPE","floor":16.0,"turns":8.0},{"damage":11.0,"enemies":"Shell Parasite","floor":19.0,"turns":3.0},{"damage":0.0,"enemies":"3 Byrds","floor":20.0,"turns":2.0},{"damage":27.0,"enemies":"Centurion and Healer","floor":21.0,"turns":4.0},{"damage":5.0,"enemies":"3 Cultists","floor":22.0,"turns":3.0},{"damage":15.0,"enemies":"Gremlin Leader","floor":23.0,"turns":4.0},{"damage":22.0,"enemies":"Shelled Parasite and Fungi","floor":26.0,"turns":4.0},{"damage":20.0,"enemies":"downfall:FleeingMerchant","floor":27.0,"turns":4.0},{"damage":25,"enemies":"Cultist and Chosen","floor":29,"turns":4},{"damage":25,"enemies":"Chosen and Byrds","floor":31,"turns":3},{"damage":20,"enemies":"Centurion and Healer","floor":32,"turns":3},{"damage":88,"enemies":"DF_ARCHETYPE_CLAW","floor":33,"turns":5}],"seed_played":"2254803430050815942","potions_obtained":[{"floor":11.0,"key":"Fire Potion"},{"floor":12.0,"key":"Block Potion"},{"floor":16.0,"key":"champ:UltimateStancePotion"},{"floor":19.0,"key":"champ:TechniquePotion"},{"floor":26.0,"key":"bronze:BurnAndBuffPotion"},{"floor":31,"key":"Dexterity Potion"}],"is_trial":false,"path_per_floor":["R","M","M","M","$","R","T","?","?","R","M","M","E","$","M","B",null,"R","M","M","M","M","E","T","?","M","$","R","M","R","M","M","B"],"character_chosen":"THE_CHAMP","items_purchased":["Lantern","Membership Card","champ:AdrenalArmor","DollysMirror"],"campfire_rested":0,"item_purchase_floors":[5,14,27,27],"current_hp_per_floor":[81,81,81,81,81,81,81,81,81,81,81,81,79,69,67,34,81,81,80,80,78,78,78,78,78,71,71,71,71,71,71,71,0,0,0],"gold":98,"neow_bonus":"TWO_FIFTY_GOLD","is_daily":false,"chose_seed":false,"campfire_upgraded":6,"win_rate":0.0,"timestamp":1612323651,"path_taken":["R","M","M","M","$","R","T","?","?","R","M","M","E","$","M","BOSS","R","M","M","M","M","E","T","?","M","$","R","M","R","?","M","BOSS"],"items_purchased_type":["Relic","Relic","Card","Relic"],"build_version":"2020-12-22","purchased_purges":3,"victory":false,"max_hp_per_floor":[81,81,81,81,81,81,81,81,81,81,81,81,81,81,81,81,81,81,81,81,81,81,81,81,81,81,81,81,81,81,81,81,81,81,81],"card_choices":[{"not_picked":["champ:BerserkersShout","champ:RisingSlash"],"picked":"champ:Haymaker","floor":2.0},{"not_picked":["champ:PreemptiveStrike","champ:FlashCut"],"picked":"champ:FanOfKnives","floor":3.0},{"not_picked":["champ:DefensiveStyle","champ:RapidStrikes"],"picked":"champ:PreciseThrust","floor":4.0},{"not_picked":["champ:Parry","champ:CrownThrow","champ:FocusedDefense"],"picked":"SKIP","floor":5.0},{"not_picked":["champ:Haymaker","champ:FancyFootwork"],"picked":"champ:AdrenalArmor","floor":11.0},{"not_picked":["champ:CalledShot","champ:SkillfulDodge","champ:ShieldSigil"],"picked":"SKIP","floor":12.0},{"not_picked":["champ:GutPunch","champ:ShieldSigil"],"picked":"champ:StrikeOfGenius","floor":13.0},{"not_picked":["champ:BerserkersShout","champ:PerfectedStrike"],"picked":"champ:VampiricStrike","floor":14.0},{"not_picked":["champ:Encircle","champ:Haymaker"],"picked":"champ:Shatter","floor":15.0},{"not_picked":["champ:ShieldThrow","champ:SteelEdge"],"picked":"champ:SwordThrow","floor":16.0},{"not_picked":["champ:RecklessLeap","champ:ShieldSigil","champ:DefensiveShout"],"picked":"SKIP","floor":19.0},{"not_picked":["champ:Shatter","champ:PreciseThrust+1"],"picked":"champ:BringItOn+1","floor":20.0},{"not_picked":["champ:Haymaker+1","champ:ArenaPreparation"],"picked":"champ:EnragedBash","floor":21.0},{"not_picked":["champ:Encircle","champ:SwordSigil","champ:Haymaker"],"picked":"SKIP","floor":22.0},{"not_picked":["champ:SwordThrow","champ:SetATrap"],"picked":"champ:FanOfKnives","floor":23.0},{"not_picked":["champ:PreemptiveStrike","champ:TornadoPunch+1","champ:DeathBlow+1"],"picked":"SKIP","floor":26.0},{"not_picked":["champ:TornadoPunch","champ:SkillfulDodge"],"picked":"champ:BerserkersShout","floor":27.0},{"not_picked":["champ:CrownThrow","champ:FanOfKnives+1","champ:BringItOn"],"picked":"SKIP","floor":29},{"not_picked":["champ:HeartStrike","champ:DefensiveShout","champ:Haymaker+1"],"picked":"SKIP","floor":31},{"not_picked":["champ:IronFortress","champ:PerfectedStrike+1","champ:EnchantCrown"],"picked":"SKIP","floor":32}],"player_experience":2063131,"relics_obtained":[{"floor":7.0,"key":"Gremlin Horn"},{"floor":23.0,"key":"Happy Flower"},{"floor":24.0,"key":"InkBottle"}],"event_choices":[],"is_beta":false,"boss_relics":[{"not_picked":["Black Star","bronze:MakeshiftBattery"],"picked":"champ:ChampionCrownUpgraded"}],"items_purged_floors":[5,14,27],"is_endless":false,"potions_floor_spawned":[11,12,16,19,20,26,31,32],"killed_by":"DF_ARCHETYPE_CLAW","ascension_level":0}}