{"host":"mw3dmj42qtkbha4b","time":1612353394,"event":{"mods":["BaseMod","Colored Map","Colored Powertips","DeckTracker","Minty Spire (QoL Compilation)","StSLib","SuperFastMode"],"gold_per_floor":[113,113,113,126,126,126,160,160,205,239,257,257,257],"floor_reached":12,"language":"KOR","playtime":270,"items_purged":[],"score":172,"play_id":"07132ffc-8618-4d9d-8e42-46f7917103c5","local_time":"20210203205634","is_ascension_mode":true,"campfire_choices":[{"data":"Eruption","floor":6.0,"key":"SMITH"},{"data":"Vigilance","floor":8.0,"key":"SMITH"}],"circlet_count":0,"master_deck":["AscendersBane","Strike_P","Strike_P","Strike_P","Strike_P","Defend_P","Defend_P","Defend_P","Eruption+1","Vigilance+1"],"relics":["PureWater","Frozen Egg 2","Sundial"],"acts_visited":["Exordium"],"potions_floor_usage":[10],"damage_taken":[{"damage":4.0,"enemies":"Jaw Worm","floor":1.0,"turns":3.0},{"damage":4.0,"enemies":"2 Louse","floor":4.0,"turns":4.0},{"damage":16.0,"enemies":"Gremlin Nob","floor":7.0,"turns":3.0},{"damage":55,"enemies":"3 Sentries","floor":10,"turns":11},{"damage":0,"enemies":"Cultist","floor":11,"turns":2},{"damage":16,"enemies":"Gremlin Nob","floor":12,"turns":2}],"seed_played":"4497193607088676411","potions_obtained":[{"floor":7.0,"key":"SpeedPotion"}],"is_trial":false,"path_per_floor":["M","?","?","M","$","R","E","R","T","E","M","E"],"character_chosen":"WATCHER","items_purchased":[],"campfire_rested":0,"item_purchase_floors":[],"current_hp_per_floor":[57,50,78,74,74,74,58,58,58,3,3,0,0],"gold":257,"neow_bonus":"ONE_RANDOM_RARE_CARD","is_daily":false,"chose_seed":false,"campfire_upgraded":2,"win_rate":0.0,"timestamp":1612353394,"path_taken":["M","?","?","M","$","R","E","R","T","E","?","E"],"items_purchased_type":[],"build_version":"2020-12-22","purchased_purges":0,"victory":false,"max_hp_per_floor":[68,68,78,78,78,78,78,78,78,78,78,78,78],"card_choices":[{"not_picked":["CrushJoints","FlyingSleeves","CarveReality"],"picked":"SKIP","floor":1.0},{"not_picked":["PathToVictory","FollowUp","ThirdEye"],"picked":"SKIP","floor":4.0},{"not_picked":["Omniscience","ThirdEye","SpiritShield"],"picked":"SKIP","floor":7.0},{"not_picked":["Protect","FollowUp","CutThroughFate"],"picked":"SKIP","floor":10},{"not_picked":["EmptyMind","FearNoEvil","Evaluate"],"picked":"SKIP","floor":11}],"player_experience":1797260,"relics_obtained":[{"floor":7.0,"key":"Frozen Egg 2"},{"floor":10,"key":"Sundial"}],"event_choices":[{"cards_removed":["Defend_P"],"damage_healed":0.0,"max_hp_gain":0.0,"max_hp_loss":0.0,"gold_gain":0.0,"event_name":"Golden Wing","player_choice":"Card Removal","floor":2.0,"gold_loss":0.0,"damage_taken":7.0},{"cards_removed":["Blasphemy"],"damage_healed":18.0,"max_hp_gain":10.0,"max_hp_loss":0.0,"gold_gain":0.0,"event_name":"Bonfire Elementals","player_choice":"Offered Rare","floor":3.0,"gold_loss":0.0,"damage_taken":0.0}],"is_beta":false,"boss_relics":[],"items_purged_floors":[],"is_endless":false,"potions_floor_spawned":[7],"killed_by":"Gremlin Nob","ascension_level":20}}