{"host":"1ekl8hlbnopmdapi","time":1612382166,"event":{"mods":["AchievementEnabler","BaseMod","Colored Map","Colored Powertips","DeckTracker","Downfall","Googly Eyes","Highlight Path","Minty Spire (QoL Compilation)","Relic Sorter","StSLib","Synergy Search"],"gold_per_floor":[99,114,178,178,188,199,199,210,237,248,248,248,48,48,63,162,162,62,77,94,94,113,113,113,45,65,65,165,179,179,246,261,261,261,261],"floor_reached":33,"language":"ENG","playtime":1983,"items_purged":[],"score":326,"play_id":"3b3be2ff-f9cf-4578-a731-30cafdc71175","local_time":"20210203145606","is_ascension_mode":false,"campfire_choices":[{"floor":1,"key":"RECALL"},{"floor":11,"key":"REST"},{"data":"Slimebound:PressTheAttack","floor":13,"key":"SMITH"},{"data":"Slimebound:MassFeed","floor":18,"key":"SMITH"},{"floor":23,"key":"REST"},{"floor":27,"key":"REST"},{"floor":30,"key":"REST"}],"circlet_count":0,"master_deck":["Slimebound:Strike_Slimebound","Slimebound:Tackle","Slimebound:Defend_Slimebound","Slimebound:Defend_Slimebound","Slimebound:Defend_Slimebound","Slimebound:Defend_Slimebound","Slimebound:Split+1","Slimebound:CorrosiveSpit","Slimebound:ItLooksTasty","Slimebound:Gluttony","Slimebound:PressTheAttack+1","Slimebound:RollThrough","Slimebound:Prepare","Slimebound:ItLooksTasty","Slimebound:LivingWall","Slimebound:ViciousTackle","Slimebound:MassFeed+1","Slimebound:SplitMire","Slimebound:GoopSpray","Slimebound:LeechingTouch+1","Slimebound:SplitAcid","Slimebound:Gluttony","Slimebound:SplitLeeching+1","Slimebound:LeechEnergy","Slimebound:GrowthPunch+1","Slimebound:SlimeBarrage+1"],"relics":["Slimebound:AbsorbEndCombat","Kunai","downfall:ShatteredFragment","Smiling Mask","downfall:HeartBlessingBlue","downfall:HeartBlessingRed","Empty Cage","downfall:HeartBlessingGreen","Bird Faced Urn","downfall:CloakOfManyFaces","CultistMask","FaceOfCleric","NlothsMask","GremlinMask","SsserpentHead"],"acts_visited":["Exordium","TheCity"],"potions_floor_usage":[9,16,26,33,33],"damage_taken":[{"damage":3,"enemies":"Small Slimes","floor":2,"turns":3},{"damage":27,"enemies":"Gremlin Nob","floor":3,"turns":4},{"damage":5,"enemies":"2 Louse","floor":5,"turns":2},{"damage":1,"enemies":"Jaw Worm","floor":6,"turns":3},{"damage":16,"enemies":"Red Slaver","floor":8,"turns":2},{"damage":0,"enemies":"Gremlin Nob","floor":9,"turns":3},{"damage":10,"enemies":"Exordium Thugs","floor":10,"turns":4},{"damage":12,"enemies":"Blue Slaver","floor":15,"turns":2},{"damage":47,"enemies":"DF_ARCHETYPE_STREAMLINE","floor":16,"turns":7},{"damage":0,"enemies":"Chosen","floor":19,"turns":4},{"damage":17,"enemies":"3 Byrds","floor":20,"turns":4},{"damage":37,"enemies":"Centurion and Healer","floor":22,"turns":5},{"damage":13,"enemies":"downfall:FleeingMerchant","floor":25,"turns":4},{"damage":26,"enemies":"Snake Plant","floor":26,"turns":4},{"damage":15,"enemies":"downfall:FaceTrader","floor":28,"turns":8},{"damage":18,"enemies":"Snecko","floor":29,"turns":4},{"damage":11,"enemies":"Cultist and Chosen","floor":31,"turns":5},{"damage":25,"enemies":"3 Cultists","floor":32,"turns":4},{"damage":86,"enemies":"SI_MIRROR_ARCHETYPE","floor":33,"turns":12}],"seed_played":"2668423686051961884","potions_obtained":[{"floor":3,"key":"Slimebound:SlimedPotion"},{"floor":8,"key":"Energy Potion"},{"floor":10,"key":"Strength Potion"},{"floor":16,"key":"SpeedPotion"},{"floor":20,"key":"SpeedPotion"},{"floor":22,"key":"Slimebound:SpawnSlimePotion"},{"floor":28,"key":"SkillPotion"},{"floor":29,"key":"Slimebound:SpawnSlimePotion"}],"is_trial":false,"path_per_floor":["R","M","?","?","M","M","T","M","E","M","R","?","R","?","M","B",null,"R","M","M","?","M","R","T","$","M","R","?","M","R","M","M","B"],"character_chosen":"SLIMEBOUND","items_purchased":["Slimebound:SplitAcid"],"campfire_rested":4,"item_purchase_floors":[25],"current_hp_per_floor":[71,68,45,27,24,27,27,15,23,19,40,40,50,50,42,3,81,81,81,76,59,34,63,63,60,38,67,64,57,86,86,72,0,0,0],"gold":261,"neow_bonus":"TEN_PERCENT_HP_BONUS","is_daily":false,"chose_seed":false,"campfire_upgraded":2,"win_rate":0.0,"timestamp":1612382166,"path_taken":["R","M","?","?","M","M","T","M","E","M","R","?","R","?","M","BOSS","R","M","M","?","M","R","T","$","M","R","?","M","R","?","M","BOSS"],"items_purchased_type":["Card"],"build_version":"2020-12-22","purchased_purges":0,"victory":false,"max_hp_per_floor":[71,71,71,71,71,71,71,71,71,71,71,71,81,81,81,81,81,81,81,89,94,98,98,98,98,98,98,98,99,99,100,101,101,101,101],"card_choices":[{"not_picked":["Slimebound:GoopTackle","Slimebound:PressTheAttack"],"picked":"Slimebound:ItLooksTasty","floor":2},{"not_picked":["Slimebound:HauntingLick","Slimebound:SplitLeeching"],"picked":"Slimebound:Gluttony","floor":3},{"not_picked":["Slimebound:ProtectTheBoss","Slimebound:ItLooksTasty"],"picked":"Slimebound:PressTheAttack","floor":5},{"not_picked":["Slimebound:LeechingTouch","Slimebound:SelfFormingGoo"],"picked":"Slimebound:RollThrough","floor":6},{"not_picked":["Slimebound:LeechEnergy","Slimebound:ComboTackle"],"picked":"Slimebound:Prepare","floor":8},{"not_picked":["Slimebound:Schlurp","Slimebound:Overexert"],"picked":"Slimebound:ItLooksTasty","floor":9},{"not_picked":["Slimebound:SlimeBrawl","Slimebound:Grow"],"picked":"Slimebound:LivingWall","floor":10},{"not_picked":["Slimebound:SlimeTap","Slimebound:FinishingTackle"],"picked":"Slimebound:ViciousTackle","floor":15},{"not_picked":["Slimebound:PrepareCrush","Slimebound:Teamwork"],"picked":"Slimebound:MassFeed","floor":16},{"not_picked":["Slimebound:FinishingTackle","Slimebound:SpikyOuterGoop+1","Slimebound:ComboTackle"],"picked":"SKIP","floor":19},{"not_picked":["Slimebound:RollThrough","Slimebound:RejuvenatingLick"],"picked":"Slimebound:SplitMire","floor":20},{"not_picked":["Slimebound:LivingWall","Slimebound:Equalize"],"picked":"Slimebound:GoopSpray","floor":22},{"not_picked":["Slimebound:LivingWall","Slimebound:ViciousTackle"],"picked":"Slimebound:LeechingTouch+1","floor":25},{"not_picked":["Slimebound:GoopSpray","Slimebound:SlimeTap"],"picked":"Slimebound:Gluttony","floor":26},{"not_picked":["Slimebound:SplitMire","Slimebound:DuplicatedForm"],"picked":"Slimebound:SplitLeeching+1","floor":28},{"not_picked":["Slimebound:SpikyOuterGoop","Slimebound:ComboTackle"],"picked":"Slimebound:LeechEnergy","floor":29},{"not_picked":["Slimebound:SlimeBrawl","Slimebound:SplitLeeching"],"picked":"Slimebound:GrowthPunch+1","floor":31},{"not_picked":["Slimebound:LeechingTouch+1","Slimebound:SamplingLick"],"picked":"Slimebound:SlimeBarrage+1","floor":32}],"player_experience":521179,"relics_obtained":[{"floor":9,"key":"Smiling Mask"},{"floor":24,"key":"Bird Faced Urn"},{"floor":28,"key":"downfall:CloakOfManyFaces"}],"event_choices":[{"damage_healed":0,"gold_gain":0,"player_choice":"Grow","damage_taken":0,"max_hp_gain":0,"max_hp_loss":0,"event_name":"Living Wall","floor":12,"gold_loss":0,"cards_upgraded":["Slimebound:Split"]}],"is_beta":false,"boss_relics":[{"not_picked":["Slimebound:TarBlob","Coffee Dripper"],"picked":"Empty Cage"}],"items_purged_floors":[],"is_endless":false,"potions_floor_spawned":[3,8,10,16,20,22,28,29],"killed_by":"SI_MIRROR_ARCHETYPE","ascension_level":0}}