{"host":"kqjncq1jgqa58i7s","time":1612377156,"event":{"mods":["AchievementEnabler","BaseMod","Colored Map","Minty Spire (QoL Compilation)","Relic Stats"],"gold_per_floor":[119,135,149,74,74,74,90,118,118,134,149,183,183,237,237,237,237],"floor_reached":16,"language":"ENG","playtime":668,"items_purged":["Strike_P"],"score":274,"play_id":"835486cf-b7af-4744-b78f-f7a1f8ec767e","local_time":"20210203193236","is_ascension_mode":true,"campfire_choices":[{"data":"ForeignInfluence","floor":6,"key":"SMITH"},{"data":"Fasting2","floor":13,"key":"SMITH"},{"data":"Crescendo","floor":15,"key":"SMITH"}],"circlet_count":0,"master_deck":["AscendersBane","Strike_P","Strike_P","Strike_P","Defend_P","Defend_P","Defend_P","Defend_P","Eruption","Vigilance","EmptyFist","Meditate","ForeignInfluence+1","Perseverance","Vault","Indignation","Crescendo+1","Fasting2+1"],"relics":["Philosopher\u0027s Stone","Damaru","Orichalcum","InkBottle","Dream Catcher"],"acts_visited":["Exordium"],"potions_floor_usage":[8],"damage_taken":[{"damage":0,"enemies":"Jaw Worm","floor":1,"turns":3},{"damage":4,"enemies":"Cultist","floor":2,"turns":4},{"damage":7,"enemies":"2 Louse","floor":3,"turns":2},{"damage":22,"enemies":"Gremlin Gang","floor":7,"turns":5},{"damage":0,"enemies":"Lagavulin","floor":8,"turns":4},{"damage":2,"enemies":"Large Slime","floor":10,"turns":5},{"damage":5,"enemies":"Red Slaver","floor":11,"turns":4},{"damage":7,"enemies":"3 Sentries","floor":12,"turns":4},{"damage":26,"enemies":"Hexaghost","floor":16,"turns":7}],"seed_played":"2100184247859253145","potions_obtained":[{"floor":3,"key":"LiquidMemories"},{"floor":12,"key":"LiquidBronze"}],"is_trial":false,"path_per_floor":["M","M","M","$","?","R","M","E","T","M","M","E","R","T","R","B"],"character_chosen":"WATCHER","items_purchased":[],"campfire_rested":0,"item_purchase_floors":[],"current_hp_per_floor":[61,57,50,50,55,55,33,33,33,31,26,19,19,19,19,0,0],"gold":237,"neow_bonus":"BOSS_RELIC","is_daily":false,"chose_seed":false,"campfire_upgraded":3,"win_rate":0.0,"timestamp":1612377156,"path_taken":["M","M","M","$","?","R","M","E","T","M","M","E","R","?","R","BOSS"],"items_purchased_type":[],"build_version":"2020-12-22","purchased_purges":1,"victory":false,"max_hp_per_floor":[68,68,68,68,73,73,73,73,73,73,73,73,73,73,73,73,73],"relic_stats":{"Dream Catcher":0,"counters":[9,38],"Orichalcum":[30],"obtain_stats":[{"Dream Catcher":14,"Damaru":8,"Philosopher\u0027s Stone":0,"PureWater":0,"Orichalcum":9,"InkBottle":12},{"Dream Catcher":8,"Damaru":5,"Philosopher\u0027s Stone":0,"PureWater":0,"Orichalcum":5,"InkBottle":8},{"Dream Catcher":31,"Damaru":18,"Philosopher\u0027s Stone":0,"PureWater":0,"Orichalcum":18,"InkBottle":31}],"InkBottle":[1]},"card_choices":[{"not_picked":["Protect","CrushJoints"],"picked":"EmptyFist","floor":1},{"not_picked":["Wireheading","EmptyBody"],"picked":"Meditate","floor":2},{"not_picked":["Protect","ClearTheMind"],"picked":"ForeignInfluence","floor":3},{"not_picked":["Swivel","Collect"],"picked":"Perseverance","floor":7},{"not_picked":["Consecrate","Crescendo"],"picked":"Vault","floor":8},{"not_picked":["FlurryOfBlows","PathToVictory"],"picked":"Indignation","floor":10},{"not_picked":["FollowUp","JustLucky"],"picked":"Crescendo","floor":11},{"not_picked":["FearNoEvil","FlurryOfBlows"],"picked":"Fasting2","floor":12}],"player_experience":1648339,"relics_obtained":[{"floor":8,"key":"Damaru"},{"floor":9,"key":"Orichalcum"},{"floor":12,"key":"InkBottle"},{"floor":14,"key":"Dream Catcher"}],"event_choices":[{"damage_healed":0,"gold_gain":0,"player_choice":"Donut","damage_taken":0,"max_hp_gain":5,"max_hp_loss":0,"event_name":"Big Fish","floor":5,"gold_loss":0}],"is_beta":false,"boss_relics":[],"items_purged_floors":[4],"is_endless":false,"potions_floor_spawned":[3,12],"killed_by":"Hexaghost","ascension_level":20}}