{"host":"b7j598ve05halrwk","time":1612324912,"event":{"mods":["2.2 Compatiblity","BaseMod","Block Reminder","DeckTracker","Minty Spire (QoL Compilation)","Relic Stats","Slay the Relics Exporter","StSLib","ojb\u0027s Better Paths Mod","ojb\u0027s Info Mod"],"gold_per_floor":[111,111,36,36,36,36,62,62,62,77,101,121,121,121],"floor_reached":13,"language":"ENG","playtime":495,"items_purged":["Regret"],"score":162,"play_id":"d69cc612-9877-49bb-93ac-4ca86e430106","local_time":"20210202230152","is_ascension_mode":true,"campfire_choices":[{"data":"Go for the Eyes","floor":6,"key":"SMITH"},{"data":"Lockon","floor":8,"key":"SMITH"}],"circlet_count":0,"master_deck":["AscendersBane","Strike_B","Strike_B","Strike_B","Defend_B","Defend_B","Defend_B","Defend_B","Zap","Dualcast","White Noise","Go for the Eyes+1","Lockon+1","Beam Cell","Cold Snap"],"relics":["Cracked Core","Singing Bowl","Centennial Puzzle","Mummified Hand","Odd Mushroom"],"acts_visited":["Exordium"],"potions_floor_usage":[13],"damage_taken":[{"damage":4,"enemies":"Jaw Worm","floor":1,"turns":5},{"damage":42,"enemies":"3 Sentries","floor":7,"turns":9},{"damage":0,"enemies":"Small Slimes","floor":10,"turns":3},{"damage":15,"enemies":"The Mushroom Lair","floor":11,"turns":4},{"damage":0,"enemies":"Cultist","floor":12,"turns":2},{"damage":10,"enemies":"Lagavulin","floor":13,"turns":4}],"seed_played":"2294691211271426229","potions_obtained":[{"floor":7,"key":"Strength Potion"},{"floor":11,"key":"SkillPotion"}],"is_trial":false,"path_per_floor":["M","?","$","?","$","R","E","R","T","M","?","M","E"],"character_chosen":"DEFECT","items_purchased":[],"campfire_rested":0,"item_purchase_floors":[],"current_hp_per_floor":[60,60,60,60,60,60,18,18,18,20,5,5,0,0],"gold":121,"neow_bonus":"TRANSFORM_CARD","is_daily":false,"chose_seed":false,"campfire_upgraded":2,"win_rate":0.0,"timestamp":1612324912,"path_taken":["M","?","$","?","?","R","E","R","T","M","?","?","E"],"items_purchased_type":[],"build_version":"2020-12-22","purchased_purges":1,"victory":false,"max_hp_per_floor":[71,71,71,71,71,71,71,71,71,73,73,73,73,73],"relic_stats":{"Centennial Puzzle":[3],"Singing Bowl":2,"counters":[6,27],"Mummified Hand":[6],"obtain_stats":[{"Centennial Puzzle":7,"Singing Bowl":2,"Mummified Hand":9,"Odd Mushroom":11,"Cracked Core":0},{"Centennial Puzzle":2,"Singing Bowl":1,"Mummified Hand":2,"Odd Mushroom":4,"Cracked Core":0},{"Centennial Puzzle":14,"Singing Bowl":5,"Mummified Hand":14,"Odd Mushroom":21,"Cracked Core":0}]},"card_choices":[{"not_picked":["Redo","Stack"],"picked":"Go for the Eyes","floor":1},{"not_picked":["Loop","Double Energy"],"picked":"Lockon","floor":7},{"not_picked":["Stack","Gash","Steam Power"],"picked":"Singing Bowl","floor":10},{"not_picked":["Seek","Scrape"],"picked":"Beam Cell","floor":11},{"not_picked":["Streamline","Stack"],"picked":"Cold Snap","floor":12}],"player_experience":1104503,"relics_obtained":[{"floor":7,"key":"Centennial Puzzle"},{"floor":9,"key":"Mummified Hand"},{"floor":11,"key":"Odd Mushroom"}],"event_choices":[{"damage_healed":0,"gold_gain":0,"player_choice":"Box","damage_taken":0,"relics_obtained":["Singing Bowl"],"max_hp_gain":0,"max_hp_loss":0,"event_name":"Big Fish","floor":2,"gold_loss":0,"cards_obtained":["Regret"]},{"damage_healed":0,"gold_gain":0,"player_choice":"Ignored","damage_taken":0,"max_hp_gain":0,"max_hp_loss":0,"event_name":"Liars Game","floor":4,"gold_loss":0},{"damage_healed":0,"gold_gain":0,"player_choice":"Fought Mushrooms","damage_taken":0,"max_hp_gain":0,"max_hp_loss":0,"event_name":"Mushrooms","floor":11,"gold_loss":0}],"is_beta":false,"boss_relics":[],"items_purged_floors":[3],"is_endless":false,"potions_floor_spawned":[7,11,12],"killed_by":"Lagavulin","ascension_level":20}}