{"host":"fj5i6t4nkss7815d","time":1612395902,"event":{"mods":["AchievementEnabler","BaseMod","Minty Spire (QoL Compilation)","Quick Restart","Relic Stats"],"gold_per_floor":[112,187,187,187,26,60,79,79,79,98,127,143,143,143],"floor_reached":13,"language":"ENG","playtime":520,"items_purged":["Regret"],"score":224,"play_id":"4fd6ed43-1959-482f-ac0c-309aae9695db","local_time":"20210203154502","is_ascension_mode":true,"campfire_choices":[{"floor":8.0,"key":"REST"}],"circlet_count":0,"master_deck":["AscendersBane","Strike_G","Strike_G","Strike_G+1","Strike_G","Strike_G","Defend_G","Defend_G","Defend_G","Defend_G","Defend_G","Survivor","Neutralize+1","Choke","Noxious Fumes","Backflip","Acrobatics","PiercingWail","Storm of Steel","Dagger Throw"],"relics":["Ring of the Snake","NeowsBlessing","Nunchaku","Tough Bandages","StoneCalendar","Kunai","Whetstone"],"acts_visited":["Exordium"],"potions_floor_usage":[11,11],"damage_taken":[{"damage":0.0,"enemies":"Jaw Worm","floor":1.0,"turns":1.0},{"damage":0.0,"enemies":"3 Sentries","floor":6.0,"turns":1.0},{"damage":0.0,"enemies":"2 Louse","floor":7.0,"turns":1.0},{"damage":6,"enemies":"Small Slimes","floor":10,"turns":5},{"damage":37,"enemies":"Gremlin Nob","floor":11,"turns":5},{"damage":0,"enemies":"3 Louse","floor":12,"turns":4},{"damage":0,"enemies":"3 Sentries","floor":13,"turns":2}],"seed_played":"-2896943751519470002","potions_obtained":[{"floor":1.0,"key":"Energy Potion"},{"floor":10,"key":"Weak Potion"}],"is_trial":false,"path_per_floor":["M","?","?","?","$","E","M","R","T","M","E","M","E"],"character_chosen":"THE_SILENT","items_purchased":["Noxious Fumes"],"campfire_rested":1,"item_purchase_floors":[5],"current_hp_per_floor":[59,48,48,30,30,30,30,49,49,43,6,6,6,6],"gold":143,"neow_bonus":"THREE_ENEMY_KILL","is_daily":false,"chose_seed":false,"campfire_upgraded":0,"win_rate":0.0,"timestamp":1612395902,"path_taken":["M","?","?","?","$","E","M","R","T","M","E","M","E"],"items_purchased_type":["Card"],"build_version":"2020-12-22","purchased_purges":1,"victory":false,"max_hp_per_floor":[66,66,66,66,66,66,66,66,66,66,66,66,66,66],"relic_stats":{"Nunchaku":[4],"Tough Bandages":[33],"counters":[7,19],"StoneCalendar":[0],"Kunai":[8],"Whetstone":["Strike_G","Neutralize"],"obtain_stats":[{"Nunchaku":3,"Tough Bandages":4,"NeowsBlessing":0,"StoneCalendar":6,"Kunai":9,"Whetstone":11,"Ring of the Snake":0},{"Nunchaku":1,"Tough Bandages":1,"NeowsBlessing":0,"StoneCalendar":2,"Kunai":3,"Whetstone":5,"Ring of the Snake":0},{"Nunchaku":1,"Tough Bandages":1,"NeowsBlessing":0,"StoneCalendar":2,"Kunai":3,"Whetstone":13,"Ring of the Snake":0}],"Ring of the Snake":[14]},"card_choices":[{"not_picked":["Reflex","Backflip"],"picked":"Choke","floor":1.0},{"not_picked":["Leg Sweep","Dodge and Roll"],"picked":"Backflip","floor":6.0},{"not_picked":["Distraction","Bouncing Flask"],"picked":"Acrobatics","floor":7.0},{"not_picked":["Well Laid Plans","Reflex"],"picked":"PiercingWail","floor":10},{"not_picked":["Die Die Die","Dodge and Roll"],"picked":"Storm of Steel","floor":11},{"not_picked":["Flying Knee","Masterful Stab"],"picked":"Dagger Throw","floor":12}],"player_experience":1009613,"relics_obtained":[{"floor":6.0,"key":"StoneCalendar"},{"floor":9.0,"key":"Kunai"},{"floor":11,"key":"Whetstone"}],"event_choices":[{"damage_healed":0.0,"max_hp_gain":0.0,"max_hp_loss":0.0,"gold_gain":75.0,"event_name":"World of Goop","player_choice":"Gather Gold","floor":2.0,"gold_loss":0.0,"damage_taken":11.0},{"damage_healed":0.0,"max_hp_gain":0.0,"max_hp_loss":0.0,"gold_gain":0.0,"event_name":"Big Fish","player_choice":"Box","floor":3.0,"gold_loss":0.0,"damage_taken":0.0,"relics_obtained":["Nunchaku"],"cards_obtained":["Regret"]},{"damage_healed":0.0,"max_hp_gain":0.0,"max_hp_loss":0.0,"gold_gain":0.0,"event_name":"Scrap Ooze","player_choice":"Success","floor":4.0,"gold_loss":0.0,"damage_taken":18.0,"relics_obtained":["Tough Bandages"]}],"is_beta":false,"boss_relics":[],"items_purged_floors":[5],"is_endless":false,"potions_floor_spawned":[1,10],"killed_by":"3 Sentries","ascension_level":18}}