{"host":"xwgrz7y3g1a3iikb","time":1612319952,"event":{"mods":["BaseMod","Bestiary","Minty Spire (QoL Compilation)","Permanent Neow","Quick Restart","Relic Stats","StSLib","ojb\u0027s Info Mod"],"gold_per_floor":[113,129,129,129,129,129,160,160,160,189,18,18,18,18],"floor_reached":13,"language":"ENG","playtime":460,"items_purged":[],"score":178,"play_id":"a692e080-c4ff-49a3-8075-fcf1e36c5ad1","local_time":"20210202183912","is_ascension_mode":true,"campfire_choices":[{"data":"Neutralize","floor":6,"key":"SMITH"},{"floor":8,"key":"REST"},{"floor":12,"key":"REST"}],"circlet_count":0,"master_deck":["AscendersBane","Strike_G","Strike_G","Strike_G","Strike_G","Defend_G","Defend_G","Defend_G","Defend_G","Defend_G","Survivor+1","Neutralize+1","Dagger Spray+1","Dodge and Roll","Dagger Throw","Acrobatics","Die Die Die+1"],"relics":["Ring of the Snake","Juzu Bracelet","Regal Pillow","Meat on the Bone","Molten Egg 2","Potion Belt"],"acts_visited":["Exordium"],"potions_floor_usage":[13],"damage_taken":[{"damage":2,"enemies":"2 Louse","floor":1,"turns":3},{"damage":1,"enemies":"Small Slimes","floor":2,"turns":4},{"damage":23,"enemies":"3 Sentries","floor":7,"turns":10},{"damage":38,"enemies":"Gremlin Nob","floor":10,"turns":5},{"damage":57,"enemies":"Lagavulin","floor":13,"turns":12}],"seed_played":"1399634132812424658","potions_obtained":[{"floor":1,"key":"SpeedPotion"},{"floor":10,"key":"Explosive Potion"}],"is_trial":false,"path_per_floor":["M","M","?","?","?","R","E","R","T","E","$","R","E"],"character_chosen":"THE_SILENT","items_purchased":["Potion Belt"],"campfire_rested":2,"item_purchase_floors":[11],"current_hp_per_floor":[57,56,56,56,36,36,13,47,47,21,21,55,0,0],"gold":18,"neow_bonus":"RANDOM_COMMON_RELIC","is_daily":false,"chose_seed":false,"campfire_upgraded":1,"win_rate":0.0,"timestamp":1612319952,"path_taken":["M","M","?","?","?","R","E","R","T","E","$","R","E"],"items_purchased_type":["Relic"],"build_version":"2020-12-22","purchased_purges":0,"victory":false,"max_hp_per_floor":[66,66,66,66,66,66,66,66,66,66,66,66,66,66],"relic_stats":{"Regal Pillow":30,"counters":[5,34],"Juzu Bracelet":0,"obtain_stats":[{"Potion Belt":11,"Regal Pillow":7,"Molten Egg 2":10,"Juzu Bracelet":0,"Ring of the Snake":0,"Meat on the Bone":9},{"Potion Belt":4,"Regal Pillow":3,"Molten Egg 2":4,"Juzu Bracelet":0,"Ring of the Snake":0,"Meat on the Bone":3},{"Potion Belt":22,"Regal Pillow":17,"Molten Egg 2":22,"Juzu Bracelet":0,"Ring of the Snake":0,"Meat on the Bone":17}],"Ring of the Snake":[10],"Meat on the Bone":12},"card_choices":[{"not_picked":["Caltrops","Underhanded Strike"],"picked":"Dagger Spray","floor":1},{"not_picked":["Heel Hook","Dodge and Roll","Reflex"],"picked":"SKIP","floor":2},{"not_picked":["Heel Hook","Reflex"],"picked":"Dodge and Roll","floor":2},{"not_picked":["Reflex","Bane"],"picked":"Acrobatics","floor":7},{"not_picked":["Noxious Fumes","Heel Hook+1"],"picked":"Die Die Die+1","floor":10}],"player_experience":321489,"relics_obtained":[{"floor":7,"key":"Regal Pillow"},{"floor":9,"key":"Meat on the Bone"},{"floor":10,"key":"Molten Egg 2"}],"event_choices":[{"damage_healed":0,"gold_gain":0,"player_choice":"Ignored","damage_taken":0,"max_hp_gain":0,"max_hp_loss":0,"event_name":"Liars Game","floor":3,"gold_loss":0},{"damage_healed":0,"gold_gain":0,"cards_transformed":["Strike_G"],"player_choice":"Change","damage_taken":0,"max_hp_gain":0,"max_hp_loss":0,"event_name":"Living Wall","floor":4,"gold_loss":0,"cards_obtained":["Dagger Throw"]},{"damage_healed":0,"gold_gain":0,"player_choice":"Entered Light","damage_taken":20,"max_hp_gain":0,"max_hp_loss":0,"event_name":"Shining Light","floor":5,"gold_loss":0,"cards_upgraded":["Dagger Spray","Survivor"]}],"is_beta":false,"boss_relics":[],"items_purged_floors":[],"is_endless":false,"potions_floor_spawned":[1,10],"killed_by":"Lagavulin","ascension_level":20}}