{"host":"c6u7e77myxvw4d0m","time":1612390740,"event":{"mods":["AchievementEnabler","BaseMod","Bestiary","Colored Map","Colored Powertips","Minty Spire (QoL Compilation)","Rare Cards Sparkle","Relic Stats","everything is the same but u backflip on backflip"],"gold_per_floor":[111,111,123,149,169,207,207,244,244,15,34,57,57,77,77,164,164,190,217,217,237,246,246,246,246,246,246,246,270,306,318,318,318,318],"floor_reached":33,"language":"ENG","playtime":1987,"items_purged":[],"score":550,"play_id":"31b203f5-10c8-466b-a459-98f1f6657941","local_time":"20210204001900","is_ascension_mode":true,"campfire_choices":[{"floor":7,"key":"REST"},{"data":"Neutralize","floor":15,"key":"SMITH"},{"data":"Noxious Fumes","floor":23,"key":"SMITH"},{"data":"Caltrops","floor":25,"key":"SMITH"},{"data":"All Out Attack","floor":27,"key":"SMITH"},{"data":"A Thousand Cuts","floor":32,"key":"SMITH"}],"circlet_count":0,"master_deck":["AscendersBane","Strike_G","Strike_G","Strike_G","Strike_G","Defend_G","Defend_G","Defend_G","Defend_G","Defend_G","Survivor","Neutralize+1","All Out Attack+1","Backstab","Dagger Throw","Venomology","Reflex","Poisoned Stab","Deflect","Caltrops+1","Prepared","Dagger Spray","Tactician","Dagger Throw","Skewer","A Thousand Cuts+1","Noxious Fumes+1","Ghostly","Ghostly","Ghostly","RitualDagger","Blade Dance","Dodge and Roll"],"relics":["Ring of the Snake","Boot","Regal Pillow","CeramicFish","Kunai","Bag of Preparation","Busted Crown","Bottled Tornado","Pantograph","Strawberry"],"acts_visited":["Exordium","TheCity"],"potions_floor_usage":[6,8,8,12,14,16,16,16,18,21,29,30,33,33,33],"damage_taken":[{"damage":0,"enemies":"Jaw Worm","floor":1,"turns":7},{"damage":0,"enemies":"Small Slimes","floor":3,"turns":3},{"damage":3,"enemies":"2 Louse","floor":5,"turns":3},{"damage":21,"enemies":"Gremlin Nob","floor":6,"turns":4},{"damage":16,"enemies":"3 Sentries","floor":8,"turns":8},{"damage":1,"enemies":"Looter","floor":11,"turns":3},{"damage":0,"enemies":"Gremlin Gang","floor":12,"turns":1},{"damage":6,"enemies":"Exordium Wildlife","floor":14,"turns":4},{"damage":33,"enemies":"Hexaghost","floor":16,"turns":9},{"damage":8,"enemies":"Spheric Guardian","floor":18,"turns":4},{"damage":0,"enemies":"Chosen","floor":21,"turns":4},{"damage":19,"enemies":"Snake Plant","floor":29,"turns":4},{"damage":5,"enemies":"Gremlin Leader","floor":30,"turns":4},{"damage":3,"enemies":"Centurion and Healer","floor":31,"turns":8},{"damage":38,"enemies":"Collector","floor":33,"turns":7}],"seed_played":"-500404748207304088","potions_obtained":[{"floor":3,"key":"SkillPotion"},{"floor":5,"key":"BlessingOfTheForge"},{"floor":11,"key":"DuplicationPotion"},{"floor":12,"key":"LiquidMemories"},{"floor":16,"key":"Swift Potion"},{"floor":21,"key":"FearPotion"},{"floor":28,"key":"Fire Potion"}],"is_trial":false,"path_per_floor":["M","?","M","T","M","E","R","E","T","$","M","M","?","M","R","B",null,"M","?","?","M","?","R","T","R","T","R","?","M","E","M","R","B"],"character_chosen":"THE_SILENT","items_purchased":["Poisoned Stab","Deflect","Caltrops","Prepared","Dagger Spray"],"campfire_rested":1,"item_purchase_floors":[10,10,10,10,10],"current_hp_per_floor":[65,47,47,47,44,23,59,43,43,43,42,42,42,36,36,3,55,47,36,36,36,30,30,30,30,30,30,30,11,13,10,10,0,0],"gold":318,"neow_bonus":"TEN_PERCENT_HP_BONUS","is_daily":false,"chose_seed":false,"campfire_upgraded":5,"win_rate":0.0,"timestamp":1612390740,"path_taken":["M","?","M","?","M","E","R","E","T","?","M","M","?","M","R","BOSS","M","?","?","?","?","R","?","R","T","R","?","?","E","M","R","BOSS"],"items_purchased_type":["Card","Card","Card","Card","Card"],"build_version":"2020-12-22","purchased_purges":0,"victory":false,"max_hp_per_floor":[72,72,72,72,72,72,72,72,72,72,72,72,72,72,72,72,72,72,36,36,36,36,36,36,36,36,36,36,36,43,43,43,43,43],"relic_stats":{"Regal Pillow":15,"Busted Crown":10,"counters":[15,73],"CeramicFish":162,"Pantograph":25,"Bag of Preparation":[20],"Kunai":[19],"Boot":[66],"obtain_stats":[{"Regal Pillow":4,"Busted Crown":17,"CeramicFish":6,"Pantograph":26,"Strawberry":30,"Bag of Preparation":9,"Kunai":8,"Bottled Tornado":24,"Boot":2,"Ring of the Snake":0},{"Regal Pillow":2,"Busted Crown":9,"CeramicFish":4,"Pantograph":11,"Strawberry":13,"Bag of Preparation":5,"Kunai":5,"Bottled Tornado":11,"Boot":1,"Ring of the Snake":0},{"Regal Pillow":10,"Busted Crown":42,"CeramicFish":17,"Pantograph":50,"Strawberry":58,"Bag of Preparation":25,"Kunai":25,"Bottled Tornado":50,"Boot":7,"Ring of the Snake":0}],"Ring of the Snake":[30]},"card_choices":[{"not_picked":["Bane","Riddle With Holes"],"picked":"All Out Attack","floor":1},{"not_picked":["Quick Slash","Riddle With Holes"],"picked":"Backstab","floor":3},{"not_picked":["Catalyst","Infinite Blades"],"picked":"Dagger Throw","floor":5},{"not_picked":["Prepared","Deadly Poison"],"picked":"Venomology","floor":6},{"not_picked":["Masterful Stab","Adrenaline"],"picked":"Reflex","floor":8},{"not_picked":["Caltrops","Quick Slash"],"picked":"Tactician","floor":11},{"not_picked":["Heel Hook","Slice"],"picked":"Dagger Throw","floor":12},{"not_picked":["Deadly Poison","Bane"],"picked":"Skewer","floor":14},{"not_picked":["Doppelganger","Burst"],"picked":"A Thousand Cuts","floor":16},{"not_picked":[],"picked":"Noxious Fumes","floor":18},{"not_picked":["Reflex"],"picked":"SKIP","floor":21},{"not_picked":[],"picked":"Blade Dance","floor":29},{"not_picked":[],"picked":"Dodge and Roll","floor":30},{"not_picked":["Flying Knee"],"picked":"SKIP","floor":31}],"player_experience":634653,"relics_obtained":[{"floor":4,"key":"Regal Pillow"},{"floor":6,"key":"CeramicFish"},{"floor":8,"key":"Kunai"},{"floor":9,"key":"Bag of Preparation"},{"floor":24,"key":"Bottled Tornado"},{"floor":26,"key":"Pantograph"},{"floor":30,"key":"Strawberry"}],"event_choices":[{"damage_healed":0,"gold_gain":0,"player_choice":"Success","damage_taken":18,"relics_obtained":["Boot"],"max_hp_gain":0,"max_hp_loss":0,"event_name":"Scrap Ooze","floor":2,"gold_loss":0},{"damage_healed":0,"gold_gain":0,"player_choice":"Ignored","damage_taken":0,"max_hp_gain":0,"max_hp_loss":0,"event_name":"Liars Game","floor":13,"gold_loss":0},{"damage_healed":0,"gold_gain":0,"player_choice":"Became a Ghost","damage_taken":0,"max_hp_gain":0,"max_hp_loss":36,"event_name":"Ghosts","floor":19,"gold_loss":0,"cards_obtained":["Ghostly","Ghostly","Ghostly"]},{"cards_removed":["Strike_G"],"damage_healed":0,"gold_gain":0,"player_choice":"Offered Basic","damage_taken":0,"max_hp_gain":0,"max_hp_loss":0,"event_name":"Bonfire Elementals","floor":20,"gold_loss":0},{"damage_healed":0,"gold_gain":0,"player_choice":"Joined the Cult","damage_taken":6,"max_hp_gain":0,"max_hp_loss":0,"event_name":"Nest","floor":22,"gold_loss":0,"cards_obtained":["RitualDagger"]},{"damage_healed":0,"gold_gain":0,"player_choice":"Got Potions","damage_taken":0,"max_hp_gain":0,"max_hp_loss":0,"event_name":"Lab","floor":28,"gold_loss":0}],"is_beta":false,"boss_relics":[{"not_picked":["Sozu","WristBlade"],"picked":"Busted Crown"}],"items_purged_floors":[],"is_endless":false,"potions_floor_spawned":[3,5,11,12,16,21,29],"killed_by":"Collector","ascension_level":20}}