{"host":"g7mkzn6qfoxkk5sz","time":1612352006,"event":{"mods":["BaseMod","Colored Map","Colored Powertips","Downfall","Minty Spire (QoL Compilation)","StSLib"],"gold_per_floor":[99,111,122,30,30,15,15,29,14,14,14,44,44,64,78,178,178,78,91,91,1,21,46,46,62,171,171,182,202,202,235,246,351,351,351,362,375,3,3,3,3,36,47,47,47,47],"floor_reached":44,"language":"ENG","playtime":2286,"items_purged":["Guardian:Strike_Guardian","Guardian:Strike_Guardian","Guardian:Defend_Guardian"],"score":528,"play_id":"4c98b7a7-de53-48e9-b53b-710ed4e941fc","local_time":"20210203133326","is_ascension_mode":true,"campfire_choices":[{"data":"Guardian:TwinSlam","floor":1,"key":"SMITH"},{"data":"Guardian:BodySlam","floor":10,"key":"SMITH"},{"data":"Guardian:FuturePlans","floor":13,"key":"SMITH"},{"data":"Guardian:PiercingHide","floor":18,"key":"SMITH"},{"data":"Guardian:SpikerProtocol","floor":27,"key":"SMITH"},{"floor":30,"key":"REST"},{"data":"Guardian:FierceBash","floor":35,"key":"SMITH"},{"data":"Guardian:DecasProtection","floor":40,"key":"SMITH"}],"circlet_count":0,"master_deck":["Guardian:Defend_Guardian","Guardian:Defend_Guardian","Guardian:CurlUp","Guardian:TwinSlam+1","Guardian:Reroute","Guardian:WalkerClaw","Guardian:PrimingBeam","Guardian:BodySlam+1","Guardian:PiercingHide+1","Guardian:FuturePlans+1","Guardian:BronzeArmor","Guardian:DecasProtection+1","Guardian:StasisStrike","Guardian:EvasiveProtocol+1","Guardian:VentSteam+1","Guardian:SpikerProtocol+1","Guardian:PrimingBeam+1","Guardian:TemporalStrike+1","Guardian:TemporalShield+1","Guardian:TimeBomb","Guardian:SentryBeam+1","Guardian:PiercingHide+1","Guardian:TimeCapacitor","Guardian:FierceBash+1","CurseOfTheBell","Guardian:TimeCapacitor+1","Guardian:PiercingHide","Guardian:Harden+1"],"relics":["Guardian:ModeShifter","Torii","Sundial","Bag of Marbles","Calipers","Astrolabe","downfall:HeartBlessingGreen","Pantograph","Potion Belt","Bag of Preparation","Akabeko","Calling Bell","Ancient Tea Set","Frozen Egg 2","Pocketwatch","Whetstone","Gremlin Horn","StrikeDummy","Orichalcum"],"acts_visited":["Exordium","TheCity","TheBeyond"],"potions_floor_usage":[6,16,16,16,26,26,33,33,33],"damage_taken":[{"damage":6,"enemies":"Jaw Worm","floor":2,"turns":4},{"damage":0,"enemies":"2 Louse","floor":3,"turns":3},{"damage":0,"enemies":"downfall:FleeingMerchant","floor":4,"turns":4},{"damage":0,"enemies":"downfall:FleeingMerchant","floor":6,"turns":4},{"damage":0,"enemies":"Cultist","floor":8,"turns":3},{"damage":1,"enemies":"downfall:FleeingMerchant","floor":9,"turns":4},{"damage":25,"enemies":"3 Sentries","floor":12,"turns":9},{"damage":7,"enemies":"Exordium Wildlife","floor":14,"turns":6},{"damage":7,"enemies":"Blue Slaver","floor":15,"turns":3},{"damage":15,"enemies":"WA_ARCHETYPE_RETAIN","floor":16,"turns":7},{"damage":2,"enemies":"Chosen","floor":19,"turns":5},{"damage":2,"enemies":"downfall:FleeingMerchant","floor":21,"turns":4},{"damage":7,"enemies":"Cultist and Chosen","floor":22,"turns":8},{"damage":15,"enemies":"Book of Stabbing","floor":23,"turns":5},{"damage":1,"enemies":"3 Cultists","floor":25,"turns":5},{"damage":19,"enemies":"downfall:FleeingMerchant","floor":26,"turns":4},{"damage":12,"enemies":"Centurion and Healer","floor":28,"turns":7},{"damage":0,"enemies":"Snake Plant","floor":29,"turns":4},{"damage":22,"enemies":"Slavers","floor":31,"turns":5},{"damage":0,"enemies":"Snecko","floor":32,"turns":4},{"damage":18,"enemies":"DF_ARCHETYPE_CLAW","floor":33,"turns":7},{"damage":0,"enemies":"3 Darklings","floor":36,"turns":6},{"damage":4,"enemies":"3 Shapes","floor":37,"turns":5},{"damage":44,"enemies":"Reptomancer","floor":42,"turns":8},{"damage":24,"enemies":"Transient","floor":43,"turns":5},{"damage":6,"enemies":"Writhing Mass","floor":44,"turns":1}],"seed_played":"-8105074965328924162","potions_obtained":[{"floor":3,"key":"Guardian:DefensiveModePotion"},{"floor":8,"key":"FearPotion"},{"floor":14,"key":"PowerPotion"},{"floor":15,"key":"SteroidPotion"},{"floor":16,"key":"Regen Potion"},{"floor":19,"key":"Guardian:StasisDiscoveryPotion"},{"floor":23,"key":"FearPotion"},{"floor":25,"key":"SteroidPotion"},{"floor":29,"key":"Dexterity Potion"},{"floor":31,"key":"CultistPotion"},{"floor":43,"key":"sneckomod:MuddlingPotion"}],"is_trial":false,"path_per_floor":["R","M","M","$","?","$","T","M","$","R","?","E","R","M","M","B",null,"R","M","?","$","M","E","T","M","$","R","M","M","R","E","M","B",null,"R","M","M","$","?","R","T","E","M","M"],"character_chosen":"GUARDIAN","items_purchased":["Guardian:BodySlam","Bag of Preparation","Whetstone","AttackPotion","AttackPotion"],"campfire_rested":1,"item_purchase_floors":[4,26,38,38,38],"current_hp_per_floor":[72,66,66,66,71,71,71,71,70,70,63,38,38,31,24,9,77,77,75,75,73,66,51,51,50,31,31,19,19,42,20,20,42,77,77,77,73,73,73,73,73,29,5,0,0,0],"gold":47,"neow_bonus":"ONE_RARE_RELIC","is_daily":false,"chose_seed":false,"campfire_upgraded":7,"win_rate":0.0,"timestamp":1612352006,"path_taken":["R","M","M","$","?","$","T","M","$","R","?","E","R","M","M","BOSS","R","M","?","$","M","E","T","M","$","R","M","M","R","E","M","BOSS","R","M","M","$","?","R","T","E","M","M"],"items_purchased_type":["Card","Relic","Relic","Potion","Potion"],"build_version":"2020-12-22","purchased_purges":3,"victory":false,"max_hp_per_floor":[72,72,72,72,77,77,77,77,77,77,77,77,77,77,77,77,77,77,77,77,77,77,77,77,77,77,77,77,77,77,77,77,77,77,77,77,77,77,77,77,77,77,77,77,77,77],"card_choices":[{"not_picked":["Guardian:Planning","Guardian:ChargeCore"],"picked":"Guardian:Reroute","floor":2},{"not_picked":["Guardian:CrystalBeam","Guardian:RefractedBeam"],"picked":"Guardian:WalkerClaw","floor":3},{"not_picked":["Guardian:Planning","Guardian:Reroute"],"picked":"Guardian:PrimingBeam","floor":4},{"not_picked":["Guardian:DonusPower","Guardian:Gem_Fragmented"],"picked":"Guardian:PiercingHide","floor":6},{"not_picked":["Guardian:TemporalShield","Guardian:WalkerClaw"],"picked":"Guardian:FuturePlans","floor":8},{"not_picked":["Guardian:DecasProtection","Guardian:Repulse"],"picked":"Guardian:Gem_Purple","floor":9},{"not_picked":["Guardian:ConstructionForm","Guardian:Reroute"],"picked":"Guardian:BronzeArmor","floor":12},{"not_picked":["Guardian:ChargeCore","Guardian:MultiBeam"],"picked":"Guardian:DecasProtection","floor":14},{"not_picked":["Guardian:ChargeCore","Guardian:Gem_Red"],"picked":"Guardian:Gem_Synthetic","floor":15},{"not_picked":["Guardian:CompilePackage","Guardian:StasisEngine"],"picked":"Guardian:StasisStrike","floor":16},{"not_picked":["Guardian:RefractedBeam","Guardian:VentSteam"],"picked":"Guardian:Gem_Lightblue","floor":19},{"not_picked":["Guardian:Reroute","Guardian:BronzeArmor"],"picked":"Guardian:PrimingBeam+1","floor":21},{"not_picked":["Guardian:WalkerClaw","Guardian:Gem_Fragmented"],"picked":"Guardian:TemporalStrike","floor":22},{"not_picked":["Guardian:FastForward","Guardian:BronzeOrb"],"picked":"Guardian:TemporalShield+1","floor":23},{"not_picked":["Guardian:Clone","Guardian:ShieldCharger","Guardian:Suspension+1"],"picked":"SKIP","floor":25},{"not_picked":["Guardian:VentSteam","Guardian:RollAttack"],"picked":"Guardian:TimeBomb","floor":26},{"not_picked":["Guardian:PrimingBeam","Guardian:TemporalStrike"],"picked":"Guardian:Gem_Orange","floor":28},{"not_picked":["Guardian:Planning","Guardian:Gem_Green"],"picked":"Guardian:SentryBeam","floor":29},{"not_picked":["Guardian:Repulse","Guardian:DonusPower+1"],"picked":"Guardian:PiercingHide+1","floor":31},{"not_picked":["Guardian:RefractedBeam","Guardian:Gem_Red"],"picked":"Guardian:TimeCapacitor","floor":32},{"not_picked":["Guardian:StasisEngine","Guardian:StasisStrike"],"picked":"Guardian:FierceBash","floor":33},{"not_picked":["Guardian:WalkerClaw+1","Guardian:VentSteam","Guardian:PrismaticBeam+1"],"picked":"SKIP","floor":36},{"not_picked":["Guardian:VentSteam","Guardian:TemporalShield+1"],"picked":"Guardian:TimeCapacitor+1","floor":37},{"not_picked":["Guardian:TimeCapacitor+1","Guardian:Gem_White"],"picked":"Guardian:PiercingHide","floor":42},{"not_picked":["Guardian:Recover","Guardian:RefractedBeam"],"picked":"Guardian:Harden+1","floor":43}],"player_experience":473123,"relics_obtained":[{"floor":7,"key":"Sundial"},{"floor":12,"key":"Calipers"},{"floor":23,"key":"Pantograph"},{"floor":24,"key":"Potion Belt"},{"floor":31,"key":"Akabeko"},{"floor":34,"key":"Ancient Tea Set"},{"floor":34,"key":"Frozen Egg 2"},{"floor":34,"key":"Pocketwatch"},{"floor":39,"key":"Gremlin Horn"},{"floor":41,"key":"StrikeDummy"},{"floor":42,"key":"Orichalcum"}],"event_choices":[{"damage_healed":0,"gold_gain":0,"player_choice":"Donut","damage_taken":0,"max_hp_gain":5,"max_hp_loss":0,"event_name":"Big Fish","floor":5,"gold_loss":0},{"damage_healed":0,"gold_gain":0,"player_choice":"Success","damage_taken":7,"relics_obtained":["Bag of Marbles"],"max_hp_gain":0,"max_hp_loss":0,"event_name":"Scrap Ooze","floor":11,"gold_loss":0},{"damage_healed":0,"gold_gain":0,"player_choice":"Read","damage_taken":0,"max_hp_gain":0,"max_hp_loss":0,"event_name":"The Library","floor":20,"gold_loss":0,"cards_obtained":["Guardian:SpikerProtocol"]}],"is_beta":false,"boss_relics":[{"not_picked":["Guardian:StasisSlotReductionRelic","Black Star"],"picked":"Astrolabe"},{"not_picked":["Snecko Eye","Coffee Dripper"],"picked":"Calling Bell"}],"items_purged_floors":[21,26,38],"is_endless":false,"potions_floor_spawned":[3,8,14,15,16,19,23,25,29,31,43],"killed_by":"Writhing Mass","ascension_level":1}}