{"host":"juoup3p5tvzzktl5","time":1612324619,"event":{"mods":["ATMod(∞¢Ë™Mod)","Act Like it!","Aspiration","BaseMod","Better Vampires","BetterRewards","Colored Map","Colored Powertips","Downfall","Friendly Minions","GifTheSpireLib","Hermit","Hubris","Infinite Spire","KinomotoSakuraMod(ƒæ÷Æ±æ”£)","Koishi","KomeijiMod","Marisa£®ÏF”Í°°ƒß¿Ì…≥£©","Minty Spire (QoL Compilation)","Quick Restart","Reimu£®≤©¿ˆ¡È√Œ£©","Relic Filter Mod","Reliquary","Replay The Spire","Shop Mod","StSLib","The Administrix","The Alterego","The Bug Knight","The Construct","The Cursed","The Jungle","The Mystic","The Runesmith","The Senshi","Youmu£®ªÍ∆«—˝√Œ£©","Yuyuko"],"gold_per_floor":[115,115,126,139,157,157,175,175,223,243,87,99,99,110,110,215,215,228,168,168,168,168,199,216,216,239,253,253,271,271,20,20,123,123,140,140,153,165,183,0,0,0,0,34,34,34,48,64,64,169,169,182,193,193,209,227,227,227,74,74,84,84,103,103,122,122,122],"floor_reached":68,"language":"ZHS","playtime":4339,"items_purged":["Strike_B","Strike_B","Defend_B"],"score":1005,"play_id":"acbce718-c8a9-4db5-8f86-00bedf93882b","local_time":"20210203125659","is_ascension_mode":false,"campfire_choices":[{"data":"Loop","floor":6.0,"key":"SMITH"},{"floor":13.0,"key":"REST"},{"floor":15.0,"key":"REST"},{"floor":25.0,"key":"REST"},{"floor":30.0,"key":"REST"},{"data":"Coolheaded","floor":45.0,"key":"SMITH"},{"data":"aspiration:Polymerization","floor":49.0,"key":"SMITH"},{"data":"Machine Learning","floor":57.0,"key":"SMITH"},{"data":"Crystallizer","floor":66,"key":"SMITH"}],"circlet_count":0,"master_deck":["Defend_B","Defend_B","Zap","Dualcast","Aggregate","Loop+1","Crystallizer+1","Consume+1","Cold Snap","Lockon","Melter","Coolheaded+1","aspiration:Polymerization+1","Reboot","BootSequence+1","Hologram+1","Redo","ReplayTheSpireMod:Calculation Training+1","Machine Learning+1","Recycle","Seek","Coolheaded+1","Redo+1"],"relics":["Cracked Core","AT_ATBox","HollowMod:PaleOreRelic","bronze:DonusWashers","reliquary:RedCape","hubris:Towel","reliquary:PartyBalloon","Bronze Scales","aspiration:ArtOfWarUpgrade","SlaversCollar","Busted Crown","reliquary:Bookmark","Counterbalance","Blood Vial","aspiration:TomeofQuesting","aspiration:SecretTechniqueScroll","infinitespire:Freezer","Guardian:GemstoneGun"],"acts_visited":["Exordium","TheCity","TheCity","TheBeyond"],"potions_floor_usage":[67,67,67],"damage_taken":[{"damage":5.0,"enemies":"Small Slimes","floor":1.0,"turns":3.0},{"damage":1.0,"enemies":"Cultist","floor":3.0,"turns":3.0},{"damage":7.0,"enemies":"2 Louse","floor":4.0,"turns":4.0},{"damage":6.0,"enemies":"Gremlin Gang","floor":5.0,"turns":3.0},{"damage":12.0,"enemies":"Exordium Wildlife","floor":7.0,"turns":3.0},{"damage":13.0,"enemies":"Blue Slaver","floor":10.0,"turns":3.0},{"damage":2.0,"enemies":"2 Fungi Beasts","floor":12.0,"turns":2.0},{"damage":26.0,"enemies":"Exordium Wildlife","floor":14.0,"turns":4.0},{"damage":41.0,"enemies":"Fading Forest","floor":16.0,"turns":11.0},{"damage":1.0,"enemies":"Chosen","floor":18.0,"turns":4.0},{"damage":8.0,"enemies":"2 Thieves","floor":19.0,"turns":4.0},{"damage":18.0,"enemies":"Replay:Snechameleon","floor":23.0,"turns":7.0},{"damage":30.0,"enemies":"Cultist and Chosen","floor":24.0,"turns":8.0},{"damage":0.0,"enemies":"Chosen and Byrds","floor":27.0,"turns":4.0},{"damage":6.0,"enemies":"Centurion and Healer","floor":29.0,"turns":4.0},{"damage":40.0,"enemies":"Collector","floor":33.0,"turns":13.0},{"damage":1.0,"enemies":"3 Byrds","floor":35.0,"turns":3.0},{"damage":17.0,"enemies":"2 Thieves","floor":37.0,"turns":3.0},{"damage":0.0,"enemies":"Snecko","floor":38.0,"turns":6.0},{"damage":9.0,"enemies":"Snake Plant","floor":39.0,"turns":3.0},{"damage":15.0,"enemies":"Gremlin Leader","floor":44.0,"turns":6.0},{"damage":0.0,"enemies":"3 Cultists","floor":47.0,"turns":4.0},{"damage":13.0,"enemies":"Snecko","floor":48.0,"turns":4.0},{"damage":1.0,"enemies":"Champ","floor":50.0,"turns":7.0},{"damage":13.0,"enemies":"3 Shapes","floor":52.0,"turns":4.0},{"damage":0.0,"enemies":"Orb Walker","floor":53.0,"turns":4.0},{"damage":0.0,"enemies":"Sphere and 2 Shapes","floor":55.0,"turns":4.0},{"damage":5.0,"enemies":"Writhing Mass","floor":56.0,"turns":4.0},{"damage":2.0,"enemies":"4 Shapes","floor":61.0,"turns":7.0},{"damage":0.0,"enemies":"Transient","floor":63.0,"turns":5.0},{"damage":0,"enemies":"Jaw Worm Horde","floor":65,"turns":5},{"damage":74,"enemies":"Replay:Hell Engine","floor":67,"turns":9}],"seed_played":"130753416170791375","potions_obtained":[{"floor":3.0,"key":"EssenceOfDarkness"},{"floor":5.0,"key":"Explosive Potion"},{"floor":7.0,"key":"MagicPotion:ReiMu"},{"floor":16.0,"key":"Strength Potion"},{"floor":23.0,"key":"Adrenaline Potion"},{"floor":27.0,"key":"construct:ShiftPotion"},{"floor":33.0,"key":"Energy Potion"},{"floor":35.0,"key":"Milkshake"},{"floor":50.0,"key":"Fire Potion"}],"is_trial":false,"path_per_floor":["M","?","M","M","M","R","M","?","T","M","$","M","R","M","R","B",null,"M","M","?","?","?","E","M","R","T","M","?","M","R","$","R_BF","B",null,"M","AVR","M","M","M","?","R","?","T","E","R","?","M","M","R","B",null,"M","M","?","M","M","R","?","$","T","M","$","M","$","M","R","B",null],"character_chosen":"DEFECT","items_purchased":["Energy Potion","bronze:DonusWashers","Art of War","infinitespire:Freezer"],"campfire_rested":4,"item_purchase_floors":[0,11,31,59],"current_hp_per_floor":[70,70,69,62,56,56,44,44,44,31,31,29,51,25,47,16,75,74,66,66,52,52,34,4,28,28,28,28,22,46,46,46,6,80,79,79,62,62,53,90,90,90,90,75,75,75,77,66,66,67,90,77,79,79,81,78,78,78,78,78,78,78,80,80,82,82,10],"gold":122,"neow_bonus":"","is_daily":false,"chose_seed":false,"campfire_upgraded":5,"win_rate":0.0,"timestamp":1612324619,"path_taken":["M","?","?","M","M","R","M","?","T","M","$","M","R","M","R","BOSS","M","?","?","?","?","E","M","R","T","?","?","M","R","?","R_BF","BOSS","M","AVR","M","?","M","?","R","?","T","E","R","?","M","?","R","BOSS","M","?","?","?","M","R","?","?","T","M","$","M","?","M","R","BOSS"],"items_purchased_type":["Potion","Relic","Relic","Relic"],"build_version":"2020-12-22","purchased_purges":3,"victory":true,"max_hp_per_floor":[75,75,75,75,75,75,75,75,75,75,75,75,75,75,75,75,75,75,75,75,80,80,80,80,80,80,80,80,80,80,80,80,80,80,80,80,80,80,80,90,90,90,90,90,90,90,90,90,90,90,90,90,90,90,90,90,90,90,90,90,90,90,90,90,90,90,90],"card_choices":[{"not_picked":["Capacitor","Compile Driver"],"picked":"Loop","floor":1.0},{"not_picked":["hubris:PowerSurge","Lockon"],"picked":"Consume","floor":3.0},{"not_picked":["Rebound","Beam Cell","Go for the Eyes"],"picked":"SKIP","floor":4.0},{"not_picked":["Go for the Eyes","Compile Driver"],"picked":"Cold Snap","floor":5.0},{"not_picked":["ReplayTheSpireMod:Repulse","Fusion"],"picked":"Lockon","floor":7.0},{"not_picked":["AT_HeatAcrobatics","Recycle"],"picked":"Melter","floor":10.0},{"not_picked":["Steam","Tempest"],"picked":"Coolheaded","floor":12.0},{"not_picked":["Storm","Compile Driver"],"picked":"aspiration:Polymerization","floor":14.0},{"not_picked":["Thunder Strike","Fission"],"picked":"Reboot","floor":16.0},{"not_picked":["Barrage","Hologram"],"picked":"BootSequence+1","floor":18.0},{"not_picked":["Leap+1","Sweeping Beam","Turbo"],"picked":"SKIP","floor":19.0},{"not_picked":["BasicCrystalCard","Hello World+1"],"picked":"Hologram+1","floor":23.0},{"not_picked":["Conserve Battery","Streamline+1"],"picked":"Redo","floor":24.0},{"not_picked":["Ball Lightning","hubris:PowerSurge","Leap+1"],"picked":"SKIP","floor":27.0},{"not_picked":["ReplayTheSpireMod:Reroute Power","Loop"],"picked":"ReplayTheSpireMod:Calculation Training+1","floor":29.0},{"not_picked":["Core Surge","All For One"],"picked":"Machine Learning","floor":33.0},{"not_picked":["Go for the Eyes","BasicCrystalCard"],"picked":"Recycle","floor":35.0},{"not_picked":[],"picked":"Seek","floor":37.0},{"not_picked":["AT_HeatAcrobatics"],"picked":"SKIP","floor":38.0},{"not_picked":["Hologram"],"picked":"SKIP","floor":39.0},{"not_picked":["hubris:Prefetch"],"picked":"SKIP","floor":44.0},{"not_picked":["Recycle"],"picked":"SKIP","floor":47.0},{"not_picked":["Chill"],"picked":"SKIP","floor":48.0},{"not_picked":["AT_StudyProgram+1"],"picked":"SKIP","floor":52.0},{"not_picked":[],"picked":"Coolheaded+1","floor":53.0},{"not_picked":["Redo"],"picked":"SKIP","floor":55.0},{"not_picked":["Coolheaded"],"picked":"SKIP","floor":56.0},{"not_picked":[],"picked":"Redo+1","floor":61.0},{"not_picked":["Storm"],"picked":"SKIP","floor":63},{"not_picked":["FTL+1"],"picked":"SKIP","floor":65}],"player_experience":1151066,"relics_obtained":[{"floor":9.0,"key":"HollowMod:PaleOreRelic"},{"floor":23.0,"key":"reliquary:PartyBalloon"},{"floor":26.0,"key":"Bronze Scales"},{"floor":43.0,"key":"Counterbalance"},{"floor":44.0,"key":"Blood Vial"},{"floor":46.0,"key":"aspiration:TomeofQuesting"},{"floor":60.0,"key":"Guardian:GemstoneGun"}],"event_choices":[{"damage_healed":0.0,"max_hp_gain":0.0,"max_hp_loss":0.0,"gold_gain":0.0,"cards_transformed":["Defend_B"],"event_name":"Transmorgrifier","player_choice":"Transformed","floor":2.0,"gold_loss":0.0,"damage_taken":0.0,"cards_obtained":["Crystallizer"]},{"cards_removed":["Strike_B"],"damage_healed":0.0,"max_hp_gain":0.0,"max_hp_loss":0.0,"gold_gain":0.0,"event_name":"Bonfire Elementals","player_choice":"Offered Basic","floor":8.0,"gold_loss":0.0,"damage_taken":0.0},{"damage_healed":0.0,"max_hp_gain":0.0,"max_hp_loss":0.0,"gold_gain":0.0,"event_name":"Ghosts","player_choice":"Ignored","floor":20.0,"gold_loss":0.0,"damage_taken":0.0},{"damage_healed":0.0,"max_hp_gain":5.0,"max_hp_loss":0.0,"gold_gain":0.0,"event_name":"Forgotten Altar","player_choice":"Shed Blood","floor":21.0,"gold_loss":0.0,"damage_taken":19.0},{"damage_healed":0.0,"max_hp_gain":0.0,"max_hp_loss":0.0,"gold_gain":0.0,"event_name":"Wheel of Change","player_choice":"Relic","floor":46.0,"gold_loss":0.0,"damage_taken":0.0},{"cards_removed":["Strike_B"],"damage_healed":0.0,"max_hp_gain":0.0,"max_hp_loss":0.0,"gold_gain":0.0,"event_name":"Purifier","player_choice":"Purged","floor":54.0,"gold_loss":0.0,"damage_taken":0.0},{"damage_healed":0.0,"max_hp_gain":0.0,"max_hp_loss":0.0,"gold_gain":0.0,"event_name":"Tomb of Lord Red Mask","player_choice":"Ignored","floor":58.0,"gold_loss":0.0,"damage_taken":0.0}],"is_beta":false,"boss_relics":[{"not_picked":["AT_MortalBlade","Ring of Chaos"],"picked":"reliquary:RedCape"},{"not_picked":["Velvet Choker","aspiration:RitualDagger"],"picked":"SlaversCollar"},{"not_picked":["Runic Dome","hubris:GrandSneckoEye"],"picked":"aspiration:SecretTechniqueScroll"}],"items_purged_floors":[0,31,36],"is_endless":false,"potions_floor_spawned":[3,5,7,16,23,27,33,35,38,47,50,56,61,63,65],"ascension_level":0}}