{"host":"by8i6f8xc0ywpsd5","time":1612335364,"event":{"mods":["BaseMod","Colored Map","Minty Spire (QoL Compilation)","Relic Stats"],"gold_per_floor":[113,188,200,220,234,234,268,280,304,304,304,32,45,55,55,134,134,153,171,188,168,168,168],"floor_reached":22,"language":"ENG","playtime":947,"items_purged":["Strike_R"],"score":530,"play_id":"fbde5b2e-2f7c-4fb8-b58e-2512f7e58725","local_time":"20210203085604","is_ascension_mode":true,"campfire_choices":[{"data":"Combust","floor":6.0,"key":"SMITH"},{"data":"Rupture","floor":11.0,"key":"SMITH"},{"data":"True Grit","floor":15,"key":"SMITH"}],"circlet_count":0,"master_deck":["AscendersBane","Strike_R","Defend_R","Defend_R","Defend_R","Defend_R","Bash","Combust+1","Infernal Blade","Sever Soul","Rupture+1","True Grit+1","Heavy Blade","Sword Boomerang","Flame Barrier","Pummel","Iron Wave","Brutality","Fiend Fire+1","Clothesline+1","Barricade+1","Intimidate","Seeing Red","Uppercut"],"relics":["Philosopher\u0027s Stone","The Courier","Oddly Smooth Stone","Astrolabe"],"acts_visited":["Exordium","TheCity"],"potions_floor_usage":[16,20,22],"damage_taken":[{"damage":4.0,"enemies":"2 Louse","floor":1.0,"turns":4.0},{"damage":8.0,"enemies":"Jaw Worm","floor":3.0,"turns":4.0},{"damage":4.0,"enemies":"Cultist","floor":4.0,"turns":3.0},{"damage":9.0,"enemies":"Large Slime","floor":5.0,"turns":4.0},{"damage":4.0,"enemies":"3 Sentries","floor":7.0,"turns":4.0},{"damage":6.0,"enemies":"Gremlin Gang","floor":8.0,"turns":3.0},{"damage":6,"enemies":"Looter","floor":13,"turns":3},{"damage":3,"enemies":"Large Slime","floor":14,"turns":4},{"damage":6,"enemies":"Hexaghost","floor":16,"turns":6},{"damage":10,"enemies":"Chosen","floor":18,"turns":4},{"damage":15,"enemies":"Spheric Guardian","floor":19,"turns":6},{"damage":13,"enemies":"3 Cultists","floor":20,"turns":5},{"damage":31,"enemies":"Chosen and Byrds","floor":22,"turns":6}],"seed_played":"1824997594346186164","potions_obtained":[{"floor":1.0,"key":"Weak Potion"},{"floor":3.0,"key":"HeartOfIron"},{"floor":20,"key":"Energy Potion"},{"floor":21,"key":"Swift Potion"}],"is_trial":false,"path_per_floor":["M","?","M","M","M","R","E","M","T","T","R","$","M","M","R","B",null,"M","M","M","?","M"],"character_chosen":"IRONCLAD","items_purchased":["Sword Boomerang","Flame Barrier","Pummel","Fire Potion"],"campfire_rested":0,"item_purchase_floors":[12,12,12,12],"current_hp_per_floor":[64,53,45,41,32,32,28,22,22,22,22,22,16,13,13,7,58,48,33,20,20,0,0],"gold":168,"neow_bonus":"BOSS_RELIC","is_daily":false,"chose_seed":false,"campfire_upgraded":3,"win_rate":0.0,"timestamp":1612335364,"path_taken":["M","?","M","M","M","R","E","M","T","?","R","$","?","M","R","BOSS","M","M","?","?","M"],"items_purchased_type":["Card","Card","Card","Potion"],"build_version":"2020-12-22","purchased_purges":1,"victory":false,"max_hp_per_floor":[75,75,75,75,75,75,75,75,75,75,75,75,75,75,75,75,75,75,75,75,75,75,75],"relic_stats":{"counters":[13,56],"Astrolabe":["Fiend Fire","Clothesline","Barricade"],"obtain_stats":[{"Astrolabe":17,"Oddly Smooth Stone":9,"Philosopher\u0027s Stone":0,"The Courier":7,"Burning Blood":0},{"Astrolabe":9,"Oddly Smooth Stone":6,"Philosopher\u0027s Stone":0,"The Courier":5,"Burning Blood":0},{"Astrolabe":35,"Oddly Smooth Stone":22,"Philosopher\u0027s Stone":0,"The Courier":19,"Burning Blood":0}]},"card_choices":[{"not_picked":["Clash","Anger"],"picked":"Combust","floor":1.0},{"not_picked":["Anger","Heavy Blade"],"picked":"Infernal Blade","floor":3.0},{"not_picked":["Body Slam","Warcry"],"picked":"Sever Soul","floor":4.0},{"not_picked":["Exhume","Armaments"],"picked":"Rupture","floor":5.0},{"not_picked":["Ghostly Armor","Pommel Strike"],"picked":"True Grit","floor":7.0},{"not_picked":["Body Slam","Perfected Strike"],"picked":"Heavy Blade","floor":8.0},{"not_picked":["Inflame","Entrench"],"picked":"Iron Wave","floor":13},{"not_picked":["Flex","Anger","Perfected Strike"],"picked":"SKIP","floor":14},{"not_picked":["Fiend Fire","Impervious"],"picked":"Brutality","floor":16},{"not_picked":["Headbutt","Armaments"],"picked":"Intimidate","floor":18},{"not_picked":["Flex","Perfected Strike"],"picked":"Seeing Red","floor":19},{"not_picked":["Demon Form","Body Slam"],"picked":"Uppercut","floor":20}],"player_experience":1718665,"relics_obtained":[{"floor":7.0,"key":"The Courier"},{"floor":9.0,"key":"Oddly Smooth Stone"}],"event_choices":[{"damage_healed":0.0,"max_hp_gain":0.0,"max_hp_loss":0.0,"gold_gain":75.0,"event_name":"World of Goop","player_choice":"Gather Gold","floor":2.0,"gold_loss":0.0,"damage_taken":11.0},{"damage_healed":0,"gold_gain":0,"player_choice":"Bought 1 Potion","damage_taken":0,"max_hp_gain":0,"max_hp_loss":0,"event_name":"The Woman in Blue","floor":21,"gold_loss":0}],"is_beta":false,"boss_relics":[{"not_picked":["Coffee Dripper","Pandora\u0027s Box"],"picked":"Astrolabe"}],"items_purged_floors":[12],"is_endless":false,"potions_floor_spawned":[1,3,14,20],"killed_by":"Chosen and Byrds","ascension_level":20}}