{"host":"g2yp6paluzgljz05","time":1612339095,"event":{"mods":["BaseMod","Bestiary","Colored Powertips","DeckTracker","Highlight Path","Minty Spire (QoL Compilation)","Quick Restart"],"gold_per_floor":[112,126,126,49,69,69,104,104,158,185,135,169,169,186,186,284,284,297,297,317,242,167,167,201,201,201,31,44,44,144,175,175,275,275,290,165,165,165,180,180,210,210,210,91,105,137,137,137,137,137,137],"floor_reached":50,"language":"ENG","playtime":3648,"items_purged":["Strike_R","Strike_R","Strike_R"],"score":1030,"play_id":"5254207f-ca36-42ce-9c59-0dc38e1b48a9","local_time":"20210203185815","is_ascension_mode":true,"campfire_choices":[{"data":"1","floor":6,"key":"LIFT"},{"floor":8,"key":"REST"},{"data":"Heavy Blade","floor":15,"key":"SMITH"},{"data":"2","floor":23,"key":"LIFT"},{"data":"3","floor":29,"key":"LIFT"},{"data":"Bash","floor":32,"key":"SMITH"},{"floor":40,"key":"RECALL"},{"data":"Ghostly","floor":42,"key":"SMITH"},{"data":"Inflame","floor":47,"key":"SMITH"},{"data":"Fiend Fire","floor":49,"key":"SMITH"}],"circlet_count":0,"master_deck":["Defend_R","Defend_R","Defend_R","Bash+1","True Grit+1","Headbutt","Inflame","Flex","Inflame","Inflame","Heavy Blade+1","Ghostly+1","Ghostly","Ghostly","Ghostly","Ghostly","Inflame","Fiend Fire+1","Flash of Steel","Inflame+1"],"relics":["Burning Blood","Girya","PreservedInsect","Bag of Preparation","Incense Burner","Pear","Sozu","Enchiridion","HornCleat","Prayer Wheel","TungstenRod","Pantograph","Letter Opener","Runic Dome","Unceasing Top","Bottled Tornado"],"acts_visited":["Exordium","TheCity","TheBeyond"],"potions_floor_usage":[12],"damage_taken":[{"damage":10,"enemies":"2 Louse","floor":1,"turns":3},{"damage":13,"enemies":"Cultist","floor":2,"turns":4},{"damage":7,"enemies":"Small Slimes","floor":5,"turns":3},{"damage":42,"enemies":"Lagavulin","floor":7,"turns":7},{"damage":18,"enemies":"Gremlin Nob","floor":10,"turns":3},{"damage":15,"enemies":"3 Sentries","floor":12,"turns":7},{"damage":5,"enemies":"2 Fungi Beasts","floor":14,"turns":4},{"damage":29,"enemies":"Slime Boss","floor":16,"turns":6},{"damage":20,"enemies":"2 Thieves","floor":18,"turns":5},{"damage":16,"enemies":"Spheric Guardian","floor":20,"turns":4},{"damage":39,"enemies":"Gremlin Leader","floor":24,"turns":3},{"damage":0,"enemies":"Snecko","floor":28,"turns":3},{"damage":2,"enemies":"Colosseum Slavers","floor":30,"turns":6},{"damage":1,"enemies":"Colosseum Nobs","floor":30,"turns":5},{"damage":0,"enemies":"Book of Stabbing","floor":31,"turns":4},{"damage":0,"enemies":"Champ","floor":33,"turns":8},{"damage":0,"enemies":"Orb Walker","floor":35,"turns":3},{"damage":0,"enemies":"3 Shapes","floor":39,"turns":4},{"damage":0,"enemies":"Reptomancer","floor":41,"turns":3},{"damage":0,"enemies":"Maw","floor":45,"turns":5},{"damage":0,"enemies":"Giant Head","floor":46,"turns":5},{"damage":47,"enemies":"Awakened One","floor":50,"turns":6}],"seed_played":"-1683759147922435055","potions_obtained":[{"floor":10,"key":"Block Potion"},{"floor":12,"key":"SteroidPotion"},{"floor":14,"key":"Ancient Potion"},{"floor":16,"key":"Ancient Potion"}],"is_trial":false,"path_per_floor":["M","M","?","$","M","R","E","R","T","E","?","E","?","M","R","B",null,"M","?","M","?","$","R","E","?","T","$","M","R","?","E","R","B",null,"M","$","?","?","M","R","E","R","T","$","M","E","R","$","R","B"],"character_chosen":"IRONCLAD","items_purchased":["Inflame","Inflame","Flash of Steel","Inflame"],"campfire_rested":1,"item_purchase_floors":[4,27,44,44],"current_hp_per_floor":[68,61,61,61,60,60,24,48,48,36,36,37,30,31,31,8,70,74,58,48,48,48,48,39,39,39,39,45,45,45,45,45,45,45,45,45,45,45,45,45,45,45,45,45,45,45,45,45,45,0,0],"gold":137,"neow_bonus":"ONE_RARE_RELIC","is_daily":false,"chose_seed":false,"campfire_upgraded":5,"win_rate":0.0,"timestamp":1612339095,"path_taken":["M","M","?","?","M","R","E","R","T","E","?","E","?","M","R","BOSS","M","?","M","?","$","R","E","?","T","$","M","R","?","E","R","BOSS","M","$","?","?","M","R","E","R","T","$","?","E","R","?","R","BOSS"],"items_purchased_type":["Card","Card","Card","Card"],"build_version":"2020-12-22","purchased_purges":3,"victory":false,"max_hp_per_floor":[80,80,80,80,80,80,80,80,80,80,80,90,90,90,90,90,90,90,90,90,90,90,90,90,45,45,45,45,45,45,45,45,45,45,45,45,45,45,45,45,45,45,45,45,45,45,45,45,45,45,45],"card_choices":[{"not_picked":["Dark Embrace","Dual Wield"],"picked":"True Grit","floor":1},{"not_picked":["Clothesline","Combust"],"picked":"Headbutt","floor":2},{"not_picked":["Cleave","Metallicize"],"picked":"Flex","floor":5},{"not_picked":["Warcry","Flex"],"picked":"Inflame","floor":7},{"not_picked":["Impervious","Burning Pact"],"picked":"Inflame","floor":10},{"not_picked":["Sever Soul","Warcry"],"picked":"Heavy Blade","floor":12},{"not_picked":["Armaments","Perfected Strike","Iron Wave"],"picked":"SKIP","floor":14},{"not_picked":["Berserk","Bludgeon"],"picked":"Reaper","floor":16},{"not_picked":["Uppercut","Flame Barrier","Rampage"],"picked":"SKIP","floor":18},{"not_picked":["Entrench+1","Cleave","Havoc+1"],"picked":"SKIP","floor":20},{"not_picked":["Clash","Shrug It Off","Second Wind"],"picked":"SKIP","floor":24},{"not_picked":["Burning Pact+1","Iron Wave","Twin Strike"],"picked":"SKIP","floor":28},{"not_picked":["Combust","Armaments","Clothesline+1"],"picked":"SKIP","floor":28},{"not_picked":["Cleave","Headbutt","Dual Wield+1"],"picked":"SKIP","floor":31},{"not_picked":["Exhume","Juggernaut"],"picked":"Fiend Fire","floor":33},{"not_picked":["Dark Embrace","Thunderclap+1","Headbutt+1"],"picked":"SKIP","floor":35},{"not_picked":["Headbutt","Body Slam+1","Burning Pact+1"],"picked":"SKIP","floor":35},{"not_picked":["Clash","Carnage","Shockwave+1"],"picked":"SKIP","floor":39},{"not_picked":["Headbutt","Clash+1","Flame Barrier"],"picked":"SKIP","floor":39},{"not_picked":["Anger+1","Pommel Strike","Twin Strike+1"],"picked":"SKIP","floor":41},{"not_picked":["Perfected Strike+1","Armaments","Pummel"],"picked":"SKIP","floor":45},{"not_picked":["Anger","Burning Pact+1","Perfected Strike"],"picked":"SKIP","floor":45},{"not_picked":["Brutality","Headbutt","Clothesline"],"picked":"SKIP","floor":46},{"not_picked":["Brutality","Headbutt","Clothesline"],"picked":"SKIP","floor":46}],"player_experience":307702,"relics_obtained":[{"floor":7,"key":"PreservedInsect"},{"floor":9,"key":"Bag of Preparation"},{"floor":10,"key":"Incense Burner"},{"floor":12,"key":"Pear"},{"floor":19,"key":"Enchiridion"},{"floor":24,"key":"HornCleat"},{"floor":26,"key":"Prayer Wheel"},{"floor":30,"key":"TungstenRod"},{"floor":30,"key":"Pantograph"},{"floor":31,"key":"Letter Opener"},{"floor":41,"key":"Unceasing Top"},{"floor":46,"key":"Bottled Tornado"}],"event_choices":[{"damage_healed":0,"gold_gain":0,"player_choice":"Forge","damage_taken":0,"max_hp_gain":0,"max_hp_loss":0,"event_name":"Accursed Blacksmith","floor":3,"gold_loss":0,"cards_upgraded":["True Grit"]},{"cards_removed":["Decay"],"damage_healed":0,"gold_gain":0,"player_choice":"Card Removal","damage_taken":0,"max_hp_gain":0,"max_hp_loss":0,"event_name":"The Cleric","floor":11,"gold_loss":50},{"cards_removed":["Strike_R"],"damage_healed":0,"gold_gain":0,"player_choice":"Card Removal","damage_taken":7,"max_hp_gain":0,"max_hp_loss":0,"event_name":"Golden Wing","floor":13,"gold_loss":0},{"damage_healed":0,"gold_gain":0,"player_choice":"Obtained Book","damage_taken":16,"max_hp_gain":0,"max_hp_loss":0,"event_name":"Cursed Tome","floor":19,"gold_loss":0},{"cards_removed":["Strike_R"],"damage_healed":0,"gold_gain":0,"player_choice":"Gave Gold","damage_taken":0,"max_hp_gain":0,"max_hp_loss":0,"event_name":"Beggar","floor":21,"gold_loss":75},{"damage_healed":0,"gold_gain":0,"player_choice":"Became a Ghost","damage_taken":0,"max_hp_gain":0,"max_hp_loss":45,"event_name":"Ghosts","floor":25,"gold_loss":0,"cards_obtained":["Ghostly","Ghostly","Ghostly","Ghostly","Ghostly"]},{"damage_healed":0,"gold_gain":0,"player_choice":"Fight","damage_taken":0,"max_hp_gain":0,"max_hp_loss":0,"event_name":"Colosseum","floor":30,"gold_loss":0},{"damage_healed":0,"gold_gain":0,"player_choice":"Fought Nobs","damage_taken":0,"max_hp_gain":0,"max_hp_loss":0,"event_name":"Colosseum","floor":30,"gold_loss":0},{"cards_removed":["Reaper"],"damage_healed":0,"gold_gain":0,"player_choice":"Removed Attack","damage_taken":0,"max_hp_gain":0,"max_hp_loss":0,"event_name":"Falling","floor":37,"gold_loss":0},{"cards_removed":["Defend_R"],"damage_healed":0,"gold_gain":0,"player_choice":"Offered Basic","damage_taken":0,"max_hp_gain":0,"max_hp_loss":0,"event_name":"Bonfire Elementals","floor":38,"gold_loss":0}],"is_beta":false,"boss_relics":[{"not_picked":["SacredBark","Black Blood"],"picked":"Sozu"},{"not_picked":["Mark of Pain","Calling Bell"],"picked":"Runic Dome"}],"items_purged_floors":[22,27,36],"is_endless":false,"potions_floor_spawned":[10,12,14,16,30,31,33,39,45],"killed_by":"Awakened One","ascension_level":8}}