{"host":"89iuq2p5kwriuwfq","time":1612379954,"event":{"mods":["BaseMod","Curses Come First","Minty Spire (QoL Compilation)","Permanent Neow","StSLib"],"gold_per_floor":[18,18,38,52,72,100,117,117,117],"floor_reached":8,"language":"ENG","playtime":330,"items_purged":[],"score":90,"play_id":"1a92e93c-e6cc-46f2-a4fa-a5defaac4ab7","local_time":"20210203191914","is_ascension_mode":true,"campfire_choices":[],"circlet_count":0,"master_deck":["AscendersBane","Strike_B","Strike_B","Strike_B","Strike_B","Defend_B","Defend_B","Defend_B","Defend_B","Zap","Dualcast","Hyperbeam","BootSequence","Hologram","Hologram","Melter","Scrape","Gash"],"relics":["Cracked Core","Gremlin Horn"],"acts_visited":["Exordium"],"potions_floor_usage":[8],"damage_taken":[{"damage":5,"enemies":"Small Slimes","floor":1,"turns":2},{"damage":0,"enemies":"Jaw Worm","floor":3,"turns":2},{"damage":0,"enemies":"Cultist","floor":4,"turns":3},{"damage":0,"enemies":"Gremlin Gang","floor":5,"turns":1},{"damage":52,"enemies":"Lagavulin","floor":6,"turns":7},{"damage":0,"enemies":"2 Fungi Beasts","floor":7,"turns":3},{"damage":0,"enemies":"Gremlin Nob","floor":8,"turns":2}],"seed_played":"-3997591529368175528","potions_obtained":[{"floor":5,"key":"GamblersBrew"},{"floor":7,"key":"AttackPotion"}],"is_trial":false,"path_per_floor":["M","$","M","M","M","E","M","E"],"character_chosen":"DEFECT","items_purchased":[],"campfire_rested":0,"item_purchase_floors":[],"current_hp_per_floor":[63,63,63,63,63,11,11,11,11],"gold":117,"neow_bonus":"THREE_RARE_CARDS","is_daily":false,"chose_seed":false,"campfire_upgraded":0,"win_rate":0.0,"timestamp":1612379954,"path_taken":["M","$","M","M","M","E","M","E"],"items_purchased_type":[],"build_version":"2020-12-22","purchased_purges":0,"victory":false,"max_hp_per_floor":[75,75,75,75,75,75,75,75,75],"card_choices":[{"not_picked":["All For One","Rainbow"],"picked":"Hyperbeam","floor":0},{"not_picked":["Turbo","Force Field"],"picked":"BootSequence","floor":1},{"not_picked":["Glacier","Leap"],"picked":"Hologram","floor":3},{"not_picked":["Stack","BootSequence"],"picked":"Hologram","floor":4},{"not_picked":["Compile Driver","Chaos"],"picked":"Melter","floor":5},{"not_picked":["Sweeping Beam","Darkness"],"picked":"Scrape","floor":6},{"not_picked":["Chill","Defragment"],"picked":"Gash","floor":7}],"player_experience":627921,"relics_obtained":[{"floor":6,"key":"Gremlin Horn"}],"event_choices":[],"is_beta":false,"boss_relics":[],"items_purged_floors":[],"is_endless":false,"potions_floor_spawned":[5,7],"killed_by":"Gremlin Nob","ascension_level":10}}