{"host":"f9ntswufr8mq3t4y","time":1612361968,"event":{"mods":["AchievementEnabler","BaseMod","Best Route Mod","Block Reminder","Colored Map","Colored Powertips","Curses Come First","DeckTracker","Displayed Cursed Tome","Highlight Path","Minty Spire (QoL Compilation)","Permanent Neow","Quick Restart","Slay-I","StSLib"],"gold_per_floor":[112,112,112,124,94,128,144,144,144,144,169,169,230,242,242,344,344,390,390,413,331,344,376,376,75,100,100,22,52,114,139,151,267,279,306,333,365,10,90,90,154,154,177,255,266,598,598,648,648,648],"floor_reached":51,"language":"ENG","playtime":4167,"items_purged":["Strike_P"],"score":1091,"play_id":"3ed71eee-7951-4a79-9f2f-e2f6312152c3","local_time":"20210203171928","is_ascension_mode":true,"campfire_choices":[{"data":"Apotheosis","floor":8.0,"key":"SMITH"},{"floor":10.0,"key":"REST"},{"floor":12.0,"key":"REST"},{"floor":15.0,"key":"REST"},{"floor":24.0,"key":"REST"},{"floor":27.0,"key":"REST"},{"floor":32.0,"key":"REST"},{"floor":40,"key":"REST"},{"floor":42,"key":"REST"},{"floor":49,"key":"REST"}],"circlet_count":0,"master_deck":["Strike_P","Strike_P","Strike_P+1","Defend_P","Defend_P","Defend_P","Defend_P","Eruption+1","Vigilance","Apotheosis+1","WindmillStrike","Wallop","Wallop","Wallop","Wish","Blasphemy","Sanctity+1","BattleHymn","FlurryOfBlows+1","FearNoEvil+1","Vault","Wallop+1","SandsOfTime+1","Fasting2","Adaptation+1","Wireheading+1"],"relics":["PureWater","Omamori","Bottled Flame","Bottled Lightning","Art of War","Black Star","Pen Nib","Oddly Smooth Stone","Anchor","Boot","PreservedInsect","Sling","Tiny Chest","MawBank","Meat on the Bone","SlaversCollar","TungstenRod","GoldenEye","Whetstone","Potion Belt","MealTicket","Frozen Egg 2","Akabeko","Old Coin","Smiling Mask"],"acts_visited":["Exordium","TheCity","TheBeyond"],"potions_floor_usage":[33,45,50,50],"damage_taken":[{"damage":3.0,"enemies":"2 Louse","floor":1.0,"turns":5.0},{"damage":0.0,"enemies":"Jaw Worm","floor":4.0,"turns":3.0},{"damage":17.0,"enemies":"3 Sentries","floor":6.0,"turns":9.0},{"damage":1.0,"enemies":"Cultist","floor":7.0,"turns":3.0},{"damage":19.0,"enemies":"Gremlin Nob","floor":11.0,"turns":5.0},{"damage":8.0,"enemies":"Gremlin Nob","floor":13.0,"turns":5.0},{"damage":0.0,"enemies":"3 Louse","floor":14.0,"turns":5.0},{"damage":10.0,"enemies":"The Guardian","floor":16.0,"turns":7.0},{"damage":0.0,"enemies":"Spheric Guardian","floor":18.0,"turns":3.0},{"damage":18.0,"enemies":"Shell Parasite","floor":22.0,"turns":6.0},{"damage":37.0,"enemies":"Slavers","floor":23.0,"turns":4.0},{"damage":0.0,"enemies":"Book of Stabbing","floor":29.0,"turns":3.0},{"damage":8.0,"enemies":"Chosen and Byrds","floor":30.0,"turns":8.0},{"damage":0.0,"enemies":"Snake Plant","floor":31.0,"turns":4.0},{"damage":0,"enemies":"Champ","floor":33,"turns":8},{"damage":54,"enemies":"3 Darklings","floor":35,"turns":9},{"damage":20,"enemies":"Orb Walker","floor":36,"turns":6},{"damage":5,"enemies":"4 Shapes","floor":37,"turns":5},{"damage":0,"enemies":"Mind Bloom Boss Battle","floor":39,"turns":4},{"damage":0,"enemies":"Giant Head","floor":41,"turns":6},{"damage":11,"enemies":"Jaw Worm Horde","floor":45,"turns":3},{"damage":13,"enemies":"Reptomancer","floor":46,"turns":5},{"damage":9,"enemies":"Spire Growth","floor":48,"turns":4},{"damage":45,"enemies":"Donu and Deca","floor":50,"turns":6}],"seed_played":"-3274019574737363912","potions_obtained":[{"floor":4.0,"key":"GamblersBrew"},{"floor":5.0,"key":"Ambrosia"},{"floor":5.0,"key":"SpeedPotion"},{"floor":6.0,"key":"BlessingOfTheForge"},{"floor":11.0,"key":"CultistPotion"},{"floor":14.0,"key":"FearPotion"},{"floor":23.0,"key":"DuplicationPotion"},{"floor":37,"key":"PowerPotion"},{"floor":41,"key":"BottledMiracle"},{"floor":48,"key":"ColorlessPotion"}],"is_trial":false,"path_per_floor":["M","?","?","M","?","E","M","R","T","R","E","R","?","M","R","B",null,"M","?","T","?","M","E","R","$","T","R","$","E","M","M","R","B",null,"M","M","M","$","?","R","E","R","T","T","M","E","T","M","R","B",null],"character_chosen":"WATCHER","items_purchased":["PreservedInsect","Sling","BattleHymn","TungstenRod"],"campfire_rested":9,"item_purchase_floors":[25,25,28,38],"current_hp_per_floor":[69,74,67,67,67,50,49,49,49,72,53,76,68,68,77,67,77,77,63,63,63,45,8,32,32,32,56,56,56,48,48,72,72,82,40,32,39,39,51,75,75,82,82,82,71,58,58,49,73,40],"gold":648,"neow_bonus":"RANDOM_COLORLESS_2","is_daily":false,"chose_seed":false,"campfire_upgraded":1,"win_rate":0.0,"timestamp":1612361968,"path_taken":["M","?","?","M","?","E","?","R","T","R","E","R","?","M","R","BOSS","M","?","?","?","M","E","R","$","T","R","$","E","M","M","R","BOSS","M","M","M","$","?","R","E","R","T","?","?","E","?","M","R","BOSS"],"items_purchased_type":["Relic","Relic","Card","Relic"],"build_version":"2020-12-22","purchased_purges":1,"victory":true,"max_hp_per_floor":[72,77,77,77,77,77,77,77,77,77,77,77,77,77,77,77,77,77,82,82,82,82,82,82,82,82,82,82,82,82,82,82,82,82,82,82,82,82,82,82,82,82,82,82,82,82,82,82,82,82],"card_choices":[{"not_picked":["Secret Weapon","Metamorphosis"],"picked":"Apotheosis","floor":0.0},{"not_picked":["PathToVictory","EmptyFist"],"picked":"WindmillStrike","floor":1.0},{"not_picked":["EmptyMind","Prostrate"],"picked":"Wallop","floor":4.0},{"not_picked":["MentalFortress","ThirdEye"],"picked":"Wallop","floor":6.0},{"not_picked":["Protect","ClearTheMind","CrushJoints"],"picked":"SKIP","floor":7.0},{"not_picked":["Indignation","Tantrum"],"picked":"Wallop","floor":11.0},{"not_picked":["Protect","JustLucky"],"picked":"Wish","floor":14.0},{"not_picked":["Ragnarok","Scrawl"],"picked":"Blasphemy","floor":16.0},{"not_picked":["Protect+1","EmptyFist","CutThroughFate"],"picked":"SKIP","floor":18.0},{"not_picked":["Perseverance+1","InnerPeace"],"picked":"Sanctity+1","floor":22.0},{"not_picked":["Indignation","Prostrate","CrushJoints+1"],"picked":"SKIP","floor":23.0},{"not_picked":["DeceiveReality+1","CrushJoints+1"],"picked":"FlurryOfBlows+1","floor":29.0},{"not_picked":["PathToVictory","CutThroughFate+1"],"picked":"FearNoEvil+1","floor":30.0},{"not_picked":["Alpha","CrushJoints","Crescendo"],"picked":"SKIP","floor":31.0},{"not_picked":["Judgement","SpiritShield"],"picked":"Vault","floor":33},{"not_picked":["PathToVictory+1","FollowUp"],"picked":"Wallop+1","floor":35},{"not_picked":["Fasting2+1","Weave"],"picked":"SandsOfTime+1","floor":36},{"not_picked":["Swivel","ClearTheMind","Evaluate+1"],"picked":"SKIP","floor":37},{"not_picked":["Evaluate+1","Consecrate"],"picked":"Fasting2","floor":39},{"not_picked":["ClearTheMind","EmptyBody+1","Protect+1"],"picked":"SKIP","floor":41},{"not_picked":["BowlingBash","Fasting2+1","PathToVictory"],"picked":"SKIP","floor":45},{"not_picked":["EmptyFist","CrushJoints"],"picked":"Adaptation+1","floor":46},{"not_picked":["SignatureMove","Wallop"],"picked":"Wireheading+1","floor":48}],"player_experience":394060,"relics_obtained":[{"floor":6.0,"key":"Omamori"},{"floor":9.0,"key":"Bottled Flame"},{"floor":11.0,"key":"Bottled Lightning"},{"floor":13.0,"key":"Art of War"},{"floor":20.0,"key":"Pen Nib"},{"floor":23.0,"key":"Anchor"},{"floor":23.0,"key":"Boot"},{"floor":26.0,"key":"Tiny Chest"},{"floor":29.0,"key":"MawBank"},{"floor":29.0,"key":"Meat on the Bone"},{"floor":39,"key":"GoldenEye"},{"floor":41,"key":"Whetstone"},{"floor":41,"key":"Potion Belt"},{"floor":43,"key":"MealTicket"},{"floor":44,"key":"Frozen Egg 2"},{"floor":46,"key":"Akabeko"},{"floor":46,"key":"Old Coin"},{"floor":47,"key":"Smiling Mask"}],"event_choices":[{"damage_healed":0.0,"max_hp_gain":5.0,"max_hp_loss":0.0,"gold_gain":0.0,"event_name":"Big Fish","player_choice":"Donut","floor":2.0,"gold_loss":0.0,"damage_taken":0.0},{"cards_removed":["Writhe"],"damage_healed":0.0,"max_hp_gain":0.0,"max_hp_loss":0.0,"gold_gain":0.0,"event_name":"Golden Wing","player_choice":"Card Removal","floor":3.0,"gold_loss":0.0,"damage_taken":7.0},{"damage_healed":0.0,"max_hp_gain":0.0,"max_hp_loss":0.0,"gold_gain":0.0,"event_name":"The Woman in Blue","player_choice":"Bought 2 Potions","floor":5.0,"gold_loss":0.0,"damage_taken":0.0},{"damage_healed":0.0,"max_hp_gain":0.0,"max_hp_loss":0.0,"gold_gain":30.0,"event_name":"Dead Adventurer","player_choice":"Searched \u00272\u0027 times","floor":13.0,"gold_loss":0.0,"damage_taken":0.0},{"damage_healed":0.0,"max_hp_gain":5.0,"max_hp_loss":0.0,"gold_gain":0.0,"event_name":"Forgotten Altar","player_choice":"Shed Blood","floor":19.0,"gold_loss":0.0,"damage_taken":19.0},{"damage_healed":0.0,"max_hp_gain":0.0,"max_hp_loss":0.0,"gold_gain":0.0,"event_name":"WeMeetAgain","player_choice":"Paid Gold","floor":21.0,"gold_loss":82.0,"damage_taken":0.0,"relics_obtained":["Oddly Smooth Stone"]},{"damage_healed":0,"gold_gain":0,"player_choice":"Fight","damage_taken":0,"max_hp_gain":0,"max_hp_loss":0,"event_name":"MindBloom","floor":39,"gold_loss":0}],"is_beta":false,"boss_relics":[{"not_picked":["Astrolabe","SacredBark"],"picked":"Black Star"},{"not_picked":["Coffee Dripper","Runic Dome"],"picked":"SlaversCollar"}],"items_purged_floors":[38],"is_endless":false,"potions_floor_spawned":[4,6,11,14,18,23,29,31,37,41,48],"ascension_level":4}}