{"host":"kda2p2afd6bvz6qo","time":1612390715,"event":{"mods":["BaseMod","Colored Map","Minty Spire (QoL Compilation)","Relic Stats"],"gold_per_floor":[111,111,35,61,61,61,94,112,112,130,164,164,193,204,204,204,204],"floor_reached":16,"language":"ENG","playtime":600,"items_purged":[],"score":336,"play_id":"5c876c24-e80b-447c-bd2f-c1c5d314fbcf","local_time":"20210203221835","is_ascension_mode":true,"campfire_choices":[{"floor":6,"key":"REST"},{"floor":15,"key":"REST"}],"circlet_count":0,"master_deck":["AscendersBane","Strike_G","Strike_G+1","Strike_G+1","Strike_G","Strike_G","Defend_G","Defend_G","Defend_G","Defend_G","Defend_G","Survivor","Neutralize","Bouncing Flask","Noxious Fumes","Blade Dance","Bane","Well Laid Plans","Infinite Blades","Cloak And Dagger","Quick Slash+1"],"relics":["Ring of the Snake","NeowsBlessing","FaceOfCleric","Whetstone","Tiny Chest","Art of War","Boot","Molten Egg 2","Gremlin Horn"],"acts_visited":["Exordium"],"potions_floor_usage":[11,11,13,13],"damage_taken":[{"damage":0,"enemies":"Small Slimes","floor":1,"turns":1},{"damage":0,"enemies":"Gremlin Nob","floor":7,"turns":1},{"damage":0,"enemies":"Cultist","floor":8,"turns":1},{"damage":8,"enemies":"2 Louse","floor":10,"turns":3},{"damage":12,"enemies":"3 Sentries","floor":11,"turns":4},{"damage":0,"enemies":"Gremlin Nob","floor":13,"turns":2},{"damage":9,"enemies":"Red Slaver","floor":14,"turns":3},{"damage":39,"enemies":"Slime Boss","floor":16,"turns":7}],"seed_played":"-110665780419408676","potions_obtained":[{"floor":1,"key":"ColorlessPotion"},{"floor":10,"key":"Fire Potion"},{"floor":11,"key":"Explosive Potion"},{"floor":12,"key":"CunningPotion"},{"floor":12,"key":"Energy Potion"}],"is_trial":false,"path_per_floor":["M","?","$","T","?","R","E","M","T","M","E","?","E","M","R","B"],"character_chosen":"THE_SILENT","items_purchased":["Noxious Fumes"],"campfire_rested":2,"item_purchase_floors":[3],"current_hp_per_floor":[59,59,59,59,14,33,34,35,35,28,17,17,18,10,31,0,0],"gold":204,"neow_bonus":"THREE_ENEMY_KILL","is_daily":false,"chose_seed":false,"campfire_upgraded":0,"win_rate":0.0,"timestamp":1612390715,"path_taken":["M","?","$","?","?","R","E","M","T","M","E","?","E","M","R","BOSS"],"items_purchased_type":["Card"],"build_version":"2020-12-22","purchased_purges":0,"victory":false,"max_hp_per_floor":[66,66,66,66,66,66,67,68,68,69,70,70,71,72,72,72,72],"relic_stats":{"FaceOfCleric":6,"Gremlin Horn":[1,1],"counters":[8,22],"Tiny Chest":0,"Art of War":[1],"Whetstone":["Strike_G","Strike_G"],"Boot":[32],"obtain_stats":[{"NeowsBlessing":0,"FaceOfCleric":2,"Gremlin Horn":13,"Tiny Chest":5,"Molten Egg 2":11,"Art of War":7,"Whetstone":4,"Boot":9,"Ring of the Snake":0},{"NeowsBlessing":0,"FaceOfCleric":1,"Gremlin Horn":6,"Tiny Chest":1,"Molten Egg 2":5,"Art of War":2,"Whetstone":1,"Boot":3,"Ring of the Snake":0},{"NeowsBlessing":0,"FaceOfCleric":1,"Gremlin Horn":12,"Tiny Chest":1,"Molten Egg 2":10,"Art of War":2,"Whetstone":1,"Boot":3,"Ring of the Snake":0}],"Ring of the Snake":[16]},"card_choices":[{"not_picked":["Well Laid Plans","Distraction"],"picked":"Bouncing Flask","floor":1},{"not_picked":["Dagger Throw","Masterful Stab"],"picked":"Blade Dance","floor":7},{"not_picked":["Footwork","Quick Slash"],"picked":"Bane","floor":8},{"not_picked":["PiercingWail","All Out Attack"],"picked":"Well Laid Plans","floor":10},{"not_picked":["Dodge and Roll","Well Laid Plans"],"picked":"Infinite Blades","floor":11},{"not_picked":["Flechettes+1","Deflect"],"picked":"Cloak And Dagger","floor":13},{"not_picked":["PiercingWail","Underhanded Strike+1"],"picked":"Quick Slash+1","floor":14}],"player_experience":196964,"relics_obtained":[{"floor":4,"key":"Whetstone"},{"floor":7,"key":"Art of War"},{"floor":9,"key":"Boot"},{"floor":11,"key":"Molten Egg 2"},{"floor":13,"key":"Gremlin Horn"}],"event_choices":[{"damage_healed":0,"gold_gain":0,"player_choice":"Trade","damage_taken":0,"relics_obtained":["FaceOfCleric"],"max_hp_gain":0,"max_hp_loss":0,"event_name":"FaceTrader","floor":2,"gold_loss":0},{"damage_healed":0,"gold_gain":0,"player_choice":"Success","damage_taken":45,"relics_obtained":["Tiny Chest"],"max_hp_gain":0,"max_hp_loss":0,"event_name":"Scrap Ooze","floor":5,"gold_loss":0},{"damage_healed":0,"gold_gain":0,"player_choice":"Got Potions","damage_taken":0,"max_hp_gain":0,"max_hp_loss":0,"event_name":"Lab","floor":12,"gold_loss":0}],"is_beta":false,"boss_relics":[],"items_purged_floors":[],"is_endless":false,"potions_floor_spawned":[1,10,11],"killed_by":"Slime Boss","ascension_level":20}}