{"host":"n3vqtvx9hbigdfc4","time":1612327879,"event":{"mods":["AchievementEnabler","BaseMod","Better Third Choice","Block Reminder","Colored Map","Colored Powertips","Downfall","Minty Spire (QoL Compilation)","Permanent Neow","Rare Cards Sparkle","Relic Stats","Replay The Spire","Shop Mod","StSLib"],"gold_per_floor":[119,134,145,165,22,48,66,77,102,122,134,196,196,221,221,323,423,468,481,525,525,525,552,215,259,283,316,371,371,431,288,288,386,386,400,418,459,478,332,365,329,390,413,513,554,554,554,588,600,612],"floor_reached":51,"language":"ENG","playtime":3112,"items_purged":["Looming Evil"],"score":1593,"play_id":"ae4ee0a0-c158-41ba-ae7d-62af1169f04c","local_time":"20210202225119","is_ascension_mode":true,"campfire_choices":[{"floor":13.0,"key":"REST"},{"data":"TalkToTheHand","floor":15.0,"key":"SMITH"},{"floor":32.0,"key":"REST"},{"floor":47.0,"key":"REST"},{"floor":49.0,"key":"REST"}],"circlet_count":0,"master_deck":["Defend_P","Defend_P","Defend_P","Defend_P","Eruption+1","Vigilance+1","WindmillStrike","Evaluate","Consecrate+1","TalkToTheHand+1","FlurryOfBlows","Evaluate","EmptyMind","Replay:DivineShield","FlyingSleeves","SandsOfTime","Wish+1","Scrawl","SashWhip+1","TalkToTheHand","CrushJoints","Halt+1","SandsOfTime+1","Vengeance","Slimebound:Tackle+1","Slimebound:Tackle+1","Slimebound:Tackle+1","ClearTheMind+1","DeusExMachina","FearNoEvil+1","FollowUp+1","FlyingSleeves+1","EmptyFist+1","ForeignInfluence+1","Crescendo+1","Replay:LoomingThreat","BattleHymn","Tantrum+1"],"relics":["Painkiller Herb","Toolbox","Oddly Smooth Stone","Bag of Marbles","Gremlin Food","Tiny Chest","Replay:Wanted Poster","Ring of Fury","ReplayTheSpireMod:Ring of Exchange","PreservedInsect","Molten Egg 2","Blue Candle","ReplayTheSpireMod:TigerMarble","Replay:Wax Seal","Lantern","ClockworkSouvenir","Blood Vial","Darkstone Periapt","Regal Pillow","Omamori","Garlic","MawBank"],"acts_visited":["Exordium","TheCity","TheBeyond"],"potions_floor_usage":[50,50],"damage_taken":[{"damage":10.0,"enemies":"Small Slimes","floor":1.0,"turns":5.0},{"damage":0.0,"enemies":"Jaw Worm","floor":2.0,"turns":4.0},{"damage":0.0,"enemies":"2 Louse","floor":3.0,"turns":2.0},{"damage":4.0,"enemies":"Lots of Slimes","floor":4.0,"turns":3.0},{"damage":2.0,"enemies":"Lagavulin","floor":6.0,"turns":5.0},{"damage":0.0,"enemies":"2 Fungi Beasts","floor":7.0,"turns":2.0},{"damage":0.0,"enemies":"3 Louse","floor":8.0,"turns":1.0},{"damage":0.0,"enemies":"Gremlin Gang","floor":10.0,"turns":4.0},{"damage":0.0,"enemies":"Exordium Thugs","floor":11.0,"turns":3.0},{"damage":0.0,"enemies":"Gremlin Nob","floor":12.0,"turns":2.0},{"damage":13.0,"enemies":"3 Sentries","floor":14.0,"turns":5.0},{"damage":0.0,"enemies":"Hexaghost","floor":16.0,"turns":7.0},{"damage":5.0,"enemies":"Chosen","floor":18.0,"turns":3.0},{"damage":0.0,"enemies":"Spheric Guardian","floor":19.0,"turns":3.0},{"damage":1.0,"enemies":"Centurion and Healer","floor":20.0,"turns":6.0},{"damage":0.0,"enemies":"Slavers","floor":23.0,"turns":3.0},{"damage":21.0,"enemies":"Snake Plant","floor":25.0,"turns":4.0},{"damage":0.0,"enemies":"Book of Stabbing","floor":27.0,"turns":3.0},{"damage":13.0,"enemies":"Gremlin Leader","floor":30.0,"turns":4.0},{"damage":23.0,"enemies":"Pondfish","floor":33.0,"turns":7.0},{"damage":7.0,"enemies":"3 Shapes","floor":35.0,"turns":3.0},{"damage":0.0,"enemies":"Orb Walker","floor":36.0,"turns":1.0},{"damage":23.0,"enemies":"Spire Growth","floor":37.0,"turns":4.0},{"damage":0.0,"enemies":"Sphere and 2 Shapes","floor":38.0,"turns":4.0},{"damage":0.0,"enemies":"Giant Head","floor":40.0,"turns":4.0},{"damage":14.0,"enemies":"Reptomancer","floor":42.0,"turns":3.0},{"damage":0.0,"enemies":"4 Shapes","floor":45.0,"turns":3.0},{"damage":25.0,"enemies":"R_Hoarder","floor":48.0,"turns":3.0},{"damage":60,"enemies":"Awakened One","floor":50,"turns":6}],"seed_played":"-1682816556855118300","potions_obtained":[{"floor":1.0,"key":"Ancient Potion"},{"floor":2.0,"key":"Energy Potion"},{"floor":3.0,"key":"FearPotion"},{"floor":11.0,"key":"Milkshake"},{"floor":14.0,"key":"BottledMiracle"},{"floor":18.0,"key":"AttackPotion"},{"floor":19.0,"key":"SpeedPotion"},{"floor":27.0,"key":"Fire Potion"},{"floor":33.0,"key":"Elixir"},{"floor":36.0,"key":"GamblersBrew"},{"floor":37.0,"key":"Cursed Concoction"},{"floor":38.0,"key":"Strength Potion"},{"floor":48.0,"key":"SteroidPotion"}],"is_trial":false,"path_per_floor":["?","?","?","?","T","E","?","?","T","?","?","?","T","E","T","B",null,"?","?","?","?","?","E","T","?","T","E","T","?","E","T","T","B",null,"?","?","?","?","T","E","T","E","T","?","?","T","T","E","T","B",null],"character_chosen":"WATCHER","items_purchased":["Toolbox","Molten Egg 2","Lantern","Blood Vial","Crescendo+1"],"campfire_rested":4,"item_purchase_floors":[5,24,31,39,41],"current_hp_per_floor":[55,55,55,51,51,49,49,49,49,49,49,49,70,57,57,57,68,63,63,62,62,62,62,62,41,41,41,41,41,28,28,49,26,61,54,54,31,31,31,33,33,21,21,21,23,23,59,36,72,12],"gold":624,"neow_bonus":"BOSS_RELIC","is_daily":false,"chose_seed":false,"campfire_upgraded":1,"win_rate":0.0,"timestamp":1612327879,"path_taken":["?","?","?","?","T","E","?","?","T","?","?","?","T","E","T","BOSS","?","?","?","?","?","E","T","?","T","E","?","?","E","T","T","BOSS","?","?","?","?","T","E","T","E","T","?","?","?","T","E","T","BOSS"],"items_purchased_type":["Relic","Relic","Relic","Relic","Card"],"build_version":"2020-12-22","purchased_purges":1,"victory":true,"max_hp_per_floor":[72,72,72,72,72,72,72,72,72,72,72,72,72,72,72,72,72,72,72,72,72,72,72,72,72,72,72,72,72,72,72,72,72,72,72,72,72,72,72,72,72,72,72,72,72,72,72,72,72,72],"relic_stats":{"Blood Vial":8,"Darkstone Periapt":0,"Regal Pillow":30,"counters":[29,107],"Blue Candle":[0],"Tiny Chest":2,"PreservedInsect":369,"MawBank":36,"obtain_stats":[{"Gremlin Food":12,"Darkstone Periapt":40,"ReplayTheSpireMod:Ring of Exchange":21,"Lantern":31,"Regal Pillow":42,"Blue Candle":27,"Oddly Smooth Stone":6,"Painkiller Herb":0,"PreservedInsect":23,"Omamori":43,"MawBank":48,"ClockworkSouvenir":34,"Replay:Wanted Poster":17,"Blood Vial":39,"Toolbox":5,"Tiny Chest":14,"Ring of Fury":21,"Molten Egg 2":24,"Bag of Marbles":9,"ReplayTheSpireMod:TigerMarble":28,"Garlic":46,"PureWater":0,"Replay:Wax Seal":30},{"Gremlin Food":10,"Darkstone Periapt":25,"ReplayTheSpireMod:Ring of Exchange":15,"Lantern":19,"Regal Pillow":26,"Blue Candle":18,"Oddly Smooth Stone":5,"Painkiller Herb":0,"PreservedInsect":16,"Omamori":26,"MawBank":28,"ClockworkSouvenir":20,"Replay:Wanted Poster":12,"Blood Vial":24,"Toolbox":4,"Tiny Chest":11,"Ring of Fury":15,"Molten Egg 2":16,"Bag of Marbles":7,"ReplayTheSpireMod:TigerMarble":18,"Garlic":27,"PureWater":0,"Replay:Wax Seal":19},{"Gremlin Food":31,"Darkstone Periapt":92,"ReplayTheSpireMod:Ring of Exchange":55,"Lantern":69,"Regal Pillow":95,"Blue Candle":65,"Oddly Smooth Stone":19,"Painkiller Herb":0,"PreservedInsect":58,"Omamori":95,"MawBank":101,"ClockworkSouvenir":76,"Replay:Wanted Poster":43,"Blood Vial":88,"Toolbox":14,"Tiny Chest":36,"Ring of Fury":55,"Molten Egg 2":58,"Bag of Marbles":22,"ReplayTheSpireMod:TigerMarble":65,"Garlic":98,"PureWater":0,"Replay:Wax Seal":69}]},"card_choices":[{"not_picked":["WreathOfFlame","EmptyFist"],"picked":"WindmillStrike","floor":1.0},{"not_picked":["PathToVictory","FlyingSleeves"],"picked":"Evaluate","floor":2.0},{"not_picked":["Vengeance","JustLucky"],"picked":"Consecrate","floor":3.0},{"not_picked":["Halt","Replay:Anticipation"],"picked":"TalkToTheHand","floor":4.0},{"not_picked":["Replay:ManipulateFuture","Replay:Battleflow"],"picked":"FlurryOfBlows","floor":6.0},{"not_picked":["WindmillStrike","BowlingBash"],"picked":"Evaluate","floor":7.0},{"not_picked":["Replay:Hum","Replay:Anticipation"],"picked":"EmptyMind","floor":8.0},{"not_picked":["Crescendo","Halt"],"picked":"Replay:DivineShield","floor":10.0},{"not_picked":["Crescendo","Study"],"picked":"FlyingSleeves","floor":11.0},{"not_picked":["Replay:BluntJabs","FlyingSleeves"],"picked":"SandsOfTime","floor":12.0},{"not_picked":["SashWhip","BowlingBash"],"picked":"Wish","floor":14.0},{"not_picked":["SpiritShield","Blasphemy"],"picked":"Scrawl","floor":16.0},{"not_picked":["ReachHeaven+1","Evaluate"],"picked":"SashWhip+1","floor":18.0},{"not_picked":["CutThroughFate","Halt"],"picked":"TalkToTheHand","floor":19.0},{"not_picked":["EmptyBody","Weave"],"picked":"CrushJoints","floor":20.0},{"not_picked":["Prostrate","DeceiveReality"],"picked":"Halt+1","floor":23.0},{"not_picked":["Conclude+1","BattleHymn"],"picked":"SandsOfTime+1","floor":25.0},{"not_picked":["Prostrate","WaveOfTheHand"],"picked":"Vengeance","floor":27.0},{"not_picked":["Scrawl","Meditate"],"picked":"ClearTheMind+1","floor":30.0},{"not_picked":["SpiritShield","Wish"],"picked":"DeusExMachina","floor":33.0},{"not_picked":["Crescendo+1","FlyingSleeves+1"],"picked":"FearNoEvil+1","floor":35.0},{"not_picked":["Worship","ClearTheMind+1"],"picked":"FollowUp+1","floor":36.0},{"not_picked":["Evaluate","DeceiveReality"],"picked":"FlyingSleeves+1","floor":37.0},{"not_picked":["Sanctity+1","FlyingSleeves+1"],"picked":"EmptyFist+1","floor":38.0},{"not_picked":["BowlingBash+1","Worship"],"picked":"ForeignInfluence+1","floor":40.0},{"not_picked":["WindmillStrike+1","FlyingSleeves+1"],"picked":"Replay:LoomingThreat","floor":42.0},{"not_picked":["EmptyFist+1","Replay:ManipulateFuture"],"picked":"BattleHymn","floor":45.0},{"not_picked":["Prostrate+1","Conclude+1"],"picked":"Tantrum+1","floor":48.0}],"player_experience":502646,"relics_obtained":[{"floor":6.0,"key":"Oddly Smooth Stone"},{"floor":9.0,"key":"Bag of Marbles"},{"floor":12.0,"key":"Gremlin Food"},{"floor":14.0,"key":"Tiny Chest"},{"floor":21.0,"key":"Ring of Fury"},{"floor":21.0,"key":"ReplayTheSpireMod:Ring of Exchange"},{"floor":23.0,"key":"PreservedInsect"},{"floor":27.0,"key":"Blue Candle"},{"floor":28.0,"key":"ReplayTheSpireMod:TigerMarble"},{"floor":30.0,"key":"Replay:Wax Seal"},{"floor":40.0,"key":"Darkstone Periapt"},{"floor":42.0,"key":"Regal Pillow"},{"floor":43.0,"key":"Omamori"},{"floor":46.0,"key":"Garlic"},{"floor":48.0,"key":"MawBank"}],"event_choices":[{"damage_healed":0.0,"max_hp_gain":0.0,"max_hp_loss":0.0,"gold_gain":0.0,"event_name":"Dead Adventurer","player_choice":"Searched \u00272\u0027 times","floor":12.0,"gold_loss":0.0,"damage_taken":0.0},{"damage_healed":0.0,"max_hp_gain":0.0,"max_hp_loss":0.0,"gold_gain":0.0,"event_name":"Accursed Blacksmith","player_choice":"Forge","floor":22.0,"gold_loss":0.0,"damage_taken":0.0,"cards_upgraded":["Eruption"]},{"damage_healed":0.0,"max_hp_gain":0.0,"max_hp_loss":0.0,"gold_gain":100.0,"event_name":"Golden Shrine","player_choice":"Pray","floor":44.0,"gold_loss":0.0,"damage_taken":0.0}],"is_beta":false,"boss_relics":[{"not_picked":["Runic Dome","Velvet Choker"],"picked":"Replay:Wanted Poster"},{"not_picked":["ReplayTheSpireMod:CursedCoin","Chemical X"],"picked":"ClockworkSouvenir"}],"items_purged_floors":[24],"is_endless":false,"potions_floor_spawned":[1,2,3,11,12,14,18,19,27,33,36,37,38,48],"ascension_level":8}}