{"host":"9d9dhukr2jywmy0f","time":1612365451,"event":{"mods":["2.2 Compatiblity","Alarm Clock","BaseMod","Bestiary","Block Reminder","Colored Map","Colored Powertips","Curses Come First","DeckTracker","Energized Spire","Highlight Path","Key Reminder","Minty Spire (QoL Compilation)","Quick Restart","Rare Cards Sparkle","Relic Sorter","Relic Stats","Reliquary","Spire Birthday Party","StSLib","SuperFastMode","Synergy Search","Unceasing Turn Reminder","Unknown Chances"],"gold_per_floor":[60,70,82,7,7,37,55,82,106,31,31,48,65,65,65,139,139,152,202,102,0,0,0,17,17,17],"floor_reached":25,"language":"ZHS","playtime":844,"items_purged":["Strike_P","Strike_P"],"score":522,"play_id":"d9e032ee-9028-4f37-b21c-5076056ca71f","local_time":"20210203231731","is_ascension_mode":true,"campfire_choices":[{"data":"Eruption","floor":11.0,"key":"SMITH"},{"data":"Fasting2","floor":15.0,"key":"SMITH"},{"data":"MentalFortress","floor":23.0,"key":"SMITH"}],"circlet_count":0,"master_deck":["AscendersBane","Strike_P","Strike_P","Defend_P","Defend_P","Eruption+1","Vigilance","ReachHeaven","CrushJoints","FlurryOfBlows","MentalFortress+1","FearNoEvil","Indignation","Fasting2+1","DevaForm","Adaptation","FlurryOfBlows+1"],"relics":["energizedSpire:HugeHouse","Pear","keyreminder:keyreminder","Omamori","energizedSpire:DeadBattery"],"acts_visited":["Exordium","TheCity"],"potions_floor_usage":[25],"damage_taken":[{"damage":2.0,"enemies":"Jaw Worm","floor":1.0,"turns":3.0},{"damage":3.0,"enemies":"Small Slimes","floor":2.0,"turns":2.0},{"damage":0.0,"enemies":"Cultist","floor":3.0,"turns":3.0},{"damage":32.0,"enemies":"3 Sentries","floor":6.0,"turns":7.0},{"damage":9.0,"enemies":"Red Slaver","floor":7.0,"turns":2.0},{"damage":4.0,"enemies":"Gremlin Nob","floor":8.0,"turns":3.0},{"damage":2.0,"enemies":"Lots of Slimes","floor":12.0,"turns":3.0},{"damage":4.0,"enemies":"Exordium Wildlife","floor":13.0,"turns":2.0},{"damage":0.0,"enemies":"Slime Boss","floor":16.0,"turns":3.0},{"damage":19.0,"enemies":"2 Thieves","floor":18.0,"turns":3.0},{"damage":6.0,"enemies":"Spheric Guardian","floor":24.0,"turns":3.0},{"damage":21,"enemies":"Shelled Parasite and Fungi","floor":25,"turns":2}],"seed_played":"7374686519585435740","potions_obtained":[{"floor":6.0,"key":"StancePotion"},{"floor":8.0,"key":"SpeedPotion"},{"floor":12.0,"key":"Weak Potion"},{"floor":18.0,"key":"PowerPotion"},{"floor":24.0,"key":"LiquidBronze"}],"is_trial":false,"path_per_floor":["M","M","M","?","?","E","M","E","T","$","R","M","M","?","R","B",null,"M","?","$","?","$","R","M","M"],"character_chosen":"WATCHER","items_purchased":[],"campfire_rested":0,"item_purchase_floors":[],"current_hp_per_floor":[59,56,56,56,56,34,25,21,21,21,21,19,15,20,20,20,64,45,45,45,45,45,45,39,18,18],"gold":17,"neow_bonus":"BOSS_RELIC","is_daily":false,"chose_seed":false,"campfire_upgraded":3,"win_rate":0.0,"timestamp":1612365451,"path_taken":["M","M","M","?","?","E","?","E","T","?","R","M","?","?","R","BOSS","M","?","$","?","?","R","M","M"],"items_purchased_type":[],"build_version":"2020-12-22","purchased_purges":2,"victory":false,"max_hp_per_floor":[63,63,63,63,63,73,73,73,73,73,73,73,73,78,78,78,78,78,78,78,78,78,78,78,78,78],"relic_stats":{"counters":[12,36],"obtain_stats":[{"keyreminder:keyreminder":6,"Pear":6,"energizedSpire:HugeHouse":0,"Omamori":8,"PureWater":0,"energizedSpire:DeadBattery":17},{"keyreminder:keyreminder":4,"Pear":4,"energizedSpire:HugeHouse":0,"Omamori":6,"PureWater":0,"energizedSpire:DeadBattery":9},{"keyreminder:keyreminder":15,"Pear":15,"energizedSpire:HugeHouse":0,"Omamori":20,"PureWater":0,"energizedSpire:DeadBattery":28}]},"card_choices":[{"not_picked":["EmptyBody","EmptyFist"],"picked":"CrushJoints","floor":1.0},{"not_picked":["ThirdEye","Consecrate"],"picked":"FlurryOfBlows","floor":2.0},{"not_picked":["Halt","CrushJoints","Protect"],"picked":"SKIP","floor":3.0},{"not_picked":["Prostrate","WheelKick"],"picked":"MentalFortress","floor":6.0},{"not_picked":["Nirvana","EmptyFist"],"picked":"FearNoEvil","floor":7.0},{"not_picked":["Judgement","Protect"],"picked":"Indignation","floor":8.0},{"not_picked":["Sanctity","Indignation"],"picked":"Fasting2","floor":12.0},{"not_picked":["Consecrate","Collect","Fasting2"],"picked":"SKIP","floor":13.0},{"not_picked":["SpiritShield","Ragnarok"],"picked":"DevaForm","floor":16.0},{"not_picked":["CrushJoints","Consecrate"],"picked":"Adaptation","floor":18.0},{"not_picked":["Conclude","SashWhip"],"picked":"FlurryOfBlows+1","floor":24.0}],"player_experience":877484,"relics_obtained":[{"floor":6.0,"key":"Pear"},{"floor":8.0,"key":"Omamori"}],"event_choices":[{"cards_removed":["Defend_P"],"damage_healed":0.0,"max_hp_gain":0.0,"max_hp_loss":0.0,"gold_gain":0.0,"event_name":"The Cleric","player_choice":"Card Removal","floor":4.0,"gold_loss":75.0,"damage_taken":0.0},{"cards_removed":["Defend_P"],"damage_healed":0.0,"max_hp_gain":0.0,"max_hp_loss":0.0,"gold_gain":0.0,"event_name":"Wheel of Change","player_choice":"Card Removal","floor":5.0,"gold_loss":0.0,"damage_taken":0.0},{"damage_healed":0.0,"max_hp_gain":5.0,"max_hp_loss":0.0,"gold_gain":0.0,"event_name":"Big Fish","player_choice":"Donut","floor":14.0,"gold_loss":0.0,"damage_taken":0.0},{"damage_healed":0.0,"max_hp_gain":0.0,"max_hp_loss":0.0,"gold_gain":50.0,"event_name":"Nest","player_choice":"Stole From Cult","floor":19.0,"gold_loss":0.0,"damage_taken":0.0},{"damage_healed":0.0,"max_hp_gain":0.0,"max_hp_loss":0.0,"gold_gain":0.0,"event_name":"Masked Bandits","player_choice":"Paid Fearfully","floor":21.0,"gold_loss":102.0,"damage_taken":0.0}],"is_beta":false,"boss_relics":[{"not_picked":["Astrolabe","Black Star"],"picked":"energizedSpire:DeadBattery"}],"items_purged_floors":[10,20],"is_endless":false,"potions_floor_spawned":[6,8,12,13,18,24],"killed_by":"Shelled Parasite and Fungi","ascension_level":20}}